{"host":"rjfefv2ruvigm2gb","time":1611763905,"event":{"mods":["Act Like it!","AlwaysNeverKeys","BaseMod","Better Third Choice","Block Reminder","Conspire","Curses Come First","Displayed Cursed Tome","Downfall","Elementarium","Fox Events","GifTheSpireLib","Gold Saver","Googly Eyes","HexUI Lib","Hubris","Infinite Spire","Ironclad Rager","Marked Mod","Mimic Mod","Minty Spire (QoL Compilation)","Permanent Neow","Poor People Problems","Quick Restart","Relic Filter","Relic Stats","Reliquary","Replay The Spire","Retaliation","Shop Mod","Small Relic Pack","StS++","StSLib","Stuff the Spire","SuperFastMode","The Blue Laboratory","The Dragonkin","TheSurvivalist","Transform Curses","Uncapped","Virulent Crown","Watcher Patcher","Yakumo Yukari mod"],"gold_per_floor":[213,223,236,236,255,255,289,289,289,289,309,259,259,289,289,391,391,403,480,500,500,525,525,553,409,409,409,409,409,424,440,440,543,543,556,556,569,586,586,620,620,647,647,664,410,410,410,420,420,420,420,420,420,451,451],"floor_reached":56,"language":"ENG","playtime":2454,"items_purged":["StuffTheSpire:GnomedCurse"],"score":1508,"play_id":"47ac3b8a-b856-40f4-8929-ab5c6f0c922f","local_time":"20210127101145","is_ascension_mode":false,"campfire_choices":[{"data":"theDragonkin:HolyWordBarrier","floor":6.0,"key":"SMITH"},{"data":"theDragonkin:HolySmite","floor":15.0,"key":"SMITH"},{"data":"theDragonkin:AcidArmor","floor":23.0,"key":"SMITH"},{"data":"theDragonkin:DivineStorm","floor":28.0,"key":"SMITH"},{"data":"theDragonkin:RevelationBreath","floor":32.0,"key":"SMITH"},{"data":"theDragonkin:PrismaticBreath","floor":41.0,"key":"SMITH"},{"data":"theDragonkin:AcidArmor","floor":46.0,"key":"SMITH"},{"data":"theDragonkin:SandBreath","floor":49.0,"key":"SMITH"},{"data":"theDragonkin:DivineBreath","floor":52.0,"key":"SMITH"}],"circlet_count":0,"master_deck":["theDragonkin:Strike+1","theDragonkin:Strike+1","theDragonkin:Strike","theDragonkin:Strike","theDragonkin:Defend+1","theDragonkin:Defend","theDragonkin:Defend","theDragonkin:Defend+1","theDragonkin:HolySmite+1","theDragonkin:BlazingBreath","theDragonkin:PrismaticBreath+1","theDragonkin:SandBreath+1","theDragonkin:LightArmor+1","theDragonkin:HolyWordBarrier+1","theDragonkin:ChainsOfTruth","theDragonkin:DivineBreath+1","theDragonkin:DivineBreath+1","theDragonkin:DivineStorm+1","theDragonkin:Ravage","theDragonkin:DivineJolt+1","theDragonkin:RevelationBreath+1","theDragonkin:DivineVision+1","theDragonkin:DivineFire+1","theDragonkin:DivinePrayer","theDragonkin:AcidArmor+1","hubris:DuctTapeCard","theDragonkin:SandBreath+1"],"relics":["theDragonkin:GarnetScale","Replay:Wanted Poster","conspire:RoyalGoblet","Regal Pillow","Bag of Marbles","hubris:Icosahedron","Bag of Preparation","StuffTheSpire:HeavyRock","theDragonkin:FernosBellows","SlaversCollar","Tiny House","Happy Flower","Red Mask","StuffTheSpire:Nightcore","champ:Barbells","StSpp:WoodenPendulum","reliquary:OuijaBoard","theDragonkin:Sulfurian","MealTicket","Cursed Key","Replay:Mystery Machine","Molten Egg 2","StuffTheSpire:Rhapsscallions","hubris:DuctTape","Replay:Rubber Ducky","hubris:Backtick","Chemical X","reliquary:TatteredRug","Dead Branch"],"acts_visited":["Exordium","TheCity","TheBeyond","TheEnding"],"potions_floor_usage":[],"damage_taken":[{"damage":10.0,"enemies":"2 Louse","floor":1.0,"turns":3.0},{"damage":0.0,"enemies":"Jaw Worm","floor":2.0,"turns":4.0},{"damage":0.0,"enemies":"Small Slimes","floor":3.0,"turns":4.0},{"damage":1.0,"enemies":"3 Louse","floor":5.0,"turns":7.0},{"damage":7.0,"enemies":"Gremlin Nob","floor":7.0,"turns":7.0},{"damage":0.0,"enemies":"2 Fungi Beasts","floor":11.0,"turns":4.0},{"damage":0.0,"enemies":"3 Sentries","floor":14.0,"turns":10.0},{"damage":0.0,"enemies":"Hexaghost","floor":16.0,"turns":11.0},{"damage":0.0,"enemies":"Spheric Guardian","floor":18.0,"turns":4.0},{"damage":8.0,"enemies":"conspire:MimicChest","floor":19.0,"turns":4.0},{"damage":0.0,"enemies":"conspire:FuzzyDice","floor":20.0,"turns":4.0},{"damage":0.0,"enemies":"Masked Bandits","floor":22.0,"turns":4.0},{"damage":0.0,"enemies":"Book of Stabbing","floor":24.0,"turns":5.0},{"damage":0.0,"enemies":"Snecko","floor":30.0,"turns":2.0},{"damage":0.0,"enemies":"Centurion and Healer","floor":31.0,"turns":2.0},{"damage":0.0,"enemies":"Collector","floor":33.0,"turns":9.0},{"damage":0.0,"enemies":"3 Shapes","floor":35.0,"turns":3.0},{"damage":0.0,"enemies":"Orb Walker","floor":37.0,"turns":4.0},{"damage":0.0,"enemies":"4 Shapes","floor":38.0,"turns":3.0},{"damage":0.0,"enemies":"Reptomancer","floor":40.0,"turns":6.0},{"damage":0.0,"enemies":"R_Hoarder","floor":42.0,"turns":4.0},{"damage":0.0,"enemies":"3 Darklings","floor":44.0,"turns":2.0},{"damage":0.0,"enemies":"Sphere and 2 Shapes","floor":48.0,"turns":2.0},{"damage":12.0,"enemies":"hubris:GrandSnecko","floor":50.0,"turns":6.0},{"damage":0,"enemies":"Shield and Spear","floor":54,"turns":2},{"damage":1,"enemies":"The Heart","floor":55,"turns":8}],"seed_played":"-5399808740422475640","potions_obtained":[{"floor":3.0,"key":"blueLaboratory:BottleOfRum"},{"floor":5.0,"key":"SkillPotion"},{"floor":11.0,"key":"Explosive Potion"},{"floor":24.0,"key":"LifebloodPotion"},{"floor":30.0,"key":"StSpp:SecondWindPotion"},{"floor":33.0,"key":"blueLaboratory:ArtificerPotion"},{"floor":42.0,"key":"blueLaboratory:FrostheartPotion"}],"is_trial":false,"path_per_floor":["M","M","M","?","M","R","E","?","T","?","M","?","?","E","R","B",null,"M","?","M","?","?","R","E","$","T","AVR","R","?","M","M","R","B",null,"M","?","M","M","?","E","R","E","T","M","$","R","AVR","M","R","B",null,"R","$","E","B",null],"character_chosen":"THE_DRAGONKIN","items_purchased":["champ:Barbells","Fruit Juice","Replay:Rubber Ducky"],"campfire_rested":0,"item_purchase_floors":[25,45,45],"current_hp_per_floor":[75,75,75,75,74,74,67,67,67,67,67,67,64,64,64,64,85,85,82,82,82,82,82,82,82,82,82,82,82,82,82,82,82,90,90,90,90,90,90,90,90,92,92,92,92,92,92,92,92,85,97,97,97,97,96],"gold":451,"neow_bonus":"DOUBLE_BOSS_RELIC","is_daily":false,"chose_seed":false,"campfire_upgraded":9,"win_rate":0.0,"timestamp":1611763905,"path_taken":["M","M","M","?","M","R","E","?","T","?","M","?","?","E","R","BOSS","M","?","M","?","?","R","E","$","T","AVR","R","?","M","M","R","BOSS","M","?","M","?","?","E","R","E","T","M","$","R","AVR","?","R","BOSS","R","$","E","BOSS"],"items_purchased_type":["Relic","Potion","Relic"],"build_version":"2020-12-22","purchased_purges":1,"victory":true,"max_hp_per_floor":[85,85,85,85,85,85,85,85,85,85,85,85,85,85,85,85,85,85,90,90,90,90,90,90,90,90,90,90,90,90,90,90,90,90,90,90,90,90,90,90,90,92,92,92,92,92,92,92,92,97,97,97,97,97,97],"relic_stats":{"Regal Pillow":0,"Happy Flower":[20],"counters":[26,122],"Dead Branch":[12],"MealTicket":0,"Bag of Preparation":[42],"Chemical X":[5],"Cursed Key":1,"obtain_stats":[{"reliquary:OuijaBoard":27,"Regal Pillow":4,"Tiny House":19,"conspire:RoyalGoblet":0,"StuffTheSpire:Rhapsscallions":42,"Bag of Preparation":9,"theDragonkin:Sulfurian":27,"Replay:Mystery Machine":36,"Cursed Key":34,"Replay:Rubber Ducky":45,"Replay:Wanted Poster":0,"hubris:Icosahedron":8,"hubris:Backtick":47,"StuffTheSpire:HeavyRock":13,"MealTicket":29,"Red Mask":22,"StuffTheSpire:Nightcore":24,"Chemical X":47,"champ:Barbells":25,"Happy Flower":21,"hubris:DuctTape":43,"Dead Branch":54,"StSpp:WoodenPendulum":26,"reliquary:TatteredRug":47,"theDragonkin:FernosBellows":14,"SlaversCollar":17,"theDragonkin:GarnetScale":0,"Molten Egg 2":40,"Bag of Marbles":7},{"reliquary:OuijaBoard":13,"Regal Pillow":3,"Tiny House":10,"conspire:RoyalGoblet":0,"StuffTheSpire:Rhapsscallions":21,"Bag of Preparation":5,"theDragonkin:Sulfurian":13,"Replay:Mystery Machine":17,"Cursed Key":16,"Replay:Rubber Ducky":22,"Replay:Wanted Poster":0,"hubris:Icosahedron":5,"hubris:Backtick":22,"StuffTheSpire:HeavyRock":6,"MealTicket":13,"Red Mask":12,"StuffTheSpire:Nightcore":13,"Chemical X":22,"champ:Barbells":13,"Happy Flower":11,"hubris:DuctTape":21,"Dead Branch":25,"StSpp:WoodenPendulum":13,"reliquary:TatteredRug":22,"theDragonkin:FernosBellows":7,"SlaversCollar":8,"theDragonkin:GarnetScale":0,"Molten Egg 2":20,"Bag of Marbles":5},{"reliquary:OuijaBoard":71,"Regal Pillow":11,"Tiny House":58,"conspire:RoyalGoblet":0,"StuffTheSpire:Rhapsscallions":103,"Bag of Preparation":25,"theDragonkin:Sulfurian":71,"Replay:Mystery Machine":86,"Cursed Key":83,"Replay:Rubber Ducky":104,"Replay:Wanted Poster":0,"hubris:Icosahedron":25,"hubris:Backtick":104,"StuffTheSpire:HeavyRock":29,"MealTicket":71,"Red Mask":66,"StuffTheSpire:Nightcore":71,"Chemical X":104,"champ:Barbells":71,"Happy Flower":62,"hubris:DuctTape":103,"Dead Branch":114,"StSpp:WoodenPendulum":71,"reliquary:TatteredRug":104,"theDragonkin:FernosBellows":39,"SlaversCollar":50,"theDragonkin:GarnetScale":0,"Molten Egg 2":99,"Bag of Marbles":25}]},"card_choices":[{"not_picked":["theDragonkin:ControlledBreath","theDragonkin:AshBreath"],"picked":"theDragonkin:PrismaticBreath","floor":1.0},{"not_picked":["theDragonkin:DivineFire","theDragonkin:Sizzle"],"picked":"theDragonkin:SandBreath","floor":2.0},{"not_picked":["theDragonkin:AcidArmor","theDragonkin:Ravage"],"picked":"theDragonkin:LightArmor","floor":3.0},{"not_picked":["theDragonkin:EnduringAgony","theDragonkin:Ravage"],"picked":"theDragonkin:HolyWordBarrier","floor":5.0},{"not_picked":["theDragonkin:MagnussCorona","theDragonkin:MiasmicBreath"],"picked":"theDragonkin:ChainsOfTruth","floor":7.0},{"not_picked":["theDragonkin:DeepBreath","theDragonkin:SlowBurn"],"picked":"theDragonkin:DivineBreath","floor":11.0},{"not_picked":["theDragonkin:DeepBreath","theDragonkin:AshenArmor"],"picked":"theDragonkin:DivineBreath","floor":14.0},{"not_picked":["theDragonkin:AshenArmor","theDragonkin:CinderStorm"],"picked":"theDragonkin:DivineStorm","floor":16.0},{"not_picked":["theDragonkin:CorrosiveBelch+1","theDragonkin:GoldenFlames"],"picked":"theDragonkin:Ravage","floor":18.0},{"not_picked":["theDragonkin:ControlledBreath","theDragonkin:DivinePrayer"],"picked":"theDragonkin:DivineJolt+1","floor":19.0},{"not_picked":["theDragonkin:Ashfall","theDragonkin:StormFront+1","theDragonkin:FlameBreath"],"picked":"SKIP","floor":20.0},{"not_picked":["theDragonkin:FlameWard","theDragonkin:SandBreath+1"],"picked":"theDragonkin:AcidArmor","floor":22.0},{"not_picked":["theDragonkin:HallowedGround","theDragonkin:AcidBreath+1"],"picked":"theDragonkin:RevelationBreath","floor":24.0},{"not_picked":["theDragonkin:AcidRain","theDragonkin:Smaugs_Smog","theDragonkin:FlameBreath+1","theDragonkin:FlameWard","theDragonkin:ControlledBreath"],"picked":"SKIP","floor":30.0},{"not_picked":["theDragonkin:Ashfall+1","theDragonkin:FlameWard","theDragonkin:MagnussCorona","theDragonkin:ChainsOfTruth","theDragonkin:ControlledBreath"],"picked":"SKIP","floor":31.0},{"not_picked":["theDragonkin:Detox","theDragonkin:CinderStorm","theDragonkin:BurnAfterReading","theDragonkin:InfernoWard"],"picked":"theDragonkin:AshenArmor","floor":33.0},{"not_picked":["theDragonkin:ControlledBreath","theDragonkin:AncestralSeance+1","theDragonkin:Sizzle","theDragonkin:FlameWard+1"],"picked":"theDragonkin:DivineVision+1","floor":35.0},{"not_picked":["theDragonkin:EmberSwipe","theDragonkin:FlameWard+1","theDragonkin:SlowBurn","theDragonkin:BurningRage","theDragonkin:FlameBreath+1"],"picked":"SKIP","floor":37.0},{"not_picked":["theDragonkin:LightArmor","theDragonkin:BurningRage","theDragonkin:ControlledBreath","theDragonkin:MiasmicBreath"],"picked":"theDragonkin:DivineFire+1","floor":38.0},{"not_picked":["theDragonkin:Sizzle+1","theDragonkin:ControlledBreath+1","theDragonkin:DivineJolt+1","theDragonkin:Ashfall","theDragonkin:Detox"],"picked":"SKIP","floor":40.0},{"not_picked":["theDragonkin:AcidBreath+1","theDragonkin:DivineJolt+1","theDragonkin:EmberSwipe+1","theDragonkin:ControlledBreath+1"],"picked":"theDragonkin:DivinePrayer","floor":42.0},{"not_picked":["theDragonkin:GoldenFlames+1","theDragonkin:DivineJolt+1","theDragonkin:ShieldGlare","theDragonkin:SandBreath"],"picked":"theDragonkin:AcidArmor","floor":44.0},{"not_picked":["theDragonkin:MiasmicBreath","theDragonkin:Sizzle+1","theDragonkin:HolyWordBarrier+1","theDragonkin:EnduringAgony+1","theDragonkin:StormFront"],"picked":"SKIP","floor":48.0},{"not_picked":["theDragonkin:Sizzle","theDragonkin:DivineFire+1","theDragonkin:HammerOfWrath+1","theDragonkin:FlameWard+1"],"picked":"theDragonkin:SandBreath+1","floor":54}],"player_experience":1088795,"relics_obtained":[{"floor":7.0,"key":"Bag of Marbles"},{"floor":9.0,"key":"Bag of Preparation"},{"floor":14.0,"key":"theDragonkin:FernosBellows"},{"floor":19.0,"key":"Tiny House"},{"floor":22.0,"key":"Red Mask"},{"floor":24.0,"key":"StuffTheSpire:Nightcore"},{"floor":26.0,"key":"StSpp:WoodenPendulum"},{"floor":36.0,"key":"Replay:Mystery Machine"},{"floor":40.0,"key":"Molten Egg 2"},{"floor":42.0,"key":"StuffTheSpire:Rhapsscallions"},{"floor":43.0,"key":"hubris:DuctTape"},{"floor":54,"key":"Dead Branch"}],"event_choices":[{"damage_healed":0.0,"max_hp_gain":0.0,"max_hp_loss":0.0,"gold_gain":0.0,"event_name":"Big Fish","player_choice":"Box","floor":4.0,"gold_loss":0.0,"damage_taken":0.0,"relics_obtained":["Regal Pillow"],"cards_obtained":["Regret"]},{"cards_removed":["Regret"],"damage_healed":0.0,"max_hp_gain":0.0,"max_hp_loss":0.0,"gold_gain":0.0,"event_name":"The Cleric","player_choice":"Card Removal","floor":12.0,"gold_loss":50.0,"damage_taken":0.0},{"damage_healed":0.0,"max_hp_gain":0.0,"max_hp_loss":0.0,"gold_gain":0.0,"event_name":"betterThird:BetterScrap","player_choice":"Relic ","floor":13.0,"gold_loss":0.0,"damage_taken":3.0,"cards_obtained":["Night Terror"]},{"damage_healed":0.0,"max_hp_gain":0.0,"max_hp_loss":0.0,"gold_gain":0.0,"event_name":"Masked Bandits","player_choice":"Fought Bandits","floor":22.0,"gold_loss":0.0,"damage_taken":0.0},{"damage_healed":0.0,"max_hp_gain":0.0,"max_hp_loss":0.0,"gold_gain":0.0,"event_name":"Wheel of Change","player_choice":"Relic","floor":36.0,"gold_loss":0.0,"damage_taken":0.0},{"damage_healed":0.0,"max_hp_gain":0.0,"max_hp_loss":0.0,"gold_gain":0.0,"event_name":"Transmorgrifier","player_choice":"Ignored","floor":39.0,"gold_loss":0.0,"damage_taken":0.0}],"is_beta":false,"boss_relics":[{"not_picked":["SacredBark","conspire:SeveredTorchhead"],"picked":"SlaversCollar"},{"not_picked":["relicPack:KazumaCape","hubris:TerracottaHorce"],"picked":"Cursed Key"}],"items_purged_floors":[47],"is_endless":false,"potions_floor_spawned":[3,5,7,11,18,24,30,31,33,37,42,44],"ascension_level":0}}