{"host":"test","time":1611761016,"event":{"mods":["BaseMod","Colored Map","Colored Powertips","Minty Spire (QoL Compilation)","Relic Stats","Slay the Relics Exporter","SpireBot","StSLib","ojb\u0027s Better Paths Mod","ojb\u0027s Info Mod"],"gold_per_floor":[13,31,42,42,117,151,151,166,166,166,187,21,21,21,21,112,112,127,402,427,109,69,69,100,116,165,198,218,218,252,265,265,361,361,380,24,0,0,21,64,78,91,173,186,186,211,250,270,270,270,270,270,270,56,87,87],"floor_reached":57,"language":"JPN","playtime":3201,"items_purged":["Regret","Strike_P","Corruption"],"score":3123,"play_id":"2b2320cc-77fd-4007-8a9e-6ff546801db0","local_time":"20210128002336","is_ascension_mode":true,"campfire_choices":[{"data":"Eruption","floor":7,"key":"SMITH"},{"floor":10,"key":"REST"},{"data":"CrushJoints","floor":13,"key":"SMITH"},{"data":"Consecrate","floor":15,"key":"SMITH"},{"data":"True Grit","floor":23,"key":"SMITH"},{"data":"Bloodletting","floor":29,"key":"SMITH"},{"data":"Buffer","floor":32,"key":"SMITH"},{"floor":45,"key":"RECALL"},{"data":"Burning Pact","floor":49,"key":"SMITH"},{"data":"InnerPeace","floor":53,"key":"SMITH"}],"circlet_count":0,"master_deck":["AscendersBane","Strike_P","Strike_P","Strike_P","Defend_P","Defend_P","Defend_P","Defend_P","Eruption+1","Vigilance","FearNoEvil","EmptyBody","FlurryOfBlows","ThirdEye","CrushJoints+1","Consecrate+1","Distraction","True Grit+1","Acrobatics+1","Wallop","Spot Weakness","InnerPeace+1","Buffer+1","Bloodletting+1","BootSequence","Heatsinks+1","ThirdEye","Ragnarok","ForeignInfluence+1","Wireheading","Corruption","CutThroughFate","Acrobatics+1","Armaments+1","Exhume","Metallicize","Blade Dance","FTL","Backflip","Burning Pact+1","Trip+1","Pommel Strike+1","Panacea"],"relics":["PureWater","Dead Branch","Golden Idol","MealTicket","Letter Opener","PrismaticShard","Prayer Wheel","Coffee Dripper","Frozen Eye","Matryoshka","HornCleat","TeardropLocket","Shuriken","Philosopher\u0027s Stone","DollysMirror","Red Mask","Bottled Tornado","Akabeko","Kunai","Smiling Mask","ClockworkSouvenir","Ornamental Fan"],"acts_visited":["Exordium","TheCity","TheBeyond","TheEnding"],"potions_floor_usage":[18,22,56],"damage_taken":[{"damage":0,"enemies":"Cultist","floor":1,"turns":3},{"damage":4,"enemies":"Jaw Worm","floor":2,"turns":3},{"damage":4,"enemies":"Small Slimes","floor":3,"turns":4},{"damage":20,"enemies":"3 Sentries","floor":6,"turns":11},{"damage":12,"enemies":"2 Fungi Beasts","floor":8,"turns":5},{"damage":0,"enemies":"3 Louse","floor":11,"turns":3},{"damage":1,"enemies":"Slime Boss","floor":16,"turns":4},{"damage":0,"enemies":"2 Thieves","floor":18,"turns":2},{"damage":0,"enemies":"Chosen","floor":20,"turns":2},{"damage":7,"enemies":"Slavers","floor":24,"turns":3},{"damage":0,"enemies":"Sentry and Sphere","floor":25,"turns":3},{"damage":1,"enemies":"Book of Stabbing","floor":27,"turns":4},{"damage":0,"enemies":"Snake Plant","floor":28,"turns":2},{"damage":17,"enemies":"Gremlin Leader","floor":30,"turns":6},{"damage":0,"enemies":"Cultist and Chosen","floor":31,"turns":3},{"damage":0,"enemies":"Champ","floor":33,"turns":5},{"damage":0,"enemies":"Orb Walker","floor":35,"turns":3},{"damage":0,"enemies":"3 Shapes","floor":39,"turns":2},{"damage":0,"enemies":"Giant Head","floor":40,"turns":2},{"damage":0,"enemies":"Jaw Worm Horde","floor":41,"turns":2},{"damage":3,"enemies":"Spire Growth","floor":42,"turns":1},{"damage":0,"enemies":"Transient","floor":44,"turns":3},{"damage":0,"enemies":"3 Darklings","floor":46,"turns":1},{"damage":8,"enemies":"Nemesis","floor":47,"turns":3},{"damage":0,"enemies":"4 Shapes","floor":48,"turns":2},{"damage":3,"enemies":"Awakened One","floor":50,"turns":4},{"damage":13,"enemies":"Time Eater","floor":51,"turns":9},{"damage":0,"enemies":"Shield and Spear","floor":55,"turns":1},{"damage":4,"enemies":"The Heart","floor":56,"turns":7}],"seed_played":"2655925248893765557","potions_obtained":[{"floor":2,"key":"ColorlessPotion"},{"floor":6,"key":"FearPotion"},{"floor":18,"key":"Fruit Juice"},{"floor":22,"key":"BlessingOfTheForge"},{"floor":25,"key":"SteroidPotion"},{"floor":33,"key":"BottledMiracle"},{"floor":39,"key":"Swift Potion"}],"is_trial":false,"path_per_floor":["M","M","M","?","?","E","R","M","T","R","M","$","R","?","R","B",null,"M","?","M","$","?","R","E","M","T","E","M","R","E","M","R","B",null,"M","$","?","?","M","E","M","M","T","M","R","M","E","M","R","B","B",null,"R","$","E","B",null],"character_chosen":"WATCHER","items_purchased":["PrismaticShard","Frozen Eye","Wallop","Wireheading","DollysMirror","CutThroughFate","ClockworkSouvenir"],"campfire_rested":1,"item_purchase_floors":[12,21,21,36,36,36,54],"current_hp_per_floor":[61,57,53,53,42,22,22,10,10,28,28,43,43,38,38,37,56,56,56,56,62,67,67,60,60,60,59,59,59,42,42,42,42,61,61,67,67,67,67,67,67,64,64,64,64,64,56,56,56,53,40,60,60,67,67,63],"gold":87,"neow_bonus":"ONE_RARE_RELIC","is_daily":false,"chose_seed":true,"campfire_upgraded":8,"win_rate":0.0,"timestamp":1611761016,"path_taken":["M","?","M","?","?","E","R","M","T","R","M","$","R","?","R","BOSS","M","?","M","?","?","R","E","M","T","E","?","R","E","M","R","BOSS","M","$","?","?","M","E","?","M","T","M","R","M","E","M","R","BOSS","BOSS","R","$","E","BOSS"],"items_purchased_type":["Relic","Relic","Card","Card","Relic","Card","Relic"],"build_version":"2020-12-18","purchased_purges":3,"victory":true,"max_hp_per_floor":[68,68,68,62,62,62,62,62,62,62,62,62,62,62,62,62,62,62,62,62,62,67,67,67,67,67,67,67,67,67,67,67,67,67,67,67,67,67,67,67,67,67,67,67,67,67,67,67,67,67,67,67,67,67,67,67],"relic_stats":{"counters":[29,103],"Golden Idol":194,"Shuriken":[63],"Ornamental Fan":[36],"Dead Branch":[416],"MealTicket":34,"Prayer Wheel":12,"Letter Opener":[595],"Kunai":[47],"Smiling Mask":75,"obtain_stats":[{"Golden Idol":4,"Dead Branch":0,"Letter Opener":9,"TeardropLocket":27,"Bottled Tornado":40,"PrismaticShard":12,"Smiling Mask":47,"Akabeko":43,"ClockworkSouvenir":54,"Frozen Eye":21,"Matryoshka":24,"HornCleat":26,"Shuriken":30,"DollysMirror":36,"Ornamental Fan":55,"MealTicket":6,"Prayer Wheel":14,"Philosopher\u0027s Stone":34,"Coffee Dripper":17,"Red Mask":37,"Kunai":43,"PureWater":0},{"Golden Idol":3,"Dead Branch":0,"Letter Opener":5,"TeardropLocket":12,"Bottled Tornado":19,"PrismaticShard":6,"Smiling Mask":24,"Akabeko":21,"ClockworkSouvenir":27,"Frozen Eye":9,"Matryoshka":10,"HornCleat":11,"Shuriken":14,"DollysMirror":17,"Ornamental Fan":28,"MealTicket":4,"Prayer Wheel":6,"Philosopher\u0027s Stone":16,"Coffee Dripper":7,"Red Mask":17,"Kunai":21,"PureWater":0},{"Golden Idol":10,"Dead Branch":0,"Letter Opener":26,"TeardropLocket":47,"Bottled Tornado":70,"PrismaticShard":29,"Smiling Mask":80,"Akabeko":73,"ClockworkSouvenir":95,"Frozen Eye":37,"Matryoshka":40,"HornCleat":43,"Shuriken":55,"DollysMirror":66,"Ornamental Fan":96,"MealTicket":21,"Prayer Wheel":29,"Philosopher\u0027s Stone":63,"Coffee Dripper":33,"Red Mask":66,"Kunai":73,"PureWater":0}]},"card_choices":[{"not_picked":["ThirdEye","Meditate"],"picked":"FearNoEvil","floor":1},{"not_picked":["JustLucky","InnerPeace"],"picked":"EmptyBody","floor":2},{"not_picked":["Halt","Consecrate"],"picked":"FlurryOfBlows","floor":3},{"not_picked":["Halt","Pray","ThirdEye"],"picked":"SKIP","floor":6},{"not_picked":["Halt","Pray"],"picked":"ThirdEye","floor":6},{"not_picked":["PathToVictory","WaveOfTheHand"],"picked":"CrushJoints","floor":8},{"not_picked":["Indignation","Establishment"],"picked":"Consecrate","floor":11},{"not_picked":["Immolate","Rainbow"],"picked":"Corruption","floor":16},{"not_picked":["EmptyFist","Redo"],"picked":"Distraction","floor":18},{"not_picked":["Slice+1","FollowUp","Rebound"],"picked":"SKIP","floor":18},{"not_picked":["SashWhip","Slice+1"],"picked":"True Grit","floor":20},{"not_picked":["Shrug It Off","Turbo"],"picked":"Acrobatics+1","floor":20},{"not_picked":["Trip","Vengeance"],"picked":"Spot Weakness","floor":24},{"not_picked":["Amplify","Melter"],"picked":"InnerPeace","floor":25},{"not_picked":["Beam Cell","Gash","Underhanded Strike"],"picked":"SKIP","floor":25},{"not_picked":["Fusion+1","Dropkick"],"picked":"Buffer","floor":27},{"not_picked":["Flying Knee","Clash"],"picked":"Bloodletting","floor":28},{"not_picked":["Consecrate","SashWhip"],"picked":"BootSequence","floor":28},{"not_picked":["Multi-Cast","Consecrate","Dagger Throw"],"picked":"SKIP","floor":30},{"not_picked":["CrushJoints+1","Bane"],"picked":"Heatsinks+1","floor":31},{"not_picked":["SashWhip","Gash"],"picked":"ThirdEye","floor":31},{"not_picked":["Grand Finale","ConjureBlade"],"picked":"Ragnarok","floor":33},{"not_picked":["FlurryOfBlows+1","Quick Slash"],"picked":"ForeignInfluence+1","floor":35},{"not_picked":["Heavy Blade+1","Darkness","Warcry"],"picked":"SKIP","floor":35},{"not_picked":["CrushJoints","Prepared"],"picked":"Armaments+1","floor":39},{"not_picked":["Inflame","FlurryOfBlows"],"picked":"Exhume","floor":39},{"not_picked":["Fire Breathing","Heel Hook"],"picked":"Metallicize","floor":40},{"not_picked":["Halt+1","Sword Boomerang"],"picked":"Blade Dance","floor":41},{"not_picked":["Evaluate","Deadly Poison+1"],"picked":"FTL","floor":41},{"not_picked":["Hologram","Crippling Poison"],"picked":"Backflip","floor":42},{"not_picked":["Dagger Throw+1","Conclude","Underhanded Strike"],"picked":"SKIP","floor":42},{"not_picked":["Hemokinesis","Consume"],"picked":"Burning Pact","floor":44},{"not_picked":["Armaments","Compile Driver","Heavy Blade+1"],"picked":"SKIP","floor":44},{"not_picked":["FollowUp","LikeWater","Catalyst"],"picked":"SKIP","floor":46},{"not_picked":["FlurryOfBlows","Dodge and Roll","True Grit"],"picked":"SKIP","floor":46},{"not_picked":["Die Die Die","Metallicize"],"picked":"Trip+1","floor":47},{"not_picked":["Carnage","Accuracy"],"picked":"Pommel Strike+1","floor":48},{"not_picked":["Sword Boomerang","Lockon","Trip"],"picked":"SKIP","floor":48},{"not_picked":["Turbo+1","Poisoned Stab"],"picked":"Panacea","floor":55}],"player_experience":1994795,"relics_obtained":[{"floor":6,"key":"MealTicket"},{"floor":9,"key":"Letter Opener"},{"floor":24,"key":"Matryoshka"},{"floor":26,"key":"HornCleat"},{"floor":27,"key":"TeardropLocket"},{"floor":30,"key":"Shuriken"},{"floor":40,"key":"Bottled Tornado"},{"floor":43,"key":"Akabeko"},{"floor":43,"key":"Kunai"},{"floor":47,"key":"Smiling Mask"},{"floor":55,"key":"Ornamental Fan"}],"event_choices":[{"damage_healed":0,"gold_gain":0,"player_choice":"Lose Max HP","damage_taken":0,"relics_obtained":["Golden Idol"],"max_hp_gain":0,"max_hp_loss":6,"event_name":"Golden Idol","floor":4,"gold_loss":0},{"damage_healed":0,"gold_gain":75,"player_choice":"Gather Gold","damage_taken":11,"max_hp_gain":0,"max_hp_loss":0,"event_name":"World of Goop","floor":5,"gold_loss":0},{"damage_healed":0,"gold_gain":0,"player_choice":"Success","damage_taken":5,"relics_obtained":["Prayer Wheel"],"max_hp_gain":0,"max_hp_loss":0,"event_name":"Scrap Ooze","floor":14,"gold_loss":0},{"damage_healed":0,"gold_gain":275,"player_choice":"Desecrate","damage_taken":0,"max_hp_gain":0,"max_hp_loss":0,"event_name":"Golden Shrine","floor":19,"gold_loss":0,"cards_obtained":["Regret"]},{"damage_healed":0,"gold_gain":0,"player_choice":"Bought 3 Potions","damage_taken":0,"max_hp_gain":0,"max_hp_loss":0,"event_name":"The Woman in Blue","floor":22,"gold_loss":0},{"damage_healed":0,"gold_gain":0,"player_choice":"Paid","damage_taken":0,"relics_obtained":["Red Mask"],"max_hp_gain":0,"max_hp_loss":0,"event_name":"Tomb of Lord Red Mask","floor":37,"gold_loss":24},{"damage_healed":0,"gold_gain":0,"player_choice":"Copied","damage_taken":0,"max_hp_gain":0,"max_hp_loss":0,"event_name":"Duplicator","floor":38,"gold_loss":0,"cards_obtained":["Acrobatics"]}],"is_beta":true,"boss_relics":[{"not_picked":["Runic Dome","SlaversCollar"],"picked":"Coffee Dripper"},{"not_picked":["Fusion Hammer","HolyWater"],"picked":"Philosopher\u0027s Stone"}],"items_purged_floors":[21,36,54],"is_endless":false,"potions_floor_spawned":[2,6,18,25,28,33,39,41,44,47,48],"ascension_level":20}}