{"host":"uvmuduost5bzvojs","time":1611728202,"event":{"mods":["Aspiration","Bard","BaseMod","Better Match","Block Reminder","Conspire","Hermit","Highlight Path","Hubris","Infinite Spire","Jorbs\u0027s Wanderer Trilogy","Mad Scientist","Marisa????????","Mimic Mod","Minty Spire (QoL Compilation)","Potionbrewer","Replay The Spire","Robot Space Explorer","StSLib","The Blackbeard","The Construct","The Cursed","The Disciple","The Hayseed","The Hierophant","The Juggle","The Jungle","The Poker Player","The Runesmith","The Servant 0.9.4","The Spell Scribe","The Valiant","TheBandit"],"gold_per_floor":[113,128,143,15,15,57,57,78,84,84,110,110,153,153,153,113,113],"floor_reached":16,"language":"ENG","playtime":1285,"items_purged":[],"score":110,"play_id":"fe473b5e-96e3-4846-b1e0-4335c8ccf4c1","local_time":"20210127011642","is_ascension_mode":false,"campfire_choices":[{"data":"hierophant:DivineIntervention","floor":7,"key":"SMITH"},{"data":"hierophant:Repentance","floor":10,"key":"SMITH"},{"data":"hierophant:HolyVerse","floor":15,"key":"SMITH"}],"circlet_count":0,"master_deck":["hierophant:Strike_Hierophant","hierophant:Strike_Hierophant","hierophant:Strike_Hierophant","hierophant:Strike_Hierophant","hierophant:Punish","hierophant:Defend_Hierophant","hierophant:Defend_Hierophant","hierophant:Defend_Hierophant","hierophant:Defend_Hierophant","hierophant:ChurchCoffers","hierophant:FieryStrike","hierophant:PassingBell","hierophant:HolyVerse+1","hierophant:CoinFling+1","hierophant:Doubloon","hierophant:OrnateBuckler","hierophant:DivineIntervention+1","hierophant:Repentance+1","hierophant:OrnateBuckler","hierophant:Doubloon","hierophant:ConvertCurrency","Hallucinations","hierophant:Doubloon","hierophant:Refuge+1"],"relics":["hierophant:PropheticMaskRelic","Potion Belt","infinitespire:Beetle Shell","Pet Ghost","hubris:DisguiseKit"],"acts_visited":["Exordium"],"potions_floor_usage":[6,16,16,16],"damage_taken":[{"damage":0,"enemies":"2 Louse","floor":1,"turns":1},{"damage":0,"enemies":"Small Slimes","floor":2,"turns":2},{"damage":0,"enemies":"Cultist","floor":3,"turns":3},{"damage":24,"enemies":"Gremlin Nob","floor":6,"turns":4},{"damage":21,"enemies":"3 Sentries","floor":8,"turns":5},{"damage":1,"enemies":"Lots of Slimes","floor":9,"turns":6},{"damage":13,"enemies":"Lots of Slimes","floor":11,"turns":2},{"damage":4,"enemies":"2 Fungi Beasts","floor":13,"turns":3},{"damage":25,"enemies":"Hexaghost","floor":16,"turns":14}],"seed_played":"-3705668096075939206","potions_obtained":[{"floor":2,"key":"potionbrewer:ToxicPotion"},{"floor":8,"key":"Adrenaline Potion"},{"floor":11,"key":"SpeedPotion"},{"floor":13,"key":"PowerPotion"}],"is_trial":false,"path_per_floor":["M","M","M","$","?","E","R","E","MIM","R","M","?","M","?","R","B"],"character_chosen":"HIEROPHANT","items_purchased":["hierophant:CoinFling","hierophant:OrnateBuckler"],"campfire_rested":0,"item_purchase_floors":[4,4],"current_hp_per_floor":[82,82,82,82,82,58,58,37,36,36,23,23,19,19,19,0,0],"gold":113,"neow_bonus":"TEN_PERCENT_HP_BONUS","is_daily":false,"chose_seed":false,"campfire_upgraded":3,"win_rate":0.0,"timestamp":1611728202,"path_taken":["M","M","M","$","?","E","R","E","MIM","R","M","?","M","?","R","BOSS"],"items_purchased_type":["Card","Card"],"build_version":"2020-12-22","purchased_purges":0,"victory":false,"max_hp_per_floor":[82,82,82,82,82,82,82,82,82,82,82,82,82,82,82,82,82],"card_choices":[{"not_picked":["hierophant:OrnateBuckler","hierophant:PassingBell"],"picked":"hierophant:FieryStrike","floor":1},{"not_picked":["hierophant:Blessing","hierophant:AuricBeam"],"picked":"hierophant:PassingBell","floor":2},{"not_picked":["hierophant:Encroach","hierophant:Endure"],"picked":"hierophant:HolyVerse","floor":3},{"not_picked":["hierophant:Remorse","hierophant:SolarFlare"],"picked":"hierophant:DivineIntervention","floor":6},{"not_picked":["hierophant:Shelter","hierophant:SealAway"],"picked":"hierophant:Repentance","floor":8},{"not_picked":["hierophant:DisplayOfPower","hierophant:PassingBell"],"picked":"hierophant:OrnateBuckler","floor":9},{"not_picked":["hierophant:EyeForCoin","hierophant:Blessing"],"picked":"hierophant:ConvertCurrency","floor":11},{"not_picked":["hierophant:Zeal","hierophant:AuricShield","Deflect"],"picked":"hierophant:Refuge","floor":13}],"player_experience":1842218,"relics_obtained":[{"floor":6,"key":"Potion Belt"},{"floor":8,"key":"infinitespire:Beetle Shell"},{"floor":9,"key":"Pet Ghost"}],"event_choices":[{"damage_healed":0,"gold_gain":0,"player_choice":"Grow","damage_taken":0,"max_hp_gain":0,"max_hp_loss":0,"event_name":"Living Wall","floor":5,"gold_loss":0,"cards_upgraded":["hierophant:CoinFling"]}],"is_beta":false,"boss_relics":[],"items_purged_floors":[],"is_endless":false,"potions_floor_spawned":[2,8,11,13],"killed_by":"Hexaghost","ascension_level":0}}