{"host":"test","time":1611763573,"event":{"mods":["BaseMod","Colored Map","Colored Powertips","Minty Spire (QoL Compilation)","Relic Stats","Slay the Relics Exporter","SpireBot","StSLib","ojb\u0027s Better Paths Mod","ojb\u0027s Info Mod"],"gold_per_floor":[164,3,3,23,33,66,66,85,156,156,156],"floor_reached":10,"language":"JPN","playtime":479,"items_purged":[],"score":136,"play_id":"b933ee5d-bc2f-4807-a9df-8a4a377af773","local_time":"20210128010613","is_ascension_mode":true,"campfire_choices":[{"floor":7,"key":"REST"}],"circlet_count":0,"master_deck":["AscendersBane","Strike_R","Strike_R","Strike_R","Strike_R","Strike_R","Defend_R","Defend_R","Defend_R","Defend_R","Bash+1","Anger","Shrug It Off","Scrape","FollowUp","TalkToTheHand","Consecrate"],"relics":["Tiny House","PrismaticShard","Unceasing Top","Question Card"],"acts_visited":["Exordium"],"potions_floor_usage":[10],"damage_taken":[{"damage":1,"enemies":"Cultist","floor":1,"turns":3},{"damage":1,"enemies":"Small Slimes","floor":4,"turns":5},{"damage":7,"enemies":"Jaw Worm","floor":5,"turns":3},{"damage":52,"enemies":"3 Sentries","floor":6,"turns":12},{"damage":26,"enemies":"Lots of Slimes","floor":8,"turns":4},{"damage":11,"enemies":"Lagavulin","floor":10,"turns":7}],"seed_played":"8723943882355618383","potions_obtained":[{"floor":0,"key":"FearPotion"},{"floor":6,"key":"LiquidBronze"}],"is_trial":false,"path_per_floor":["M","$","$","M","M","E","R","M","T","E"],"character_chosen":"IRONCLAD","items_purchased":["PrismaticShard"],"campfire_rested":1,"item_purchase_floors":[2],"current_hp_per_floor":[72,72,72,71,64,12,36,10,10,0,0],"gold":156,"neow_bonus":"BOSS_RELIC","is_daily":false,"chose_seed":true,"campfire_upgraded":0,"win_rate":0.0,"timestamp":1611763573,"path_taken":["M","?","$","M","M","E","R","M","T","E"],"items_purchased_type":["Relic"],"build_version":"2020-12-18","purchased_purges":0,"victory":false,"max_hp_per_floor":[80,80,80,80,80,80,80,80,80,80,80],"relic_stats":{"counters":[6,34],"Question Card":0,"obtain_stats":[{"Tiny House":0,"PrismaticShard":2,"Question Card":9,"Burning Blood":0,"Unceasing Top":6},{"Tiny House":0,"PrismaticShard":1,"Question Card":5,"Burning Blood":0,"Unceasing Top":4},{"Tiny House":0,"PrismaticShard":3,"Question Card":27,"Burning Blood":0,"Unceasing Top":23}],"Unceasing Top":[2]},"card_choices":[{"not_picked":["Clash","True Grit"],"picked":"Anger","floor":0},{"not_picked":["Sword Boomerang","Heavy Blade"],"picked":"Shrug It Off","floor":1},{"not_picked":["Hello World","Havoc"],"picked":"Scrape","floor":4},{"not_picked":["Concentrate","Reflex"],"picked":"FollowUp","floor":5},{"not_picked":["Rupture","Phantasmal Killer"],"picked":"TalkToTheHand","floor":6},{"not_picked":["Havoc","Deadly Poison"],"picked":"Consecrate","floor":8}],"player_experience":1997996,"relics_obtained":[{"floor":6,"key":"Unceasing Top"},{"floor":9,"key":"Question Card"}],"event_choices":[],"is_beta":true,"boss_relics":[],"items_purged_floors":[],"is_endless":false,"potions_floor_spawned":[6],"killed_by":"Lagavulin","ascension_level":20}}