{"host":"ds3v42j7tpaaz1mg","time":1611729831,"event":{"mods":["AchievementEnabler","Aspiration","BaseMod","Bestiary","Better Altar","Better Note","Better Sensory Stone","BetterRewards","Block Reminder","Colored Powertips","Conspire","Downfall","Energized Spire","Halation","Hermit","Highlight Path","Hubris","Infinite Spire","Jorbs\u0027s Wanderer Trilogy","Minty Spire (QoL Compilation)","Relic Stats","Replay The Spire","StSLib","The Elementalist","The Servant 0.9.4"],"gold_per_floor":[99,119,119,15,115,115,115,2,13,43,43,56,72,72,84,84,84,84],"floor_reached":16,"language":"ENG","playtime":739,"items_purged":[],"score":100,"play_id":"8712ab9c-8d16-4558-996f-e0a5caff5c1e","local_time":"20210127014351","is_ascension_mode":false,"campfire_choices":[{"floor":1,"key":"DIG"},{"data":"Trip","floor":6,"key":"SMITH"}],"circlet_count":0,"master_deck":["Guardian:Strike_Guardian","Guardian:Strike_Guardian","Guardian:Strike_Guardian","Guardian:Defend_Guardian","Guardian:Defend_Guardian","Guardian:Defend_Guardian","Guardian:Defend_Guardian","Guardian:CurlUp","Guardian:TwinSlam","Guardian:CrystalBeam","Guardian:VentSteam","Trip+1","Guardian:Gem_Fragmented","Replay:SS_forest_2","Guardian:Suspension","Guardian:Gem_Purple"],"relics":["Guardian:ModeShifter","Toy Ornithopter","halation:BlackBeret","Pantograph","Ginger","hubris:Towel"],"acts_visited":["Exordium"],"potions_floor_usage":[15,16,16],"damage_taken":[{"damage":5,"enemies":"Small Slimes","floor":2,"turns":5},{"damage":0,"enemies":"downfall:FleeingMerchant","floor":4,"turns":4},{"damage":15,"enemies":"downfall:FleeingMerchant","floor":8,"turns":4},{"damage":11,"enemies":"Jaw Worm","floor":9,"turns":3},{"damage":31,"enemies":"Lagavulin","floor":10,"turns":7},{"damage":0,"enemies":"Cultist","floor":12,"turns":3},{"damage":8,"enemies":"3 Louse","floor":13,"turns":4},{"damage":9,"enemies":"Blue Slaver","floor":15,"turns":4},{"damage":82,"enemies":"DF_ARCHETYPE_STREAMLINE","floor":16,"turns":14}],"seed_played":"-2490882301364904621","potions_obtained":[{"floor":10,"key":"Strength Potion"},{"floor":13,"key":"Explosive Potion"},{"floor":15,"key":"Block Potion"}],"is_trial":false,"path_per_floor":["R","M","?","$","?","R","T","$","M","E","?","M","M","?","M","B"],"character_chosen":"GUARDIAN","items_purchased":["Trip","Replay:SS_forest_2"],"campfire_rested":0,"item_purchase_floors":[4,8],"current_hp_per_floor":[80,75,75,75,75,75,75,60,49,18,18,18,10,34,30,0,0,0],"gold":84,"neow_bonus":"RANDOM_COMMON_RELIC","is_daily":false,"chose_seed":false,"campfire_upgraded":1,"win_rate":0.0,"timestamp":1611729831,"path_taken":["R","M","?","$","?","R","T","?","M","E","?","?","M","?","M","BOSS"],"items_purchased_type":["Card","Card"],"build_version":"2020-12-22","purchased_purges":0,"victory":false,"max_hp_per_floor":[80,80,80,80,80,80,80,80,80,80,80,80,80,80,80,80,80,80],"relic_stats":{"counters":[9,48],"Pantograph":25,"Ginger":[3],"obtain_stats":[{"halation:BlackBeret":1,"Pantograph":7,"Guardian:ModeShifter":0,"Ginger":10,"hubris:Towel":11,"Toy Ornithopter":0},{"halation:BlackBeret":0,"Pantograph":2,"Guardian:ModeShifter":0,"Ginger":5,"hubris:Towel":5,"Toy Ornithopter":0},{"halation:BlackBeret":0,"Pantograph":9,"Guardian:ModeShifter":0,"Ginger":23,"hubris:Towel":23,"Toy Ornithopter":0}],"Toy Ornithopter":15},"card_choices":[{"not_picked":["Guardian:PiercingHide","Guardian:EvasiveProtocol"],"picked":"Guardian:CrystalBeam","floor":2},{"not_picked":["Guardian:Gem_Green","Guardian:GatlingBeam"],"picked":"Guardian:VentSteam","floor":4},{"not_picked":["Guardian:ShieldSpikes","Guardian:WalkerClaw"],"picked":"Guardian:Gem_Fragmented","floor":8},{"not_picked":["Guardian:VentSteam","Guardian:PrimingBeam"],"picked":"Guardian:Suspension","floor":9},{"not_picked":["Guardian:MultiBeam","Guardian:DecasProtection","Guardian:PolyBeam"],"picked":"SKIP","floor":10},{"not_picked":["Guardian:TemporalShield","Guardian:Emergency","Guardian:Suspension"],"picked":"SKIP","floor":12},{"not_picked":["Guardian:VentSteam","Guardian:Incinerate","Guardian:StasisField"],"picked":"SKIP","floor":13},{"not_picked":["Guardian:PrimingBeam","Guardian:Gem_Red"],"picked":"Guardian:Gem_Purple","floor":15}],"player_experience":653998,"relics_obtained":[{"floor":1,"key":"halation:BlackBeret"},{"floor":7,"key":"Pantograph"},{"floor":10,"key":"Ginger"}],"event_choices":[],"is_beta":false,"boss_relics":[],"items_purged_floors":[],"is_endless":false,"potions_floor_spawned":[10,13,15],"killed_by":"DF_ARCHETYPE_STREAMLINE","ascension_level":0}}