{"host":"08z5bj28eube4vug","time":1611723742,"event":{"mods":["2.2 Compatiblity","Abigail Mod","Act Like it!","BaseMod","Beaked The Cultist","Bestiary","Friendly Minions","Gensokyo","GungeonMod","Hallownest","Kiyohime????","Koishi","Lobotomy","Marisa????????","Minty Spire (QoL Compilation)","Prisma Mod","Remilia??????","Replay The Spire","StSLib","Td1madao Mod","The Alterego","The Bug Knight","The Jungle","The Sage","The Senshi","The Servant 0.9.4","Waifu the Spire","WarShipGirlsR/????R mod","Yuri Mod"],"gold_per_floor":[10,10,10,28,4,4,14,14,65,96,96,126,126,139,139,234,234,249,264,42,42,56,56,56,136,136,147,147,182,196,231,231,329,329,344,67,67,0,0,33,33,45,45,45,45,60,60,74,74,74,74],"floor_reached":50,"language":"ENG","playtime":2770,"items_purged":[],"score":722,"play_id":"ac9bfc07-ed0a-4c1c-aa70-acebf1110efb","local_time":"20210127080222","is_ascension_mode":true,"campfire_choices":[{"data":"theSenshi:SailorMarsAssists","floor":6,"key":"SMITH"},{"data":"theSenshi:MercurysCunning","floor":8,"key":"SMITH"},{"data":"theSenshi:MoonPrincessHalation","floor":11,"key":"SMITH"},{"data":"theSenshi:MoonPrismPowerMakeUp","floor":13,"key":"SMITH"},{"data":"theSenshi:SailorVenusAssists","floor":15,"key":"SMITH"},{"data":"Apotheosis","floor":23,"key":"SMITH"},{"floor":28,"key":"REST"},{"floor":32,"key":"REST"},{"floor":41,"key":"REST"},{"floor":49,"key":"REST"}],"circlet_count":0,"master_deck":["theSenshi:SailorKick","theSenshi:SailorKick","theSenshi:SailorKick","theSenshi:SailorKick","theSenshi:SailorBlock","theSenshi:SailorBlock","theSenshi:SailorBlock","theSenshi:RoseThrow","theSenshi:MoonPrismPowerMakeUp+1","theSenshi:MercurysCunning+1","theSenshi:SilverCrystal+1","theSenshi:SailorMarsAssists+1","theSenshi:WarriorOfTheMoon","theSenshi:MoonPrincessHalation+1","theSenshi:SailorVenusAssists+1","theSenshi:TuxedoSmokingBomber","theSenshi:InTheNameOfTheMoon","theSenshi:SailorMarsAssists+1","theSenshi:InTheNickOfTime","Apotheosis+1","theSenshi:MoonTiaraMagic","theSenshi:TuxedoMaskAssists+1","Languid","theSenshi:MoonCrystalPowerMakeUp+1","theSenshi:SailorChibiMoonAssists","theSenshi:MoonEternalMakeUp","theSenshi:WarriorOfTheMoon","theSenshi:KlutzyLuck","theSenshi:MercurysCunning","Wraith","theSenshi:MoonCosmicPowerMakeUp","theSenshi:TallSilhouette"],"relics":["theSenshi:TransformationBroochRelic","Replay:Kaleidoscope","Art of War","Calipers","Bottled Flame","Cursed Key","Smiling Mask","theSenshi:TransformationPenRelic","Sundial","Centennial Puzzle","theSenshi:MoonKaleidoScopeRelic","PreservedInsect","Red Mask","sagemod:Blowpipe"],"acts_visited":["Exordium","TheCity","TheBeyond"],"potions_floor_usage":[16,33,33,40,46,48,50],"damage_taken":[{"damage":0,"enemies":"Jaw Worm","floor":1,"turns":5},{"damage":9,"enemies":"Cultist","floor":4,"turns":5},{"damage":0,"enemies":"2 Louse","floor":7,"turns":1},{"damage":7,"enemies":"3 Sentries","floor":10,"turns":8},{"damage":24,"enemies":"HollowMod:MossKnight","floor":12,"turns":8},{"damage":0,"enemies":"Looter","floor":14,"turns":2},{"damage":12,"enemies":"Slime Boss","floor":16,"turns":9},{"damage":0,"enemies":"Spheric Guardian","floor":18,"turns":3},{"damage":9,"enemies":"2 Thieves","floor":19,"turns":3},{"damage":16,"enemies":"Centurion and Healer","floor":22,"turns":5},{"damage":32,"enemies":"Snecko","floor":27,"turns":6},{"damage":16,"enemies":"HollowMod:Nosk","floor":29,"turns":8},{"damage":0,"enemies":"Snake Plant","floor":30,"turns":2},{"damage":14,"enemies":"Book of Stabbing","floor":31,"turns":4},{"damage":6,"enemies":"Collector","floor":33,"turns":10},{"damage":13,"enemies":"3 Shapes","floor":35,"turns":6},{"damage":10,"enemies":"Reptomancer","floor":40,"turns":6},{"damage":10,"enemies":"Orb Walker","floor":42,"turns":4},{"damage":62,"enemies":"Spire Growth","floor":46,"turns":6},{"damage":19,"enemies":"Maw","floor":48,"turns":8},{"damage":78,"enemies":"Replay:Hell Engine","floor":50,"turns":11}],"seed_played":"-6073540354960141073","potions_obtained":[{"floor":1,"key":"GamblersBrew"},{"floor":10,"key":"SteroidPotion"},{"floor":12,"key":"SpeedPotion"},{"floor":18,"key":"LiquidBronze"},{"floor":29,"key":"SpeedPotion"},{"floor":30,"key":"Venom Potion"},{"floor":33,"key":"Dexterity Potion"},{"floor":35,"key":"DemoMod:LeadSkinPotion"},{"floor":42,"key":"FearPotion"}],"is_trial":false,"path_per_floor":["M","?","T","M","$","R","M","R","T","E","R","E","R","M","R","B",null,"M","M","$","?","M","R","$","T","T","M","R","E","M","E","R","B",null,"M","$","?","?","?","E","R","M","T","T","$","M","?","M","R","B"],"character_chosen":"THE_SENSHI","items_purchased":["theSenshi:SailorMarsAssists","Apotheosis","theSenshi:MoonTiaraMagic","theSenshi:KlutzyLuck","PreservedInsect","theSenshi:MercurysCunning"],"campfire_rested":4,"item_purchase_floors":[5,20,20,36,36,36],"current_hp_per_floor":[82,82,82,73,73,73,73,73,73,66,66,42,42,42,42,30,74,74,65,65,65,49,49,49,49,49,17,43,27,27,13,39,33,75,62,62,62,62,62,52,78,68,68,68,68,6,78,59,78,0,0],"gold":74,"neow_bonus":"TWENTY_PERCENT_HP_BONUS","is_daily":false,"chose_seed":false,"campfire_upgraded":6,"win_rate":0.0,"timestamp":1611723742,"path_taken":["M","?","?","?","$","R","M","R","T","E","R","E","R","M","R","BOSS","M","M","$","?","M","R","$","?","T","M","R","E","M","E","R","BOSS","M","$","?","?","?","E","R","M","T","?","$","M","?","M","R","BOSS"],"items_purchased_type":["Card","Card","Card","Card","Relic","Card"],"build_version":"2020-12-22","purchased_purges":0,"victory":false,"max_hp_per_floor":[89,89,89,89,89,89,89,89,89,89,89,89,89,89,89,89,89,89,89,89,89,89,89,89,89,89,89,89,89,89,89,89,89,89,89,89,89,89,89,89,89,89,89,89,89,89,78,78,78,78,78],"card_choices":[{"not_picked":["theSenshi:SailorMercuryAssists","theSenshi:Sidestep"],"picked":"theSenshi:MercurysCunning","floor":1},{"not_picked":["theSenshi:MoonCrystalPowerMakeUp","theSenshi:SchoolBag","theSenshi:SupersonicWaves"],"picked":"SKIP","floor":4},{"not_picked":["theSenshi:InTheNickOfTime","theSenshi:GatheringStrength"],"picked":"theSenshi:WarriorOfTheMoon","floor":7},{"not_picked":["theSenshi:MoonSpiralHeartAttack","theSenshi:SailorPlanetPower"],"picked":"theSenshi:MoonPrincessHalation","floor":10},{"not_picked":["theSenshi:SchoolBag","theSenshi:MarsPride"],"picked":"theSenshi:SailorVenusAssists","floor":12},{"not_picked":["theSenshi:TallSilhouette","theSenshi:EncouragingSpeech"],"picked":"theSenshi:TuxedoSmokingBomber","floor":14},{"not_picked":["theSenshi:SailorPlutoAssists","theSenshi:SailorSaturnAssists"],"picked":"theSenshi:InTheNameOfTheMoon","floor":16},{"not_picked":["theSenshi:SupersonicWaves+1","theSenshi:MoonTiaraMagic"],"picked":"theSenshi:SailorMarsAssists+1","floor":18},{"not_picked":["theSenshi:NeptunesGrace","theSenshi:EncouragingSpeech"],"picked":"theSenshi:InTheNickOfTime","floor":19},{"not_picked":["theSenshi:SailorMercuryAssists","theSenshi:Sidestep"],"picked":"theSenshi:TuxedoMaskAssists+1","floor":22},{"not_picked":["theSenshi:MoonPunch","theSenshi:LateForSchool+1"],"picked":"theSenshi:MoonCrystalPowerMakeUp+1","floor":27},{"not_picked":["theSenshi:SteeledNerves","theSenshi:YouCanTalk"],"picked":"theSenshi:SailorChibiMoonAssists","floor":29},{"not_picked":["theSenshi:LateForSchool","theSenshi:EncouragingSpeech","theSenshi:MoonCrystalPowerMakeUp"],"picked":"SKIP","floor":30},{"not_picked":["theSenshi:SupersonicWaves+1","theSenshi:SailorVenusAssists"],"picked":"theSenshi:MoonEternalMakeUp","floor":31},{"not_picked":["theSenshi:GlimpseOfThePast","theSenshi:MoonEternalMakeUp"],"picked":"theSenshi:WarriorOfTheMoon","floor":33},{"not_picked":["theSenshi:DramaticEntrance","theSenshi:LunasBite"],"picked":"theSenshi:SailorJupiterAssists","floor":35},{"not_picked":["theSenshi:TuxedoMaskAssists+1","theSenshi:LunasBite"],"picked":"theSenshi:MoonCosmicPowerMakeUp","floor":40},{"not_picked":["theSenshi:SchoolBag+1","theSenshi:TuxedoSmokingBomber","theSenshi:SailorChibiMoonAssists+1"],"picked":"SKIP","floor":42},{"not_picked":["theSenshi:EncouragingSpeech+1","theSenshi:SailorPlanetAttack"],"picked":"theSenshi:TallSilhouette","floor":46},{"not_picked":["theSenshi:MoonKick","theSenshi:InTheNickOfTime","theSenshi:SailorMercuryAssists"],"picked":"SKIP","floor":48}],"player_experience":852101,"relics_obtained":[{"floor":3,"key":"Replay:Kaleidoscope"},{"floor":9,"key":"Art of War"},{"floor":10,"key":"Calipers"},{"floor":12,"key":"Bottled Flame"},{"floor":25,"key":"theSenshi:TransformationPenRelic"},{"floor":29,"key":"Sundial"},{"floor":31,"key":"Centennial Puzzle"},{"floor":40,"key":"sagemod:Blowpipe"}],"event_choices":[{"damage_healed":0,"gold_gain":0,"player_choice":"Gave Potion","damage_taken":0,"relics_obtained":["Smiling Mask"],"max_hp_gain":0,"max_hp_loss":0,"event_name":"WeMeetAgain","floor":21,"gold_loss":0},{"cards_removed":["theSenshi:SailorJupiterAssists"],"damage_healed":0,"gold_gain":0,"player_choice":"Removed Attack","damage_taken":0,"max_hp_gain":0,"max_hp_loss":0,"event_name":"Falling","floor":37,"gold_loss":0},{"damage_healed":0,"gold_gain":0,"player_choice":"Paid","damage_taken":0,"relics_obtained":["Red Mask"],"max_hp_gain":0,"max_hp_loss":0,"event_name":"Tomb of Lord Red Mask","floor":38,"gold_loss":67},{"damage_healed":0,"gold_gain":0,"player_choice":"Ignored","damage_taken":0,"max_hp_gain":0,"max_hp_loss":0,"event_name":"OrinTheCat","floor":39,"gold_loss":0},{"damage_healed":78,"gold_gain":0,"player_choice":"Heal","damage_taken":0,"max_hp_gain":0,"max_hp_loss":11,"event_name":"The Moai Head","floor":47,"gold_loss":0}],"is_beta":false,"boss_relics":[{"not_picked":["ReplayTheSpireMod:DimensionalGlitch","Tiny House"],"picked":"Cursed Key"},{"not_picked":["Honey Jar","Velvet Choker"],"picked":"theSenshi:MoonKaleidoScopeRelic"}],"items_purged_floors":[],"is_endless":false,"potions_floor_spawned":[1,10,12,18,29,30,33,35,42],"killed_by":"Replay:Hell Engine","ascension_level":8}}