{"host":"7k2a2omxz3voj5ax","time":1611766298,"event":{"mods":["BaseMod","Marisa£¨ìFÓê¡¡Ä§ÀíÉ³£©","Minty Spire (QoL Compilation)","Quick Restart","Spicy Shops","StSLib","Starting Relic: Pandora\u0027s Box","Yakumo Yukari mod","¡¾ÒÅÎï¿¨ÅÆ¡¿REMEMod","óô»ðÖ¸ÄÏ"],"gold_per_floor":[117,117,137,137,150,3169,2559,2589,2234,2234,2284,2297,2223,1735,1764,1352,1426,1426,1439,1173,1173,1173,1123,1137,647,665,682,709,709,725,735,735,754,787,787,863,863,881,901,955,969,969,969],"floor_reached":42,"language":"ZHS","playtime":1745,"items_purged":["Steam","Zap","Compile Driver","Stack","Sunder","Ball Lightning","Go for the Eyes","Gash"],"score":1049,"play_id":"ac9ea5a8-d8d2-40b6-8a04-7e7f75950b30","local_time":"20210128015138","is_ascension_mode":true,"campfire_choices":[{"data":"Defragment","floor":32.0,"key":"SMITH"},{"data":"Heatsinks","floor":35.0,"key":"SMITH"}],"circlet_count":0,"master_deck":["AscendersBane","Dualcast+1","Ball Lightning","Consume+1","Human_Monster_Realm_purple+1","Skim+1","Heatsinks+1","Turbo","Defragment+1","Human_Monster_Realm_purple+1","Coolheaded+1","Capacitor+1","Biased Cognition+1","REME_SelfUpgrade+1","Electrodynamics+1","Biased Cognition+1","Defragment+1","Double Energy"],"relics":["Pandora\u0027s Box","REME_ComplimentaryCards","NeowsBlessing","Membership Card","Smiling Mask","Gremlin Horn","DollysMirror","Du-Vu Doll","TheAbacus","Sundial","ClockworkSouvenir","Frozen Egg 2","Anchor","OrangePellets","REME_IWantAll","Runic Capacitor","Mummified Hand","Centennial Puzzle","Runic Pyramid","Medical Kit","Cables","StoneCalendar","War Paint","Pantograph","Symbiotic Virus","HornCleat","DataDisk","Black Star","Girya"],"acts_visited":["Exordium","TheCity","TheBeyond"],"potions_floor_usage":[],"damage_taken":[{"damage":0.0,"enemies":"Small Slimes","floor":1.0,"turns":1.0},{"damage":0.0,"enemies":"Cultist","floor":3.0,"turns":1.0},{"damage":0.0,"enemies":"2 Louse","floor":5.0,"turns":1.0},{"damage":13.0,"enemies":"Large Slime","floor":6.0,"turns":4.0},{"damage":15.0,"enemies":"Lagavulin","floor":8.0,"turns":5.0},{"damage":0.0,"enemies":"Looter","floor":12.0,"turns":1.0},{"damage":0.0,"enemies":"Gremlin Nob","floor":15.0,"turns":2.0},{"damage":9.0,"enemies":"The Guardian","floor":17.0,"turns":5.0},{"damage":0.0,"enemies":"Shell Parasite","floor":19.0,"turns":4.0},{"damage":0.0,"enemies":"Spheric Guardian","floor":24.0,"turns":3.0},{"damage":2.0,"enemies":"Shelled Parasite and Fungi","floor":26.0,"turns":2.0},{"damage":0.0,"enemies":"Snake Plant","floor":27.0,"turns":3.0},{"damage":0.0,"enemies":"Centurion and Healer","floor":30.0,"turns":3.0},{"damage":0.0,"enemies":"Snecko","floor":31.0,"turns":2.0},{"damage":0.0,"enemies":"3 Cultists","floor":33.0,"turns":4.0},{"damage":0.0,"enemies":"REME_1_Revenger","floor":34.0,"turns":2.0},{"damage":0.0,"enemies":"Collector","floor":36.0,"turns":3.0},{"damage":0.0,"enemies":"3 Darklings","floor":38.0,"turns":1.0},{"damage":0.0,"enemies":"Orb Walker","floor":39.0,"turns":1.0},{"damage":22.0,"enemies":"2 Orb Walkers","floor":40.0,"turns":2.0},{"damage":8.0,"enemies":"Spire Growth","floor":41.0,"turns":2.0},{"damage":0,"enemies":"Spire Growth","floor":42,"turns":1}],"seed_played":"-2675150519140263266","potions_obtained":[{"floor":5.0,"key":"FearPotion"},{"floor":15.0,"key":"PowerPotion"},{"floor":17.0,"key":"PotionOfCapacity"},{"floor":19.0,"key":"Strength Potion"},{"floor":33.0,"key":"Ancient Potion"},{"floor":40.0,"key":"PowerPotion"}],"is_trial":false,"path_per_floor":["M","?","M","?","M","M","R","E","R","T","?","M","?","$","E","R","B",null,"M","$","?","?","?","M","R","M","M","T","T","M","M","R","M","E","R","B",null,"M","M","?","M","?"],"character_chosen":"DEFECT","items_purchased":["Membership Card","Smiling Mask","Defragment","Gremlin Horn","DollysMirror","TheAbacus","Sundial","ClockworkSouvenir","Frozen Egg 2","Anchor","OrangePellets","Coolheaded","Capacitor+1","Runic Capacitor","Mummified Hand","Centennial Puzzle","Fruit Juice","Medical Kit","Cables","StoneCalendar","War Paint","Pantograph","Symbiotic Virus"],"campfire_rested":0,"item_purchase_floors":[7,7,7,7,7,9,9,9,14,14,14,14,14,16,16,16,16,20,20,25,25,25,25],"current_hp_per_floor":[64,43,43,43,43,30,30,15,15,15,15,15,15,15,15,20,11,60,60,60,60,60,60,60,60,58,58,58,58,58,58,58,58,58,58,76,76,76,76,54,46,56,56],"gold":969,"neow_bonus":"THREE_ENEMY_KILL","is_daily":false,"chose_seed":false,"campfire_upgraded":2,"win_rate":0.0,"timestamp":1611766298,"path_taken":["M","?","M","?","M","?","R","E","R","T","?","?","?","$","E","R","BOSS","M","$","?","?","?","M","R","?","M","T","T","M","M","R","M","E","R","BOSS","M","M","?","M","?"],"items_purchased_type":["Relic","Relic","Card","Relic","Relic","Relic","Relic","Relic","Relic","Relic","Relic","Card","Card","Relic","Relic","Relic","Potion","Relic","Relic","Relic","Relic","Relic","Relic"],"build_version":"2020-12-22","purchased_purges":8,"victory":false,"max_hp_per_floor":[71,71,71,71,71,71,71,71,71,71,71,71,71,71,71,76,76,76,76,76,76,76,76,76,76,76,76,76,76,76,76,76,76,76,76,76,76,76,76,76,76,76,76],"card_choices":[{"not_picked":["REME_Whirling","Fusion","Redo"],"picked":"SKIP","floor":1.0},{"not_picked":["Gash","Redo"],"picked":"Skim","floor":3.0},{"not_picked":["Skim","Conserve Battery"],"picked":"Heatsinks","floor":5.0},{"not_picked":["Streamline","Beam Cell"],"picked":"Turbo","floor":6.0},{"not_picked":["FTL","Sweeping Beam"],"picked":"Gash","floor":8.0},{"not_picked":["Redo","Barrage","Scrape"],"picked":"SKIP","floor":12.0},{"not_picked":["Streamline","Stack","Ball Lightning"],"picked":"SKIP","floor":15.0},{"not_picked":["Reboot","REME_ForAll"],"picked":"Biased Cognition+1","floor":17.0},{"not_picked":["Scrape+1","Coolheaded","Steam+1"],"picked":"SKIP","floor":19.0},{"not_picked":["Gash","Barrage"],"picked":"REME_SelfUpgrade+1","floor":24.0},{"not_picked":["Steam","Turbo","REME_ForAll","Go for the Eyes","Double Energy"],"picked":"SKIP","floor":26.0},{"not_picked":["Stack","Turbo","Melter","Static Discharge+1","Ball Lightning","Streamline","Cold Snap"],"picked":"SKIP","floor":27.0},{"not_picked":["Gash","Turbo","Ball Lightning","Steam+1","Melter","Stack","Compile Driver"],"picked":"SKIP","floor":30.0},{"not_picked":["Streamline","REME_Whirling","Cold Snap","Static Discharge+1","Barrage"],"picked":"SKIP","floor":31.0},{"not_picked":["All For One","Fusion+1","Sweeping Beam","Coolheaded","Gash"],"picked":"SKIP","floor":33.0},{"not_picked":["Rebound","Reprogram","Hologram","Fusion","Chill","Turbo","Compile Driver"],"picked":"SKIP","floor":34.0},{"not_picked":["REME_Shoggoth","REME_ForAll","Reboot","Thunder Strike"],"picked":"Electrodynamics+1","floor":36.0},{"not_picked":["Compile Driver","Sweeping Beam","BootSequence+1","Capacitor+1","Ball Lightning"],"picked":"SKIP","floor":38.0},{"not_picked":["Doom and Gloom+1","Go for the Eyes","Cold Snap","Sweeping Beam","Steam","Gash+1"],"picked":"Biased Cognition+1","floor":39.0},{"not_picked":["BootSequence","Go for the Eyes","Chill+1","Tempest","REME_DataAnalysis","Blizzard"],"picked":"Defragment+1","floor":40.0},{"not_picked":["Go for the Eyes","Rip and Tear","Turbo","Redo+1"],"picked":"Double Energy","floor":41.0}],"player_experience":256797,"relics_obtained":[{"floor":8.0,"key":"Du-Vu Doll"},{"floor":15.0,"key":"REME_IWantAll"},{"floor":29.0,"key":"HornCleat"},{"floor":34.0,"key":"DataDisk"},{"floor":40.0,"key":"Girya"}],"event_choices":[{"damage_healed":0.0,"max_hp_gain":0.0,"max_hp_loss":0.0,"gold_gain":0.0,"event_name":"Shining Light","player_choice":"Entered Light","floor":2.0,"gold_loss":0.0,"damage_taken":21.0,"cards_upgraded":["Consume","Dualcast"]},{"damage_healed":0.0,"max_hp_gain":0.0,"max_hp_loss":0.0,"gold_gain":0.0,"event_name":"Upgrade Shrine","player_choice":"Upgraded","floor":4.0,"gold_loss":0.0,"damage_taken":0.0,"cards_upgraded":["Human_Monster_Realm_purple"]},{"damage_healed":0.0,"max_hp_gain":0.0,"max_hp_loss":0.0,"gold_gain":50.0,"event_name":"Golden Shrine","player_choice":"Pray","floor":11.0,"gold_loss":0.0,"damage_taken":0.0},{"damage_healed":0.0,"max_hp_gain":0.0,"max_hp_loss":0.0,"gold_gain":0.0,"event_name":"World of Goop","player_choice":"Left Gold","floor":13.0,"gold_loss":74.0,"damage_taken":0.0},{"damage_healed":0.0,"max_hp_gain":0.0,"max_hp_loss":0.0,"gold_gain":0.0,"event_name":"The Mausoleum","player_choice":"Ignored","floor":21.0,"gold_loss":0.0,"damage_taken":0.0},{"damage_healed":0.0,"max_hp_gain":0.0,"max_hp_loss":0.0,"gold_gain":0.0,"event_name":"Cursed Tome","player_choice":"Ignored","floor":22.0,"gold_loss":0.0,"damage_taken":0.0},{"damage_healed":0.0,"max_hp_gain":0.0,"max_hp_loss":0.0,"gold_gain":0.0,"event_name":"The Joust","player_choice":"Bet on Murderer","floor":23.0,"gold_loss":50.0,"damage_taken":0.0},{"damage_healed":0.0,"max_hp_gain":0.0,"max_hp_loss":0.0,"gold_gain":0.0,"event_name":"Mysterious Sphere","player_choice":"Fight","floor":40.0,"gold_loss":0.0,"damage_taken":0.0}],"is_beta":false,"boss_relics":[{"not_picked":["REME_LowDesire","Philosopher\u0027s Stone"],"picked":"Runic Pyramid"},{"not_picked":["SacredBark","Snecko Eye"],"picked":"Black Star"}],"items_purged_floors":[7,7,9,14,14,16,20,25],"is_endless":false,"potions_floor_spawned":[5,15,17,19,27,33,34,39,40],"killed_by":"Spire Growth","ascension_level":16}}