{"host":"vdpaduzlq0qlaikq","time":1611714095,"event":{"mods":["AchievementEnabler","BaseMod","Better Third Choice","BetterRewards","Colored Map","Downfall","Gold Saver","Hermit","Jorbs\u0027s Wanderer Trilogy","Minty Spire (QoL Compilation)","Relic Filter","Spicy Shops","StSLib","The Necromancer"],"gold_per_floor":[1441,1456,1469,1644,515,546,620,630,647,547,578,378,412,422,440,542,542,542,562,575,81,101,101,101,101,131,231,231,244,2,15,35,130,130,130,148,148,166,181,22,22,22,50,66,177,211,211,230,246,246,246,279,37,37,37,37],"floor_reached":57,"language":"ENG","playtime":16201,"items_purged":["Doubt","Doubt"],"score":1689,"play_id":"db2b377e-c986-422a-a98f-27f6ee3009b7","local_time":"20210127002135","is_ascension_mode":true,"campfire_choices":[{"data":"Guardian:GatlingBeam","floor":1,"key":"SMITH"},{"floor":10,"key":"RECALL"},{"data":"Guardian:FloatingOrbs","floor":12,"key":"SMITH"},{"data":"Guardian:DecasProtection","floor":18,"key":"SMITH"},{"data":"Guardian:PrismaticBeam","floor":23,"key":"SMITH"},{"data":"Guardian:TimeCapacitor","floor":35,"key":"SMITH"},{"data":"Guardian:Orbwalk","floor":47,"key":"SMITH"},{"data":"Guardian:RevengeProtocol","floor":54,"key":"SMITH"}],"circlet_count":0,"master_deck":["Guardian:Strike_Guardian","Guardian:Strike_Guardian","Guardian:Strike_Guardian","Guardian:Strike_Guardian","Guardian:Defend_Guardian","Guardian:Defend_Guardian","Guardian:Defend_Guardian+1","Guardian:Defend_Guardian","Guardian:CurlUp","Guardian:TwinSlam","Guardian:GatlingBeam+1","Guardian:FloatingOrbs+1","Guardian:ArmoredProtocol","Guardian:DecasProtection+1","Guardian:BronzeOrb+1","Guardian:Recover","Guardian:PiercingHide","Guardian:Reroute","Guardian:Planning+1","Guardian:PrismaticBeam+1","Guardian:HyperBeam_Guardian+1","Guardian:ChargeCore+1","Guardian:TemporalStrike+1","Guardian:TimeCapacitor+1","Guardian:FuturePlans","Guardian:ArmoredProtocol","Guardian:MultiBeam","Guardian:ShieldCharger","Guardian:Recover+1","Guardian:PrimingBeam+1","Guardian:RevengeProtocol+1","Guardian:CrystalBeam+1","Guardian:Orbwalk+1","Guardian:Gem_Red","Guardian:Gem_Cyan","Guardian:BronzeOrb","Guardian:Gem_Green","Guardian:SentryBeam+1","Guardian:BronzeOrb","Guardian:SentryBeam+1","Guardian:CrystalBeam+1"],"relics":["Guardian:ModeShifter","Lantern","FossilizedHelix","Mango","Orichalcum","Matryoshka","Bronze Scales","downfall:HeartBlessingBlue","Ancient Tea Set","downfall:HeartBlessingGreen","downfall:HeartBlessingRed","Regal Pillow","Bottled Lightning","Whetstone","InkBottle","Bottled Tornado","Anchor","Prayer Wheel","Kunai","Guardian:PocketSentry","Black Star","Guardian:BottledStasis","Guardian:DefensiveModeMoreBlock","Guardian:StasisCodex","Dead Branch","Pantograph","Strawberry","War Paint","Guardian:GemstoneGun","Blood Vial","Shuriken"],"acts_visited":["Exordium","TheCity","TheBeyond","TheEnding"],"potions_floor_usage":[11,11,22,26,32,40,50,55,55,56],"damage_taken":[{"damage":4,"enemies":"2 Louse","floor":2,"turns":3},{"damage":4,"enemies":"Jaw Worm","floor":3,"turns":4},{"damage":0,"enemies":"downfall:FleeingMerchant","floor":5,"turns":4},{"damage":0,"enemies":"Lagavulin","floor":6,"turns":7},{"damage":0,"enemies":"Small Slimes","floor":8,"turns":2},{"damage":9,"enemies":"Exordium Wildlife","floor":9,"turns":4},{"damage":4,"enemies":"3 Sentries","floor":11,"turns":6},{"damage":0,"enemies":"Lagavulin","floor":13,"turns":4},{"damage":0,"enemies":"Blue Slaver","floor":14,"turns":3},{"damage":0,"enemies":"2 Fungi Beasts","floor":15,"turns":3},{"damage":25,"enemies":"SI_SHIV_ARCHETYPE","floor":16,"turns":6},{"damage":0,"enemies":"3 Byrds","floor":19,"turns":4},{"damage":0,"enemies":"Snecko","floor":20,"turns":4},{"damage":0,"enemies":"downfall:FleeingMerchant","floor":21,"turns":4},{"damage":6,"enemies":"Snake Plant","floor":22,"turns":4},{"damage":18,"enemies":"Gremlin Leader","floor":26,"turns":5},{"damage":0,"enemies":"DF_ARCHETYPE_STREAMLINE","floor":27,"turns":6},{"damage":6,"enemies":"3 Cultists","floor":29,"turns":5},{"damage":0,"enemies":"downfall:FleeingMerchant","floor":30,"turns":4},{"damage":0,"enemies":"Cultist and Chosen","floor":31,"turns":5},{"damage":0,"enemies":"Shelled Parasite and Fungi","floor":32,"turns":4},{"damage":5,"enemies":"WA_ARCHETYPE_CALM","floor":33,"turns":8},{"damage":0,"enemies":"3 Shapes","floor":36,"turns":1},{"damage":10,"enemies":"3 Darklings","floor":38,"turns":3},{"damage":11,"enemies":"Jaw Worm Horde","floor":39,"turns":4},{"damage":0,"enemies":"downfall:FleeingMerchant","floor":40,"turns":4},{"damage":0,"enemies":"Nemesis","floor":43,"turns":7},{"damage":0,"enemies":"Spire Growth","floor":44,"turns":3},{"damage":0,"enemies":"downfall:FleeingMerchant","floor":45,"turns":1},{"damage":27,"enemies":"Giant Head","floor":46,"turns":7},{"damage":0,"enemies":"Transient","floor":48,"turns":5},{"damage":0,"enemies":"3 Darklings","floor":49,"turns":4},{"damage":19,"enemies":"DF_ARCHETYPE_ORBS","floor":50,"turns":8},{"damage":8,"enemies":"downfall:CharBossMerchant","floor":52,"turns":6},{"damage":15,"enemies":"downfall:NeowBoss","floor":55,"turns":12},{"damage":84,"enemies":"downfall:NeowBossFinal","floor":56,"turns":9}],"seed_played":"7987543031315932752","potions_obtained":[{"floor":6,"key":"SkillPotion"},{"floor":8,"key":"FearPotion"},{"floor":9,"key":"Block Potion"},{"floor":11,"key":"SteroidPotion"},{"floor":13,"key":"Weak Potion"},{"floor":19,"key":"Guardian:BlockOnCardUsePotion"},{"floor":22,"key":"FearPotion"},{"floor":28,"key":"CultistPotion"},{"floor":33,"key":"GamblersBrew"},{"floor":36,"key":"Guardian:DefensiveModePotion"},{"floor":43,"key":"Energy Potion"},{"floor":52,"key":"ColorlessPotion"}],"is_trial":false,"path_per_floor":["R","M","M","?","$","E","T","M","M","R","E","R","E","M","M","B",null,"R","M","M","$","M","R","T","?","E","?","?","M","$","M","M","B",null,"R","M","?","M","M","$","T","?","E","M","$","E","R","M","M","B",null,"E","$","R","B","B",null],"character_chosen":"GUARDIAN","items_purchased":["Lantern","FossilizedHelix","Mango","Orichalcum","Guardian:BronzeOrb","Guardian:Recover","Guardian:TimeCapacitor","Bottled Lightning","Whetstone","Guardian:Gem_Yellow","Guardian:PocketSentry","Guardian:BottledStasis","Pantograph","Shuriken"],"campfire_rested":0,"item_purchase_floors":[5,5,5,5,5,5,21,21,21,30,30,40,45,53],"current_hp_per_floor":[80,76,72,72,86,86,86,86,77,87,83,83,83,83,83,58,93,93,93,93,93,87,87,87,87,69,69,69,63,63,63,63,58,93,93,93,93,83,72,72,72,72,72,72,72,52,52,52,52,58,98,90,90,90,96,27],"gold":37,"neow_bonus":"ONE_RANDOM_RARE_CARD","is_daily":false,"chose_seed":false,"campfire_upgraded":7,"win_rate":0.0,"timestamp":1611714095,"path_taken":["R","M","M","?","$","E","T","M","M","R","E","R","E","M","M","BOSS","R","M","M","$","M","R","T","?","E","?","?","M","$","M","M","BOSS","R","M","?","M","M","$","T","?","E","M","?","E","R","M","M","BOSS","E","$","R","BOSS","BOSS"],"items_purchased_type":["Relic","Relic","Relic","Relic","Card","Card","Card","Relic","Relic","Card","Relic","Relic","Relic","Relic"],"build_version":"2020-12-22","purchased_purges":2,"victory":true,"max_hp_per_floor":[80,80,80,80,94,94,94,94,94,104,104,104,104,104,104,104,104,104,104,104,104,104,104,104,104,104,104,104,104,104,104,104,104,104,104,104,104,104,104,104,104,104,104,104,104,111,111,111,111,111,111,111,111,111,111,111],"card_choices":[{"not_picked":["Guardian:Recover","Guardian:Planning"],"picked":"Guardian:FloatingOrbs","floor":2},{"not_picked":["Guardian:VentSteam","Guardian:Gem_Lightblue"],"picked":"Guardian:ArmoredProtocol","floor":3},{"not_picked":["Guardian:HyperBeam_Guardian","Guardian:RollAttack"],"picked":"Guardian:DecasProtection","floor":5},{"not_picked":["Guardian:Suspension","Guardian:Gem_Green"],"picked":"Guardian:PiercingHide","floor":6},{"not_picked":["Guardian:ArmoredProtocol","Guardian:VentSteam"],"picked":"Guardian:Gem_White","floor":8},{"not_picked":["Guardian:PrismaticBeam","Guardian:CrystalBeam"],"picked":"Guardian:Gem_Cyan","floor":9},{"not_picked":["Guardian:Emergency","Guardian:Gem_Green"],"picked":"Guardian:Reroute","floor":11},{"not_picked":["Guardian:TemporalShield","Guardian:ChargeCore"],"picked":"Guardian:Planning","floor":13},{"not_picked":["Guardian:Recover","Guardian:PiercingHide"],"picked":"Guardian:PrismaticBeam","floor":14},{"not_picked":["Guardian:DecasProtection","Guardian:ChargeCore"],"picked":"Guardian:HyperBeam_Guardian","floor":15},{"not_picked":["Guardian:TimeSifter","Guardian:CompilePackage"],"picked":"Guardian:Gem_Synthetic","floor":16},{"not_picked":["Guardian:Recover+1","Guardian:ShieldSpikes+1"],"picked":"Guardian:ChargeCore+1","floor":19},{"not_picked":["Guardian:Planning","Guardian:VentSteam+1"],"picked":"Guardian:TemporalStrike+1","floor":20},{"not_picked":["Guardian:RollAttack","Guardian:CrystalBeam","Guardian:DonusPower"],"picked":"SKIP","floor":21},{"not_picked":["Guardian:WalkerClaw+1","Guardian:PiercingHide"],"picked":"Guardian:Gem_Red","floor":22},{"not_picked":["Guardian:PrimingBeam+1","Guardian:WalkerClaw+1"],"picked":"Guardian:FuturePlans","floor":26},{"not_picked":["Guardian:VentSteam+1","Guardian:PrismaticBeam"],"picked":"Guardian:ArmoredProtocol","floor":27},{"not_picked":["Guardian:ShieldSpikes","Guardian:PiercingHide"],"picked":"Guardian:MultiBeam","floor":29},{"not_picked":["Guardian:Clone","Guardian:StasisEngine"],"picked":"Guardian:ShieldCharger","floor":29},{"not_picked":["Guardian:WalkerClaw+1","Guardian:FloatingOrbs"],"picked":"Guardian:Recover+1","floor":30},{"not_picked":["Guardian:RollAttack","Guardian:Reroute+1"],"picked":"Guardian:PrimingBeam+1","floor":31},{"not_picked":["Guardian:TimeBomb","Guardian:RollAttack"],"picked":"Guardian:Gem_Cyan","floor":31},{"not_picked":["Guardian:Gem_Lightblue","Guardian:PrimingBeam"],"picked":"Guardian:Gem_Blue","floor":32},{"not_picked":["Guardian:WalkerClaw+1","Guardian:RollAttack+1"],"picked":"Guardian:Gem_Blue","floor":32},{"not_picked":["Guardian:GatlingBeam","Guardian:SphericShield"],"picked":"Guardian:RevengeProtocol","floor":33},{"not_picked":["Guardian:PrimingBeam+1","Guardian:ShieldCharger"],"picked":"Guardian:CrystalBeam+1","floor":36},{"not_picked":["Guardian:Suspension+1","Guardian:SpikerProtocol+1"],"picked":"Guardian:Orbwalk","floor":36},{"not_picked":["Guardian:Incinerate+1","Guardian:Repulse"],"picked":"Guardian:Gem_Red","floor":38},{"not_picked":["Guardian:MultiBeam+1","Guardian:EvasiveProtocol"],"picked":"Guardian:Gem_Cyan","floor":38},{"not_picked":["Guardian:RollAttack+1","Guardian:PrimingBeam"],"picked":"Guardian:BronzeOrb","floor":39},{"not_picked":["Guardian:Reroute+1","Guardian:Suspension+1"],"picked":"Guardian:Gem_Green","floor":39},{"not_picked":["Guardian:ArmoredProtocol+1","Guardian:Suspension"],"picked":"Guardian:SentryBeam+1","floor":40},{"not_picked":["Guardian:FierceBash","Guardian:Incinerate+1"],"picked":"Guardian:BronzeOrb","floor":43},{"not_picked":["Guardian:Gem_Crimson","Guardian:CrystalBeam"],"picked":"Guardian:Gem_Yellow","floor":44},{"not_picked":["Guardian:FloatingOrbs","Guardian:BodySlam"],"picked":"Guardian:Gem_Yellow","floor":44},{"not_picked":["Guardian:Suspension+1","Guardian:ArmoredProtocol+1"],"picked":"Guardian:SentryBeam+1","floor":45},{"not_picked":["Guardian:TemporalShield","Guardian:WalkerClaw+1"],"picked":"Guardian:Gem_Purple","floor":46},{"not_picked":["Guardian:Gem_Blue","Guardian:ChargeCore+1"],"picked":"Guardian:CrystalBeam+1","floor":48},{"not_picked":["Guardian:Gem_Red","Guardian:GatlingBeam","Guardian:PiercingHide"],"picked":"SKIP","floor":48},{"not_picked":["Guardian:TemporalShield","Guardian:Reroute","Guardian:GuardianWhirl+1"],"picked":"SKIP","floor":49},{"not_picked":["Guardian:RollAttack","Guardian:Reroute","Guardian:PrimingBeam"],"picked":"SKIP","floor":49},{"not_picked":["Guardian:Reroute+1","Guardian:TimeBomb","Guardian:CrystalBeam+1"],"picked":"SKIP","floor":52}],"player_experience":641296,"relics_obtained":[{"floor":6,"key":"Matryoshka"},{"floor":7,"key":"Bronze Scales"},{"floor":11,"key":"Ancient Tea Set"},{"floor":13,"key":"Regal Pillow"},{"floor":24,"key":"InkBottle"},{"floor":24,"key":"Bottled Tornado"},{"floor":26,"key":"Anchor"},{"floor":27,"key":"Prayer Wheel"},{"floor":27,"key":"Kunai"},{"floor":41,"key":"Guardian:DefensiveModeMoreBlock"},{"floor":43,"key":"Guardian:StasisCodex"},{"floor":43,"key":"Dead Branch"},{"floor":46,"key":"Strawberry"},{"floor":46,"key":"War Paint"},{"floor":52,"key":"Guardian:GemstoneGun"},{"floor":52,"key":"Blood Vial"}],"event_choices":[{"damage_healed":0,"gold_gain":0,"player_choice":"Ignored","damage_taken":0,"max_hp_gain":0,"max_hp_loss":0,"event_name":"Ghosts","floor":25,"gold_loss":0}],"is_beta":false,"boss_relics":[{"not_picked":["Snecko Eye","Coffee Dripper","Sozu"]},{"not_picked":["Runic Pyramid","SacredBark"],"picked":"Black Star"}],"items_purged_floors":[5,5],"is_endless":false,"potions_floor_spawned":[6,8,9,11,13,19,22,29,33,36,43,44,46,52],"ascension_level":5}}