{"host":"t9zjxed0utvsfjwc","time":1611759170,"event":{"mods":["2.2 Compatiblity","Aspiration","BaseMod","Better Altar","Better Match","Better Note","Better Sensory Stone","Better Skull","Better Third Choice","Block Reminder","Colored Map","Colored Powertips","Custom Start","Downfall","Hermit","Highlight Path","Hubris","Infinite Spire","Minty Spire (QoL Compilation)","Quick Restart","Rare Cards Sparkle","Reliquary","Replay The Spire","StSLib","The Cursed","The Marked","The Runesmith","Unceasing Turn Reminder","everything is the same but u backflip on backflip"],"gold_per_floor":[99,99,99,99,99,129,181,193,6,17,17,46,46,46,61,161,211,211,231,231,231,243,259,283,298,310,310,330,330,330,379,393,488,488,488,505,505,505,505],"floor_reached":37,"language":"ENG","playtime":1274,"items_purged":["bronze:Strike"],"score":367,"play_id":"be936001-2bc8-4315-a5ba-b9ce7ac3579a","local_time":"20210127145250","is_ascension_mode":false,"campfire_choices":[{"floor":1,"key":"DIG"},{"data":"bronze:Overheat","floor":11,"key":"SMITH"},{"data":"bronze:DigitalCarnage","floor":13,"key":"SMITH"},{"data":"bronze:Terminator","floor":27,"key":"SMITH"},{"floor":30,"key":"REST"},{"floor":35,"key":"DIG"}],"circlet_count":0,"master_deck":["bronze:Replicate","bronze:Goto","bronze:DigitalCarnage+1","bronze:WildBeam+1","bronze:Overheat+1","bronze:FineTuning","bronze:Terminator+1","bronze:Virus+1","bronze:Overheat","bronze:DigitalCarnage+1","Apotheosis+1","bronze:ThunderWave","bronze:Terminator","ReplayTheSpireMod:Doomed","bronze:FineTuning","bronze:DigitalCarnage+1","bronze:Overheat+1","bronze:Separator","bronze:Separator","bronze:AlphaBuild","bronze:Allocate","bronze:GetLatest","bronze:BronzeArmor","bronze:HardenedForm"],"relics":["bronze:BronzeCore","downfall:HeartsMalice","reliquary:RosewoodLute","hubris:Towel","Nunchaku","Potion Belt","infinitespire:Joker Card","hubris:Icosahedron","Tiny House","infinitespire:Satchel","Whetstone","Pandora\u0027s Box","reliquary:OuijaBoard"],"acts_visited":["Exordium","TheCity","TheBeyond"],"potions_floor_usage":[12,15,15,16,16,19,19,22,25,26,36,37],"damage_taken":[{"damage":0,"enemies":"Jaw Worm","floor":2,"turns":1},{"damage":0,"enemies":"2 Louse","floor":3,"turns":1},{"damage":0,"enemies":"Small Slimes","floor":5,"turns":1},{"damage":0,"enemies":"Exordium Thugs","floor":8,"turns":2},{"damage":0,"enemies":"downfall:FleeingMerchant","floor":9,"turns":4},{"damage":11,"enemies":"Large Slime","floor":10,"turns":3},{"damage":4,"enemies":"Gremlin Nob","floor":12,"turns":3},{"damage":0,"enemies":"Exordium Wildlife","floor":15,"turns":2},{"damage":19,"enemies":"SI_SHIV_ARCHETYPE","floor":16,"turns":4},{"damage":10,"enemies":"3 Byrds","floor":19,"turns":3},{"damage":0,"enemies":"Spheric Guardian","floor":22,"turns":2},{"damage":3,"enemies":"Snecko","floor":23,"turns":3},{"damage":10,"enemies":"Cultist and Chosen","floor":25,"turns":3},{"damage":0,"enemies":"Chosen and Byrds","floor":26,"turns":1},{"damage":21,"enemies":"Snake Plant","floor":28,"turns":2},{"damage":15,"enemies":"Snecko","floor":32,"turns":3},{"damage":46,"enemies":"WA_ARCHETYPE_CALM","floor":33,"turns":7},{"damage":15,"enemies":"3 Shapes","floor":36,"turns":3},{"damage":60,"enemies":"2 Orb Walkers","floor":37,"turns":2}],"seed_played":"-3320105887707649457","potions_obtained":[{"floor":10,"key":"Weak Potion"},{"floor":12,"key":"Adrenaline Potion"},{"floor":15,"key":"Explosive Potion"},{"floor":17,"key":"DistilledChaos"},{"floor":19,"key":"Toxic Potion"},{"floor":23,"key":"ColorlessPotion"},{"floor":33,"key":"AttackPotion"}],"is_trial":false,"path_per_floor":["R_BF","M","M","?","M","?","T","M","$","M","R","E","R","?","M","B",null,"R_BF","M","?","?","M","M","T","M","M","R","M","?","R","T","M","B",null,"R_BF","M","?"],"character_chosen":"THE_AUTOMATON","items_purchased":["Block Potion","bronze:FreeFunctionsPotion"],"campfire_rested":1,"item_purchase_floors":[9,9],"current_hp_per_floor":[70,70,70,70,70,70,70,70,70,59,59,55,55,55,55,36,75,75,65,65,65,75,72,72,62,62,62,54,54,75,75,60,14,75,75,60,0,0,0],"gold":505,"neow_bonus":"THREE_ENEMY_KILL","is_daily":false,"chose_seed":false,"campfire_upgraded":3,"win_rate":0.0,"timestamp":1611759170,"path_taken":["R_BF","M","M","?","M","?","T","M","$","M","R","E","R","?","M","BOSS","R_BF","M","?","?","M","M","T","?","M","R","M","?","R","?","M","BOSS","R_BF","M","?"],"items_purchased_type":["Potion","Potion"],"build_version":"2020-12-22","purchased_purges":1,"victory":false,"max_hp_per_floor":[70,70,70,70,70,70,70,70,70,70,70,70,70,70,70,70,75,75,75,75,75,75,75,75,75,75,75,75,75,75,75,75,75,75,75,75,75,75,75],"card_choices":[{"not_picked":["bronze:BitShift","bronze:ForceShield"],"picked":"bronze:DigitalCarnage","floor":2},{"not_picked":["bronze:WhirlingStrike","bronze:Turbo"],"picked":"bronze:WildBeam","floor":3},{"not_picked":["bronze:CutThrough","bronze:BuggyMess"],"picked":"bronze:Overheat","floor":5},{"not_picked":["bronze:FollowUp","bronze:Backtrace"],"picked":"bronze:FineTuning","floor":8},{"not_picked":["bronze:DelayedGuard","bronze:Deprecate","bronze:ForceShield"],"picked":"SKIP","floor":9},{"not_picked":["bronze:DelayedGuard","bronze:ForLoop","bronze:Shield"],"picked":"SKIP","floor":10},{"not_picked":["bronze:BuggyMess","bronze:ItsAFeature","bronze:Turbo"],"picked":"SKIP","floor":12},{"not_picked":["bronze:FollowUp","bronze:BugBarrage"],"picked":"bronze:Terminator","floor":15},{"not_picked":["bronze:ShipIt","bronze:Break"],"picked":"bronze:Virus","floor":16},{"not_picked":["bronze:DelayedSlice","bronze:Deprecate"],"picked":"bronze:Overheat","floor":17},{"not_picked":["bronze:DelayedSlice+1","bronze:Boost+1"],"picked":"bronze:DigitalCarnage","floor":19},{"not_picked":["bronze:CloningBeam","bronze:FineTuning","bronze:Boost"],"picked":"SKIP","floor":22},{"not_picked":["bronze:ForLoop","bronze:DarkDash"],"picked":"bronze:DigitalCarnage+1","floor":23},{"not_picked":["bronze:Repulsor","bronze:Branch"],"picked":"bronze:Overheat","floor":25},{"not_picked":["bronze:CutThrough","bronze:FindAndReplace","bronze:Deprecate+1"],"picked":"SKIP","floor":26},{"not_picked":["bronze:Frontload","bronze:OilSpill"],"picked":"bronze:Separator","floor":28},{"not_picked":["bronze:Deprecate","bronze:Overload+1"],"picked":"bronze:Separator","floor":32},{"not_picked":["bronze:CleanCode","bronze:ThunderWave"],"picked":"bronze:AlphaBuild","floor":33},{"not_picked":["bronze:Allocate","bronze:DigitalCarnage","bronze:Branch"],"picked":"SKIP","floor":36}],"player_experience":443796,"relics_obtained":[{"floor":1,"key":"reliquary:RosewoodLute"},{"floor":7,"key":"Potion Belt"},{"floor":12,"key":"infinitespire:Joker Card"},{"floor":24,"key":"infinitespire:Satchel"},{"floor":31,"key":"Whetstone"},{"floor":35,"key":"reliquary:OuijaBoard"}],"event_choices":[{"cards_removed":["bronze:Virus"],"damage_healed":0,"gold_gain":0,"player_choice":"Take \u0026 Give","damage_taken":0,"max_hp_gain":0,"max_hp_loss":0,"event_name":"betterNote:BetterNote","floor":20,"gold_loss":0,"cards_obtained":["Apotheosis"]},{"damage_healed":0,"gold_gain":0,"player_choice":"Fight","damage_taken":0,"max_hp_gain":0,"max_hp_loss":0,"event_name":"Mysterious Sphere","floor":37,"gold_loss":0}],"is_beta":false,"boss_relics":[{"not_picked":["Honey Jar","Cursed Key"],"picked":"Tiny House"},{"not_picked":["Abe\u0027s Treasure","ReplayTheSpireMod:DimensionalGlitch"],"picked":"Pandora\u0027s Box"}],"items_purged_floors":[9],"is_endless":false,"potions_floor_spawned":[8,10,12,15,19,23,33],"killed_by":"2 Orb Walkers","ascension_level":0}}