{"host":"2smcgt1ki1qcud40","time":1611791198,"event":{"mods":["BaseMod","Minty Spire (QoL Compilation)"],"gold_per_floor":[118,130,80,93,111,111,144,144,144,144,178,55,86,107,107,228,228,244,244,233,89,89,89],"floor_reached":22,"language":"ENG","playtime":946,"items_purged":[],"score":344,"play_id":"54eb2d1a-6c89-4196-a8fc-d48d61fe4db9","local_time":"20210128004638","is_ascension_mode":true,"campfire_choices":[{"data":"FTL","floor":6.0,"key":"SMITH"},{"data":"Zap","floor":10.0,"key":"SMITH"},{"data":"Loop","floor":15.0,"key":"SMITH"}],"circlet_count":0,"master_deck":["AscendersBane","Strike_B","Defend_B","Defend_B","Defend_B","Zap+1","Dualcast","BootSequence+1","All For One+1","Meteor Strike+1","Cold Snap","Gash","FTL+1","Loop+1","Rebound","Injury","Consume","White Noise","Core Surge","Creative AI","Force Field+1","FTL","Leap","Sweeping Beam"],"relics":["Astrolabe","Bag of Preparation","Golden Idol","The Courier","Cables","Medical Kit","Toy Ornithopter","Black Star","OrangePellets"],"acts_visited":["Exordium","TheCity"],"potions_floor_usage":[16,20],"damage_taken":[{"damage":1.0,"enemies":"Jaw Worm","floor":1.0,"turns":5.0},{"damage":0.0,"enemies":"2 Louse","floor":2.0,"turns":2.0},{"damage":0.0,"enemies":"Cultist","floor":4.0,"turns":4.0},{"damage":1.0,"enemies":"Red Slaver","floor":5.0,"turns":4.0},{"damage":16.0,"enemies":"3 Sentries","floor":7.0,"turns":6.0},{"damage":19.0,"enemies":"Lagavulin","floor":11.0,"turns":5.0},{"damage":0.0,"enemies":"Gremlin Nob","floor":13.0,"turns":3.0},{"damage":6.0,"enemies":"Exordium Thugs","floor":14.0,"turns":3.0},{"damage":19,"enemies":"Slime Boss","floor":16,"turns":6},{"damage":40,"enemies":"3 Byrds","floor":18,"turns":5},{"damage":18,"enemies":"2 Thieves","floor":20,"turns":4},{"damage":0,"enemies":"Chosen and Byrds","floor":22,"turns":3}],"seed_played":"-4714748674941707645","potions_obtained":[{"floor":2.0,"key":"Strength Potion"},{"floor":5.0,"key":"DuplicationPotion"},{"floor":11.0,"key":"FocusPotion"},{"floor":16,"key":"Dexterity Potion"}],"is_trial":false,"path_per_floor":["M","M","?","M","M","R","E","?","T","R","E","$","E","M","R","B",null,"M","?","M","$","M"],"character_chosen":"DEFECT","items_purchased":["Medical Kit","Sweeping Beam","OrangePellets"],"campfire_rested":0,"item_purchase_floors":[12,21,21],"current_hp_per_floor":[67,67,67,67,66,66,50,50,50,50,31,31,31,25,25,11,59,19,19,6,6,6,6],"gold":89,"neow_bonus":"BOSS_RELIC","is_daily":false,"chose_seed":false,"campfire_upgraded":3,"win_rate":0.0,"timestamp":1611791198,"path_taken":["M","M","?","M","M","R","E","?","T","R","E","?","E","M","R","BOSS","M","?","?","?","M"],"items_purchased_type":["Relic","Card","Relic"],"build_version":"2020-12-22","purchased_purges":0,"victory":false,"max_hp_per_floor":[75,75,75,75,75,75,75,75,75,75,75,75,75,75,75,75,75,75,75,75,75,75,75],"card_choices":[{"not_picked":["Aggregate","Go for the Eyes"],"picked":"Cold Snap","floor":1.0},{"not_picked":["Conserve Battery","Go for the Eyes"],"picked":"Gash","floor":2.0},{"not_picked":["BootSequence","Rebound"],"picked":"FTL","floor":4.0},{"not_picked":["Rebound","Melter"],"picked":"Loop","floor":5.0},{"not_picked":["Steam Power","Barrage"],"picked":"Rebound","floor":7.0},{"not_picked":["Rebound","Conserve Battery"],"picked":"Consume","floor":11.0},{"not_picked":["Streamline","Steam"],"picked":"White Noise","floor":13.0},{"not_picked":["Sweeping Beam","Go for the Eyes"],"picked":"Core Surge","floor":14.0},{"not_picked":["Biased Cognition","Buffer"],"picked":"Creative AI","floor":16},{"not_picked":["Go for the Eyes","Ball Lightning+1"],"picked":"Force Field+1","floor":18},{"not_picked":["Sweeping Beam","Skim"],"picked":"Leap","floor":20}],"player_experience":684814,"relics_obtained":[{"floor":7.0,"key":"Bag of Preparation"},{"floor":9.0,"key":"The Courier"},{"floor":11.0,"key":"Cables"},{"floor":13.0,"key":"Toy Ornithopter"}],"event_choices":[{"cards_removed":["Strike_B"],"damage_healed":0.0,"max_hp_gain":0.0,"max_hp_loss":0.0,"gold_gain":0.0,"event_name":"The Cleric","player_choice":"Card Removal","floor":3.0,"gold_loss":50.0,"damage_taken":0.0},{"damage_healed":0.0,"max_hp_gain":0.0,"max_hp_loss":0.0,"gold_gain":0.0,"event_name":"Golden Idol","player_choice":"Take Wound","floor":8.0,"gold_loss":0.0,"damage_taken":0.0,"relics_obtained":["Golden Idol"],"cards_obtained":["Injury"]},{"damage_healed":0,"gold_gain":0,"player_choice":"1 cards matched","damage_taken":0,"max_hp_gain":0,"max_hp_loss":0,"event_name":"Match and Keep!","floor":19,"gold_loss":0,"cards_obtained":["FTL"]}],"is_beta":false,"boss_relics":[{"not_picked":["Busted Crown","Sozu"],"picked":"Black Star"}],"items_purged_floors":[],"is_endless":false,"potions_floor_spawned":[2,5,11,16],"killed_by":"Chosen and Byrds","ascension_level":10}}