{"host":"s9dep4x43c14s74h","time":1611767365,"event":{"mods":["BaseMod","Downfall","Gremlin Mod","Hermit","HololiveMod","Jorbs\u0027s Wanderer Trilogy","Lobotomy","Marisa????????","Minty Spire (QoL Compilation)","StSLib","The Animator","The Bug Knight","The Construct","The Cursed","The Necromancer","The Runesmith","The Servant 0.9.4"],"gold_per_floor":[99,114,126,226,401,417,440,540,554,554,85,104,4,14,30,30,30,30],"floor_reached":16,"language":"RUS","playtime":1088,"items_purged":[],"score":94,"play_id":"4d7a0d8c-b073-4b8b-907e-d1c3accf121c","local_time":"20210127200925","is_ascension_mode":false,"campfire_choices":[{"data":"champ:SwordThrow","floor":1.0,"key":"SMITH"},{"data":"champ:Taunt","floor":10.0,"key":"SMITH"},{"data":"champ:CalledShot","floor":13.0,"key":"SMITH"}],"circlet_count":0,"master_deck":["champ:Strike","champ:Strike","champ:Strike","champ:Strike","champ:Defend","champ:Defend","champ:Defend","champ:Defend","champ:Execute","champ:Taunt+1","champ:SwordThrow+1","champ:RisingSlash","champ:PerfectedStrike","champ:PerfectedStrike","Doubt","champ:HeavySlash","champ:FlashCut","champ:CalledShot+1","champ:UltimateStance","champ:EndlessRage","champ:RisingSlash"],"relics":["champ:ChampionCrown","CloakClasp","Membership Card","Kunai","champ:FightingForDummies","downfall:HeartBlessingBlue"],"acts_visited":["Exordium"],"potions_floor_usage":[16],"damage_taken":[{"damage":0.0,"enemies":"Cultist","floor":2.0,"turns":4.0},{"damage":21.0,"enemies":"Jaw Worm","floor":3.0,"turns":3.0},{"damage":42.0,"enemies":"Jaw Worm","floor":4.0,"turns":5.0},{"damage":10.0,"enemies":"Small Slimes","floor":6.0,"turns":3.0},{"damage":24.0,"enemies":"Exordium Thugs","floor":9.0,"turns":5.0},{"damage":0.0,"enemies":"downfall:FleeingMerchant","floor":11.0,"turns":4.0},{"damage":7.0,"enemies":"Red Slaver","floor":12.0,"turns":2.0},{"damage":0.0,"enemies":"Lots of Slimes","floor":14.0,"turns":3.0},{"damage":6.0,"enemies":"2 Fungi Beasts","floor":15.0,"turns":3.0},{"damage":32,"enemies":"SI_SHIV_ARCHETYPE","floor":16,"turns":11}],"seed_played":"1053121441122678645","potions_obtained":[{"floor":2.0,"key":"Swift Potion"},{"floor":3.0,"key":"hexamod:SoulburnPotion"},{"floor":9.0,"key":"Energy Potion"},{"floor":12.0,"key":"AttackPotion"},{"floor":15.0,"key":"sneckomod:MuddlingPotion"}],"is_trial":false,"path_per_floor":["R","M","M","?","?","M","T","?","M","R","$","M","R","M","M","B"],"character_chosen":"THE_CHAMP","items_purchased":["Membership Card","champ:UltimateStance","champ:EndlessRage","Kunai","champ:FightingForDummies"],"campfire_rested":0,"item_purchase_floors":[11,11,11,11,11],"current_hp_per_floor":[90,90,79,47,47,47,47,47,33,33,33,26,36,36,30,0,0,0],"gold":30,"neow_bonus":"ONE_RANDOM_RARE_CARD","is_daily":false,"chose_seed":false,"campfire_upgraded":3,"win_rate":0.0,"timestamp":1611767365,"path_taken":["R","M","M","?","?","M","T","?","?","R","$","M","R","M","M","BOSS"],"items_purchased_type":["Relic","Card","Card","Relic","Relic"],"build_version":"2020-12-22","purchased_purges":0,"victory":false,"max_hp_per_floor":[90,90,90,90,90,90,90,90,90,90,90,90,100,100,100,100,100,100],"card_choices":[{"not_picked":["champ:GladiatorStyle","champ:FancyFootwork"],"picked":"champ:RisingSlash","floor":2.0},{"not_picked":["champ:RecklessLeap","champ:DefensiveShout"],"picked":"champ:PerfectedStrike","floor":3.0},{"not_picked":["champ:Circumvent","champ:AdrenalArmor"],"picked":"champ:PerfectedStrike","floor":4.0},{"not_picked":["champ:AdrenalArmor","champ:SkillfulDodge"],"picked":"champ:HeavySlash","floor":6.0},{"not_picked":["champ:BringItOn","champ:PerfectedStrike"],"picked":"champ:FlashCut","floor":9.0},{"not_picked":["champ:Haymaker","champ:FanOfKnives"],"picked":"champ:CalledShot","floor":11.0},{"not_picked":["champ:SetATrap","champ:Duel"],"picked":"champ:RisingSlash","floor":12.0},{"not_picked":["champ:DefensiveShout","champ:AdrenalArmor","champ:EnGarde"],"picked":"SKIP","floor":14.0},{"not_picked":["champ:Shatter","champ:EnGarde","champ:DancingMaster"],"picked":"SKIP","floor":15.0}],"player_experience":895270,"relics_obtained":[{"floor":4.0,"key":"CloakClasp"}],"event_choices":[{"damage_healed":0.0,"max_hp_gain":0.0,"max_hp_loss":0.0,"gold_gain":100.0,"event_name":"Wheel of Change","player_choice":"Gold","floor":8.0,"gold_loss":0.0,"damage_taken":0.0}],"is_beta":false,"boss_relics":[],"items_purged_floors":[],"is_endless":false,"potions_floor_spawned":[2,3,9,12,15],"killed_by":"SI_SHIV_ARCHETYPE","ascension_level":0}}