{"host":"pe7ycb8t2t906so2","time":1611707015,"event":{"mods":["BaseMod","Colored Map","Highlight Path","Minty Spire (QoL Compilation)"],"gold_per_floor":[109,34,34,47,58,58,92,92,140,140,165,178,178,178,178,254,254,271,289,308,358,27,27,37,37,37,37,47,47,59,75,75,75,75],"floor_reached":33,"language":"FRA","playtime":1604,"items_purged":["Strike_P"],"score":522,"play_id":"b55d6a1a-a539-448e-acf3-e688f9638390","local_time":"20210126192335","is_ascension_mode":true,"campfire_choices":[{"data":"Eruption","floor":6,"key":"SMITH"},{"data":"CutThroughFate","floor":8,"key":"SMITH"},{"data":"CutThroughFate","floor":10,"key":"SMITH"},{"data":"CrushJoints","floor":13,"key":"SMITH"},{"data":"Vigilance","floor":15,"key":"SMITH"},{"floor":23,"key":"REST"},{"floor":29,"key":"REST"},{"data":"Devotion","floor":32,"key":"SMITH"}],"circlet_count":0,"master_deck":["AscendersBane","Strike_P","Strike_P","Defend_P","Defend_P","Defend_P","Eruption+1","Vigilance+1","CutThroughFate+1","CrushJoints+1","CutThroughFate+1","FlurryOfBlows","Devotion+1","Sanctity","Conclude","FearNoEvil","MentalFortress","FlyingSleeves","Injury","Halt","LikeWater","BowlingBash+1"],"relics":["Cursed Key","Bag of Marbles","Juzu Bracelet","Toy Ornithopter","Empty Cage","ClockworkSouvenir","Gambling Chip"],"acts_visited":["Exordium","TheCity"],"potions_floor_usage":[7,33],"damage_taken":[{"damage":0,"enemies":"Cultist","floor":1,"turns":3},{"damage":0,"enemies":"2 Louse","floor":4,"turns":1},{"damage":4,"enemies":"Small Slimes","floor":5,"turns":4},{"damage":0,"enemies":"Lagavulin","floor":7,"turns":5},{"damage":4,"enemies":"Gremlin Nob","floor":11,"turns":3},{"damage":0,"enemies":"Blue Slaver","floor":12,"turns":2},{"damage":27,"enemies":"Hexaghost","floor":16,"turns":7},{"damage":35,"enemies":"Shell Parasite","floor":18,"turns":3},{"damage":7,"enemies":"3 Byrds","floor":19,"turns":5},{"damage":12,"enemies":"Snecko","floor":20,"turns":4},{"damage":0,"enemies":"Sentry and Sphere","floor":24,"turns":3},{"damage":2,"enemies":"Centurion and Healer","floor":28,"turns":3},{"damage":0,"enemies":"3 Cultists","floor":30,"turns":2},{"damage":0,"enemies":"Snecko","floor":31,"turns":2},{"damage":107,"enemies":"Automaton","floor":33,"turns":8}],"seed_played":"-8155500091951155420","potions_obtained":[{"floor":1,"key":"FairyPotion"},{"floor":3,"key":"SkillPotion"},{"floor":5,"key":"Block Potion"},{"floor":19,"key":"Dexterity Potion"},{"floor":20,"key":"DistilledChaos"}],"is_trial":false,"path_per_floor":["M","$","?","M","M","R","E","R","T","R","E","M","R","?","R","B",null,"M","M","M","?","$","R","M","?","T","$","M","R","M","M","R","B"],"character_chosen":"WATCHER","items_purchased":["FearNoEvil","ClockworkSouvenir","MentalFortress"],"campfire_rested":2,"item_purchase_floors":[22,22,22],"current_hp_per_floor":[61,61,61,61,57,57,57,57,57,57,53,53,53,46,46,19,56,21,14,2,2,2,22,22,22,22,22,20,40,40,40,40,0,0],"gold":75,"neow_bonus":"BOSS_RELIC","is_daily":false,"chose_seed":false,"campfire_upgraded":6,"win_rate":0.0,"timestamp":1611707015,"path_taken":["M","?","?","?","M","R","E","R","T","R","E","M","R","?","R","BOSS","M","M","M","?","$","R","M","?","T","?","M","R","M","M","R","BOSS"],"items_purchased_type":["Card","Relic","Card"],"build_version":"2020-12-22","purchased_purges":1,"victory":false,"max_hp_per_floor":[68,68,68,68,68,68,68,68,68,68,68,68,68,68,68,68,68,68,68,68,68,68,68,68,68,68,68,68,68,68,68,68,68,68],"card_choices":[{"not_picked":["Prostrate","FlyingSleeves"],"picked":"CutThroughFate","floor":1},{"not_picked":["Prostrate","EmptyBody"],"picked":"CrushJoints","floor":4},{"not_picked":["TalkToTheHand","Perseverance"],"picked":"CutThroughFate","floor":5},{"not_picked":["Vengeance","Wireheading","FlyingSleeves"],"picked":"SKIP","floor":7},{"not_picked":["EmptyBody","Brilliance"],"picked":"FlurryOfBlows","floor":11},{"not_picked":["Crescendo","FlyingSleeves","Halt"],"picked":"SKIP","floor":12},{"not_picked":["Brilliance","SpiritShield"],"picked":"Devotion","floor":16},{"not_picked":["FlyingSleeves","SignatureMove","JustLucky"],"picked":"SKIP","floor":18},{"not_picked":["Collect","DeceiveReality"],"picked":"Sanctity","floor":19},{"not_picked":["BattleHymn","FollowUp"],"picked":"Conclude","floor":20},{"not_picked":["Meditate","ReachHeaven"],"picked":"FlyingSleeves","floor":24},{"not_picked":["EmptyBody","ReachHeaven"],"picked":"Halt","floor":28},{"not_picked":["BowlingBash","CrushJoints"],"picked":"LikeWater","floor":30},{"not_picked":["WreathOfFlame","FollowUp"],"picked":"BowlingBash+1","floor":31}],"player_experience":948658,"relics_obtained":[{"floor":7,"key":"Bag of Marbles"},{"floor":9,"key":"Juzu Bracelet"},{"floor":11,"key":"Toy Ornithopter"},{"floor":26,"key":"Gambling Chip"}],"event_choices":[{"damage_healed":0,"gold_gain":0,"player_choice":"Got Potions","damage_taken":0,"max_hp_gain":0,"max_hp_loss":0,"event_name":"Lab","floor":3,"gold_loss":0},{"cards_removed":["Strike_P"],"damage_healed":0,"gold_gain":0,"player_choice":"Card Removal","damage_taken":7,"max_hp_gain":0,"max_hp_loss":0,"event_name":"Golden Wing","floor":14,"gold_loss":0},{"damage_healed":0,"gold_gain":50,"player_choice":"Stole From Cult","damage_taken":0,"max_hp_gain":0,"max_hp_loss":0,"event_name":"Nest","floor":21,"gold_loss":0},{"damage_healed":0,"gold_gain":0,"player_choice":"Ignored","damage_taken":0,"max_hp_gain":0,"max_hp_loss":0,"event_name":"Vampires","floor":25,"gold_loss":0}],"is_beta":false,"boss_relics":[{"not_picked":["Busted Crown","Ectoplasm"],"picked":"Empty Cage"}],"items_purged_floors":[2],"is_endless":false,"potions_floor_spawned":[1,5,19,20,28],"killed_by":"Automaton","ascension_level":17}}