{"host":"9qk11wtevf51xvhl","time":1611787514,"event":{"mods":["BaseMod","Minty Spire (QoL Compilation)"],"gold_per_floor":[115,166,182,182,200,227,227,252,332,332,367,385,85,104,104,204,504,523,535,3,14,28,28,28,28,82,115,126,146,181,196,196,196,196],"floor_reached":33,"language":"ENG","playtime":4110,"items_purged":["Strike_R","Strike_R"],"score":504,"play_id":"b106e085-bb50-486f-8e14-ac28c74a55cb","local_time":"20210127234514","is_ascension_mode":true,"campfire_choices":[{"floor":7,"key":"REST"},{"floor":15,"key":"REST"},{"floor":23,"key":"REST"},{"floor":32,"key":"REST"}],"circlet_count":0,"master_deck":["AscendersBane","Strike_R","Strike_R+1","Defend_R+1","Defend_R","Defend_R","Defend_R","Bash","Flame Barrier","Ghostly Armor","Rampage","Headbutt","Combust","Warcry","Rupture+1","Double Tap+1","CurseOfTheBell","Armaments+1","Spot Weakness+1","Apotheosis+1","Reaper","Warcry+1","Barricade","Ghostly Armor+1","Shockwave+1"],"relics":["Burning Blood","Smiling Mask","Regal Pillow","Dream Catcher","Pantograph","Oddly Smooth Stone","Toxic Egg 2","Calling Bell","Pen Nib","Sundial","Old Coin","Lee\u0027s Waffle","Happy Flower","Gambling Chip","Omamori"],"acts_visited":["Exordium","TheCity"],"potions_floor_usage":[11,16,27,30,30,31],"damage_taken":[{"damage":10,"enemies":"Cultist","floor":1,"turns":5},{"damage":7,"enemies":"Jaw Worm","floor":3,"turns":5},{"damage":6,"enemies":"2 Louse","floor":5,"turns":3},{"damage":36,"enemies":"Gremlin Nob","floor":6,"turns":6},{"damage":17,"enemies":"3 Sentries","floor":8,"turns":8},{"damage":28,"enemies":"Gremlin Nob","floor":11,"turns":5},{"damage":10,"enemies":"Exordium Thugs","floor":12,"turns":4},{"damage":1,"enemies":"Large Slime","floor":14,"turns":6},{"damage":55,"enemies":"The Guardian","floor":16,"turns":10},{"damage":14,"enemies":"3 Byrds","floor":18,"turns":4},{"damage":31,"enemies":"Chosen","floor":19,"turns":6},{"damage":44,"enemies":"Sentry and Sphere","floor":21,"turns":7},{"damage":45,"enemies":"Cultist and Chosen","floor":22,"turns":7},{"damage":76,"enemies":"Book of Stabbing","floor":27,"turns":8},{"damage":39,"enemies":"Shelled Parasite and Fungi","floor":28,"turns":7},{"damage":24,"enemies":"3 Cultists","floor":29,"turns":4},{"damage":48,"enemies":"Slavers","floor":30,"turns":6},{"damage":28,"enemies":"Centurion and Healer","floor":31,"turns":7},{"damage":116,"enemies":"Automaton","floor":33,"turns":12}],"seed_played":"6129331388957675777","potions_obtained":[{"floor":1,"key":"DuplicationPotion"},{"floor":3,"key":"EntropicBrew"},{"floor":6,"key":"SkillPotion"},{"floor":14,"key":"GamblersBrew"},{"floor":18,"key":"SpeedPotion"},{"floor":19,"key":"Fire Potion"},{"floor":28,"key":"PowerPotion"},{"floor":30,"key":"SneckoOil"}],"is_trial":false,"path_per_floor":["M","T","M","?","M","E","R","E","T","?","E","M","$","M","R","B",null,"M","M","$","M","M","R","$","?","T","E","M","M","E","M","R","B"],"character_chosen":"IRONCLAD","items_purchased":["Toxic Egg 2","Apotheosis+1","Reaper","Lee\u0027s Waffle"],"campfire_rested":4,"item_purchase_floors":[13,20,20,20],"current_hp_per_floor":[76,76,75,57,57,27,68,57,57,50,28,24,24,29,70,39,76,68,43,95,57,18,61,61,61,61,49,16,76,62,40,83,0,0],"gold":196,"neow_bonus":"TEN_PERCENT_HP_BONUS","is_daily":false,"chose_seed":false,"campfire_upgraded":0,"win_rate":0.0,"timestamp":1611787514,"path_taken":["M","?","?","?","M","E","R","E","T","?","E","M","$","M","R","BOSS","M","M","$","M","M","R","$","?","T","E","?","M","E","M","R","BOSS"],"items_purchased_type":["Relic","Card","Card","Relic"],"build_version":"2020-12-22","purchased_purges":2,"victory":false,"max_hp_per_floor":[88,88,88,88,88,88,88,88,88,88,88,88,88,88,88,88,88,88,88,95,95,95,95,95,95,95,95,95,95,95,95,95,95,95],"card_choices":[{"not_picked":["Rupture","Havoc"],"picked":"Flame Barrier","floor":1},{"not_picked":["Perfected Strike","Pummel"],"picked":"Ghostly Armor","floor":3},{"not_picked":["Clothesline","Pommel Strike"],"picked":"Rampage","floor":5},{"not_picked":["Warcry","Flex"],"picked":"Headbutt","floor":6},{"not_picked":["Bloodletting","Anger","Clash"],"picked":"SKIP","floor":8},{"not_picked":["Thunderclap","Intimidate"],"picked":"Combust","floor":11},{"not_picked":["Twin Strike","Perfected Strike"],"picked":"Warcry","floor":12},{"not_picked":["Disarm+1","Heavy Blade"],"picked":"Rupture","floor":14},{"not_picked":["Immolate","Impervious+1"],"picked":"Double Tap+1","floor":16},{"not_picked":["Heavy Blade","Intimidate+1"],"picked":"Armaments+1","floor":18},{"not_picked":["Body Slam+1","Carnage"],"picked":"Spot Weakness+1","floor":19},{"not_picked":["Intimidate+1","Reckless Charge","Hemokinesis"],"picked":"SKIP","floor":21},{"not_picked":["True Grit+1","Thunderclap","Warcry+1"],"picked":"SKIP","floor":22},{"not_picked":["Intimidate+1","Offering+1","Armaments+1"],"picked":"SKIP","floor":27},{"not_picked":["Body Slam","Armaments+1"],"picked":"Warcry+1","floor":28},{"not_picked":["Sword Boomerang","Havoc+1"],"picked":"Barricade","floor":29},{"not_picked":["Body Slam+1","Headbutt","Cleave"],"picked":"SKIP","floor":30},{"not_picked":["Spot Weakness+1","Limit Break+1"],"picked":"Ghostly Armor+1","floor":31},{"not_picked":["Fire Breathing","Thunderclap"],"picked":"Shockwave+1","floor":32}],"player_experience":523578,"relics_obtained":[{"floor":2,"key":"Smiling Mask"},{"floor":6,"key":"Regal Pillow"},{"floor":8,"key":"Dream Catcher"},{"floor":9,"key":"Pantograph"},{"floor":11,"key":"Oddly Smooth Stone"},{"floor":17,"key":"Pen Nib"},{"floor":17,"key":"Sundial"},{"floor":17,"key":"Old Coin"},{"floor":26,"key":"Happy Flower"},{"floor":27,"key":"Gambling Chip"},{"floor":30,"key":"Omamori"}],"event_choices":[{"damage_healed":0,"gold_gain":0,"player_choice":"Entered Light","damage_taken":18,"max_hp_gain":0,"max_hp_loss":0,"event_name":"Shining Light","floor":4,"gold_loss":0,"cards_upgraded":["Strike_R","Defend_R"]},{"cards_removed":["Strike_R"],"damage_healed":0,"gold_gain":0,"player_choice":"Card Removal","damage_taken":7,"max_hp_gain":0,"max_hp_loss":0,"event_name":"Golden Wing","floor":10,"gold_loss":0},{"damage_healed":0,"gold_gain":0,"player_choice":"Upgraded","damage_taken":0,"max_hp_gain":0,"max_hp_loss":0,"event_name":"Upgrade Shrine","floor":25,"gold_loss":0,"cards_upgraded":["Rupture"]}],"is_beta":false,"boss_relics":[{"not_picked":["SacredBark","Busted Crown"],"picked":"Calling Bell"}],"items_purged_floors":[13,20],"is_endless":false,"potions_floor_spawned":[1,3,6,14,18,19,28,29,30],"killed_by":"Automaton","ascension_level":11}}