{"host":"a5lz0e76zb3fcwkm","time":1611761977,"event":{"mods":["AchievementEnabler","BaseMod","Colored Map","Colored Powertips","Minty Spire (QoL Compilation)","StSLib","SuperFastMode"],"gold_per_floor":[360,510,510,95,95,95,115,132,186,216,229,229,229,248,248,248,248],"floor_reached":16,"language":"KOR","playtime":333,"items_purged":["Doubt"],"score":250,"play_id":"56cda7af-699b-4aed-b4cb-c7cebe465720","local_time":"20210128003937","is_ascension_mode":true,"campfire_choices":[{"data":"Inflame","floor":6,"key":"SMITH"},{"data":"Barricade","floor":13,"key":"SMITH"},{"data":"Shockwave","floor":15,"key":"SMITH"}],"circlet_count":0,"master_deck":["AscendersBane","Strike_R","Strike_R","Strike_R","Strike_R","Defend_R","Defend_R","Defend_R","Defend_R","Bash","Inflame+1","Twin Strike","Shrug It Off","Offering","Feel No Pain","Shockwave+1","Barricade+1","Bloodletting","Seeing Red"],"relics":["Burning Blood","Akabeko","Potion Belt","Gremlin Horn"],"acts_visited":["Exordium"],"potions_floor_usage":[16,16,16],"damage_taken":[{"damage":19,"enemies":"Jaw Worm","floor":1,"turns":4},{"damage":5,"enemies":"Small Slimes","floor":7,"turns":3},{"damage":6,"enemies":"Cultist","floor":8,"turns":2},{"damage":6,"enemies":"Lagavulin","floor":10,"turns":5},{"damage":6,"enemies":"2 Fungi Beasts","floor":11,"turns":2},{"damage":16,"enemies":"Gremlin Gang","floor":14,"turns":4},{"damage":54,"enemies":"Hexaghost","floor":16,"turns":14}],"seed_played":"1071811988763433318","potions_obtained":[{"floor":8,"key":"Dexterity Potion"},{"floor":10,"key":"Weak Potion"},{"floor":11,"key":"BlessingOfTheForge"}],"is_trial":false,"path_per_floor":["M","?","?","$","?","R","M","M","T","E","M","?","R","M","R","B"],"character_chosen":"IRONCLAD","items_purchased":["Inflame","Akabeko","Twin Strike","Shrug It Off"],"campfire_rested":0,"item_purchase_floors":[4,4,4,4],"current_hp_per_floor":[55,55,60,60,60,60,61,61,61,61,61,61,61,51,51,0,0],"gold":248,"neow_bonus":"TWO_FIFTY_GOLD","is_daily":false,"chose_seed":false,"campfire_upgraded":3,"win_rate":0.0,"timestamp":1611761977,"path_taken":["M","?","?","$","?","R","?","M","T","E","M","?","R","M","R","BOSS"],"items_purchased_type":["Card","Relic","Card","Card"],"build_version":"2020-12-22","purchased_purges":1,"victory":false,"max_hp_per_floor":[68,68,73,73,73,73,73,73,73,73,73,73,73,73,73,73,73],"card_choices":[{"not_picked":["Perfected Strike","Infernal Blade","Burning Pact"],"picked":"SKIP","floor":1},{"not_picked":["Sentinel","Flex"],"picked":"Feel No Pain","floor":7},{"not_picked":["Cleave","Pommel Strike"],"picked":"Shockwave","floor":8},{"not_picked":["Inflame","Shrug It Off"],"picked":"Barricade","floor":10},{"not_picked":["Thunderclap","Havoc"],"picked":"Bloodletting","floor":11},{"not_picked":["Metallicize","Iron Wave","Warcry"],"picked":"SKIP","floor":14}],"player_experience":1819645,"relics_obtained":[{"floor":9,"key":"Potion Belt"},{"floor":10,"key":"Gremlin Horn"}],"event_choices":[{"damage_healed":0,"gold_gain":150,"player_choice":"AGREE","damage_taken":0,"max_hp_gain":0,"max_hp_loss":0,"event_name":"Liars Game","floor":2,"gold_loss":0,"cards_obtained":["Doubt"]},{"damage_healed":0,"gold_gain":0,"player_choice":"Donut","damage_taken":0,"max_hp_gain":5,"max_hp_loss":0,"event_name":"Big Fish","floor":3,"gold_loss":0},{"damage_healed":0,"gold_gain":0,"player_choice":"1 cards matched","damage_taken":0,"max_hp_gain":0,"max_hp_loss":0,"event_name":"Match and Keep!","floor":5,"gold_loss":0,"cards_obtained":["Offering"]},{"damage_healed":0,"gold_gain":0,"cards_transformed":["Strike_R"],"player_choice":"Change","damage_taken":0,"max_hp_gain":0,"max_hp_loss":0,"event_name":"Living Wall","floor":12,"gold_loss":0,"cards_obtained":["Seeing Red"]}],"is_beta":false,"boss_relics":[],"items_purged_floors":[4],"is_endless":false,"potions_floor_spawned":[8,10,11],"killed_by":"Hexaghost","ascension_level":20}}