{"host":"l1bfbgeb3oxa8ieg","time":1611751431,"event":{"mods":["AlwaysNeverKeys","Aspiration","BaseMod","Beaked The Cultist","Better Match","Better Note","Better Third Choice","BetterRewards","Colored Powertips","Conspire","Energized Spire","Fiend Mod","Friendly Minions","Halation","Infinite Spire","Minty Spire (QoL Compilation)","Permanent Neow","Quick Restart","Replay The Spire","Shop Mod","Spicy Shops","Spikes Relics","StSLib","TestMod","The Blackbeard","The Mystic","The Necromancer","Uncapped","UnlockEverythingMod"],"gold_per_floor":[110,110,137,147,71,98,48,48,126,145,145,161,195,213,213,333,333,363,363,363,363],"floor_reached":19,"language":"ENG","playtime":1786,"items_purged":[],"score":177,"play_id":"d034ae43-c76d-4949-b9c9-4b92b8943eb7","local_time":"20210127134351","is_ascension_mode":false,"campfire_choices":[{"data":"blackbeard:PiratesWill","floor":8,"key":"SMITH"},{"floor":15,"key":"REST"}],"circlet_count":0,"master_deck":["blackbeard:BlackbeardStrike","blackbeard:BlackbeardStrike","blackbeard:BlackbeardStrike","blackbeard:BlackbeardStrike","blackbeard:IntimidatingStrike","blackbeard:BlackbeardDefend","blackbeard:BlackbeardDefend","blackbeard:BlackbeardDefend","blackbeard:Cutlass","Trip","blackbeard:GoldenCannonball","blackbeard:PiratesWill+1","blackbeard:InfiniteBarrage","blackbeard:Fencing","blackbeard:GoldenDefense+1","blackbeard:WiseDefense","blackbeard:PirateEarring","blackbeard:BuriedTreasure","blackbeard:ReapersScythe","CurseOfTheBell","blackbeard:Shrapnel+1"],"relics":["blackbeard:LoadTheCannons","testmod-TestBox","Simple Rune","Tiny Chest","Sundial","halation:BlackBeret","Calling Bell","blackbeard:Spearhead","Molten Egg 2","Shovel"],"acts_visited":["Exordium","TheCity"],"potions_floor_usage":[16,16,16],"damage_taken":[{"damage":0,"enemies":"Jaw Worm","floor":1,"turns":2},{"damage":0,"enemies":"Cultist","floor":4,"turns":2},{"damage":30,"enemies":"Gremlin Nob","floor":6,"turns":5},{"damage":0,"enemies":"Small Slimes","floor":10,"turns":2},{"damage":2,"enemies":"Blue Slaver","floor":12,"turns":3},{"damage":18,"enemies":"Lagavulin","floor":13,"turns":8},{"damage":24,"enemies":"Gremlin Gang","floor":14,"turns":4},{"damage":23,"enemies":"The Guardian","floor":16,"turns":8},{"damage":27,"enemies":"Spheric Guardian","floor":18,"turns":5}],"seed_played":"5038680693396021288","potions_obtained":[{"floor":1,"key":"Adrenaline Potion"},{"floor":4,"key":"EssenceOfSteel"},{"floor":6,"key":"BlessingOfTheForge"},{"floor":13,"key":"ColorlessPotion"},{"floor":16,"key":"testmod-TestPotion"},{"floor":18,"key":"Weak Potion"}],"is_trial":false,"path_per_floor":["M","?","T","M","$","E","?","R","T","M","?","M","E","M","R","B",null,"M","AVR"],"character_chosen":"BLACKBEARD_CLASS","items_purchased":["blackbeard:InfiniteBarrage"],"campfire_rested":1,"item_purchase_floors":[5],"current_hp_per_floor":[75,75,75,75,75,45,45,45,45,45,53,51,33,9,31,8,75,48,48,48,48],"gold":363,"neow_bonus":"RANDOM_COLORLESS","is_daily":false,"chose_seed":false,"campfire_upgraded":1,"win_rate":0.0,"timestamp":1611751431,"path_taken":["M","?","?","?","$","E","?","R","T","M","?","?","E","M","R","BOSS","M","AVR"],"items_purchased_type":["Card"],"build_version":"2020-12-22","purchased_purges":0,"victory":false,"max_hp_per_floor":[75,75,75,75,75,75,75,75,75,75,75,75,75,75,75,75,75,75,75,75,75],"card_choices":[{"not_picked":["testmod-ConditionedReflex","testmod-Collector"],"picked":"Trip","floor":0},{"not_picked":["blackbeard:TerrorOfTheSeas","blackbeard:SwordDance"],"picked":"blackbeard:GoldenCannonball","floor":1},{"not_picked":["blackbeard:TacticalRetreat","blackbeard:TerrorOfTheSeas"],"picked":"blackbeard:PiratesWill","floor":4},{"not_picked":["blackbeard:Toast","blackbeard:DelayedPain"],"picked":"blackbeard:Fencing","floor":6},{"not_picked":["blackbeard:DeadlyArsenal","blackbeard:GoldenDefense"],"picked":"blackbeard:WiseDefense","floor":10},{"not_picked":["blackbeard:BeatUp","blackbeard:Fencing"],"picked":"blackbeard:PirateEarring","floor":12},{"not_picked":["blackbeard:GoldenStrike","blackbeard:Boarding","blackbeard:Shrapnel"],"picked":"SKIP","floor":13},{"not_picked":["blackbeard:Recklessness","blackbeard:GoldenStrike"],"picked":"blackbeard:BuriedTreasure","floor":14},{"not_picked":["blackbeard:GoldenGuillotine","blackbeard:PowerHungry"],"picked":"blackbeard:ReapersScythe","floor":16},{"not_picked":["blackbeard:GoldenStrike+1","blackbeard:BuriedTreasure"],"picked":"blackbeard:Shrapnel+1","floor":18}],"player_experience":168974,"relics_obtained":[{"floor":3,"key":"Simple Rune"},{"floor":6,"key":"Tiny Chest"},{"floor":9,"key":"Sundial"},{"floor":13,"key":"halation:BlackBeret"},{"floor":17,"key":"blackbeard:Spearhead"},{"floor":17,"key":"Molten Egg 2"},{"floor":17,"key":"Shovel"}],"event_choices":[{"damage_healed":0,"gold_gain":0,"player_choice":"Leave","damage_taken":0,"max_hp_gain":0,"max_hp_loss":0,"event_name":"conspire:Investor","floor":2,"gold_loss":0},{"damage_healed":0,"gold_gain":0,"player_choice":"blackbeard:GoldenDefense","damage_taken":0,"max_hp_gain":0,"max_hp_loss":0,"event_name":"blackbeard:GoldsmithEvent","floor":7,"gold_loss":0,"cards_obtained":["blackbeard:GoldenDefense"]}],"is_beta":false,"boss_relics":[{"not_picked":["Busted Crown","Ectoplasm"],"picked":"Calling Bell"}],"items_purged_floors":[],"is_endless":false,"potions_floor_spawned":[1,4,6,13,16,18],"ascension_level":0}}