{"host":"95ip98gf8c4vrv08","time":1611751590,"event":{"mods":["100% Spire Juice","ATMod(??Mod)","Arknights The Spire","BaseMod","Lobotomy","LobotomyExtend","Minty Spire (QoL Compilation)","Quick Restart","Reimu??????","Relic Stats","Spicy Shops","StSLib","The Bug Knight","??????REMEMod","????"],"gold_per_floor":[117,77,77,77,92,92,92,92,92,107,127,138,23,38,38,38,38],"floor_reached":16,"language":"ZHS","playtime":684,"items_purged":[],"score":97,"play_id":"105f8da8-6b51-44f0-b6f6-891832155d95","local_time":"20210127204630","is_ascension_mode":true,"campfire_choices":[{"floor":6.0,"key":"REST"},{"data":"Moonworks:JonathanRush","floor":8.0,"key":"SMITH"},{"floor":15,"key":"REST"}],"circlet_count":0,"master_deck":["Moonworks:Strike","Moonworks:Strike","Moonworks:Strike","Moonworks:Strike","Moonworks:Defend","Moonworks:Defend","Moonworks:Defend","Moonworks:Defend","Moonworks:Ambush","Moonworks:LongDistanceShot","AT_FamilyPortrait","Moonworks:IndiscriminateFireSupport+1","OSAHOGD","OSAHOGD","Moonworks:JonathanRush+1","VoidDream","Moonworks:DeployBits","FairyFestival","Moonworks:CompletionReward","LaLuna","Moonworks:TacticalRetreat","ShyLook","Moonworks:MiracleWalker","Moonworks:SakisCookie","Mercenary"],"relics":["Moonworks:BrokenBomb","Moonworks:Homemark","REME_ComplimentaryCards","AT_ATBox","CogitoBucket","LetterFromLob","PaintedHorse:ReiMu","AT_TimeSand","Darkstone Periapt","HellTrain"],"acts_visited":["Exordium"],"potions_floor_usage":[16,16],"damage_taken":[{"damage":7.0,"enemies":"2 Louse","floor":1.0,"turns":3.0},{"damage":1.0,"enemies":"Jaw Worm","floor":5.0,"turns":2.0},{"damage":0,"enemies":"Cultist","floor":10,"turns":3},{"damage":0,"enemies":"3 Louse","floor":11,"turns":3},{"damage":14,"enemies":"Exordium Thugs","floor":12,"turns":3},{"damage":27,"enemies":"2 Fungi Beasts","floor":14,"turns":3},{"damage":79,"enemies":"The Guardian","floor":16,"turns":5}],"seed_played":"-6716819288656267999","potions_obtained":[{"floor":1.0,"key":"ColorlessPotion"},{"floor":10,"key":"DistilledChaos"},{"floor":11,"key":"Strength Potion"}],"is_trial":false,"path_per_floor":["M","?","?","?","M","R","T","R","T","M","M","M","$","M","R","B"],"character_chosen":"THE_STARBREAKER","items_purchased":["Moonworks:MiracleWalker"],"campfire_rested":2,"item_purchase_floors":[13],"current_hp_per_floor":[53,53,46,46,45,60,60,60,60,60,63,49,49,23,41,0,0],"gold":38,"neow_bonus":"","is_daily":false,"chose_seed":false,"campfire_upgraded":1,"win_rate":0.0,"timestamp":1611751590,"path_taken":["M","?","?","?","M","R","?","R","T","?","M","M","?","M","R","BOSS"],"items_purchased_type":["Card"],"build_version":"2020-12-22","purchased_purges":0,"victory":false,"max_hp_per_floor":[60,60,60,60,60,60,60,60,60,60,63,63,63,63,63,63,63],"relic_stats":{"Darkstone Periapt":0,"counters":[8,23],"obtain_stats":[{"Darkstone Periapt":9,"CogitoBucket":0,"AT_ATBox":0,"PaintedHorse:ReiMu":2,"Moonworks:Homemark":0,"LetterFromLob":1,"AT_TimeSand":7,"HellTrain":14,"Moonworks:BrokenBomb":0,"REME_ComplimentaryCards":0},{"Darkstone Periapt":2,"CogitoBucket":0,"AT_ATBox":0,"PaintedHorse:ReiMu":1,"Moonworks:Homemark":0,"LetterFromLob":1,"AT_TimeSand":2,"HellTrain":7,"Moonworks:BrokenBomb":0,"REME_ComplimentaryCards":0},{"Darkstone Periapt":5,"CogitoBucket":0,"AT_ATBox":0,"PaintedHorse:ReiMu":3,"Moonworks:Homemark":0,"LetterFromLob":3,"AT_TimeSand":5,"HellTrain":18,"Moonworks:BrokenBomb":0,"REME_ComplimentaryCards":0}]},"card_choices":[{"not_picked":["Moonworks:ScrambledEve","Moonworks:NicePresent"],"picked":"Moonworks:IndiscriminateFireSupport","floor":1.0},{"not_picked":["OSAHOGD","CrumblingArmor","UniverseFragment"],"picked":"Singing Bowl","floor":1.0},{"not_picked":["SpiderBud","BeautyBeast"],"picked":"OSAHOGD","floor":1.0},{"not_picked":["Moonworks:CloudOfSeagulls","Moonworks:StiffCrystal"],"picked":"Moonworks:JonathanRush","floor":5.0},{"not_picked":["Bloodbath","CrumblingArmor"],"picked":"VoidDream","floor":5.0},{"not_picked":["Moonworks:CookingTime","Moonworks:SakisCookie"],"picked":"Moonworks:DeployBits","floor":10},{"not_picked":["RedShoes","Bloodbath"],"picked":"FairyFestival","floor":10},{"not_picked":["Moonworks:ImOnFire","Moonworks:ScrambledEve"],"picked":"Moonworks:CompletionReward","floor":11},{"not_picked":["Wellcheers","Scarecrow","BeautyBeast"],"picked":"Singing Bowl","floor":11},{"not_picked":["Wellcheers","WallGazer"],"picked":"LaLuna","floor":11},{"not_picked":["Moonworks:Assault","Moonworks:Dash"],"picked":"Moonworks:TacticalRetreat","floor":12},{"not_picked":["CherryBlossoms","RedShoes"],"picked":"ShyLook","floor":12},{"not_picked":["Moonworks:StiffCrystal","Moonworks:DeployBits"],"picked":"Moonworks:SakisCookie","floor":14},{"not_picked":["OldLady","Scorched","LittlePrince"],"picked":"Singing Bowl","floor":14},{"not_picked":["SpiderBud","BeautyBeast"],"picked":"Mercenary","floor":14}],"player_experience":224434,"relics_obtained":[{"floor":1.0,"key":"LetterFromLob"},{"floor":7.0,"key":"AT_TimeSand"},{"floor":9.0,"key":"Darkstone Periapt"}],"event_choices":[{"damage_healed":0.0,"max_hp_gain":0.0,"max_hp_loss":0.0,"gold_gain":0.0,"event_name":"yidonshenshe","player_choice":"??","floor":2.0,"gold_loss":40.0,"damage_taken":0.0,"relics_obtained":["PaintedHorse:ReiMu"]},{"damage_healed":0.0,"max_hp_gain":0.0,"max_hp_loss":0.0,"gold_gain":0.0,"event_name":"Living Wall","player_choice":"Grow","floor":4.0,"gold_loss":0.0,"damage_taken":0.0,"cards_upgraded":["Moonworks:IndiscriminateFireSupport"]}],"is_beta":false,"boss_relics":[],"items_purged_floors":[],"is_endless":false,"potions_floor_spawned":[1,10,11],"killed_by":"The Guardian","ascension_level":1}}