{"host":"lq2h7q9ca6uwu60x","time":1611726153,"event":{"mods":["Act Like it!","BaseMod","Gensokyo","Koishi","Marisa£®ÏF”Í°°ƒß¿Ì…≥£©","Minty Spire (QoL Compilation)","Remilia£®¿Ÿ√◊¿Ú—«£©","StSLib","Youmu£®ªÍ∆«—˝√Œ£©"],"gold_per_floor":[114,114,13,13,25,59,59,86,111,111,146,146,146,46,46,46,46],"floor_reached":16,"language":"ZHS","playtime":599,"items_purged":["Koishi:BasicStrike","Koishi:BasicDefend"],"score":191,"play_id":"2d2a50d0-b2dc-4a5e-acda-c8a9a19cd04e","local_time":"20210127134233","is_ascension_mode":true,"campfire_choices":[{"data":"Koishi:TerrifyingSpectre","floor":7.0,"key":"SMITH"},{"data":"Koishi:Heartbroken","floor":10,"key":"SMITH"},{"floor":15,"key":"RECALL"}],"circlet_count":0,"master_deck":["Koishi:BasicStrike","Koishi:BasicDefend","Koishi:BasicDefend","Koishi:BasicDefend","Koishi:Provoke","Koishi:HauntingSlash","Koishi:DreadfulBlow","Koishi:Heartbroken+1","Clumsy"],"relics":["Koishi:ImaginaryFriend","Gensokyo:Justice","ScarletDevilRocket","Akabeko","Koishi:AHoleWhereASisterShouldBe","Dream Catcher","Gensokyo:OccultBall","Gensokyo:NagashiBinaDoll"],"acts_visited":["Exordium"],"potions_floor_usage":[8,11],"damage_taken":[{"damage":0.0,"enemies":"Gensokyo:2_Kodama","floor":1.0,"turns":5.0},{"damage":3.0,"enemies":"Gensokyo:Gryphon","floor":5.0,"turns":3.0},{"damage":24.0,"enemies":"Gensokyo:Mamizou","floor":6.0,"turns":16.0},{"damage":0,"enemies":"Gensokyo:Cirno","floor":8,"turns":5},{"damage":0,"enemies":"Gensokyo:Mamizou","floor":11,"turns":9},{"damage":0,"enemies":"Gensokyo:Reimu","floor":16,"turns":2}],"seed_played":"8913009542156069038","potions_obtained":[{"floor":5.0,"key":"DistilledChaos"},{"floor":8,"key":"AttackPotion"},{"floor":11,"key":"Fire Potion"}],"is_trial":false,"path_per_floor":["M","?","$","?","M","E","R","E","T","R","E","?","?","$","R","B"],"character_chosen":"KOISHI","items_purchased":["Koishi:DreadfulBlow"],"campfire_rested":0,"item_purchase_floors":[3],"current_hp_per_floor":[54,59,59,59,59,44,44,50,50,50,59,59,59,59,59,59,59],"gold":46,"neow_bonus":"TRANSFORM_TWO_CARDS","is_daily":false,"chose_seed":false,"campfire_upgraded":2,"win_rate":0.0,"timestamp":1611726153,"path_taken":["M","?","$","?","?","E","R","E","T","R","E","?","?","?","R","BOSS"],"items_purchased_type":["Card"],"build_version":"2020-12-22","purchased_purges":2,"victory":false,"max_hp_per_floor":[54,59,59,59,59,59,59,59,59,59,59,59,59,59,59,59,59],"card_choices":[{"not_picked":["Koishi:CatchAndRose","Koishi:FleetingPhantom","Koishi:EmbersOfLove"],"picked":"SKIP","floor":1.0},{"not_picked":["Koishi:CatchAndRose","Koishi:IdleWhim","Koishi:StrangeCloudFist"],"picked":"SKIP","floor":5.0},{"not_picked":["Koishi:UnansweredLove","Koishi:BramblyRoseGarden","Koishi:ParalyzingFear"],"picked":"SKIP","floor":6.0},{"not_picked":["Koishi:UnansweredLove","Koishi:ReleaseOfTheId"],"picked":"Koishi:Heartbroken","floor":8},{"not_picked":["Koishi:SubconsciousSweep","Koishi:PhantomBarrier","Koishi:UnconsciousUprising"],"picked":"SKIP","floor":11}],"player_experience":1054223,"relics_obtained":[{"floor":6.0,"key":"ScarletDevilRocket"},{"floor":8,"key":"Akabeko"},{"floor":9,"key":"Koishi:AHoleWhereASisterShouldBe"},{"floor":11,"key":"Dream Catcher"}],"event_choices":[],"is_beta":false,"boss_relics":[],"items_purged_floors":[3,14],"is_endless":false,"potions_floor_spawned":[5,8,11],"killed_by":"Gensokyo:Reimu","ascension_level":4}}