{"host":"eaiphzh066bwqdh7","time":1611787751,"event":{"mods":["BaseMod","Better Note","Halation","Hubris","Minty Spire (QoL Compilation)","Reliquary","Replay The Spire","StSLib"],"gold_per_floor":[111,36,36,51,64,64,89,89,89,89,89,89,104,130,130,259,259,302,5,5,5,19,19,19,19],"floor_reached":24,"language":"ENG","playtime":1036,"items_purged":["Strike_P"],"score":222,"play_id":"3bae6fd1-027b-451e-8111-dd28821f5b97","local_time":"20210127174911","is_ascension_mode":true,"campfire_choices":[{"data":"PathToVictory","floor":6,"key":"SMITH"},{"floor":8,"key":"REST"},{"floor":10,"key":"REST"},{"data":"Eruption","floor":15,"key":"SMITH"},{"floor":23,"key":"REST"}],"circlet_count":0,"master_deck":["Eruption+1","Vigilance","PathToVictory+1","Protect+1","Wish+1","ForeignInfluence+1","Prostrate+1","Alpha+1","Vengeance+1","Perseverance+1","Conclude","DeceiveReality+1","Worship+1","Crescendo+1","Protect+1"],"relics":["PureWater","NeowsBlessing","Toxic Egg 2","Dream Catcher","Nunchaku","Pandora\u0027s Box","Membership Card","reliquary:PrincelyHelmet","MutagenicStrength"],"acts_visited":["Exordium","TheCity"],"potions_floor_usage":[16,16,16,22],"damage_taken":[{"damage":0,"enemies":"Jaw Worm","floor":1,"turns":1},{"damage":0,"enemies":"Cultist","floor":4,"turns":1},{"damage":0,"enemies":"Small Slimes","floor":5,"turns":1},{"damage":34,"enemies":"Lagavulin","floor":7,"turns":6},{"damage":3,"enemies":"Blue Slaver","floor":13,"turns":4},{"damage":5,"enemies":"3 Sentries","floor":14,"turns":5},{"damage":32,"enemies":"Slime Boss","floor":16,"turns":12},{"damage":13,"enemies":"Spheric Guardian","floor":18,"turns":4},{"damage":17,"enemies":"3 Byrds","floor":22,"turns":3},{"damage":89,"enemies":"Slavers","floor":24,"turns":3}],"seed_played":"717438967790280315","potions_obtained":[{"floor":4,"key":"EssenceOfSteel"},{"floor":7,"key":"Elixir"},{"floor":13,"key":"BlessingOfTheForge"},{"floor":18,"key":"Energy Potion"}],"is_trial":false,"path_per_floor":["M","$","?","M","M","R","E","R","T","R","?","$","M","E","R","B",null,"M","$","?","$","M","R","E"],"character_chosen":"WATCHER","items_purchased":["Membership Card","reliquary:PrincelyHelmet"],"campfire_rested":3,"item_purchase_floors":[19,19],"current_hp_per_floor":[72,72,72,72,72,72,38,59,59,72,72,72,69,64,64,32,72,59,59,59,59,42,63,0,0],"gold":19,"neow_bonus":"THREE_ENEMY_KILL","is_daily":false,"chose_seed":false,"campfire_upgraded":2,"win_rate":0.0,"timestamp":1611787751,"path_taken":["M","$","?","?","?","R","E","R","T","R","?","$","M","E","R","BOSS","M","$","?","?","?","R","E"],"items_purchased_type":["Relic","Relic"],"build_version":"2020-12-22","purchased_purges":1,"victory":false,"max_hp_per_floor":[72,72,72,72,72,72,72,72,72,72,72,72,72,72,72,72,72,72,72,72,72,72,72,72,72],"card_choices":[{"not_picked":["CutThroughFate","JustLucky"],"picked":"PathToVictory","floor":1},{"not_picked":["FlurryOfBlows","Omniscience"],"picked":"Protect","floor":4},{"not_picked":["Evaluate","Tantrum","Consecrate"],"picked":"SKIP","floor":5},{"not_picked":["WaveOfTheHand+1","Consecrate","Replay:BluntJabs"],"picked":"SKIP","floor":7},{"not_picked":["Tantrum","Fasting2"],"picked":"Wish+1","floor":10},{"not_picked":["ThirdEye+1","JustLucky"],"picked":"ForeignInfluence+1","floor":13},{"not_picked":["Replay:Cycle+1","Sanctity+1"],"picked":"Prostrate+1","floor":14},{"not_picked":["Replay:AllIn+1","DevaForm"],"picked":"Alpha+1","floor":16},{"not_picked":["ClearTheMind+1","Consecrate+1","FearNoEvil+1"],"picked":"SKIP","floor":18},{"not_picked":["FearNoEvil","BowlingBash"],"picked":"Protect+1","floor":22}],"player_experience":195708,"relics_obtained":[{"floor":7,"key":"Toxic Egg 2"},{"floor":9,"key":"Dream Catcher"},{"floor":14,"key":"Nunchaku"}],"event_choices":[{"cards_removed":["Strike_P"],"damage_healed":0,"gold_gain":0,"player_choice":"Purged","damage_taken":0,"max_hp_gain":0,"max_hp_loss":0,"event_name":"Purifier","floor":3,"gold_loss":0},{"damage_healed":0,"gold_gain":0,"player_choice":"Inject Mutagens","damage_taken":0,"relics_obtained":["MutagenicStrength"],"max_hp_gain":0,"max_hp_loss":0,"event_name":"Drug Dealer","floor":20,"gold_loss":0}],"is_beta":false,"boss_relics":[{"not_picked":["Cursed Key","Runic Dome"],"picked":"Pandora\u0027s Box"}],"items_purged_floors":[2],"is_endless":false,"potions_floor_spawned":[4,7,13,18],"killed_by":"Slavers","ascension_level":2}}