{"host":"qy6st0zp32tctd9l","time":1611748678,"event":{"mods":["BaseMod","Colored Map","Downfall","GifTheSpireLib","Hermit","Marisa£®ÏF”Í°°ƒß¿Ì…≥£©","Minty Spire (QoL Compilation)","Remilia£®¿Ÿ√◊¿Ú—«£©","StSLib","The Cursed","The Servant 0.9.4","UnlockEverythingMod"],"gold_per_floor":[111,111,111,126,44,69,69,69,69,131,162,212,212,229,229,332,332,349,131,181,231,281,312,312,338,338,338,338,352,352,352],"floor_reached":30,"language":"ZHS","playtime":1048,"items_purged":["Strike_S"],"score":381,"play_id":"6257e233-b81b-4119-a48c-091a5063c0be","local_time":"20210127195758","is_ascension_mode":true,"campfire_choices":[{"data":"Strike_S","floor":8.0,"key":"PURGE"},{"data":"Strike_S","floor":13.0,"key":"PURGE"},{"floor":15.0,"key":"DIG"},{"floor":24.0,"key":"REST"},{"floor":27.0,"key":"REST"},{"floor":28.0,"key":"DIG"}],"circlet_count":0,"master_deck":["Defend_S","Defend_S","Defend_S","Defend_S","KidneyShot","Exchange","BottledTime","Alleviate","Orbit","Potential","BottledTime","Moonlight","FastForward","SoulSculpture","DoubleEdge+1","BestPractice","BottledTime","ShiftingGears+1"],"relics":["Uniform","Peace Pipe","Potion Belt","SsserpentHead","Pear","Shovel","Mercury Hourglass","Black Star","Strange Spoon","Ice Cream","Shuriken","Unceasing Top","WingedGreaves","Darkstone Periapt","Regal Pillow","Boot"],"acts_visited":["Exordium","TheCity"],"potions_floor_usage":[30,30],"damage_taken":[{"damage":2.0,"enemies":"Jaw Worm","floor":1.0,"turns":5.0},{"damage":11.0,"enemies":"Small Slimes","floor":4.0,"turns":4.0},{"damage":19.0,"enemies":"Gremlin Nob","floor":6.0,"turns":4.0},{"damage":0.0,"enemies":"Cultist","floor":10.0,"turns":3.0},{"damage":5.0,"enemies":"3 Sentries","floor":11.0,"turns":3.0},{"damage":3.0,"enemies":"Blue Slaver","floor":14.0,"turns":6.0},{"damage":18.0,"enemies":"Slime Boss","floor":16.0,"turns":6.0},{"damage":8.0,"enemies":"Spheric Guardian","floor":18.0,"turns":3.0},{"damage":41.0,"enemies":"Slavers","floor":23.0,"turns":6.0},{"damage":26.0,"enemies":"Gremlin Leader","floor":25.0,"turns":8.0},{"damage":4.0,"enemies":"Shell Parasite","floor":29.0,"turns":4.0},{"damage":16,"enemies":"Slavers","floor":30,"turns":3}],"seed_played":"1181227015974958019","potions_obtained":[{"floor":4.0,"key":"FearPotion"},{"floor":10.0,"key":"LiquidMemories"},{"floor":11.0,"key":"Strength Potion"},{"floor":16.0,"key":"FearPotion"},{"floor":23.0,"key":"Energy Potion"},{"floor":25.0,"key":"Dexterity Potion"},{"floor":29.0,"key":"Guardian:BlockOnCardUsePotion"}],"is_trial":false,"path_per_floor":["M","?","?","M","$","E","?","R","T","M","E","?","R","M","R","B",null,"M","$","?","?","T","E","R","E","T","R","R","M","E"],"character_chosen":"THE_SERVANT","items_purchased":["Orbit","Strange Spoon"],"campfire_rested":2,"item_purchase_floors":[5,19],"current_hp_per_floor":[57,57,57,46,46,27,27,27,37,37,32,55,55,52,52,34,60,52,52,52,52,52,11,31,5,5,40,40,36,20,20],"gold":352,"neow_bonus":"ONE_RARE_RELIC","is_daily":false,"chose_seed":false,"campfire_upgraded":0,"win_rate":0.0,"timestamp":1611748678,"path_taken":["M","?","?","M","$","E","?","R","T","?","E","?","R","M","R","BOSS","M","$","?","?","?","E","R","E","T","R","R","M","E"],"items_purchased_type":["Card","Relic"],"build_version":"2020-12-22","purchased_purges":1,"victory":false,"max_hp_per_floor":[59,59,59,59,59,59,59,59,69,69,69,69,69,69,69,69,69,69,69,69,69,69,69,69,69,69,69,69,69,69,69],"card_choices":[{"not_picked":["Replace","Shuttle"],"picked":"BottledTime","floor":1.0},{"not_picked":["Rewind","Foresight"],"picked":"Alleviate","floor":4.0},{"not_picked":["Desolation","FloweringNight"],"picked":"Potential","floor":6.0},{"not_picked":["SurpressingFire","Replace"],"picked":"BottledTime","floor":10.0},{"not_picked":["FloweringNight","SpecialFormula"],"picked":"Moonlight","floor":11.0},{"not_picked":["Revamp","Rearm"],"picked":"FastForward","floor":14.0},{"not_picked":["SilverMatrix","TheWorld"],"picked":"SoulSculpture","floor":16.0},{"not_picked":["Orbit","ShiftingGears+1"],"picked":"DoubleEdge+1","floor":18.0},{"not_picked":["FastForward+1","Moonlight"],"picked":"BottledTime","floor":23.0},{"not_picked":["TrueSight","Unruled","DancingSilver"],"picked":"SKIP","floor":25.0},{"not_picked":["Desolation","ShatteredReality"],"picked":"ShiftingGears+1","floor":29.0}],"player_experience":188804,"relics_obtained":[{"floor":6.0,"key":"Potion Belt"},{"floor":9.0,"key":"Pear"},{"floor":11.0,"key":"Shovel"},{"floor":15.0,"key":"Mercury Hourglass"},{"floor":22.0,"key":"Ice Cream"},{"floor":23.0,"key":"Shuriken"},{"floor":23.0,"key":"Unceasing Top"},{"floor":25.0,"key":"WingedGreaves"},{"floor":25.0,"key":"Darkstone Periapt"},{"floor":26.0,"key":"Regal Pillow"},{"floor":28.0,"key":"Boot"}],"event_choices":[{"cards_removed":["Strike_S"],"damage_healed":0.0,"max_hp_gain":0.0,"max_hp_loss":0.0,"gold_gain":0.0,"event_name":"Living Wall","player_choice":"Forget","floor":2.0,"gold_loss":0.0,"damage_taken":0.0},{"damage_healed":0.0,"max_hp_gain":0.0,"max_hp_loss":0.0,"gold_gain":0.0,"event_name":"Scrap Ooze","player_choice":"Fled","floor":3.0,"gold_loss":0.0,"damage_taken":0.0},{"damage_healed":0.0,"max_hp_gain":0.0,"max_hp_loss":0.0,"gold_gain":0.0,"event_name":"FaceTrader","player_choice":"Trade","floor":7.0,"gold_loss":0.0,"damage_taken":0.0,"relics_obtained":["SsserpentHead"]},{"damage_healed":23.0,"max_hp_gain":0.0,"max_hp_loss":0.0,"gold_gain":0.0,"event_name":"Big Fish","player_choice":"Banana","floor":12.0,"gold_loss":0.0,"damage_taken":0.0},{"damage_healed":0.0,"max_hp_gain":0.0,"max_hp_loss":0.0,"gold_gain":0.0,"event_name":"The Library","player_choice":"Read","floor":20.0,"gold_loss":0.0,"damage_taken":0.0,"cards_obtained":["BestPractice"]},{"damage_healed":0.0,"max_hp_gain":0.0,"max_hp_loss":0.0,"gold_gain":0.0,"event_name":"Vampires","player_choice":"Ignored","floor":21.0,"gold_loss":0.0,"damage_taken":0.0}],"is_beta":false,"boss_relics":[{"not_picked":["Pandora\u0027s Box","SacredBark"],"picked":"Black Star"}],"items_purged_floors":[19],"is_endless":false,"potions_floor_spawned":[4,10,11,16,23,25,29],"killed_by":"Slavers","ascension_level":8}}