{"host":"9viy3memdfgcf4vy","time":1611761067,"event":{"mods":["BaseMod","Colored Map","Downfall","Minty Spire (QoL Compilation)","StSLib"],"gold_per_floor":[0,16,1,1,33,64,64,64,111,21,21,89,89,125,190,311,311,211,225,265,309,259,259,339,339,339,339],"floor_reached":25,"language":"ENG","playtime":1443,"items_purged":["Slimebound:Tackle"],"score":315,"play_id":"dd59d0ac-41a7-4524-8b34-055c3fb126e6","local_time":"20210127172427","is_ascension_mode":true,"campfire_choices":[{"data":"Slimebound:Split","floor":1,"key":"SMITH"},{"floor":8,"key":"RECALL"},{"data":"HandOfGreed","floor":11,"key":"SMITH"},{"data":"1","floor":13,"key":"LIFT"},{"data":"2","floor":18,"key":"LIFT"},{"data":"Slimebound:LeadByExample","floor":23,"key":"SMITH"}],"circlet_count":0,"master_deck":["AscendersBane","Slimebound:Strike_Slimebound","Slimebound:Defend_Slimebound","Slimebound:Defend_Slimebound","Slimebound:Split+1","Slimebound:CorrosiveSpit","HandOfGreed+1","Slimebound:LeadByExample+1","Slimebound:GoopSpray","Slimebound:RallyTheTroops","Slimebound:SplitMire","Slimebound:Gluttony+1","Slimebound:Recycling+1","Slimebound:TongueLash+1","Slimebound:GoopTackle+1","Slimebound:MassRepurpose+1","Slimebound:RainOfGoop+1"],"relics":["Slimebound:AbsorbEndCombat","Girya","Frozen Egg 2","Astrolabe","downfall:HeartBlessingRed","Meat on the Bone"],"acts_visited":["Exordium","TheCity"],"potions_floor_usage":[9,16],"damage_taken":[{"damage":3,"enemies":"Jaw Worm","floor":2,"turns":4},{"damage":3,"enemies":"downfall:FleeingMerchant","floor":3,"turns":4},{"damage":6,"enemies":"Cultist","floor":5,"turns":4},{"damage":13,"enemies":"Small Slimes","floor":6,"turns":3},{"damage":17,"enemies":"Lagavulin","floor":9,"turns":5},{"damage":5,"enemies":"downfall:FleeingMerchant","floor":10,"turns":4},{"damage":7,"enemies":"Gremlin Gang","floor":12,"turns":4},{"damage":0,"enemies":"Large Slime","floor":14,"turns":3},{"damage":3,"enemies":"3 Louse","floor":15,"turns":4},{"damage":24,"enemies":"IC_STATUS_ARCHETYPE","floor":16,"turns":8},{"damage":12,"enemies":"Chosen","floor":19,"turns":4},{"damage":24,"enemies":"3 Byrds","floor":20,"turns":4},{"damage":28,"enemies":"Cultist and Chosen","floor":21,"turns":6},{"damage":40,"enemies":"Shelled Parasite and Fungi","floor":25,"turns":2}],"seed_played":"7709176314004022579","potions_obtained":[{"floor":5,"key":"LiquidBronze"},{"floor":9,"key":"Guardian:BlockOnCardUsePotion"},{"floor":12,"key":"Weak Potion"},{"floor":14,"key":"BlessingOfTheForge"},{"floor":19,"key":"SteroidPotion"},{"floor":21,"key":"EssenceOfSteel"}],"is_trial":false,"path_per_floor":["R","M","$","?","M","M","T","R","E","$","R","M","R","M","M","B",null,"R","M","M","M","?","R","T","M"],"character_chosen":"SLIMEBOUND","items_purchased":[],"campfire_rested":0,"item_purchase_floors":[],"current_hp_per_floor":[59,62,63,63,62,53,53,53,40,41,41,40,40,46,47,31,57,57,51,33,13,39,39,39,0,0,0],"gold":339,"neow_bonus":"RANDOM_COLORLESS_2","is_daily":false,"chose_seed":false,"campfire_upgraded":3,"win_rate":0.0,"timestamp":1611761067,"path_taken":["R","M","$","?","M","M","T","R","E","$","R","?","R","M","M","BOSS","R","M","M","M","?","R","T","M"],"items_purchased_type":[],"build_version":"2020-12-22","purchased_purges":1,"victory":false,"max_hp_per_floor":[65,65,65,65,65,65,65,65,65,65,65,65,65,65,65,65,65,65,65,65,65,65,65,65,65,65,65],"card_choices":[{"not_picked":["Thinking Ahead","Metamorphosis"],"picked":"HandOfGreed","floor":0},{"not_picked":["Slimebound:HauntingLick","Slimebound:SpikyOuterGoop"],"picked":"Slimebound:LeadByExample","floor":2},{"not_picked":["Slimebound:ComboTackle","Slimebound:Prepare","Slimebound:LivingWall"],"picked":"SKIP","floor":3},{"not_picked":["Slimebound:Grow","Slimebound:ComboTackle","Slimebound:MegaLick"],"picked":"SKIP","floor":5},{"not_picked":["Slimebound:Prepare","Slimebound:LivingWall"],"picked":"Slimebound:RallyTheTroops","floor":6},{"not_picked":["Slimebound:BestDefense+1","Slimebound:Repurpose","Slimebound:FinishingTackle"],"picked":"SKIP","floor":9},{"not_picked":["Slimebound:RainOfGoop","Slimebound:RejuvenatingLick"],"picked":"Slimebound:SplitMire","floor":10},{"not_picked":["Slimebound:SplitLeeching","Slimebound:LivingWall"],"picked":"Slimebound:Gluttony+1","floor":12},{"not_picked":["Slimebound:RollThrough","Slimebound:ComboTackle","Slimebound:BestDefense+1"],"picked":"SKIP","floor":14},{"not_picked":["Slimebound:ViciousTackle","Slimebound:FinishingTackle","Slimebound:GoopSpray"],"picked":"SKIP","floor":15},{"not_picked":["Slimebound:PrepareCrush","Slimebound:MinionMaster+1"],"picked":"Slimebound:Recycling+1","floor":16},{"not_picked":["Slimebound:AcidTongue+1","Slimebound:DivideAndConquer+1","Slimebound:Repurpose"],"picked":"SKIP","floor":19},{"not_picked":["Slimebound:RollThrough","Slimebound:SlimeTap","Slimebound:LivingWall"],"picked":"SKIP","floor":20},{"not_picked":["Slimebound:LeechingTouch","Slimebound:SplitMire"],"picked":"Slimebound:RainOfGoop+1","floor":21}],"player_experience":403738,"relics_obtained":[{"floor":7,"key":"Girya"},{"floor":9,"key":"Frozen Egg 2"},{"floor":24,"key":"Meat on the Bone"}],"event_choices":[],"is_beta":false,"boss_relics":[{"not_picked":["Black Star","Snecko Eye"],"picked":"Astrolabe"}],"items_purged_floors":[10],"is_endless":false,"potions_floor_spawned":[5,9,12,14,15,19,20,21],"killed_by":"Shelled Parasite and Fungi","ascension_level":11}}