{"host":"p62uqwu04pp7leh9","time":1611715243,"event":{"mods":["BaseMod","Block Reminder","Colored Map","Colored Powertips","Minty Spire (QoL Compilation)","Relic Stats"],"gold_per_floor":[109,109,127,14,30,30,58,58,83,83,98,116,132,144,144,248,248,260,335,348,363,383,383,383],"floor_reached":23,"language":"ENG","playtime":1367,"items_purged":["Pain"],"score":197,"play_id":"8d0ec601-7f45-4695-9661-0fd4a2063ba2","local_time":"20210126204043","is_ascension_mode":false,"campfire_choices":[{"data":"Zap","floor":6,"key":"SMITH"},{"floor":10,"key":"REST"},{"data":"Genetic Algorithm","floor":15,"key":"SMITH"}],"circlet_count":0,"master_deck":["Strike_B","Strike_B","Strike_B","Strike_B","Defend_B","Defend_B","Defend_B","Defend_B","Zap+1","Dualcast+1","Ball Lightning","Barrage","Auto Shields","Leap","Electrodynamics","Heatsinks","Genetic Algorithm+1","Creative AI","Double Energy"],"relics":["Cracked Core","WarpedTongs","Dream Catcher","Tiny Chest","Snecko Eye"],"acts_visited":["Exordium","TheCity"],"potions_floor_usage":[13,16,18],"damage_taken":[{"damage":4,"enemies":"2 Louse","floor":1,"turns":4},{"damage":1,"enemies":"Cultist","floor":3,"turns":3},{"damage":0,"enemies":"Jaw Worm","floor":5,"turns":3},{"damage":11,"enemies":"Gremlin Nob","floor":7,"turns":4},{"damage":9,"enemies":"3 Louse","floor":11,"turns":2},{"damage":1,"enemies":"Looter","floor":12,"turns":3},{"damage":7,"enemies":"Red Slaver","floor":13,"turns":2},{"damage":0,"enemies":"2 Fungi Beasts","floor":14,"turns":2},{"damage":30,"enemies":"Hexaghost","floor":16,"turns":10},{"damage":14,"enemies":"2 Thieves","floor":18,"turns":4},{"damage":17,"enemies":"Spheric Guardian","floor":20,"turns":4},{"damage":14,"enemies":"Shelled Parasite and Fungi","floor":21,"turns":6},{"damage":7,"enemies":"Chosen and Byrds","floor":22,"turns":6},{"damage":23,"enemies":"Book of Stabbing","floor":23,"turns":3}],"seed_played":"4999407203585758122","potions_obtained":[{"floor":7,"key":"SteroidPotion"},{"floor":11,"key":"SkillPotion"},{"floor":12,"key":"SpeedPotion"},{"floor":13,"key":"GamblersBrew"}],"is_trial":false,"path_per_floor":["M","?","M","$","M","R","E","?","T","R","M","M","M","M","R","B",null,"M","?","M","M","M","E"],"character_chosen":"DEFECT","items_purchased":["Auto Shields"],"campfire_rested":1,"item_purchase_floors":[4],"current_hp_per_floor":[78,78,77,77,77,77,66,66,66,82,73,72,65,65,65,35,82,68,60,43,29,22,0,0],"gold":383,"neow_bonus":"TEN_PERCENT_HP_BONUS","is_daily":false,"chose_seed":false,"campfire_upgraded":2,"win_rate":0.0,"timestamp":1611715243,"path_taken":["M","?","?","$","M","R","E","?","T","R","M","M","M","?","R","BOSS","M","?","M","M","M","E"],"items_purchased_type":["Card"],"build_version":"2020-12-22","purchased_purges":1,"victory":false,"max_hp_per_floor":[82,82,82,82,82,82,82,82,82,82,82,82,82,82,82,82,82,82,82,82,82,82,82,82],"relic_stats":{"Dream Catcher":1,"counters":[14,56],"Snecko Eye":[46,39,40,39],"Tiny Chest":0,"obtain_stats":[{"Dream Catcher":7,"Snecko Eye":17,"Tiny Chest":9,"Cracked Core":0,"WarpedTongs":2},{"Dream Catcher":4,"Snecko Eye":9,"Tiny Chest":4,"Cracked Core":0,"WarpedTongs":1},{"Dream Catcher":14,"Snecko Eye":33,"Tiny Chest":14,"Cracked Core":0,"WarpedTongs":4}],"WarpedTongs":[52]},"card_choices":[{"not_picked":["Reprogram","Redo"],"picked":"Ball Lightning","floor":1},{"not_picked":["Steam","Tempest"],"picked":"Barrage","floor":3},{"not_picked":["Double Energy","Steam"],"picked":"Leap","floor":5},{"not_picked":["Self Repair","Melter"],"picked":"Electrodynamics","floor":7},{"not_picked":["Stack","Hello World"],"picked":"Heatsinks","floor":11},{"not_picked":["Leap","Ball Lightning"],"picked":"Genetic Algorithm","floor":12},{"not_picked":["Fusion","Beam Cell","Conserve Battery"],"picked":"SKIP","floor":13},{"not_picked":["Compile Driver","Ball Lightning","Beam Cell"],"picked":"SKIP","floor":14},{"not_picked":["Electrodynamics","Seek"],"picked":"Creative AI","floor":16},{"not_picked":["Ball Lightning","Genetic Algorithm","Redo"],"picked":"SKIP","floor":18},{"not_picked":["FTL","Ball Lightning"],"picked":"Double Energy","floor":20},{"not_picked":["Beam Cell","Ball Lightning","Heatsinks"],"picked":"SKIP","floor":21},{"not_picked":["Leap","Rip and Tear","Steam"],"picked":"SKIP","floor":22}],"player_experience":361843,"relics_obtained":[{"floor":7,"key":"Dream Catcher"},{"floor":9,"key":"Tiny Chest"}],"event_choices":[{"damage_healed":0,"gold_gain":0,"player_choice":"Rummage","damage_taken":0,"relics_obtained":["WarpedTongs"],"max_hp_gain":0,"max_hp_loss":0,"event_name":"Accursed Blacksmith","floor":2,"gold_loss":0,"cards_obtained":["Pain"]},{"damage_healed":0,"gold_gain":0,"player_choice":"Upgraded","damage_taken":0,"max_hp_gain":0,"max_hp_loss":0,"event_name":"Upgrade Shrine","floor":8,"gold_loss":0,"cards_upgraded":["Dualcast"]},{"damage_healed":0,"gold_gain":75,"player_choice":"Touch","damage_taken":8,"max_hp_gain":0,"max_hp_loss":0,"event_name":"FaceTrader","floor":19,"gold_loss":0}],"is_beta":false,"boss_relics":[{"not_picked":["Runic Dome","Busted Crown"],"picked":"Snecko Eye"}],"items_purged_floors":[4],"is_endless":false,"potions_floor_spawned":[7,11,12,13,14],"killed_by":"Book of Stabbing","ascension_level":0}}