{"host":"19r1ww88x2tc73i0","time":1611782128,"event":{"mods":["BaseMod","BetterRewards","Colored Map","Minty Spire (QoL Compilation)","Relic Stats","StSLib","SuperFastMode","slay the spire mod where everything is the same but ironclad has a cowboy hat"],"gold_per_floor":[111,111,129,140,140,140,140,140,140],"floor_reached":8,"language":"ENG","playtime":191,"items_purged":[],"score":92,"play_id":"272e61ee-5182-4628-9e39-6981980884ee","local_time":"25640128041528","is_ascension_mode":true,"campfire_choices":[{"data":"Bash","floor":6.0,"key":"SMITH"}],"circlet_count":0,"master_deck":["AscendersBane","Strike_R","Strike_R","Strike_R","Strike_R","Strike_R","Defend_R","Defend_R","Defend_R","Defend_R+1","Bash+1","Reaper","Thunderclap+1","Twin Strike"],"relics":["Burning Blood","Omamori","Golden Idol"],"acts_visited":["Exordium"],"potions_floor_usage":[8,8],"damage_taken":[{"damage":9.0,"enemies":"Small Slimes","floor":1.0,"turns":4.0},{"damage":1.0,"enemies":"Cultist","floor":3.0,"turns":3.0},{"damage":6.0,"enemies":"2 Louse","floor":4.0,"turns":3.0},{"damage":60,"enemies":"Lagavulin","floor":8,"turns":6}],"seed_played":"8359808943854360122","potions_obtained":[{"floor":1.0,"key":"FearPotion"},{"floor":3.0,"key":"BloodPotion"}],"is_trial":false,"path_per_floor":["M","?","M","M","?","R","?","E"],"character_chosen":"IRONCLAD","items_purchased":[],"campfire_rested":0,"item_purchase_floors":[],"current_hp_per_floor":[69,69,74,75,52,52,52,11,11],"gold":140,"neow_bonus":"ONE_RANDOM_RARE_CARD","is_daily":false,"chose_seed":false,"campfire_upgraded":1,"win_rate":0.0,"timestamp":1611782128,"path_taken":["M","?","M","?","?","R","?","E"],"items_purchased_type":[],"build_version":"2020-12-22","purchased_purges":0,"victory":false,"max_hp_per_floor":[75,75,75,75,75,75,68,68,68],"relic_stats":{"counters":[4,16],"Golden Idol":0,"obtain_stats":[{"Golden Idol":7,"Omamori":2,"Burning Blood":0},{"Golden Idol":3,"Omamori":1,"Burning Blood":0},{"Golden Idol":10,"Omamori":4,"Burning Blood":0}],"Burning Blood":16},"card_choices":[{"not_picked":["Burning Pact","Clash"],"picked":"Flex","floor":1.0},{"not_picked":["Searing Blow","Reckless Charge"],"picked":"Thunderclap","floor":3.0},{"not_picked":["Perfected Strike","Dual Wield"],"picked":"Twin Strike","floor":4.0}],"player_experience":961625,"relics_obtained":[],"event_choices":[{"cards_removed":["Flex"],"damage_healed":0.0,"max_hp_gain":0.0,"max_hp_loss":0.0,"gold_gain":0.0,"event_name":"WeMeetAgain","player_choice":"Gave Card","floor":2.0,"gold_loss":0.0,"damage_taken":0.0,"relics_obtained":["Omamori"]},{"damage_healed":0.0,"max_hp_gain":0.0,"max_hp_loss":0.0,"gold_gain":0.0,"event_name":"Shining Light","player_choice":"Entered Light","floor":5.0,"gold_loss":0.0,"damage_taken":23.0,"cards_upgraded":["Thunderclap","Defend_R"]},{"damage_healed":0.0,"max_hp_gain":0.0,"max_hp_loss":7.0,"gold_gain":0.0,"event_name":"Golden Idol","player_choice":"Lose Max HP","floor":7.0,"gold_loss":0.0,"damage_taken":0.0,"relics_obtained":["Golden Idol"]}],"is_beta":false,"boss_relics":[],"items_purged_floors":[],"is_endless":false,"potions_floor_spawned":[1,3],"killed_by":"Lagavulin","ascension_level":20}}