{"host":"nj4msrt0z6tj4wtb","time":1611754898,"event":{"mods":["AchievementEnabler","BaseMod","Colored Map","Colored Powertips","DeckTracker","Highlight Path","Keyboard Shortcuts","Minty Spire (QoL Compilation)","Quick Restart","Random Character Button","StSLib","SuperFastMode"],"gold_per_floor":[211,211,223,183,201,201,232,232,232,247,258,208,208,225,225,323,323,338,338,350,362,45,45,70,70,70,104,104,4,22,22,22,127,127,137,137,137,191,110,142,159,159,231,231,106,141,151,165,165,165,165,165,15,43,43,43],"floor_reached":55,"language":"KOR","playtime":1900,"items_purged":["Strike_R","Strike_R","Strike_R","Strike_R"],"score":906,"play_id":"d1a590cb-3116-4244-b670-810b3a966f1e","local_time":"20210127224138","is_ascension_mode":true,"campfire_choices":[{"data":"Wild Strike","floor":6.0,"key":"SMITH"},{"data":"Twin Strike","floor":8.0,"key":"SMITH"},{"data":"Inflame","floor":13.0,"key":"SMITH"},{"data":"Sword Boomerang","floor":15.0,"key":"SMITH"},{"data":"RitualDagger","floor":23.0,"key":"SMITH"},{"floor":28.0,"key":"REST"},{"floor":32.0,"key":"REST"},{"data":"Barricade","floor":42.0,"key":"SMITH"},{"floor":49.0,"key":"RECALL"},{"data":"Rampage","floor":52.0,"key":"SMITH"}],"circlet_count":0,"master_deck":["Defend_R","Defend_R","Defend_R","Defend_R","Bash","Twin Strike+1","Sword Boomerang+1","Wild Strike+1","Impervious+1","Inflame+1","Limit Break+1","Feel No Pain","RitualDagger+1","Rampage+1","Fire Breathing","Flash of Steel","Sentinel+1","Armaments+1","Pommel Strike+1","Inflame+1","Barricade+1","Shockwave+1","Second Wind+1","Body Slam+1","Shrug It Off+1","Disarm+1","Metallicize","Warcry+1"],"relics":["Burning Blood","Toxic Egg 2","Cursed Key","Omamori","Blue Candle","CaptainsWheel","Question Card","Sozu","Mango","Sundial","Pantograph","Thread and Needle","Akabeko"],"acts_visited":["Exordium","TheCity","TheBeyond","TheEnding"],"potions_floor_usage":[55],"damage_taken":[{"damage":6.0,"enemies":"Cultist","floor":1.0,"turns":3.0},{"damage":3.0,"enemies":"2 Louse","floor":3.0,"turns":3.0},{"damage":15.0,"enemies":"Small Slimes","floor":5.0,"turns":3.0},{"damage":32.0,"enemies":"Gremlin Nob","floor":7.0,"turns":4.0},{"damage":8.0,"enemies":"2 Fungi Beasts","floor":10.0,"turns":3.0},{"damage":8.0,"enemies":"Exordium Thugs","floor":11.0,"turns":4.0},{"damage":6.0,"enemies":"Looter","floor":14.0,"turns":3.0},{"damage":17.0,"enemies":"The Guardian","floor":16.0,"turns":10.0},{"damage":2.0,"enemies":"Chosen","floor":18.0,"turns":3.0},{"damage":7.0,"enemies":"2 Thieves","floor":20.0,"turns":4.0},{"damage":14.0,"enemies":"Centurion and Healer","floor":21.0,"turns":5.0},{"damage":0.0,"enemies":"Gremlin Leader","floor":24.0,"turns":7.0},{"damage":67.0,"enemies":"Book of Stabbing","floor":27.0,"turns":6.0},{"damage":23.0,"enemies":"Chosen and Byrds","floor":30.0,"turns":6.0},{"damage":8.0,"enemies":"Champ","floor":33.0,"turns":9.0},{"damage":6.0,"enemies":"Orb Walker","floor":35.0,"turns":3.0},{"damage":22.0,"enemies":"2 Orb Walkers","floor":38.0,"turns":4.0},{"damage":28.0,"enemies":"Nemesis","floor":40.0,"turns":5.0},{"damage":4.0,"enemies":"3 Shapes","floor":41.0,"turns":3.0},{"damage":0.0,"enemies":"Giant Head","floor":46.0,"turns":7.0},{"damage":0.0,"enemies":"Maw","floor":47.0,"turns":7.0},{"damage":14.0,"enemies":"3 Darklings","floor":48.0,"turns":8.0},{"damage":42.0,"enemies":"Donu and Deca","floor":50.0,"turns":10.0},{"damage":35.0,"enemies":"Shield and Spear","floor":54.0,"turns":5.0},{"damage":86,"enemies":"The Heart","floor":55,"turns":8}],"seed_played":"-7949963596904603641","potions_obtained":[{"floor":4.0,"key":"Strength Potion"},{"floor":4.0,"key":"SpeedPotion"},{"floor":4.0,"key":"GamblersBrew"},{"floor":7.0,"key":"Regen Potion"},{"floor":14.0,"key":"Fire Potion"},{"floor":20.0,"key":"Dexterity Potion"},{"floor":24.0,"key":"GamblersBrew"},{"floor":33.0,"key":"Explosive Potion"}],"is_trial":false,"path_per_floor":["M","?","M","?","M","R","E","R","T","M","M","?","R","M","R","B",null,"M","?","M","M","$","R","E","T","T","E","R","$","M","?","R","B",null,"M","T","?","?","$","E","M","R","T","?","$","E","M","M","R","B",null,"R","$","E","B"],"character_chosen":"IRONCLAD","items_purchased":["Omamori","Flash of Steel","Second Wind+1"],"campfire_rested":2,"item_purchase_floors":[22,22,39],"current_hp_per_floor":[80,80,80,80,71,71,45,45,45,43,41,41,41,41,41,45,80,80,74,73,65,65,65,71,71,71,10,34,34,17,17,41,39,80,80,80,76,74,74,52,54,54,54,54,54,60,66,58,58,47,90,90,90,61,0,0],"gold":43,"neow_bonus":"HUNDRED_GOLD","is_daily":false,"chose_seed":false,"campfire_upgraded":7,"win_rate":0.0,"timestamp":1611754898,"path_taken":["M","?","M","?","M","R","E","R","T","?","M","?","R","M","R","BOSS","M","?","M","M","$","R","E","?","T","E","R","$","M","?","R","BOSS","M","?","?","?","?","E","M","R","T","?","$","E","M","M","R","BOSS","R","$","E","BOSS"],"items_purchased_type":["Relic","Card","Card"],"build_version":"2020-12-22","purchased_purges":4,"victory":false,"max_hp_per_floor":[80,80,80,80,80,80,80,80,80,80,80,80,80,80,80,80,80,80,80,80,80,80,80,80,80,80,80,80,80,80,80,80,80,80,80,80,76,90,90,90,90,90,90,90,90,90,90,90,90,90,90,90,90,90,90,90],"card_choices":[{"not_picked":["Sword Boomerang","Cleave"],"picked":"Twin Strike","floor":1.0},{"not_picked":["Heavy Blade","Headbutt"],"picked":"Sword Boomerang","floor":3.0},{"not_picked":["Iron Wave","Shockwave"],"picked":"Wild Strike","floor":5.0},{"not_picked":["Anger","Whirlwind"],"picked":"Impervious+1","floor":7.0},{"not_picked":["Flex+1","Reckless Charge"],"picked":"Inflame","floor":10.0},{"not_picked":["Warcry+1","Thunderclap","Havoc+1"],"picked":"SKIP","floor":11.0},{"not_picked":["Searing Blow","Impervious+1","Clash"],"picked":"SKIP","floor":14.0},{"not_picked":["Juggernaut","Feed"],"picked":"Limit Break+1","floor":16.0},{"not_picked":["Sword Boomerang","Dark Embrace+1"],"picked":"Feel No Pain","floor":18.0},{"not_picked":["Thunderclap","Clothesline"],"picked":"Rampage","floor":20.0},{"not_picked":["Havoc+1","Headbutt"],"picked":"Fire Breathing","floor":21.0},{"not_picked":["Corruption","Whirlwind"],"picked":"Sentinel+1","floor":24.0},{"not_picked":["Whirlwind","Body Slam"],"picked":"Armaments+1","floor":27.0},{"not_picked":["Warcry+1","Thunderclap+1","Cleave"],"picked":"Pommel Strike+1","floor":30.0},{"not_picked":["Feed","Bludgeon","Juggernaut"],"picked":"Barricade","floor":33.0},{"not_picked":["Pummel+1","Anger","Havoc+1","Infernal Blade+1"],"picked":"SKIP","floor":35.0},{"not_picked":["Twin Strike","Hemokinesis","Ghostly Armor+1"],"picked":"Shockwave+1","floor":38.0},{"not_picked":["Hemokinesis","True Grit+1","Pommel Strike"],"picked":"Body Slam+1","floor":40.0},{"not_picked":["Headbutt+1","Iron Wave+1","True Grit+1"],"picked":"Shrug It Off+1","floor":41.0},{"not_picked":["Clash+1","Ghostly Armor+1","Warcry+1","Inflame+1"],"picked":"SKIP","floor":46.0},{"not_picked":["Anger+1","Combust","Dual Wield+1"],"picked":"Disarm+1","floor":47.0},{"not_picked":["Second Wind+1","Shockwave+1","Combust"],"picked":"Metallicize","floor":48.0},{"not_picked":["Sword Boomerang","Searing Blow+1","Iron Wave+1"],"picked":"Warcry+1","floor":54.0}],"player_experience":648201,"relics_obtained":[{"floor":7.0,"key":"Toxic Egg 2"},{"floor":24.0,"key":"Blue Candle"},{"floor":25.0,"key":"CaptainsWheel"},{"floor":27.0,"key":"Question Card"},{"floor":38.0,"key":"Mango"},{"floor":40.0,"key":"Sundial"},{"floor":43.0,"key":"Pantograph"},{"floor":46.0,"key":"Thread and Needle"},{"floor":54.0,"key":"Akabeko"}],"event_choices":[{"damage_healed":0.0,"max_hp_gain":0.0,"max_hp_loss":0.0,"gold_gain":0.0,"event_name":"Liars Game","player_choice":"Ignored","floor":2.0,"gold_loss":0.0,"damage_taken":0.0},{"damage_healed":0.0,"max_hp_gain":0.0,"max_hp_loss":0.0,"gold_gain":0.0,"event_name":"The Woman in Blue","player_choice":"Bought 3 Potions","floor":4.0,"gold_loss":0.0,"damage_taken":0.0},{"cards_removed":["Strike_R"],"damage_healed":0.0,"max_hp_gain":0.0,"max_hp_loss":0.0,"gold_gain":0.0,"event_name":"The Cleric","player_choice":"Card Removal","floor":12.0,"gold_loss":50.0,"damage_taken":0.0},{"damage_healed":0.0,"max_hp_gain":0.0,"max_hp_loss":0.0,"gold_gain":0.0,"event_name":"Nest","player_choice":"Joined the Cult","floor":19.0,"gold_loss":0.0,"damage_taken":6.0,"cards_obtained":["RitualDagger"]},{"damage_healed":0.0,"max_hp_gain":0.0,"max_hp_loss":0.0,"gold_gain":0.0,"event_name":"Duplicator","player_choice":"Copied","floor":31.0,"gold_loss":0.0,"damage_taken":0.0,"cards_obtained":["Inflame"]},{"damage_healed":0.0,"max_hp_gain":0.0,"max_hp_loss":4.0,"gold_gain":0.0,"event_name":"Winding Halls","player_choice":"Max HP","floor":37.0,"gold_loss":0.0,"damage_taken":0.0},{"damage_healed":0.0,"max_hp_gain":0.0,"max_hp_loss":0.0,"gold_gain":0.0,"event_name":"Mysterious Sphere","player_choice":"Fight","floor":38.0,"gold_loss":0.0,"damage_taken":0.0},{"damage_healed":0.0,"max_hp_gain":0.0,"max_hp_loss":0.0,"gold_gain":0.0,"event_name":"SecretPortal","player_choice":"Ignored","floor":44.0,"gold_loss":0.0,"damage_taken":0.0}],"is_beta":false,"boss_relics":[{"not_picked":["Pandora\u0027s Box","Black Star"],"picked":"Cursed Key"},{"not_picked":["Coffee Dripper","Runic Pyramid"],"picked":"Sozu"}],"items_purged_floors":[22,29,45,53],"is_endless":false,"potions_floor_spawned":[7,14,20,24,33,35,41,48],"killed_by":"The Heart","ascension_level":3}}