{"host":"opyh6vr790e42ffe","time":1611723418,"event":{"mods":["BaseMod","Bestiary","Colored Map","Downfall","Highlight Path","Minty Spire (QoL Compilation)","Relic Stats","StSLib"],"gold_per_floor":[99,116,116,127,138,38,62,78,93,103,123,139,139,19,29,125,125,125,135,38,50,50,45,118,18,51,69,79,113,127,141,157,157,157],"floor_reached":33,"language":"ENG","playtime":9570,"items_purged":["Clumsy"],"score":287,"play_id":"54d6017b-80c2-4c22-a3d5-615b53ec1a46","local_time":"20210126205658","is_ascension_mode":false,"campfire_choices":[{"floor":1.0,"key":"RECALL"},{"data":"bronze:ChosenStrike","floor":6.0,"key":"SMITH"},{"floor":13.0,"key":"REST"},{"data":"bronze:Mutator","floor":18.0,"key":"SMITH"},{"data":"bronze:Verify","floor":25.0,"key":"SMITH"}],"circlet_count":0,"master_deck":["bronze:Strike","bronze:Defend","bronze:Defend","bronze:Defend","bronze:Defend","bronze:Replicate","bronze:Goto","Impatience","bronze:ChosenStrike+1","bronze:WhirlingStrike","bronze:ClassDefault","bronze:ForLoop","bronze:Philosophize","bronze:Mutator+1","bronze:Deprecate","bronze:GetLatest","bronze:CleanCode","bronze:MaxOutput","bronze:Branch","bronze:Verify+1","bronze:Turbo","bronze:Invalidate+1","bronze:Fortify","bronze:BronzeArmor","bronze:ItsAFeature","bronze:Assembly","bronze:Fortify","bronze:ForceShield","bronze:Constructor","bronze:Optimize+1","bronze:Constructor","bronze:Safeguard","bronze:Safeguard"],"relics":["bronze:BronzeCore","downfall:HeartBlessingRed","Toy Ornithopter","expansioncontent:StudyCardRelic","bronze:CableSpool","downfall:HeartBlessingBlue","Tiny Chest","The Courier"],"acts_visited":["Exordium","TheCity"],"potions_floor_usage":[32,33],"damage_taken":[{"damage":1.0,"enemies":"Jaw Worm","floor":2.0,"turns":3.0},{"damage":1.0,"enemies":"Cultist","floor":4.0,"turns":3.0},{"damage":2.0,"enemies":"2 Louse","floor":5.0,"turns":2.0},{"damage":5.0,"enemies":"Exordium Thugs","floor":8.0,"turns":2.0},{"damage":0.0,"enemies":"Lots of Slimes","floor":9.0,"turns":3.0},{"damage":6.0,"enemies":"Gremlin Gang","floor":10.0,"turns":3.0},{"damage":18.0,"enemies":"Exordium Thugs","floor":11.0,"turns":2.0},{"damage":5.0,"enemies":"Exordium Wildlife","floor":12.0,"turns":2.0},{"damage":5.0,"enemies":"downfall:FleeingMerchant","floor":14.0,"turns":4.0},{"damage":0.0,"enemies":"Large Slime","floor":15.0,"turns":4.0},{"damage":43.0,"enemies":"WA_ARCHETYPE_RETAIN","floor":16.0,"turns":7.0},{"damage":0.0,"enemies":"Chosen","floor":19.0,"turns":4.0},{"damage":10.0,"enemies":"downfall:FleeingMerchant","floor":20.0,"turns":4.0},{"damage":7.0,"enemies":"Snecko","floor":21.0,"turns":5.0},{"damage":5.0,"enemies":"downfall:FleeingMerchant","floor":23.0,"turns":3.0},{"damage":52.0,"enemies":"Slavers","floor":26.0,"turns":4.0},{"damage":32.0,"enemies":"3 Cultists","floor":27.0,"turns":5.0},{"damage":23.0,"enemies":"Snake Plant","floor":28.0,"turns":5.0},{"damage":53.0,"enemies":"Book of Stabbing","floor":29.0,"turns":7.0},{"damage":2.0,"enemies":"Sentry and Sphere","floor":30.0,"turns":3.0},{"damage":10,"enemies":"Centurion and Healer","floor":31,"turns":7},{"damage":0,"enemies":"Cultist and Chosen","floor":32,"turns":4},{"damage":24,"enemies":"SI_MIRROR_ARCHETYPE","floor":33,"turns":12}],"seed_played":"-3511232198671782259","potions_obtained":[{"floor":4.0,"key":"Slimebound:ThreeZeroPotion"},{"floor":8.0,"key":"SpeedPotion"},{"floor":10.0,"key":"FearPotion"},{"floor":12.0,"key":"CultistPotion"},{"floor":15.0,"key":"bronze:BurnAndBuffPotion"},{"floor":21.0,"key":"Energy Potion"},{"floor":27.0,"key":"GamblersBrew"},{"floor":31,"key":"Dexterity Potion"}],"is_trial":false,"path_per_floor":["R","M","?","M","M","R","T","M","M","M","M","M","R","$","M","B",null,"R","M","$","M","T","$","T","R","E","M","M","E","M","M","M","B"],"character_chosen":"THE_AUTOMATON","items_purchased":["bronze:MaxOutput","bronze:Branch","bronze:Fortify","bronze:ItsAFeature","bronze:Assembly","PowerPotion"],"campfire_rested":1,"item_purchase_floors":[14,14,20,23,23,23],"current_hp_per_floor":[70,69,69,68,66,66,66,61,61,60,42,37,58,53,53,20,70,70,70,60,53,53,48,48,58,11,20,20,10,13,3,8,0,0],"gold":157,"neow_bonus":"RANDOM_COLORLESS","is_daily":false,"chose_seed":false,"campfire_upgraded":3,"win_rate":0.0,"timestamp":1611723418,"path_taken":["R","M","?","M","M","R","T","M","M","?","M","M","R","$","M","BOSS","R","M","$","?","?","$","T","R","E","?","M","E","M","M","M","BOSS"],"items_purchased_type":["Card","Card","Card","Card","Card","Potion"],"build_version":"2020-12-22","purchased_purges":1,"victory":false,"max_hp_per_floor":[70,70,70,70,70,70,70,70,70,70,70,70,70,70,70,70,70,70,70,70,70,70,70,70,80,80,80,80,80,80,80,80,80,80],"relic_stats":{"counters":[23,98],"Tiny Chest":0,"obtain_stats":[{"bronze:BronzeCore":0,"downfall:HeartBlessingRed":6,"downfall:HeartBlessingBlue":25,"Tiny Chest":26,"The Courier":29,"expansioncontent:StudyCardRelic":17,"Toy Ornithopter":7,"bronze:CableSpool":24},{"bronze:BronzeCore":0,"downfall:HeartBlessingRed":3,"downfall:HeartBlessingBlue":15,"Tiny Chest":16,"The Courier":19,"expansioncontent:StudyCardRelic":11,"Toy Ornithopter":3,"bronze:CableSpool":15},{"bronze:BronzeCore":0,"downfall:HeartBlessingRed":8,"downfall:HeartBlessingBlue":51,"Tiny Chest":55,"The Courier":72,"expansioncontent:StudyCardRelic":35,"Toy Ornithopter":8,"bronze:CableSpool":51}],"Toy Ornithopter":35},"card_choices":[{"not_picked":["Deep Breath","Good Instincts"],"picked":"Impatience","floor":0.0},{"not_picked":["bronze:Invalidate","bronze:BugBarrage"],"picked":"bronze:ChosenStrike","floor":2.0},{"not_picked":["bronze:Frontload","bronze:Separator"],"picked":"bronze:WhirlingStrike","floor":4.0},{"not_picked":["bronze:Separator","bronze:WhirlingStrike"],"picked":"bronze:ClassDefault","floor":5.0},{"not_picked":["bronze:OilSpill","bronze:Constructor"],"picked":"bronze:ForLoop","floor":8.0},{"not_picked":["bronze:WildBeam","bronze:CutThrough"],"picked":"bronze:Philosophize","floor":9.0},{"not_picked":["bronze:Constructor","bronze:DelayedSlice"],"picked":"bronze:Mutator","floor":10.0},{"not_picked":["bronze:CutThrough","bronze:Branch"],"picked":"bronze:Deprecate","floor":11.0},{"not_picked":["bronze:DelayedGuard","bronze:Constructor"],"picked":"bronze:GetLatest","floor":12.0},{"not_picked":["bronze:Overload","bronze:BitShift"],"picked":"bronze:CleanCode","floor":14.0},{"not_picked":["bronze:BugBarrage","bronze:Overheat","bronze:Constructor"],"picked":"SKIP","floor":15.0},{"not_picked":["bronze:BurnOut","bronze:AlphaBuild"],"picked":"bronze:Verify","floor":16.0},{"not_picked":["bronze:WildBeam","bronze:ChosenStrike"],"picked":"bronze:Turbo","floor":19.0},{"not_picked":["bronze:ClassDefault","bronze:WhirlingStrike"],"picked":"bronze:Invalidate+1","floor":20.0},{"not_picked":["bronze:Philosophize","bronze:Shield+1"],"picked":"bronze:BronzeArmor","floor":21.0},{"not_picked":["bronze:BronzeArmor+1","bronze:WildBeam","bronze:OilSpill+1"],"picked":"SKIP","floor":23.0},{"not_picked":["bronze:NullPointer","bronze:DelayedSlice"],"picked":"bronze:Fortify","floor":26.0},{"not_picked":["bronze:Branch+1","bronze:ChildClass"],"picked":"bronze:ForceShield","floor":27.0},{"not_picked":["bronze:Invalidate","bronze:Overheat"],"picked":"bronze:Constructor","floor":28.0},{"not_picked":["bronze:Branch","bronze:FineTuning"],"picked":"bronze:Optimize+1","floor":29.0},{"not_picked":["bronze:FollowUp","bronze:RecursiveStrike"],"picked":"bronze:Constructor","floor":30.0},{"not_picked":["bronze:DelayedSlice","bronze:Branch+1"],"picked":"bronze:Safeguard","floor":31},{"not_picked":["bronze:BuggyMess","bronze:ClassDefault"],"picked":"bronze:Safeguard","floor":32}],"player_experience":2651648,"relics_obtained":[{"floor":7.0,"key":"Toy Ornithopter"},{"floor":24.0,"key":"bronze:CableSpool"},{"floor":26.0,"key":"Tiny Chest"},{"floor":29.0,"key":"The Courier"}],"event_choices":[],"is_beta":false,"boss_relics":[{"not_picked":["Black Star","Busted Crown"],"picked":"expansioncontent:StudyCardRelic"}],"items_purged_floors":[23],"is_endless":false,"potions_floor_spawned":[4,8,10,12,15,21,27,28,29,31],"killed_by":"SI_MIRROR_ARCHETYPE","ascension_level":0}}