{"host":"Bilverbakes","time":1611783964,"event":{"mods":["2.2 Compatiblity","AchievementEnabler","BaseMod","Bestiary","Colored Map","Minty Spire (QoL Compilation)","Relic Stats","StSLib","ojb\u0027s Info Mod"],"gold_per_floor":[128,140,166,198,221,264,289,301,358,370,392,424,436,473,485,573,585,615,303,318,318,184,184,210,210,210,240,240,240,253,253,253,324,324,336,385,439,364,364,389,389,423,446,54,72,84,94,129,129,129,129,129,129,21,49,49],"floor_reached":57,"language":"ENG","playtime":3665,"items_purged":["Strike_G","Shame","Decay"],"score":2716,"play_id":"33a41eb7-3c4b-4ce3-a5ae-d6e0d18087ce","local_time":"20210127154604","is_ascension_mode":true,"campfire_choices":[{"floor":8.0,"key":"REST"},{"data":"Neutralize","floor":10.0,"key":"SMITH"},{"data":"Deadly Poison","floor":13.0,"key":"SMITH"},{"data":"Survivor","floor":15.0,"key":"SMITH"},{"data":"Tools of the Trade","floor":23.0,"key":"SMITH"},{"floor":25.0,"key":"RECALL"},{"data":"Dagger Throw","floor":29.0,"key":"SMITH"},{"floor":32.0,"key":"REST"},{"floor":41.0,"key":"REST"},{"floor":49,"key":"REST"},{"floor":53,"key":"REST"}],"circlet_count":0,"master_deck":["AscendersBane","Strike_G","Strike_G","Strike_G","Strike_G","Defend_G","Defend_G","Defend_G","Defend_G","Defend_G","Survivor+1","Neutralize+1","Dagger Throw+1","Quick Slash","Endless Agony","Deadly Poison+1","Deadly Poison+1","Bouncing Flask+1","Backflip+1","Prepared+1","Bullet Time+1","Tools of the Trade+1","Crippling Poison+1","Leg Sweep+1","Acrobatics+1","Deflect+1","Doppelganger+1","Catalyst+1","Corpse Explosion+1","Concentrate+1","Dodge and Roll+1","Clumsy","Master of Strategy+1","PiercingWail+1","Catalyst+1","Well Laid Plans+1","Calculated Gamble+1"],"relics":["Ring of the Serpent","MawBank","Sundial","Toxic Egg 2","Strawberry","Oddly Smooth Stone","Membership Card","Anchor","Tiny Chest","Frozen Egg 2","Potion Belt","Juzu Bracelet","Lantern","Cursed Key","Gambling Chip","TungstenRod","Mummified Hand","Toy Ornithopter","Bag of Preparation","OrangePellets","Bottled Tornado","Chemical X","Eternal Feather"],"acts_visited":["Exordium","TheCity","TheBeyond","TheEnding"],"potions_floor_usage":[48,48,50,56,56,56],"damage_taken":[{"damage":5.0,"enemies":"2 Louse","floor":1.0,"turns":7.0},{"damage":0.0,"enemies":"Cultist","floor":3.0,"turns":3.0},{"damage":0.0,"enemies":"Jaw Worm","floor":4.0,"turns":6.0},{"damage":6.0,"enemies":"Looter","floor":5.0,"turns":3.0},{"damage":34.0,"enemies":"Gremlin Nob","floor":6.0,"turns":5.0},{"damage":5.0,"enemies":"Gremlin Gang","floor":7.0,"turns":5.0},{"damage":8.0,"enemies":"3 Louse","floor":11.0,"turns":4.0},{"damage":3.0,"enemies":"Looter","floor":12.0,"turns":3.0},{"damage":2.0,"enemies":"Lagavulin","floor":14.0,"turns":5.0},{"damage":1.0,"enemies":"The Guardian","floor":16.0,"turns":7.0},{"damage":0.0,"enemies":"3 Byrds","floor":18.0,"turns":5.0},{"damage":0.0,"enemies":"Spheric Guardian","floor":20.0,"turns":3.0},{"damage":16.0,"enemies":"Book of Stabbing","floor":24.0,"turns":7.0},{"damage":8.0,"enemies":"Slavers","floor":27.0,"turns":5.0},{"damage":0.0,"enemies":"Centurion and Healer","floor":30.0,"turns":5.0},{"damage":10.0,"enemies":"Champ","floor":33.0,"turns":7.0},{"damage":0.0,"enemies":"3 Shapes","floor":35.0,"turns":3.0},{"damage":28.0,"enemies":"2 Orb Walkers","floor":36.0,"turns":3.0},{"damage":5.0,"enemies":"Mind Bloom Boss Battle","floor":40.0,"turns":6.0},{"damage":22.0,"enemies":"Giant Head","floor":42.0,"turns":6.0},{"damage":0.0,"enemies":"Orb Walker","floor":45.0,"turns":2.0},{"damage":0.0,"enemies":"3 Darklings","floor":46.0,"turns":2.0},{"damage":0.0,"enemies":"4 Shapes","floor":47.0,"turns":6.0},{"damage":7,"enemies":"Reptomancer","floor":48,"turns":5},{"damage":11,"enemies":"Donu and Deca","floor":50,"turns":4},{"damage":16,"enemies":"Awakened One","floor":51,"turns":13},{"damage":32,"enemies":"Shield and Spear","floor":55,"turns":4},{"damage":34,"enemies":"The Heart","floor":56,"turns":8}],"seed_played":"8078838065011672799","potions_obtained":[{"floor":1.0,"key":"Weak Potion"},{"floor":3.0,"key":"Block Potion"},{"floor":11.0,"key":"Energy Potion"},{"floor":14.0,"key":"Ancient Potion"},{"floor":18.0,"key":"Fruit Juice"},{"floor":24.0,"key":"ColorlessPotion"},{"floor":42.0,"key":"Weak Potion"},{"floor":47.0,"key":"SteroidPotion"},{"floor":48,"key":"CultistPotion"}],"is_trial":false,"path_per_floor":["M","?","M","M","M","E","M","R","T","R","M","M","R","E","R","B",null,"M","$","M","?","$","R","E","R","T","E","?","R","M","?","R","B",null,"M","?","T","?","?","?","R","E","T","$","M","M","M","E","R","B","B",null,"R","$","E","B",null],"character_chosen":"THE_SILENT","items_purchased":["Membership Card","Anchor","Crippling Poison+1","Acrobatics+1","GhostInAJar","Bag of Preparation","OrangePellets","Catalyst+1","Well Laid Plans+1","Regen Potion","Ancient Potion","Dexterity Potion","Chemical X"],"campfire_rested":5,"item_purchase_floors":[19,19,19,22,22,44,44,44,44,44,44,54,54],"current_hp_per_floor":[54,54,54,54,48,14,9,28,35,35,27,24,24,22,22,21,60,60,65,65,65,65,65,49,49,49,41,41,41,41,41,64,54,72,72,44,44,44,39,34,57,35,35,35,35,35,55,58,78,67,51,71,78,78,46,27],"gold":49,"neow_bonus":"RANDOM_COMMON_RELIC","is_daily":false,"chose_seed":false,"campfire_upgraded":5,"win_rate":0.0,"timestamp":1611783964,"path_taken":["M","?","M","?","M","E","M","R","T","R","M","M","R","E","R","BOSS","M","$","M","?","$","R","E","R","T","E","?","R","M","?","R","BOSS","M","?","?","?","?","?","R","E","T","$","M","M","M","E","R","BOSS","BOSS","R","$","E","BOSS"],"items_purchased_type":["Relic","Relic","Card","Card","Potion","Relic","Relic","Card","Card","Potion","Potion","Potion","Relic"],"build_version":"2020-12-18","purchased_purges":3,"victory":true,"max_hp_per_floor":[66,66,66,66,66,66,66,66,73,73,73,73,73,73,73,73,73,73,78,78,78,78,78,78,78,78,78,78,78,78,78,78,78,78,78,78,78,78,78,78,78,78,78,78,78,78,78,78,78,78,78,78,78,78,78,78],"relic_stats":{"counters":[28,142],"Eternal Feather":0,"Juzu Bracelet":2,"Bag of Preparation":[16],"MawBank":228,"Cursed Key":2,"OrangePellets":[4],"Sundial":[20],"Mummified Hand":[17],"Gambling Chip":[52],"Tiny Chest":1,"Chemical X":[3],"obtain_stats":[{"Potion Belt":26,"Lantern":31,"Oddly Smooth Stone":14,"Eternal Feather":55,"Juzu Bracelet":27,"Bag of Preparation":44,"Frozen Egg 2":24,"Bottled Tornado":48,"MawBank":0,"Cursed Key":34,"OrangePellets":44,"Anchor":19,"Sundial":2,"Mummified Hand":42,"Strawberry":9,"Gambling Chip":36,"Tiny Chest":21,"Membership Card":19,"Chemical X":54,"Toxic Egg 2":6,"Ring of the Serpent":17,"TungstenRod":40,"Toy Ornithopter":43,"Ring of the Snake":0},{"Potion Belt":13,"Lantern":15,"Oddly Smooth Stone":9,"Eternal Feather":27,"Juzu Bracelet":14,"Bag of Preparation":20,"Frozen Egg 2":13,"Bottled Tornado":24,"MawBank":0,"Cursed Key":16,"OrangePellets":20,"Anchor":11,"Sundial":1,"Mummified Hand":20,"Strawberry":6,"Gambling Chip":18,"Tiny Chest":12,"Membership Card":11,"Chemical X":26,"Toxic Egg 2":5,"Ring of the Serpent":10,"TungstenRod":19,"Toy Ornithopter":20,"Ring of the Snake":0},{"Potion Belt":63,"Lantern":73,"Oddly Smooth Stone":41,"Eternal Feather":134,"Juzu Bracelet":68,"Bag of Preparation":98,"Frozen Egg 2":63,"Bottled Tornado":113,"MawBank":0,"Cursed Key":80,"OrangePellets":98,"Anchor":53,"Sundial":7,"Mummified Hand":98,"Strawberry":29,"Gambling Chip":86,"Tiny Chest":56,"Membership Card":53,"Chemical X":130,"Toxic Egg 2":24,"Ring of the Serpent":48,"TungstenRod":92,"Toy Ornithopter":98,"Ring of the Snake":0}],"TungstenRod":33,"Toy Ornithopter":30},"card_choices":[{"not_picked":["Expertise","Bane"],"picked":"Dagger Throw","floor":1.0},{"not_picked":["Backflip","Distraction"],"picked":"Quick Slash","floor":3.0},{"not_picked":["Sucker Punch","Choke"],"picked":"Endless Agony","floor":4.0},{"not_picked":["Tactician","Deflect"],"picked":"Deadly Poison","floor":5.0},{"not_picked":["Envenom","Concentrate+1"],"picked":"Deadly Poison+1","floor":6.0},{"not_picked":["Leg Sweep+1","Deadly Poison+1"],"picked":"Bouncing Flask+1","floor":7.0},{"not_picked":["Distraction+1","Deadly Poison+1"],"picked":"Backflip+1","floor":11.0},{"not_picked":["Sucker Punch","Blade Dance+1"],"picked":"Prepared+1","floor":12.0},{"not_picked":["Skewer","Slice"],"picked":"Bullet Time+1","floor":14.0},{"not_picked":["Envenom","Storm of Steel+1"],"picked":"Tools of the Trade","floor":16.0},{"not_picked":["Flechettes","Skewer","Underhanded Strike"],"picked":"SKIP","floor":18.0},{"not_picked":["Flying Knee","Outmaneuver+1"],"picked":"Leg Sweep+1","floor":20.0},{"not_picked":["Underhanded Strike","Heel Hook"],"picked":"Deflect+1","floor":24.0},{"not_picked":["Dodge and Roll+1","Dagger Spray"],"picked":"Doppelganger+1","floor":27.0},{"not_picked":["Deadly Poison+1","Masterful Stab","Underhanded Strike"],"picked":"SKIP","floor":30.0},{"not_picked":["Die Die Die","Storm of Steel+1"],"picked":"Corpse Explosion+1","floor":33.0},{"not_picked":["Predator","Flying Knee+1"],"picked":"Concentrate+1","floor":35.0},{"not_picked":["Quick Slash+1","Deadly Poison+1"],"picked":"Dodge and Roll+1","floor":36.0},{"not_picked":["Discovery+1","Thinking Ahead+1"],"picked":"Master of Strategy+1","floor":39.0},{"not_picked":["Setup+1","Dodge and Roll+1"],"picked":"PiercingWail+1","floor":40.0},{"not_picked":["Grand Finale","Die Die Die","Bane"],"picked":"SKIP","floor":42.0},{"not_picked":["Riddle With Holes","Endless Agony"],"picked":"Calculated Gamble+1","floor":45.0},{"not_picked":["Underhanded Strike","Acrobatics+1","Blade Dance+1"],"picked":"SKIP","floor":46.0},{"not_picked":["Deflect+1","Slice","Endless Agony"],"picked":"SKIP","floor":47.0},{"not_picked":["Predator","Dodge and Roll+1","PiercingWail+1"],"picked":"SKIP","floor":48},{"not_picked":["Die Die Die","Bouncing Flask+1","Blade Dance+1"],"picked":"SKIP","floor":55}],"player_experience":821164,"relics_obtained":[{"floor":6.0,"key":"Toxic Egg 2"},{"floor":9.0,"key":"Strawberry"},{"floor":14.0,"key":"Oddly Smooth Stone"},{"floor":24.0,"key":"Frozen Egg 2"},{"floor":26.0,"key":"Potion Belt"},{"floor":27.0,"key":"Juzu Bracelet"},{"floor":36.0,"key":"Gambling Chip"},{"floor":40.0,"key":"TungstenRod"},{"floor":42.0,"key":"Mummified Hand"},{"floor":43.0,"key":"Toy Ornithopter"},{"floor":48,"key":"Bottled Tornado"},{"floor":55,"key":"Eternal Feather"}],"event_choices":[{"damage_healed":0.0,"max_hp_gain":0.0,"max_hp_loss":0.0,"gold_gain":0.0,"event_name":"WeMeetAgain","player_choice":"Gave Potion","floor":2.0,"gold_loss":0.0,"damage_taken":0.0,"relics_obtained":["Sundial"]},{"damage_healed":0.0,"max_hp_gain":0.0,"max_hp_loss":0.0,"gold_gain":0.0,"event_name":"Addict","player_choice":"Stole Relic","floor":21.0,"gold_loss":0.0,"damage_taken":0.0,"relics_obtained":["Tiny Chest"],"cards_obtained":["Shame"]},{"damage_healed":0.0,"max_hp_gain":0.0,"max_hp_loss":0.0,"gold_gain":0.0,"event_name":"The Library","player_choice":"Read","floor":28.0,"gold_loss":0.0,"damage_taken":0.0,"cards_obtained":["Catalyst"]},{"damage_healed":0.0,"max_hp_gain":0.0,"max_hp_loss":0.0,"gold_gain":0.0,"event_name":"The Mausoleum","player_choice":"Opened","floor":31.0,"gold_loss":0.0,"damage_taken":0.0,"relics_obtained":["Lantern"],"cards_obtained":["Writhe"]},{"damage_healed":0.0,"max_hp_gain":0.0,"max_hp_loss":0.0,"gold_gain":0.0,"event_name":"Mysterious Sphere","player_choice":"Fight","floor":36.0,"gold_loss":0.0,"damage_taken":0.0},{"cards_removed":["Writhe"],"damage_healed":0.0,"max_hp_gain":0.0,"max_hp_loss":0.0,"gold_gain":0.0,"event_name":"Designer","player_choice":"Single Remove","floor":38.0,"gold_loss":75.0,"damage_taken":0.0},{"damage_healed":0.0,"max_hp_gain":0.0,"max_hp_loss":0.0,"gold_gain":0.0,"event_name":"SensoryStone","player_choice":"Memory 2","floor":39.0,"gold_loss":0.0,"damage_taken":5.0},{"damage_healed":0.0,"max_hp_gain":0.0,"max_hp_loss":0.0,"gold_gain":0.0,"event_name":"MindBloom","player_choice":"Fight","floor":40.0,"gold_loss":0.0,"damage_taken":0.0}],"is_beta":true,"boss_relics":[{"not_picked":["SlaversCollar","Busted Crown"],"picked":"Ring of the Serpent"},{"not_picked":["Philosopher\u0027s Stone","Empty Cage"],"picked":"Cursed Key"}],"items_purged_floors":[19,22,44],"is_endless":false,"potions_floor_spawned":[1,3,11,14,16,18,24,42,45,46,47,48],"ascension_level":20}}