{"host":"wn5psrz55l2vtftw","time":1611743930,"event":{"mods":["BaseMod","Colored Powertips","Good Game Mod","Minty Spire (QoL Compilation)","Relic Filter Mod","Spicy Shops","StSLib","UnlockEverythingMod"],"gold_per_floor":[112,62,62,77,77,77,77,77,77,108,108,108,148,73,73,196,196,210,233,233,233,248,248,248,59,132,132,153,28,28,66,66,192,192,211,61,0,79,412,412,425,202,226,226,226,226,226,263,263,263,263,263,10,47,47],"floor_reached":56,"language":"ZHS","playtime":3489,"items_purged":["Power Through","Power Through","Thunderclap","Body Slam+1","Seeing Red"],"score":1519,"play_id":"7ae285ee-d7ed-4395-96e1-b5643c196a05","local_time":"20210127183850","daily_mods":["Draft","Vintage","Heirloom","Time Dilation","Flight"],"is_ascension_mode":true,"campfire_choices":[{"data":"Thunderclap","floor":6.0,"key":"SMITH"},{"data":"Body Slam","floor":7.0,"key":"SMITH"},{"data":"Iron Wave","floor":8.0,"key":"SMITH"},{"data":"Metallicize","floor":11.0,"key":"SMITH"},{"data":"True Grit","floor":12.0,"key":"SMITH"},{"data":"Body Slam","floor":15.0,"key":"SMITH"},{"data":"Immolate","floor":23.0,"key":"SMITH"},{"data":"Finesse","floor":27,"key":"SMITH"},{"data":"Pommel Strike","floor":30,"key":"SMITH"},{"floor":32,"key":"RECALL"},{"data":"Demon Form","floor":40,"key":"SMITH"},{"data":"Heavy Blade","floor":44,"key":"SMITH"},{"data":"Rupture","floor":45,"key":"SMITH"},{"data":"Pommel Strike","floor":46,"key":"SMITH"},{"data":"Ghostly Armor","floor":47,"key":"SMITH"},{"data":"Brutality","floor":49,"key":"SMITH"},{"data":"Uppercut","floor":52,"key":"SMITH"}],"circlet_count":0,"master_deck":["Battle Trance","Iron Wave+1","Pommel Strike+1","Intimidate","True Grit+1","Body Slam+1","Warcry","Pommel Strike+1","Thunderclap+1","Metallicize+1","Warcry","Metallicize","True Grit+1","Iron Wave+1","Ghostly Armor+1","Immolate+1","Uppercut+1","Finesse+1","Rupture+1","Demon Form+1","Heavy Blade+1","Brutality+1","Juggernaut"],"relics":["Burning Blood","REME:ComplimentaryCards","Thread and Needle","Turnip","PreservedInsect","White Beast Statue","Happy Flower","SlaversCollar","Ice Cream","Ancient Tea Set","MutagenicStrength","Bottled Flame","Pear","Gremlin Horn","Bag of Marbles","Mark of Pain","Regal Pillow","Red Mask","Shuriken","Torii","Orichalcum","CeramicFish","Letter Opener","Bag of Preparation"],"acts_visited":["Exordium","TheCity","TheBeyond","TheEnding"],"potions_floor_usage":[55],"damage_taken":[{"damage":0.0,"enemies":"2 Louse","floor":1.0,"turns":3.0},{"damage":0.0,"enemies":"Jaw Worm","floor":4.0,"turns":2.0},{"damage":14.0,"enemies":"3 Sentries","floor":10.0,"turns":5.0},{"damage":0.0,"enemies":"Lagavulin","floor":13.0,"turns":6.0},{"damage":0.0,"enemies":"Hexaghost","floor":16.0,"turns":9.0},{"damage":3.0,"enemies":"3 Byrds","floor":18.0,"turns":5.0},{"damage":0.0,"enemies":"Chosen","floor":19.0,"turns":3.0},{"damage":5.0,"enemies":"3 Cultists","floor":22.0,"turns":4.0},{"damage":9,"enemies":"Snecko","floor":28,"turns":4},{"damage":2,"enemies":"Book of Stabbing","floor":31,"turns":3},{"damage":2,"enemies":"Automaton","floor":33,"turns":5},{"damage":4,"enemies":"3 Shapes","floor":35,"turns":1},{"damage":0,"enemies":"3 Darklings","floor":41,"turns":1},{"damage":0,"enemies":"Reptomancer","floor":48,"turns":1},{"damage":15,"enemies":"Awakened One","floor":50,"turns":5},{"damage":0,"enemies":"Shield and Spear","floor":54,"turns":1},{"damage":72,"enemies":"The Heart","floor":55,"turns":7}],"seed_played":"-7433540446003466267","potions_obtained":[{"floor":1.0,"key":"GamblersBrew"},{"floor":10.0,"key":"ColorlessPotion"},{"floor":13.0,"key":"ElixirPotion"},{"floor":18.0,"key":"FairyPotion"},{"floor":28,"key":"BloodPotion"}],"is_trial":true,"path_per_floor":["M","?","?","M","?","R","R","R","T","E","R","R","E","$","R","B",null,"M","M","?","?","M","R","?","$","T","R","M","$","R","E","R","B",null,"M","$","?","T","?","R","M","$","T","R","R","R","R","E","R","B",null,"R","$","E","B",null],"character_chosen":"IRONCLAD","items_purchased":["Finesse","Heavy Blade","Letter Opener"],"campfire_rested":0,"item_purchase_floors":[25,42,53],"current_hp_per_floor":[80,80,60,66,50,50,50,50,50,42,42,42,48,48,48,54,80,80,80,80,80,80,80,80,80,90,90,87,87,87,90,90,90,90,90,90,90,90,90,90,90,90,90,90,90,90,90,90,90,81,90,90,90,90,24],"gold":47,"neow_bonus":"","is_daily":false,"chose_seed":false,"campfire_upgraded":16,"win_rate":0.0,"timestamp":1611743930,"path_taken":["M","?","?","M","?","R","R","R","T","E","R","R","E","?","R","BOSS","M","M","?","?","M","R","?","$","T","R","?","$","R","E","R","BOSS","M","$","?","?","?","R","?","$","T","R","R","R","R","E","R","BOSS","R","$","E","BOSS"],"items_purchased_type":["Card","Card","Relic"],"build_version":"2020-12-22","purchased_purges":5,"victory":true,"max_hp_per_floor":[80,80,80,80,80,80,80,80,80,80,80,80,80,80,80,80,80,80,80,80,80,80,80,80,80,90,90,90,90,90,90,90,90,90,90,90,90,90,90,90,90,90,90,90,90,90,90,90,90,90,90,90,90,90,90],"card_choices":[{"not_picked":["Searing Blow","Armaments"],"picked":"Battle Trance","floor":0.0},{"not_picked":["Havoc","Armaments"],"picked":"Iron Wave","floor":0.0},{"not_picked":["Seeing Red","Entrench"],"picked":"Thunderclap","floor":0.0},{"not_picked":["Rampage","Headbutt"],"picked":"Body Slam","floor":0.0},{"not_picked":["Twin Strike","Dual Wield"],"picked":"Pommel Strike","floor":0.0},{"not_picked":["Clothesline","Pummel"],"picked":"Intimidate","floor":0.0},{"not_picked":["Havoc","Sword Boomerang"],"picked":"Power Through","floor":0.0},{"not_picked":["Entrench","Perfected Strike"],"picked":"True Grit","floor":0.0},{"not_picked":["Sword Boomerang","Disarm"],"picked":"Body Slam","floor":0.0},{"not_picked":["Sentinel","Disarm"],"picked":"Seeing Red","floor":0.0},{"not_picked":["Flex","True Grit"],"picked":"Warcry","floor":0.0},{"not_picked":["Wild Strike","True Grit"],"picked":"Pommel Strike","floor":0.0},{"not_picked":["Twin Strike","Dual Wield"],"picked":"Thunderclap","floor":0.0},{"not_picked":["Wild Strike","Searing Blow"],"picked":"Metallicize","floor":0.0},{"not_picked":["Sword Boomerang","Power Through"],"picked":"Warcry","floor":0.0},{"not_picked":["Ghostly Armor","Clothesline","Thunderclap"],"picked":"SKIP","floor":10.0},{"not_picked":["Brutality","Fiend Fire","Body Slam"],"picked":"SKIP","floor":13.0},{"not_picked":["Bludgeon","Berserk"],"picked":"Immolate","floor":16.0},{"not_picked":["Thunderclap","Feed"],"picked":"Rupture","floor":31},{"not_picked":["Offering","Berserk"],"picked":"Demon Form","floor":33},{"not_picked":["Dual Wield+1","Searing Blow"],"picked":"Brutality","floor":48},{"not_picked":["Havoc+1","Shrug It Off"],"picked":"Juggernaut","floor":54}],"player_experience":77524,"relics_obtained":[{"floor":1.0,"key":"Turnip"},{"floor":4.0,"key":"PreservedInsect"},{"floor":10.0,"key":"White Beast Statue"},{"floor":13.0,"key":"Happy Flower"},{"floor":18.0,"key":"Ice Cream"},{"floor":19.0,"key":"Ancient Tea Set"},{"floor":22.0,"key":"Bottled Flame"},{"floor":26.0,"key":"Pear"},{"floor":28,"key":"Gremlin Horn"},{"floor":31,"key":"Bag of Marbles"},{"floor":35,"key":"Regal Pillow"},{"floor":38,"key":"Shuriken"},{"floor":41,"key":"Torii"},{"floor":43,"key":"Orichalcum"},{"floor":48,"key":"CeramicFish"},{"floor":54,"key":"Bag of Preparation"}],"event_choices":[{"cards_removed":["Master of Strategy"],"damage_healed":0.0,"max_hp_gain":0.0,"max_hp_loss":0.0,"gold_gain":0.0,"event_name":"The Cleric","player_choice":"Card Removal","floor":2.0,"gold_loss":50.0,"damage_taken":0.0},{"damage_healed":0.0,"max_hp_gain":0.0,"max_hp_loss":0.0,"gold_gain":0.0,"event_name":"Golden Idol","player_choice":"Take Damage","floor":3.0,"gold_loss":0.0,"damage_taken":20.0,"relics_obtained":["Golden Idol"]},{"damage_healed":0.0,"max_hp_gain":0.0,"max_hp_loss":0.0,"gold_gain":0.0,"event_name":"Shining Light","player_choice":"Entered Light","floor":5.0,"gold_loss":0.0,"damage_taken":16.0,"cards_upgraded":["True Grit","Iron Wave"]},{"damage_healed":0.0,"max_hp_gain":0.0,"max_hp_loss":0.0,"gold_gain":0.0,"event_name":"Drug Dealer","player_choice":"Inject Mutagens","floor":20.0,"gold_loss":0.0,"damage_taken":0.0,"relics_obtained":["MutagenicStrength"]},{"damage_healed":0.0,"max_hp_gain":0.0,"max_hp_loss":0.0,"gold_gain":0.0,"event_name":"The Library","player_choice":"Read","floor":21.0,"gold_loss":0.0,"damage_taken":0.0,"cards_obtained":["Uppercut"]},{"damage_healed":0.0,"max_hp_gain":0.0,"max_hp_loss":0.0,"gold_gain":0.0,"event_name":"Lab","player_choice":"Got Potions","floor":24.0,"gold_loss":0.0,"damage_taken":0.0},{"damage_healed":0,"gold_gain":0,"player_choice":"Paid","damage_taken":0,"relics_obtained":["Red Mask"],"max_hp_gain":0,"max_hp_loss":0,"event_name":"Tomb of Lord Red Mask","floor":37,"gold_loss":61},{"damage_healed":0,"gold_gain":333,"player_choice":"Gave Idol","damage_taken":0,"max_hp_gain":0,"max_hp_loss":0,"event_name":"The Moai Head","floor":39,"relics_lost":["Golden Idol"],"gold_loss":0}],"is_beta":false,"boss_relics":[{"not_picked":["Sozu","Black Blood"],"picked":"SlaversCollar"},{"not_picked":["SacredBark","Black Star"],"picked":"Mark of Pain"}],"items_purged_floors":[14,25,29,36,42],"is_endless":false,"potions_floor_spawned":[1,10,13,16,18,19,22,28,31,33,35,41,48,54],"ascension_level":4}}