{"host":"k6z9sa1v2hbtaqnj","time":1611761186,"event":{"mods":["BaseMod","Googly Eyes","Marisa????????","Minty Spire (QoL Compilation)","StSLib","The Animator","The Forsaken","The Jungle","The Wild Card"],"gold_per_floor":[215,175,175,187,41,68,68,83,83,111,133,165,2,12,12,114,114,132,132,150,150,150],"floor_reached":21,"language":"ENG","playtime":1732,"items_purged":[],"score":197,"play_id":"6079b8d9-f24d-40ce-9535-710d38bca3e7","local_time":"20210127092626","is_ascension_mode":false,"campfire_choices":[{"floor":7.0,"key":"RECALL"},{"floor":15.0,"key":"REST"}],"circlet_count":0,"master_deck":["Strike_MRS","Strike_MRS","Strike_MRS","Strike_MRS","Defend_MRS","Defend_MRS","Defend_MRS","Defend_MRS","MasterSpark","UpSweep","MysteriousBeam","Orbital","CollectingQuirk","Orbital","SuperNova","Parasite","Parasite","ManaConvection","DoubleSpark","Mayhem","ShootingEcho","BigCrunch","GravityBeat","DC"],"relics":["MiniHakkero","Membership Card","Calipers","Ice Cream","Shuriken","ShroomBag","Mercury Hourglass","Orichalcum","ExperimentalFamiliar"],"acts_visited":["Exordium","Exordium"],"potions_floor_usage":[],"damage_taken":[{"damage":2.0,"enemies":"Small Slimes","floor":1.0,"turns":3.0},{"damage":0.0,"enemies":"Cultist","floor":4.0,"turns":1.0},{"damage":14.0,"enemies":"Gremlin Nob","floor":6.0,"turns":3.0},{"damage":0.0,"enemies":"2 Louse","floor":8.0,"turns":2.0},{"damage":17.0,"enemies":"3 Sentries","floor":10.0,"turns":8.0},{"damage":21.0,"enemies":"The Mushroom Lair","floor":11.0,"turns":4.0},{"damage":14.0,"enemies":"Gremlin Nob","floor":12.0,"turns":3.0},{"damage":0.0,"enemies":"Large Slime","floor":14.0,"turns":3.0},{"damage":28.0,"enemies":"Hexaghost","floor":16.0,"turns":6.0},{"damage":6.0,"enemies":"Shell Parasite","floor":18.0,"turns":2.0},{"damage":10.0,"enemies":"theJungle:GiantWrat","floor":20.0,"turns":3.0}],"seed_played":"-2146600331176021716","potions_obtained":[{"floor":2.0,"key":"Swift Potion"},{"floor":2.0,"key":"Fruit Juice"},{"floor":2.0,"key":"CultistPotion"},{"floor":4.0,"key":"Explosive Potion"},{"floor":8.0,"key":"BlessingOfTheForge"},{"floor":12.0,"key":"Block Potion"},{"floor":19.0,"key":"Fruit Juice"},{"floor":19.0,"key":"Regen Potion"},{"floor":19.0,"key":"PowerPotion"}],"is_trial":false,"path_per_floor":["M","?","$","M","$","E","R","M","T","E","?","E","$","M","R","B",null,"M","?","M","$"],"character_chosen":"MARISA","items_purchased":["Membership Card","Orichalcum","Mayhem"],"campfire_rested":1,"item_purchase_floors":[5,13,13],"current_hp_per_floor":[73,78,78,78,78,64,64,64,64,47,26,18,18,24,48,28,80,76,81,77,77,77],"gold":150,"neow_bonus":"HUNDRED_GOLD","is_daily":false,"chose_seed":false,"campfire_upgraded":0,"win_rate":0.0,"timestamp":1611761186,"path_taken":["M","?","?","M","$","E","R","M","T","E","?","E","$","M","R","BOSS","M","?","M","$"],"items_purchased_type":["Relic","Relic","Card"],"build_version":"2020-12-22","purchased_purges":0,"victory":false,"max_hp_per_floor":[75,80,80,80,80,80,80,80,80,80,80,80,80,80,80,80,80,80,85,85,85,85],"card_choices":[{"not_picked":["SporeBomb","WitchLeyline"],"picked":"MysteriousBeam","floor":1.0},{"not_picked":["DC","OrrerysSun"],"picked":"Orbital","floor":4.0},{"not_picked":["DoubleSpark","OrrerysSun"],"picked":"CollectingQuirk","floor":6.0},{"not_picked":["GrandCross","Acceleration"],"picked":"Orbital","floor":8.0},{"not_picked":["MysteriousBeam","EventHorizon"],"picked":"SuperNova","floor":10.0},{"not_picked":["LuminesStrike","UnstableBomb"],"picked":"ManaConvection","floor":11.0},{"not_picked":["GrandCross","NonDirectionalLaser"],"picked":"DoubleSpark","floor":12.0},{"not_picked":["IllusionStar","AsteroidBelt"],"picked":"ShootingEcho","floor":14.0},{"not_picked":["TreasureHunter","UltimateShortwave"],"picked":"BigCrunch","floor":16.0},{"not_picked":["ShootingEcho","ManaConvection"],"picked":"GravityBeat","floor":18.0},{"not_picked":["DoubleSpark","AlicesGift"],"picked":"DC","floor":20.0}],"player_experience":509574,"relics_obtained":[{"floor":6.0,"key":"Calipers"},{"floor":9.0,"key":"Ice Cream"},{"floor":10.0,"key":"Shuriken"},{"floor":11.0,"key":"ShroomBag"},{"floor":12.0,"key":"Mercury Hourglass"}],"event_choices":[{"damage_healed":0.0,"max_hp_gain":0.0,"max_hp_loss":0.0,"gold_gain":0.0,"event_name":"The Woman in Blue","player_choice":"Bought 3 Potions","floor":2.0,"gold_loss":0.0,"damage_taken":0.0},{"damage_healed":0.0,"max_hp_gain":0.0,"max_hp_loss":0.0,"gold_gain":0.0,"event_name":"Mushrooms_MRS","player_choice":"Fought Mushrooms","floor":11.0,"gold_loss":0.0,"damage_taken":0.0},{"damage_healed":0.0,"max_hp_gain":0.0,"max_hp_loss":0.0,"gold_gain":0.0,"event_name":"Lab","player_choice":"Got Potions","floor":19.0,"gold_loss":0.0,"damage_taken":0.0}],"is_beta":false,"boss_relics":[{"not_picked":["Busted Crown","Philosopher\u0027s Stone"],"picked":"ExperimentalFamiliar"}],"items_purged_floors":[],"is_endless":false,"potions_floor_spawned":[4,8,12,16],"ascension_level":0}}