{"host":"fuszjwm6fqgjjp4d","time":1611720678,"event":{"mods":["BaseMod","Bestiary","Colored Map","DeckTracker","Minty Spire (QoL Compilation)","Permanent Neow","Relic Sorter","Relic Stats","StSLib"],"gold_per_floor":[117,134,59,59,77,104,104,136,185,185,200,213,231,306,306,383,383,397,397,397,397,397],"floor_reached":21,"language":"ENG","playtime":617,"items_purged":[],"score":428,"play_id":"7327ea75-43ee-4620-87f9-55b979395dca","local_time":"20210126221118","is_ascension_mode":true,"campfire_choices":[{"data":"ForeignInfluence","floor":7,"key":"SMITH"},{"floor":15,"key":"REST"}],"circlet_count":0,"master_deck":["AscendersBane","Strike_P","Strike_P","Strike_P","Defend_P","Defend_P","Defend_P","Defend_P","Eruption","Vigilance","CarveReality","Protect","ForeignInfluence+1","Brilliance","BowlingBash","Evaluate","FearNoEvil","Tantrum","LessonLearned","BattleHymn"],"relics":["PureWater","Dream Catcher","HornCleat","Toy Ornithopter","Vajra","Dead Branch","SlaversCollar"],"acts_visited":["Exordium","TheCity"],"potions_floor_usage":[6,8,11,12,16],"damage_taken":[{"damage":6,"enemies":"Jaw Worm","floor":1,"turns":5},{"damage":0,"enemies":"Cultist","floor":2,"turns":2},{"damage":0,"enemies":"Small Slimes","floor":5,"turns":4},{"damage":0,"enemies":"Lagavulin","floor":6,"turns":3},{"damage":44,"enemies":"Gremlin Nob","floor":8,"turns":5},{"damage":0,"enemies":"2 Fungi Beasts","floor":11,"turns":3},{"damage":3,"enemies":"Looter","floor":12,"turns":2},{"damage":2,"enemies":"Blue Slaver","floor":13,"turns":3},{"damage":21,"enemies":"The Guardian","floor":16,"turns":13},{"damage":6,"enemies":"Spheric Guardian","floor":18,"turns":4},{"damage":41,"enemies":"Chosen","floor":21,"turns":5}],"seed_played":"1583275241573728391","potions_obtained":[{"floor":1,"key":"SneckoOil"},{"floor":4,"key":"Energy Potion"},{"floor":8,"key":"ColorlessPotion"},{"floor":11,"key":"Weak Potion"},{"floor":13,"key":"Dexterity Potion"}],"is_trial":false,"path_per_floor":["M","M","?","?","M","E","R","E","T","T","M","M","M","?","R","B",null,"M","?","?","M"],"character_chosen":"WATCHER","items_purchased":[],"campfire_rested":1,"item_purchase_floors":[],"current_hp_per_floor":[55,55,55,55,55,55,55,11,11,11,16,18,16,5,25,9,53,47,47,28,0,0],"gold":397,"neow_bonus":"RANDOM_COMMON_RELIC","is_daily":false,"chose_seed":false,"campfire_upgraded":1,"win_rate":0.0,"timestamp":1611720678,"path_taken":["M","M","?","?","?","E","R","E","T","?","M","M","M","?","R","BOSS","M","?","?","M"],"items_purchased_type":[],"build_version":"2020-12-22","purchased_purges":0,"victory":false,"max_hp_per_floor":[68,68,68,68,68,68,68,68,68,68,68,68,68,68,68,68,68,68,68,73,73,73],"relic_stats":{"Dream Catcher":1,"counters":[11,49],"Dead Branch":[32],"obtain_stats":[{"SlaversCollar":17,"Dream Catcher":0,"HornCleat":6,"Dead Branch":10,"Vajra":9,"PureWater":0,"Toy Ornithopter":8},{"SlaversCollar":9,"Dream Catcher":0,"HornCleat":4,"Dead Branch":5,"Vajra":5,"PureWater":0,"Toy Ornithopter":5},{"SlaversCollar":40,"Dream Catcher":0,"HornCleat":14,"Dead Branch":19,"Vajra":19,"PureWater":0,"Toy Ornithopter":19}],"Toy Ornithopter":15},"card_choices":[{"not_picked":["Vengeance","SignatureMove"],"picked":"CarveReality","floor":1},{"not_picked":["EmptyBody","ClearTheMind"],"picked":"Protect","floor":2},{"not_picked":["Indignation","Protect"],"picked":"ForeignInfluence","floor":5},{"not_picked":["Consecrate","WindmillStrike"],"picked":"Brilliance","floor":6},{"not_picked":["SashWhip","CrushJoints"],"picked":"BowlingBash","floor":8},{"not_picked":["ThirdEye","Halt","ClearTheMind"],"picked":"SKIP","floor":11},{"not_picked":["WindmillStrike","Collect"],"picked":"Evaluate","floor":12},{"not_picked":["Prostrate","Crescendo"],"picked":"FearNoEvil","floor":13},{"not_picked":["Nirvana","BowlingBash"],"picked":"Tantrum","floor":15},{"not_picked":["Alpha","Wish"],"picked":"LessonLearned","floor":16},{"not_picked":["Study","Swivel"],"picked":"BattleHymn","floor":18}],"player_experience":1359292,"relics_obtained":[{"floor":6,"key":"HornCleat"},{"floor":8,"key":"Toy Ornithopter"},{"floor":9,"key":"Vajra"},{"floor":10,"key":"Dead Branch"}],"event_choices":[{"cards_removed":["Strike_P"],"damage_healed":0,"gold_gain":0,"player_choice":"Card Removal","damage_taken":0,"max_hp_gain":0,"max_hp_loss":0,"event_name":"The Cleric","floor":3,"gold_loss":75},{"damage_healed":0,"gold_gain":0,"player_choice":"Got Potions","damage_taken":0,"max_hp_gain":0,"max_hp_loss":0,"event_name":"Lab","floor":4,"gold_loss":0},{"damage_healed":0,"gold_gain":75,"player_choice":"Gather Gold","damage_taken":11,"max_hp_gain":0,"max_hp_loss":0,"event_name":"World of Goop","floor":14,"gold_loss":0},{"damage_healed":0,"gold_gain":0,"player_choice":"Ignored","damage_taken":0,"max_hp_gain":0,"max_hp_loss":0,"event_name":"Vampires","floor":19,"gold_loss":0},{"damage_healed":0,"gold_gain":0,"player_choice":"Shed Blood","damage_taken":24,"max_hp_gain":5,"max_hp_loss":0,"event_name":"Forgotten Altar","floor":20,"gold_loss":0}],"is_beta":false,"boss_relics":[{"not_picked":["Busted Crown","Empty Cage"],"picked":"SlaversCollar"}],"items_purged_floors":[],"is_endless":false,"potions_floor_spawned":[1,8,11,13],"killed_by":"Chosen","ascension_level":20}}