{"host":"7tvb1em0d2fx72q7","time":1611722995,"event":{"mods":["BaseMod","Challenge The Spire","Minty Spire (QoL Compilation)","StSLib","everything is the same but u backflip on backflip"],"gold_per_floor":[114,128,141,141,158,187,262,291,314,344,354,354,368,368,368,447,447,463,476,75,75,35,68,68,99,149,33,33,33,58,77,77,154,154,169,179,90,100,100,100,100],"floor_reached":40,"language":"ENG","playtime":2847,"items_purged":["Strike_R","Strike_R"],"score":928,"play_id":"79babf7b-33d1-43d9-b2ca-e986fd295fc7","local_time":"20210126234955","is_ascension_mode":true,"campfire_choices":[{"data":"Limit Break","floor":12,"key":"SMITH"},{"floor":15,"key":"REST"},{"data":"Limit Break","floor":24,"key":"SMITH"},{"data":"True Grit","floor":29,"key":"SMITH"},{"data":"Disarm","floor":32,"key":"SMITH"}],"circlet_count":0,"master_deck":["AscendersBane","Strike_R+1","Strike_R","Strike_R","Defend_R","Defend_R","Defend_R","Defend_R","Bash","Clothesline","Combust","Hemokinesis+1","Limit Break+1","Limit Break+1","Twin Strike+1","True Grit+1","Pommel Strike","Iron Wave","Fiend Fire","Disarm+1","Feel No Pain","Pummel","Flame Barrier","Impervious","Battle Trance","Dark Shackles","Flame Barrier","Rage","Reaper","Bloodletting+1","Heavy Blade+1","Whirlwind"],"relics":["Burning Blood","Red Skull","Blood Vial","Whetstone","Orichalcum","Velvet Choker","Membership Card","Incense Burner","Thread and Needle","Centennial Puzzle","MutagenicStrength","Pear","Runic Cube"],"acts_visited":["Exordium","TheCity","TheBeyond"],"potions_floor_usage":[5,8,16,18,23,33],"damage_taken":[{"damage":11.0,"enemies":"Jaw Worm","floor":1.0,"turns":7.0},{"damage":2,"enemies":"2 Louse","floor":2,"turns":3},{"damage":5,"enemies":"Small Slimes","floor":3,"turns":5},{"damage":21,"enemies":"Exordium Wildlife","floor":5,"turns":4},{"damage":26,"enemies":"Gremlin Nob","floor":6,"turns":4},{"damage":14,"enemies":"3 Sentries","floor":8,"turns":6},{"damage":6,"enemies":"Gremlin Nob","floor":10,"turns":3},{"damage":10,"enemies":"Exordium Thugs","floor":11,"turns":4},{"damage":0,"enemies":"3 Louse","floor":13,"turns":2},{"damage":23,"enemies":"The Guardian","floor":16,"turns":8},{"damage":29,"enemies":"2 Thieves","floor":18,"turns":4},{"damage":21,"enemies":"Spheric Guardian","floor":19,"turns":4},{"damage":8,"enemies":"Gremlin Leader","floor":23,"turns":5},{"damage":6,"enemies":"Book of Stabbing","floor":25,"turns":5},{"damage":8,"enemies":"Slavers","floor":30,"turns":5},{"damage":0,"enemies":"Snake Plant","floor":31,"turns":1},{"damage":45,"enemies":"Automaton","floor":33,"turns":8},{"damage":16,"enemies":"Orb Walker","floor":35,"turns":5},{"damage":25,"enemies":"3 Shapes","floor":36,"turns":6},{"damage":6,"enemies":"Jaw Worm Horde","floor":38,"turns":5},{"damage":63,"enemies":"Reptomancer","floor":40,"turns":3}],"seed_played":"-4601628682829815187","potions_obtained":[{"floor":2,"key":"Fire Potion"},{"floor":5,"key":"Dexterity Potion"},{"floor":8,"key":"ColorlessPotion"},{"floor":11,"key":"GamblersBrew"},{"floor":18,"key":"Weak Potion"},{"floor":30,"key":"Dexterity Potion"},{"floor":35,"key":"PowerPotion"}],"is_trial":false,"path_per_floor":["M","M","M","?","M","E","?","E","T","E","M","R","M","?","R","B",null,"M","M","$","?","$","E","R","E","T","$","?","R","E","M","R","B",null,"M","M","$","M","?","E"],"character_chosen":"IRONCLAD","items_purchased":["Membership Card","Incense Burner","Pummel","Flame Barrier","Impervious","Dark Shackles","Block Potion","Whirlwind"],"campfire_rested":1,"item_purchase_floors":[20,20,20,20,22,27,27,37],"current_hp_per_floor":[70,74,75,75,60,40,29,21,21,23,21,21,29,3,27,12,65,44,31,31,31,31,31,31,33,33,33,33,33,43,51,51,14,73,65,48,48,57,57,0,0],"gold":100,"neow_bonus":"TEN_PERCENT_HP_BONUS","is_daily":false,"chose_seed":false,"campfire_upgraded":4,"win_rate":0.0,"timestamp":1611722995,"path_taken":["M","M","M","?","M","E","?","E","T","E","M","R","M","?","R","BOSS","M","M","$","?","$","E","R","E","T","?","?","R","E","M","R","BOSS","M","M","$","M","?","E"],"items_purchased_type":["Relic","Relic","Card","Card","Card","Card","Potion","Card"],"build_version":"2020-12-22","purchased_purges":2,"victory":false,"max_hp_per_floor":[82,82,82,82,82,82,82,82,82,82,82,82,82,82,82,82,82,82,82,82,82,82,82,82,82,82,82,82,82,92,92,92,92,92,92,92,92,92,87,87,87],"card_choices":[{"not_picked":["Shockwave","Pommel Strike"],"picked":"Clothesline","floor":1},{"not_picked":["Second Wind","Spot Weakness"],"picked":"Combust","floor":2},{"not_picked":["Flex","Body Slam"],"picked":"Hemokinesis","floor":3},{"not_picked":["Body Slam","Wild Strike"],"picked":"Limit Break","floor":5},{"not_picked":["Dual Wield","Anger"],"picked":"Limit Break","floor":6},{"not_picked":["Perfected Strike","Entrench"],"picked":"Twin Strike","floor":8},{"not_picked":["Shrug It Off","Ghostly Armor"],"picked":"True Grit","floor":10},{"not_picked":["Dark Embrace","Burning Pact"],"picked":"Pommel Strike","floor":11},{"not_picked":["Seeing Red","Flex"],"picked":"Iron Wave","floor":13},{"not_picked":["Limit Break","Brutality"],"picked":"Fiend Fire","floor":16},{"not_picked":["Shrug It Off","Thunderclap"],"picked":"Disarm","floor":18},{"not_picked":["Pommel Strike","Burning Pact"],"picked":"Feel No Pain","floor":19},{"not_picked":["Pommel Strike","Second Wind+1"],"picked":"Battle Trance","floor":23},{"not_picked":["Power Through","Clothesline","Perfected Strike"],"picked":"SKIP","floor":25},{"not_picked":["Rampage","Entrench"],"picked":"Flame Barrier","floor":30},{"not_picked":["Thunderclap+1","Body Slam+1"],"picked":"Rage","floor":31},{"not_picked":["Fiend Fire","Limit Break"],"picked":"Reaper","floor":33},{"not_picked":["Entrench","True Grit"],"picked":"Bloodletting+1","floor":35},{"not_picked":["Iron Wave+1","Sword Boomerang"],"picked":"Heavy Blade+1","floor":36},{"not_picked":["Rage+1","Thunderclap","Iron Wave+1"],"picked":"SKIP","floor":38}],"player_experience":1963083,"relics_obtained":[{"floor":6,"key":"Red Skull"},{"floor":8,"key":"Blood Vial"},{"floor":9,"key":"Whetstone"},{"floor":10,"key":"Orichalcum"},{"floor":23,"key":"Thread and Needle"},{"floor":25,"key":"Centennial Puzzle"},{"floor":30,"key":"Pear"}],"event_choices":[{"damage_healed":0,"gold_gain":0,"player_choice":"Grow","damage_taken":0,"max_hp_gain":0,"max_hp_loss":0,"event_name":"Living Wall","floor":4,"gold_loss":0,"cards_upgraded":["Hemokinesis"]},{"damage_healed":0,"gold_gain":75,"player_choice":"Gather Gold","damage_taken":11,"max_hp_gain":0,"max_hp_loss":0,"event_name":"World of Goop","floor":7,"gold_loss":0},{"damage_healed":0,"gold_gain":0,"player_choice":"Fled","damage_taken":26,"max_hp_gain":0,"max_hp_loss":0,"event_name":"Scrap Ooze","floor":14,"gold_loss":0},{"damage_healed":0,"gold_gain":0,"player_choice":"Ignored","damage_taken":0,"max_hp_gain":0,"max_hp_loss":0,"event_name":"The Mausoleum","floor":21,"gold_loss":0},{"damage_healed":0,"gold_gain":0,"player_choice":"Inject Mutagens","damage_taken":0,"relics_obtained":["MutagenicStrength"],"max_hp_gain":0,"max_hp_loss":0,"event_name":"Drug Dealer","floor":28,"gold_loss":0},{"damage_healed":0,"gold_gain":0,"player_choice":"Max HP","damage_taken":0,"max_hp_gain":0,"max_hp_loss":5,"event_name":"Winding Halls","floor":39,"gold_loss":0}],"is_beta":false,"boss_relics":[{"not_picked":["Black Star","Philosopher\u0027s Stone"],"picked":"Velvet Choker"},{"not_picked":["SacredBark","Mark of Pain"],"picked":"Runic Cube"}],"items_purged_floors":[27,37],"is_endless":false,"potions_floor_spawned":[2,5,8,11,18,30,35],"killed_by":"Reptomancer","ascension_level":20}}