{"host":"pvf7uj918he10jir","time":1611773559,"event":{"mods":["AchievementEnabler","BaseMod","Colored Map","Colored Powertips","Highlight Path","Minty Spire (QoL Compilation)","Relic Stats","Slay the Relics Exporter","everything is the same but u backflip on backflip"],"gold_per_floor":[119,194,214,25,43,72,87,101,101,101,135,135,165,185,185,288,288,302,117,129,54,73,103,103,133,133,133,25,57,75,87,87,182,182,202,252,252,271,298,327,327,347,395,411,439,35,35,49,49,49,49,49,49,74,74,74],"floor_reached":55,"language":"ENG","playtime":3350,"items_purged":["Strike_R","Offering"],"score":1253,"play_id":"aba1913d-d2a3-4414-9903-65bd6e75d032","local_time":"20210127135239","is_ascension_mode":true,"campfire_choices":[{"data":"Body Slam","floor":10.0,"key":"SMITH"},{"floor":12.0,"key":"REST"},{"data":"Juggernaut","floor":15.0,"key":"SMITH"},{"data":"Body Slam","floor":24.0,"key":"SMITH"},{"data":"Shrug It Off","floor":27.0,"key":"SMITH"},{"data":"Impervious","floor":32.0,"key":"SMITH"},{"data":"Body Slam","floor":41,"key":"SMITH"},{"floor":49,"key":"RECALL"},{"data":"Ghostly Armor","floor":52,"key":"SMITH"}],"circlet_count":0,"master_deck":["Strike_R","Defend_R","Defend_R+1","Defend_R+1","Bash","Rage+1","Iron Wave+1","Barricade+1","Body Slam+1","Cleave","Juggernaut+1","Iron Wave+1","Shrug It Off+1","Body Slam+1","Ghostly Armor+1","Impervious+1","Body Slam+1","Dual Wield+1"],"relics":["Astrolabe","Prayer Wheel","Thread and Needle","The Courier","FossilizedHelix","Coffee Dripper","Art of War","Anchor","Torii","Omamori","Tiny Chest","Runic Dome","Incense Burner","Pear","Smiling Mask","Oddly Smooth Stone","TheAbacus","War Paint","Bag of Marbles","Unceasing Top"],"acts_visited":["Exordium","TheCity","TheBeyond","TheEnding"],"potions_floor_usage":[54,55,55],"damage_taken":[{"damage":0.0,"enemies":"Jaw Worm","floor":1.0,"turns":4.0},{"damage":2.0,"enemies":"2 Louse","floor":3.0,"turns":3.0},{"damage":0.0,"enemies":"Small Slimes","floor":5.0,"turns":4.0},{"damage":6.0,"enemies":"Lagavulin","floor":6.0,"turns":6.0},{"damage":16.0,"enemies":"Exordium Thugs","floor":7.0,"turns":4.0},{"damage":6.0,"enemies":"3 Louse","floor":8.0,"turns":3.0},{"damage":6.0,"enemies":"Gremlin Nob","floor":11.0,"turns":3.0},{"damage":3.0,"enemies":"Lagavulin","floor":13.0,"turns":4.0},{"damage":0.0,"enemies":"Exordium Wildlife","floor":14.0,"turns":3.0},{"damage":1.0,"enemies":"The Guardian","floor":16.0,"turns":6.0},{"damage":15.0,"enemies":"2 Thieves","floor":18.0,"turns":3.0},{"damage":0.0,"enemies":"Spheric Guardian","floor":20.0,"turns":3.0},{"damage":10.0,"enemies":"Snecko","floor":22.0,"turns":4.0},{"damage":18.0,"enemies":"Gremlin Leader","floor":23.0,"turns":4.0},{"damage":0.0,"enemies":"Slavers","floor":25.0,"turns":5.0},{"damage":0.0,"enemies":"Book of Stabbing","floor":29.0,"turns":4.0},{"damage":0.0,"enemies":"Centurion and Healer","floor":30.0,"turns":3.0},{"damage":0.0,"enemies":"Sentry and Sphere","floor":31.0,"turns":3.0},{"damage":0.0,"enemies":"Champ","floor":33.0,"turns":7.0},{"damage":0.0,"enemies":"Orb Walker","floor":35.0,"turns":3.0},{"damage":0.0,"enemies":"Mind Bloom Boss Battle","floor":36.0,"turns":3.0},{"damage":0.0,"enemies":"3 Shapes","floor":38.0,"turns":3.0},{"damage":0,"enemies":"Giant Head","floor":40,"turns":4},{"damage":0,"enemies":"Sphere and 2 Shapes","floor":42,"turns":3},{"damage":0,"enemies":"3 Darklings","floor":44,"turns":5},{"damage":0,"enemies":"Reptomancer","floor":45,"turns":4},{"damage":0,"enemies":"Writhing Mass","floor":48,"turns":1},{"damage":12,"enemies":"Time Eater","floor":50,"turns":7},{"damage":57,"enemies":"Shield and Spear","floor":54,"turns":6},{"damage":68,"enemies":"The Heart","floor":55,"turns":8}],"seed_played":"7568256400183656917","potions_obtained":[{"floor":5.0,"key":"DuplicationPotion"},{"floor":7.0,"key":"PowerPotion"},{"floor":11.0,"key":"BloodPotion"},{"floor":13.0,"key":"Fruit Juice"},{"floor":16.0,"key":"Strength Potion"},{"floor":35.0,"key":"Regen Potion"},{"floor":54,"key":"GamblersBrew"}],"is_trial":false,"path_per_floor":["M","?","M","$","M","E","M","M","T","R","E","R","E","M","R","B",null,"M","$","M","?","M","E","R","E","T","R","$","E","M","M","R","B",null,"M","?","?","M","T","E","R","M","T","M","E","$","?","M","R","B",null,"R","$","E","B"],"character_chosen":"IRONCLAD","items_purchased":["Offering","Cleave","Art of War","Impervious","TheAbacus","War Paint","Bag of Marbles"],"campfire_rested":1,"item_purchase_floors":[4,4,19,28,46,46,46],"current_hp_per_floor":[80,69,67,67,67,61,45,39,39,39,33,57,54,54,54,53,73,58,58,58,58,48,30,30,30,30,30,30,30,30,30,30,30,68,73,73,73,73,73,83,83,83,83,83,83,83,83,83,83,71,89,89,89,44,0,0],"gold":74,"neow_bonus":"BOSS_RELIC","is_daily":false,"chose_seed":false,"campfire_upgraded":7,"win_rate":0.0,"timestamp":1611773559,"path_taken":["M","?","M","$","M","E","M","M","T","R","E","R","E","M","R","BOSS","M","$","M","?","M","E","R","E","T","R","?","E","M","M","R","BOSS","M","?","?","?","?","E","R","M","T","M","E","$","?","M","R","BOSS","R","$","E","BOSS"],"items_purchased_type":["Card","Card","Relic","Card","Relic","Relic","Relic"],"build_version":"2020-12-22","purchased_purges":2,"victory":false,"max_hp_per_floor":[80,80,80,80,80,80,80,80,80,80,80,80,80,80,80,80,80,80,80,80,80,80,80,80,80,80,80,80,80,80,80,80,80,80,85,85,85,85,85,95,95,95,95,95,95,95,95,95,95,95,95,95,95,95,95,95],"relic_stats":{"TheAbacus":[30],"Torii":29,"counters":[30,123],"Astrolabe":["Rage","Iron Wave","Barricade"],"Prayer Wheel":13,"Tiny Chest":1,"Art of War":[6],"War Paint":["Defend_R","Defend_R"],"Smiling Mask":30,"obtain_stats":[{"Pear":40,"Torii":25,"Astrolabe":0,"Oddly Smooth Stone":45,"Thread and Needle":9,"The Courier":11,"Omamori":26,"Incense Burner":36,"War Paint":46,"Smiling Mask":43,"Burning Blood":0,"Runic Dome":34,"Anchor":23,"TheAbacus":46,"Prayer Wheel":6,"Tiny Chest":29,"Coffee Dripper":17,"Art of War":19,"Bag of Marbles":46,"FossilizedHelix":13,"Unceasing Top":54},{"Pear":23,"Torii":15,"Astrolabe":0,"Oddly Smooth Stone":26,"Thread and Needle":6,"The Courier":7,"Omamori":15,"Incense Burner":21,"War Paint":26,"Smiling Mask":24,"Burning Blood":0,"Runic Dome":19,"Anchor":14,"TheAbacus":26,"Prayer Wheel":4,"Tiny Chest":16,"Coffee Dripper":10,"Art of War":11,"Bag of Marbles":26,"FossilizedHelix":8,"Unceasing Top":29},{"Pear":89,"Torii":59,"Astrolabe":0,"Oddly Smooth Stone":101,"Thread and Needle":24,"The Courier":27,"Omamori":59,"Incense Burner":82,"War Paint":101,"Smiling Mask":92,"Burning Blood":0,"Runic Dome":76,"Anchor":54,"TheAbacus":101,"Prayer Wheel":17,"Tiny Chest":63,"Coffee Dripper":40,"Art of War":43,"Bag of Marbles":101,"FossilizedHelix":31,"Unceasing Top":115}],"Unceasing Top":[8]},"card_choices":[{"not_picked":["Searing Blow","Twin Strike"],"picked":"Body Slam","floor":1.0},{"not_picked":["Headbutt","True Grit","Sentinel"],"picked":"SKIP","floor":3.0},{"not_picked":["Clash","Headbutt"],"picked":"Metallicize","floor":5.0},{"not_picked":["Battle Trance","Heavy Blade","Headbutt"],"picked":"SKIP","floor":6.0},{"not_picked":["Sword Boomerang","Wild Strike","Demon Form"],"picked":"SKIP","floor":7.0},{"not_picked":["Power Through","Headbutt","Reckless Charge"],"picked":"SKIP","floor":7.0},{"not_picked":["Pommel Strike","Wild Strike"],"picked":"Juggernaut","floor":8.0},{"not_picked":["Burning Pact","Warcry","Wild Strike"],"picked":"SKIP","floor":8.0},{"not_picked":["Intimidate","Searing Blow","Anger"],"picked":"SKIP","floor":11.0},{"not_picked":["Sever Soul","Pommel Strike","Wild Strike"],"picked":"SKIP","floor":13.0},{"not_picked":["Thunderclap","Armaments","Wild Strike"],"picked":"SKIP","floor":14.0},{"not_picked":["Whirlwind","Warcry","Iron Wave"],"picked":"SKIP","floor":14.0},{"not_picked":["Shockwave","Headbutt+1"],"picked":"Iron Wave+1","floor":18.0},{"not_picked":["Clothesline","Anger","Warcry+1"],"picked":"SKIP","floor":18.0},{"not_picked":["Carnage","Wild Strike+1"],"picked":"Shrug It Off","floor":20.0},{"not_picked":["Sword Boomerang","Headbutt+1","Carnage"],"picked":"SKIP","floor":20.0},{"not_picked":["Flex","Burning Pact"],"picked":"Body Slam","floor":22.0},{"not_picked":["Warcry+1","Clothesline","Fire Breathing"],"picked":"SKIP","floor":22.0},{"not_picked":["Armaments","Heavy Blade","Wild Strike"],"picked":"SKIP","floor":23.0},{"not_picked":["Fire Breathing","Wild Strike"],"picked":"Ghostly Armor","floor":25.0},{"not_picked":["Infernal Blade","Immolate","Evolve"],"picked":"SKIP","floor":29.0},{"not_picked":["Pommel Strike","Combust","Clothesline+1"],"picked":"SKIP","floor":30.0},{"not_picked":["Heavy Blade","Evolve","Headbutt"],"picked":"SKIP","floor":30.0},{"not_picked":["Warcry","Burning Pact+1","True Grit"],"picked":"SKIP","floor":31.0},{"not_picked":["Power Through+1","Offering","Perfected Strike"],"picked":"SKIP","floor":31.0},{"not_picked":["Cleave+1","Burning Pact"],"picked":"Body Slam","floor":35.0},{"not_picked":["Sentinel","Wild Strike+1","Havoc+1"],"picked":"SKIP","floor":35.0},{"not_picked":["Wild Strike+1","Heavy Blade"],"picked":"Dual Wield","floor":36.0},{"not_picked":["Clothesline+1","Headbutt+1","Power Through+1"],"picked":"SKIP","floor":38.0},{"not_picked":["Perfected Strike+1","Thunderclap","Fire Breathing+1"],"picked":"SKIP","floor":38.0},{"not_picked":["Wild Strike","Armaments","Evolve+1"],"picked":"SKIP","floor":40},{"not_picked":["Thunderclap+1","Wild Strike+1","Offering"],"picked":"SKIP","floor":42},{"not_picked":["Intimidate+1","Uppercut+1","Shockwave"],"picked":"SKIP","floor":42},{"not_picked":["Cleave","Flex+1","Iron Wave+1"],"picked":"SKIP","floor":44},{"not_picked":["Wild Strike","Perfected Strike","Immolate"],"picked":"SKIP","floor":44},{"not_picked":["Havoc","Body Slam","Anger+1"],"picked":"SKIP","floor":45},{"not_picked":["Anger+1","Warcry+1","Body Slam"],"picked":"SKIP","floor":48},{"not_picked":["Perfected Strike+1","Cleave","Wild Strike"],"picked":"SKIP","floor":48},{"not_picked":["Barricade","Sword Boomerang","Wild Strike"],"picked":"SKIP","floor":54}],"player_experience":163580,"relics_obtained":[{"floor":6.0,"key":"Prayer Wheel"},{"floor":9.0,"key":"Thread and Needle"},{"floor":11.0,"key":"The Courier"},{"floor":13.0,"key":"FossilizedHelix"},{"floor":23.0,"key":"Anchor"},{"floor":25.0,"key":"Torii"},{"floor":26.0,"key":"Omamori"},{"floor":29.0,"key":"Tiny Chest"},{"floor":36.0,"key":"Incense Burner"},{"floor":40,"key":"Pear"},{"floor":43,"key":"Smiling Mask"},{"floor":45,"key":"Oddly Smooth Stone"},{"floor":54,"key":"Unceasing Top"}],"event_choices":[{"damage_healed":0.0,"max_hp_gain":0.0,"max_hp_loss":0.0,"gold_gain":75.0,"event_name":"World of Goop","player_choice":"Gather Gold","floor":2.0,"gold_loss":0.0,"damage_taken":11.0},{"cards_removed":["Strike_R"],"damage_healed":0.0,"max_hp_gain":0.0,"max_hp_loss":0.0,"gold_gain":0.0,"event_name":"Beggar","player_choice":"Gave Gold","floor":21.0,"gold_loss":75.0,"damage_taken":0.0},{"damage_healed":0.0,"max_hp_gain":0.0,"max_hp_loss":0.0,"gold_gain":0.0,"event_name":"MindBloom","player_choice":"Fight","floor":36.0,"gold_loss":0.0,"damage_taken":0.0},{"damage_healed":0.0,"max_hp_gain":0.0,"max_hp_loss":0.0,"gold_gain":0.0,"event_name":"Upgrade Shrine","player_choice":"Upgraded","floor":37.0,"gold_loss":0.0,"damage_taken":0.0,"cards_upgraded":["Dual Wield"]},{"cards_removed":["Metallicize"],"damage_healed":0,"gold_gain":0,"player_choice":"Removed Power","damage_taken":0,"max_hp_gain":0,"max_hp_loss":0,"event_name":"Falling","floor":47,"gold_loss":0}],"is_beta":false,"boss_relics":[{"not_picked":["Calling Bell","Pandora\u0027s Box"],"picked":"Coffee Dripper"},{"not_picked":["Tiny House","Snecko Eye"],"picked":"Runic Dome"}],"items_purged_floors":[19,46],"is_endless":false,"potions_floor_spawned":[5,7,11,13,16,22,25,29,31,35,44,48,54],"killed_by":"The Heart","ascension_level":5}}