{"host":"y3h3n3f7seyagppx","time":1611785404,"event":{"mods":["AlwaysNeverKeys","BaseMod","Better Vampires","Colored Powertips","DeckTracker","Emptier Cage","Minty Spire (QoL Compilation)","Permanent Neow","Quick Restart","Rare Cards Sparkle","Relic Sorter","Relic Stats","StSLib","Transform Curses"],"gold_per_floor":[165,130,143,143,158,158,55,81,81,113,125,125,139,173,173,248,248,259,259,309,323,51,51,76,95,122,122,122,122],"floor_reached":28,"language":"ENG","playtime":9617,"items_purged":["Strike_B","Strike_B"],"score":537,"play_id":"c104d394-87b3-412c-9ed3-8e7d11b0634c","local_time":"20210127171004","is_ascension_mode":true,"campfire_choices":[{"data":"Zap","floor":6.0,"key":"SMITH"},{"data":"Darkness","floor":15.0,"key":"SMITH"},{"floor":23.0,"key":"REST"},{"floor":27,"key":"REST"}],"circlet_count":0,"master_deck":["AscendersBane","Strike_B","Strike_B","Defend_B","Defend_B","Defend_B","Defend_B+1","Zap+1","Dualcast","Beam Cell","Lockon","BootSequence","Cold Snap","Darkness+1","Go for the Eyes","Multi-Cast","Hyperbeam","Hologram+1","Conserve Battery+1","Self Repair+1"],"relics":["Tiny House","Ornamental Fan","Matryoshka","Pear","Sundial","Singing Bowl","Gremlin Horn","Inserter","Bag of Preparation","Bottled Lightning","Dream Catcher","Vajra"],"acts_visited":["Exordium","TheCity"],"potions_floor_usage":[24],"damage_taken":[{"damage":9.0,"enemies":"2 Louse","floor":1.0,"turns":2.0},{"damage":7.0,"enemies":"Jaw Worm","floor":3.0,"turns":2.0},{"damage":1.0,"enemies":"Cultist","floor":5.0,"turns":4.0},{"damage":23.0,"enemies":"3 Sentries","floor":8.0,"turns":11.0},{"damage":13.0,"enemies":"Lagavulin","floor":10.0,"turns":7.0},{"damage":0.0,"enemies":"2 Fungi Beasts","floor":11.0,"turns":3.0},{"damage":9.0,"enemies":"Large Slime","floor":13.0,"turns":6.0},{"damage":25.0,"enemies":"Gremlin Nob","floor":14.0,"turns":4.0},{"damage":5.0,"enemies":"Hexaghost","floor":16.0,"turns":8.0},{"damage":42.0,"enemies":"Chosen","floor":18.0,"turns":6.0},{"damage":0.0,"enemies":"3 Byrds","floor":21.0,"turns":4.0},{"damage":17,"enemies":"Gremlin Leader","floor":24,"turns":6},{"damage":0,"enemies":"Snake Plant","floor":25,"turns":2},{"damage":62,"enemies":"3 Cultists","floor":28,"turns":4}],"seed_played":"-2373016362623665371","potions_obtained":[{"floor":0.0,"key":"SteroidPotion"},{"floor":1.0,"key":"SteroidPotion"},{"floor":13.0,"key":"PowerPotion"},{"floor":14.0,"key":"LiquidBronze"},{"floor":18.0,"key":"BlessingOfTheForge"}],"is_trial":false,"path_per_floor":["M","?","M","?","M","R","$","E","T","E","M","?","M","E","R","B",null,"M","?","?","M","$","R","E","M","T","R","M"],"character_chosen":"DEFECT","items_purchased":["Cold Snap","Bag of Preparation"],"campfire_rested":2,"item_purchase_floors":[7,22],"current_hp_per_floor":[60,76,69,51,50,50,50,27,37,24,26,55,46,23,23,18,72,30,3,3,3,3,31,14,16,16,47,0,0],"gold":122,"neow_bonus":"BOSS_RELIC","is_daily":false,"chose_seed":false,"campfire_upgraded":2,"win_rate":0.0,"timestamp":1611785404,"path_taken":["M","?","M","?","M","R","$","E","T","E","M","?","M","E","R","BOSS","M","?","?","M","?","R","E","M","T","R","M"],"items_purchased_type":["Card","Relic"],"build_version":"2020-12-22","purchased_purges":2,"victory":false,"max_hp_per_floor":[76,76,76,76,76,76,76,76,86,86,88,88,88,90,90,90,90,90,95,95,95,95,95,95,97,97,99,99,99],"relic_stats":{"Dream Catcher":1,"Inserter":[11],"Singing Bowl":8,"Gremlin Horn":[8,8],"counters":[14,69],"Ornamental Fan":[56],"Sundial":[6],"Bag of Preparation":[6],"obtain_stats":[{"Tiny House":0,"Pear":9,"Inserter":17,"Singing Bowl":10,"Gremlin Horn":14,"Vajra":26,"Bag of Preparation":22,"Dream Catcher":26,"Matryoshka":8,"Ornamental Fan":4,"Sundial":9,"Bottled Lightning":24,"Cracked Core":0},{"Tiny House":0,"Pear":4,"Inserter":9,"Singing Bowl":5,"Gremlin Horn":8,"Vajra":13,"Bag of Preparation":11,"Dream Catcher":13,"Matryoshka":4,"Ornamental Fan":2,"Sundial":4,"Bottled Lightning":12,"Cracked Core":0},{"Tiny House":0,"Pear":19,"Inserter":47,"Singing Bowl":26,"Gremlin Horn":39,"Vajra":65,"Bag of Preparation":57,"Dream Catcher":65,"Matryoshka":19,"Ornamental Fan":4,"Sundial":19,"Bottled Lightning":63,"Cracked Core":0}]},"card_choices":[{"not_picked":["Coolheaded","Stack"],"picked":"Beam Cell","floor":0.0},{"not_picked":["Conserve Battery","Coolheaded"],"picked":"Lockon","floor":1.0},{"not_picked":["Steam","Capacitor"],"picked":"BootSequence","floor":3.0},{"not_picked":["Barrage","Blizzard","Steam"],"picked":"SKIP","floor":5.0},{"not_picked":["Barrage","Blizzard","Steam"],"picked":"SKIP","floor":5.0},{"not_picked":["Barrage","Blizzard","Steam"],"picked":"SKIP","floor":5.0},{"not_picked":["Ball Lightning","Streamline"],"picked":"Darkness","floor":8.0},{"not_picked":["Chaos","Auto Shields"],"picked":"Go for the Eyes","floor":10.0},{"not_picked":["White Noise","Heatsinks","Gash"],"picked":"Singing Bowl","floor":11.0},{"not_picked":["Skim","Coolheaded"],"picked":"Multi-Cast","floor":13.0},{"not_picked":["Beam Cell","Streamline","Rebound"],"picked":"Singing Bowl","floor":14.0},{"not_picked":["Fission","Machine Learning"],"picked":"Hyperbeam","floor":16.0},{"not_picked":["Ball Lightning","Conserve Battery"],"picked":"Hologram+1","floor":18.0},{"not_picked":["Redo","Hologram+1"],"picked":"Conserve Battery+1","floor":21.0},{"not_picked":["Reinforced Body","Stack+1"],"picked":"Self Repair+1","floor":24},{"not_picked":["Turbo","Leap","Rebound+1"],"picked":"Singing Bowl","floor":25},{"not_picked":["Meteor Strike","White Noise","Turbo"],"picked":"Singing Bowl","floor":27}],"player_experience":21675368,"relics_obtained":[{"floor":8.0,"key":"Matryoshka"},{"floor":9.0,"key":"Pear"},{"floor":9.0,"key":"Sundial"},{"floor":10.0,"key":"Singing Bowl"},{"floor":14.0,"key":"Gremlin Horn"},{"floor":24,"key":"Bottled Lightning"},{"floor":26,"key":"Dream Catcher"},{"floor":26,"key":"Vajra"}],"event_choices":[{"damage_healed":19.0,"max_hp_gain":0.0,"max_hp_loss":0.0,"gold_gain":0.0,"event_name":"The Cleric","player_choice":"Healed","floor":2.0,"gold_loss":35.0,"damage_taken":0.0},{"damage_healed":0.0,"max_hp_gain":0.0,"max_hp_loss":0.0,"gold_gain":0.0,"event_name":"Scrap Ooze","player_choice":"Success","floor":4.0,"gold_loss":0.0,"damage_taken":18.0,"relics_obtained":["Ornamental Fan"]},{"damage_healed":29.0,"max_hp_gain":0.0,"max_hp_loss":0.0,"gold_gain":0.0,"event_name":"Big Fish","player_choice":"Banana","floor":12.0,"gold_loss":0.0,"damage_taken":0.0},{"damage_healed":0.0,"max_hp_gain":5.0,"max_hp_loss":0.0,"gold_gain":0.0,"event_name":"Forgotten Altar","player_choice":"Shed Blood","floor":19.0,"gold_loss":0.0,"damage_taken":32.0},{"damage_healed":0.0,"max_hp_gain":0.0,"max_hp_loss":0.0,"gold_gain":50.0,"event_name":"Nest","player_choice":"Stole From Cult","floor":20.0,"gold_loss":0.0,"damage_taken":0.0}],"is_beta":false,"boss_relics":[{"not_picked":["SacredBark","Busted Crown"],"picked":"Inserter"}],"items_purged_floors":[7,22],"is_endless":false,"potions_floor_spawned":[1,13,14,18],"killed_by":"3 Cultists","ascension_level":20}}