{"host":"3po7ngt2j61s4rmj","time":1611779287,"event":{"mods":["Act Like it!","BaseMod","Elementarium","JesterMod","Minty Spire (QoL Compilation)","Relic Stats","Shade Mod","StSLib"],"gold_per_floor":[14,27,47,12,29,54,229,229,254,285,302,333,333,30,30,30,30],"floor_reached":16,"language":"ENG","playtime":1122,"items_purged":[],"score":162,"play_id":"d4edacba-0142-46fc-9460-3d107e305e7d","local_time":"20210127132807","is_ascension_mode":true,"campfire_choices":[{"data":"jesterMod:Disposophobia","floor":8,"key":"SMITH"},{"floor":13,"key":"REST"},{"data":"jesterMod:Frenzy","floor":15,"key":"SMITH"}],"circlet_count":0,"master_deck":["jesterMod:Strike","jesterMod:Strike","jesterMod:Strike","jesterMod:Strike","jesterMod:Sickle","jesterMod:Defend","jesterMod:Defend","jesterMod:Defend","jesterMod:Defend","jesterMod:Dodge","jesterMod:Inspiration","jesterMod:RecklessStrike","jesterMod:Inspiration","jesterMod:QuickStrike","jesterMod:Disposophobia+1","Doubt","jesterMod:Mending","jesterMod:Frenzy+1","jesterMod:Finale"],"relics":["jesterMod:JesterCap","jesterMod:BagOfTricks","Anchor","Toy Ornithopter","Potion Belt","jesterMod:MirrorMask","Bag of Preparation"],"acts_visited":["Exordium"],"potions_floor_usage":[10,10,12,16],"damage_taken":[{"damage":5,"enemies":"Cultist","floor":1,"turns":5},{"damage":2,"enemies":"Jaw Worm","floor":2,"turns":4},{"damage":1,"enemies":"2 Louse","floor":3,"turns":3},{"damage":0,"enemies":"Blue Slaver","floor":5,"turns":4},{"damage":17,"enemies":"3 Sentries","floor":6,"turns":7},{"damage":6,"enemies":"Lagavulin","floor":10,"turns":5},{"damage":2,"enemies":"Gremlin Gang","floor":11,"turns":2},{"damage":48,"enemies":"3 Sentries","floor":12,"turns":10},{"damage":47,"enemies":"Hexaghost","floor":16,"turns":12}],"seed_played":"5043293252752148355","potions_obtained":[{"floor":1,"key":"LiquidBronze"},{"floor":2,"key":"EssenceOfSteel"},{"floor":6,"key":"FearPotion"},{"floor":10,"key":"SteroidPotion"}],"is_trial":false,"path_per_floor":["M","M","M","?","M","E","?","R","T","E","M","E","R","$","R","B"],"character_chosen":"THE_JESTER","items_purchased":["jesterMod:MirrorMask","Bag of Preparation"],"campfire_rested":1,"item_purchase_floors":[14,14],"current_hp_per_floor":[72,70,69,84,84,67,67,67,67,61,59,16,41,41,41,0,0],"gold":30,"neow_bonus":"TWENTY_PERCENT_HP_BONUS","is_daily":false,"chose_seed":false,"campfire_upgraded":2,"win_rate":0.0,"timestamp":1611779287,"path_taken":["M","M","M","?","M","E","?","R","T","E","?","E","R","$","R","BOSS"],"items_purchased_type":["Relic","Relic"],"build_version":"2020-12-22","purchased_purges":0,"victory":false,"max_hp_per_floor":[84,84,84,84,84,84,84,84,84,84,84,84,84,84,84,84,84],"relic_stats":{"counters":[9,52],"Bag of Preparation":[2],"obtain_stats":[{"jesterMod:BagOfTricks":6,"Potion Belt":12,"Anchor":9,"jesterMod:JesterCap":0,"Bag of Preparation":14,"Toy Ornithopter":10,"jesterMod:MirrorMask":14},{"jesterMod:BagOfTricks":5,"Potion Belt":8,"Anchor":5,"jesterMod:JesterCap":0,"Bag of Preparation":8,"Toy Ornithopter":6,"jesterMod:MirrorMask":8},{"jesterMod:BagOfTricks":23,"Potion Belt":40,"Anchor":23,"jesterMod:JesterCap":0,"Bag of Preparation":40,"Toy Ornithopter":28,"jesterMod:MirrorMask":40}],"Toy Ornithopter":10},"card_choices":[{"not_picked":["jesterMod:Unleash","jesterMod:Tinker"],"picked":"jesterMod:Inspiration","floor":1},{"not_picked":["jesterMod:DancingMad","jesterMod:OblivionStrike"],"picked":"jesterMod:RecklessStrike","floor":2},{"not_picked":["jesterMod:Talion","jesterMod:Taunt"],"picked":"jesterMod:Inspiration","floor":3},{"not_picked":["jesterMod:Talion","jesterMod:Anticipation"],"picked":"jesterMod:QuickStrike","floor":5},{"not_picked":["jesterMod:JackInTheBox","jesterMod:ButterKnife"],"picked":"jesterMod:Disposophobia","floor":6},{"not_picked":["jesterMod:Unleash","jesterMod:ButterKnife"],"picked":"jesterMod:Mending","floor":10},{"not_picked":["jesterMod:RecklessStrike","jesterMod:DancingMad"],"picked":"jesterMod:Frenzy","floor":11},{"not_picked":["jesterMod:Taunt","jesterMod:TrickyDodge"],"picked":"jesterMod:Finale","floor":12}],"player_experience":1111194,"relics_obtained":[{"floor":6,"key":"jesterMod:BagOfTricks"},{"floor":9,"key":"Anchor"},{"floor":10,"key":"Toy Ornithopter"},{"floor":12,"key":"Potion Belt"}],"event_choices":[{"damage_healed":21,"gold_gain":0,"player_choice":"Healed","damage_taken":0,"max_hp_gain":0,"max_hp_loss":0,"event_name":"The Cleric","floor":4,"gold_loss":35},{"damage_healed":0,"gold_gain":175,"player_choice":"AGREE","damage_taken":0,"max_hp_gain":0,"max_hp_loss":0,"event_name":"Liars Game","floor":7,"gold_loss":0,"cards_obtained":["Doubt"]}],"is_beta":false,"boss_relics":[],"items_purged_floors":[],"is_endless":false,"potions_floor_spawned":[1,2,6,10],"killed_by":"Hexaghost","ascension_level":7}}