{"host":"njb27ds59h4j3ikk","time":1611771673,"event":{"mods":["AchievementEnabler","BaseMod","Better Altar","Better Match","Better Note","Better Sensory Stone","Better Skull","Better Third Choice","BetterRewards","Downfall","Hermit","Hubris","Minty Spire (QoL Compilation)","Permanent Neow","Quarter Circle Forward PUNCH!","Quick Restart","Rare Cards Sparkle","Shop Mod","StSLib","Trackpad","Transform Curses"],"gold_per_floor":[99,111,211,211,225,225,225,244,244,264,11,37,22,39,51,146,146,146,165,181,192,211,244,244,251,251],"floor_reached":25,"language":"ENG","playtime":1160,"items_purged":[],"score":250,"play_id":"814c08cb-2713-4cd6-8d26-9e43ee3bf00e","local_time":"20210127132113","is_ascension_mode":false,"campfire_choices":[{"data":"hermit:Snapshot","floor":1.0,"key":"SMITH"},{"data":"hermit:HeroicBravado","floor":18,"key":"SMITH"}],"circlet_count":0,"master_deck":["hermit:Strike_Hermit","hermit:Strike_Hermit","hermit:Strike_Hermit","hermit:Strike_Hermit","hermit:Defend_Hermit","hermit:Defend_Hermit+1","hermit:Defend_Hermit","hermit:Defend_Hermit+1","hermit:Snapshot+1","hermit:Covet+1","hermit:Maintenance+1","hermit:Glare","hermit:Maintenance+1","hermit:Snapshot+1","Regret","downfall:Haunted","hermit:Grudge","downfall:Malfunctioning","hermit:ShadowCloak","hermit:Misfire","hermit:HeroicBravado+1","hermit:Virtue","hermit:Malice","hermit:Spite","hermit:HeroicBravado","hermit:Snipe","hermit:Coalescence","hermit:Gestalt+1","hermit:Scavenge+1","hermit:Grudge","Normality"],"relics":["Cursed Key","hubris:TenFootPole","Gremlin Horn","qcfpunch:Wild_Herbs_Ointment","Philosopher\u0027s Stone","Smiling Mask","Blue Candle"],"acts_visited":["Exordium","TheCity"],"potions_floor_usage":[16,19,23,23,25],"damage_taken":[{"damage":0.0,"enemies":"Small Slimes","floor":2.0,"turns":2.0},{"damage":0,"enemies":"2 Louse","floor":5,"turns":2},{"damage":0,"enemies":"Cultist","floor":8,"turns":3},{"damage":1,"enemies":"3 Louse","floor":10,"turns":2},{"damage":0,"enemies":"downfall:FleeingMerchant","floor":11,"turns":4},{"damage":5,"enemies":"Lagavulin","floor":12,"turns":5},{"damage":2,"enemies":"downfall:FleeingMerchant","floor":13,"turns":4},{"damage":8,"enemies":"Blue Slaver","floor":14,"turns":3},{"damage":9,"enemies":"Large Slime","floor":15,"turns":5},{"damage":28,"enemies":"SI_SHIV_ARCHETYPE","floor":16,"turns":9},{"damage":13,"enemies":"3 Byrds","floor":19,"turns":4},{"damage":34,"enemies":"Chosen and Byrds","floor":20,"turns":5},{"damage":12,"enemies":"Shelled Parasite and Fungi","floor":21,"turns":5},{"damage":15,"enemies":"Snecko","floor":22,"turns":6},{"damage":3,"enemies":"Gremlin Leader","floor":23,"turns":10},{"damage":25,"enemies":"Cultist and Chosen","floor":25,"turns":7}],"seed_played":"-8293054213741695055","potions_obtained":[{"floor":2.0,"key":"SteroidPotion"},{"floor":10,"key":"Explosive Potion"},{"floor":12,"key":"DuplicationPotion"},{"floor":22,"key":"Regen Potion"},{"floor":23,"key":"ColorlessPotion"}],"is_trial":false,"path_per_floor":["R","M","?","?","M","?","T","M","?","M","$","E","$","M","M","B",null,"R","M","M","M","M","E","T","M"],"character_chosen":"HERMIT","items_purchased":["Gremlin Horn"],"campfire_rested":0,"item_purchase_floors":[11],"current_hp_per_floor":[75,75,75,75,75,75,75,75,75,74,74,69,67,59,50,26,79,79,66,36,24,9,21,21,0,0],"gold":251,"neow_bonus":"BOSS_RELIC","is_daily":false,"chose_seed":false,"campfire_upgraded":2,"win_rate":0.0,"timestamp":1611771673,"path_taken":["R","M","?","?","M","?","T","?","?","M","?","E","$","M","M","BOSS","R","M","M","M","M","E","T","M"],"items_purchased_type":["Relic"],"build_version":"2020-12-22","purchased_purges":0,"victory":false,"max_hp_per_floor":[75,75,75,75,75,75,75,75,75,75,75,75,75,75,75,79,79,79,79,83,83,83,83,83,83,83],"card_choices":[{"not_picked":["hermit:FullyLoaded","hermit:WideOpen"],"picked":"hermit:Maintenance","floor":2.0},{"not_picked":["hermit:Enervate","hermit:Quickdraw"],"picked":"hermit:Glare","floor":5},{"not_picked":["hermit:ItchyTrigger","hermit:FullyLoaded"],"picked":"hermit:Grudge","floor":8},{"not_picked":["hermit:Roulette","hermit:HoleUp"],"picked":"hermit:ShadowCloak","floor":10},{"not_picked":["hermit:Headshot","hermit:Quickdraw"],"picked":"hermit:Misfire","floor":11},{"not_picked":["hermit:Coalescence","hermit:TrackingShot"],"picked":"hermit:HeroicBravado","floor":12},{"not_picked":["hermit:Ricochet","hermit:ItchyTrigger"],"picked":"hermit:Virtue","floor":13},{"not_picked":["hermit:Glare","hermit:Manifest"],"picked":"hermit:Malice","floor":14},{"not_picked":["hermit:Roulette","hermit:ItchyTrigger"],"picked":"hermit:Spite","floor":15},{"not_picked":["hermit:Roughhouse","hermit:Magnum"],"picked":"hermit:HeroicBravado","floor":16},{"not_picked":["hermit:Brawl","hermit:Dive"],"picked":"hermit:Snipe","floor":19},{"not_picked":["hermit:Virtue","hermit:LoneWolf"],"picked":"hermit:Coalescence","floor":20},{"not_picked":["hermit:EyeOfTheStorm","hermit:ItchyTrigger"],"picked":"hermit:Gestalt+1","floor":21},{"not_picked":["hermit:ItchyTrigger+1","hermit:Desperado+1"],"picked":"hermit:Scavenge+1","floor":22},{"not_picked":["hermit:TrackingShot","hermit:CursedWeapon"],"picked":"hermit:Grudge","floor":23}],"player_experience":1322022,"relics_obtained":[{"floor":7,"key":"hubris:TenFootPole"},{"floor":12,"key":"qcfpunch:Wild_Herbs_Ointment"},{"floor":23,"key":"Smiling Mask"},{"floor":24,"key":"Blue Candle"}],"event_choices":[],"is_beta":false,"boss_relics":[{"not_picked":["Busted Crown","hubris:BlackHole"],"picked":"Philosopher\u0027s Stone"}],"items_purged_floors":[],"is_endless":false,"potions_floor_spawned":[2,10,12,14,15,22,23],"killed_by":"Cultist and Chosen","ascension_level":0}}