{"host":"w4itzgfiflucot85","time":1611722382,"event":{"mods":["2.2 Compatiblity","BaseMod","Bestiary","Better Note","BetterRewards","Colored Map","Conspire","Highlight Path","Infinite Spire","Minty Spire (QoL Compilation)","Permanent Neow","Replay The Spire","StSLib","The Bug Knight","The Dragon Tamer","The Jungle"],"gold_per_floor":[112,187,137,155,170,196,212,212,212],"floor_reached":8,"language":"ENG","playtime":235,"items_purged":[],"score":70,"play_id":"a422b819-d2ad-498b-a391-7ca71405b08c","local_time":"20210126233942","is_ascension_mode":true,"campfire_choices":[],"circlet_count":0,"master_deck":["Strike_B","Strike_B","Strike_B","Strike_B","Defend_B","Defend_B","Defend_B","Defend_B","Zap","Beam Cell","Genetic Algorithm","Conserve Battery","Scrape"],"relics":["conspire:SpecialSausage","Oddly Smooth Stone"],"acts_visited":["Exordium"],"potions_floor_usage":[8],"damage_taken":[{"damage":0,"enemies":"2 Louse","floor":1,"turns":3},{"damage":7,"enemies":"Small Slimes","floor":4,"turns":3},{"damage":3,"enemies":"Jaw Worm","floor":5,"turns":3},{"damage":50,"enemies":"Gremlin Nob","floor":6,"turns":5},{"damage":0,"enemies":"Looter","floor":7,"turns":4},{"damage":8,"enemies":"Lagavulin","floor":8,"turns":4}],"seed_played":"-4502734490156874183","potions_obtained":[{"floor":7,"key":"ColorlessPotion"}],"is_trial":false,"path_per_floor":["M","?","?","M","M","E","M","E"],"character_chosen":"DEFECT","items_purchased":[],"campfire_rested":0,"item_purchase_floors":[],"current_hp_per_floor":[75,64,64,57,54,4,4,0,0],"gold":212,"neow_bonus":"BOSS_RELIC","is_daily":false,"chose_seed":false,"campfire_upgraded":0,"win_rate":0.0,"timestamp":1611722382,"path_taken":["M","?","?","M","M","E","M","E"],"items_purchased_type":[],"build_version":"2020-12-22","purchased_purges":0,"victory":false,"max_hp_per_floor":[75,75,75,75,75,75,75,75,75],"card_choices":[{"not_picked":["Rebound","FIFO Queue"],"picked":"Beam Cell","floor":1},{"not_picked":["Streamline","Go for the Eyes"],"picked":"Genetic Algorithm","floor":4},{"not_picked":["Darkness","Loop"],"picked":"Conserve Battery","floor":5},{"not_picked":["Time Bomb","ReplayTheSpireMod:Calculation Training","BasicCrystalCard"],"picked":"SKIP","floor":6},{"not_picked":["Stack","Turbo"],"picked":"Scrape","floor":7}],"player_experience":143376,"relics_obtained":[{"floor":6,"key":"Oddly Smooth Stone"}],"event_choices":[{"damage_healed":0,"gold_gain":75,"player_choice":"Gather Gold","damage_taken":11,"max_hp_gain":0,"max_hp_loss":0,"event_name":"World of Goop","floor":2,"gold_loss":0},{"cards_removed":["Dualcast"],"damage_healed":0,"gold_gain":0,"player_choice":"Card Removal","damage_taken":0,"max_hp_gain":0,"max_hp_loss":0,"event_name":"The Cleric","floor":3,"gold_loss":50}],"is_beta":false,"boss_relics":[],"items_purged_floors":[],"is_endless":false,"potions_floor_spawned":[7],"killed_by":"Lagavulin","ascension_level":4}}