{"host":"2eswhqk6sgfpt1j1","time":1611720007,"event":{"mods":["Act Like it!","BaseMod","Colored Powertips","Hallownest","Lobotomy","Minty Spire (QoL Compilation)","Replay The Spire","StSLib","The Bug Knight","The Cursed","The Hierophant","The Servant 0.9.4"],"gold_per_floor":[215,231,84,84,99,99,99,99,124,124,49,60,77,77,77,180,180,180,180],"floor_reached":18,"language":"ZHS","playtime":904,"items_purged":["HollowMod:NailStrikeStart"],"score":175,"play_id":"a2e859a3-21af-44f6-9a77-225e37666339","local_time":"20210127120007","is_ascension_mode":false,"campfire_choices":[{"data":"HollowMod:TaintedHusks","floor":6,"key":"SMITH"},{"floor":15,"key":"REST"}],"circlet_count":0,"master_deck":["HollowMod:QuickDashStart","HollowMod:QuickDashStart","HollowMod:QuickDashStart","HollowMod:QuickDashStart","HollowMod:FocusHealStart","HollowMod:PogoStrike","HollowMod:TaintedHusks+1","HollowMod:DungDefenderAura","HollowMod:NewGlowingWomb+1","HollowMod:InfectedAttack+1","HollowMod:InfectedAttack+1","HollowMod:InfectedAttack+1","HollowMod:InfectedAttack+1","Hallownest:skillGreenpathMap","HollowMod:LifebloodCore"],"relics":["HollowMod:VesselMask","Molten Egg 2","Kunai","ReplayTheSpireMod:TigerMarble","Replay:Bottled Eggs","Ring of Chaos"],"acts_visited":["Hallownest:Greenpath","Hallownest:CityofTears"],"potions_floor_usage":[2,13,16],"damage_taken":[{"damage":1,"enemies":"Hallownest:monsterHuskWarrior","floor":1,"turns":3},{"damage":1,"enemies":"Hallownest:2_Baldur","floor":2,"turns":4},{"damage":0,"enemies":"Hallownest:2_MossCreeps","floor":5,"turns":4},{"damage":12,"enemies":"Hallownest:MossCreep_and_Mosskin","floor":12,"turns":6},{"damage":8,"enemies":"Hallownest:Guard_and_Warrior","floor":13,"turns":5},{"damage":32,"enemies":"Hallownest:BossBrokenVessel","floor":16,"turns":9},{"damage":82,"enemies":"Hallownest:Flukemon_and_Top","floor":18,"turns":5}],"seed_played":"-1105952252488940608","potions_obtained":[{"floor":1,"key":"BlessingOfTheForge"},{"floor":5,"key":"PowerPotion"},{"floor":12,"key":"Fire Potion"}],"is_trial":false,"path_per_floor":["M","M","$","?","M","R","?","$","T","?","?","M","M","T","R","B",null,"M"],"character_chosen":"THE_BUGKNIGHT","items_purchased":["HollowMod:DungDefenderAura"],"campfire_rested":1,"item_purchase_floors":[3],"current_hp_per_floor":[74,73,73,63,63,63,63,63,63,63,63,51,43,43,65,33,75,0,0],"gold":180,"neow_bonus":"HUNDRED_GOLD","is_daily":false,"chose_seed":false,"campfire_upgraded":1,"win_rate":0.0,"timestamp":1611720007,"path_taken":["M","M","$","?","M","R","?","?","T","?","?","?","M","?","R","BOSS","M"],"items_purchased_type":["Card"],"build_version":"2020-12-22","purchased_purges":1,"victory":false,"max_hp_per_floor":[75,75,75,75,75,75,75,75,75,75,75,75,75,75,75,75,75,75,75],"card_choices":[{"not_picked":["HollowMod:AbyssShriek","HollowMod:DoubleDash"],"picked":"HollowMod:TaintedHusks","floor":1},{"not_picked":["HollowMod:HeavyBlow","HollowMod:CornifersMapStart","HollowMod:TaintedHusks"],"picked":"SKIP","floor":2},{"not_picked":["HollowMod:CloakDash","HollowMod:NewJinnsSoul"],"picked":"HollowMod:NewGlowingWomb","floor":5},{"not_picked":["HollowMod:RecoilStrike+1","HollowMod:ShadowDash","HollowMod:DescendingDark+1"],"picked":"SKIP","floor":12},{"not_picked":["HollowMod:SoulStrike+1","HollowMod:VengefulVoid+1","HollowMod:CloakDash"],"picked":"SKIP","floor":13},{"not_picked":["HollowMod:Hiveblood","HollowMod:SlysStrikes"],"picked":"HollowMod:LifebloodCore","floor":16}],"player_experience":415016,"relics_obtained":[{"floor":9,"key":"ReplayTheSpireMod:TigerMarble"},{"floor":14,"key":"Replay:Bottled Eggs"}],"event_choices":[],"is_beta":false,"boss_relics":[{"not_picked":["HollowMod:VoidIdolRelic","Fusion Hammer"],"picked":"Ring of Chaos"}],"items_purged_floors":[3],"is_endless":false,"potions_floor_spawned":[1,5,12],"killed_by":"Hallownest:Flukemon_and_Top","ascension_level":0}}