{"host":"xx5zt3jtdyh8iun7","time":1611779023,"event":{"mods":["AchievementEnabler","Act Like it!","BaseMod","Downfall","Hallownest","Minty Spire (QoL Compilation)","StSLib","The Marked"],"gold_per_floor":[113,123,123,137,149,149,164,192,192,225,235,160,70,70,70,174,174,187,187,187,97,111,145,145,156,207,219,289,51,89,112,124,238,250,276,203,231,18,36,36,63,79,79,95,95,120,120,120,120,120],"floor_reached":51,"language":"ENG","playtime":5179,"items_purged":[],"score":895,"play_id":"92d47ef1-0402-4470-bc8a-c486d988ee5b","local_time":"20210127212343","is_ascension_mode":true,"campfire_choices":[{"data":"theMarked:Improvise","floor":6,"key":"SMITH"},{"data":"theMarked:Challenge","floor":15,"key":"SMITH"},{"floor":24,"key":"REST"},{"floor":27,"key":"REST"},{"floor":32,"key":"REST"},{"data":"theMarked:ComboAttacks","floor":40,"key":"SMITH"},{"data":"theMarked:TheMission","floor":45,"key":"SMITH"},{"data":"theMarked:MagusForm","floor":49,"key":"SMITH"}],"circlet_count":0,"master_deck":["theMarked:Strike","theMarked:Strike","theMarked:Strike","theMarked:Strike","theMarked:Strike","theMarked:SoldierOfQuellstein","theMarked:Pokerface","theMarked:HeightenedSenses","theMarked:TheMission+1","theMarked:Improvise+1","theMarked:UnarmedFury","theMarked:Polarize","theMarked:Challenge+1","theMarked:BanishingStrike","Hallownest:skillGreenpathMap","Flash of Steel","Hallownest:skillLeafShield","Hallownest:skillLeafShield","Hallownest:skillLeafShield","Hallownest:skillLeafShield","theMarked:MagusForm+1","CurseOfTheBell","theMarked:Memento","Regret","Hallownest:pwrSporeShroom","theMarked:Challenge+1","theMarked:WardOff+1","theMarked:ChainLightning","theMarked:Static+1","theMarked:SuspiciousRaven+1","theMarked:DispelDoubt","theMarked:SelfDefenseTraining","Hallownest:skillKingdomsEdgeMap+1","theMarked:TakeCover+1","theMarked:ComboAttacks+1","theMarked:LightningStrikesTwice+1","theMarked:Panic+1","theMarked:Improvise+1","theMarked:Convert+1"],"relics":["theMarked:ArtifactOfAir","NeowsBlessing","Hallownest:DreamNailRelic","Ornamental Fan","Ice Cream","theMarked:KettuFlask","Calling Bell","Bronze Scales","Shuriken","Mango","Toxic Egg 2","Hallownest:StagBellRelic1","Girya","MawBank","Hallownest:UnbreakableCardRelic","Blood Vial","SlaversCollar","Lee\u0027s Waffle","Pantograph","Blue Candle","Toy Ornithopter","Hallownest:BeastSealRelic"],"acts_visited":["Hallownest:Greenpath","Hallownest:CityofTears","Hallownest:KingdomsEdge"],"potions_floor_usage":[11,16,18,22,33,35,41,46,46],"damage_taken":[{"damage":0,"enemies":"Hallownest:2_MossCreeps","floor":1,"turns":1},{"damage":0,"enemies":"Hallownest:monsterHuskWarrior","floor":2,"turns":1},{"damage":0,"enemies":"Hallownest:monsterHuskGuard","floor":4,"turns":1},{"damage":10,"enemies":"Hallownest:1_Baldur_1_Crawlid_1_Warrior","floor":5,"turns":10},{"damage":13,"enemies":"Hallownest:MossCreep_and_Mosskin","floor":7,"turns":6},{"damage":4,"enemies":"Hallownest:eliteVengeflyKing","floor":8,"turns":7},{"damage":3,"enemies":"Hallownest:eliteCrystalGuardian","floor":10,"turns":5},{"damage":3,"enemies":"Hallownest:Guard_and_Warrior","floor":11,"turns":6},{"damage":0,"enemies":"Hallownest:BossBrokenVessel","floor":16,"turns":8},{"damage":28,"enemies":"Hallownest:2_Mistakes","floor":18,"turns":11},{"damage":11,"enemies":"Hallownest:Guard_and_Sentry","floor":22,"turns":5},{"damage":35,"enemies":"Hallownest:eliteWatcherKnight","floor":23,"turns":13},{"damage":19,"enemies":"Hallownest:3_Mistakes","floor":25,"turns":11},{"damage":28,"enemies":"Hallownest:Glutton_and_Coward","floor":28,"turns":4},{"damage":10,"enemies":"Hallownest:2_Husk_Sentries","floor":31,"turns":5},{"damage":13,"enemies":"Hallownest:BossSoulMaster","floor":33,"turns":10},{"damage":8,"enemies":"Hallownest:Shield_Heavy","floor":35,"turns":7},{"damage":36,"enemies":"Hallownest:2_Littles","floor":37,"turns":7},{"damage":11,"enemies":"Hallownest:Shield_Sturdy","floor":39,"turns":7},{"damage":5,"enemies":"Hallownest:eliteCollector","floor":41,"turns":8},{"damage":10,"enemies":"Hallownest:monsterPrimalAspid","floor":42,"turns":4},{"damage":23,"enemies":"Hallownest:Slobbering_and_Violent","floor":44,"turns":8},{"damage":1,"enemies":"Hallownest:StalkingDevout","floor":46,"turns":7},{"damage":33,"enemies":"Hallownest:BossGreyPrinceZote","floor":50,"turns":12}],"seed_played":"-7452808739014770130","potions_obtained":[{"floor":4,"key":"Guardian:BlockOnCardUsePotion"},{"floor":10,"key":"BlessingOfTheForge"},{"floor":11,"key":"sneckomod:MuddlingPotion"},{"floor":18,"key":"Fruit Juice"},{"floor":31,"key":"LiquidBronze"},{"floor":33,"key":"Energy Potion"},{"floor":35,"key":"Fruit Juice"},{"floor":39,"key":"AttackPotion"},{"floor":42,"key":"Dexterity Potion"}],"is_trial":false,"path_per_floor":["M","M","?","M","M","R","M","E","T","E","M","?","$","?","R","B",null,"M","?","?","?","M","E","R","M","T","R","M","?","T","M","R","B",null,"M","?","M","$","M","R","E","M","T","M","R","E","?","?","R","B",null],"character_chosen":"THE_DEFAULT","items_purchased":["Flash of Steel","theMarked:ComboAttacks","Lee\u0027s Waffle"],"campfire_rested":3,"item_purchase_floors":[13,38,38],"current_hp_per_floor":[70,70,70,70,60,60,47,43,43,40,37,37,37,37,37,37,84,56,56,52,52,46,15,41,26,26,52,24,24,24,20,46,41,89,88,88,54,101,92,92,89,81,81,62,62,63,63,63,63,59],"gold":120,"neow_bonus":"THREE_ENEMY_KILL","is_daily":false,"chose_seed":false,"campfire_upgraded":5,"win_rate":0.0,"timestamp":1611779023,"path_taken":["M","M","?","?","M","R","M","E","T","E","M","?","?","?","R","BOSS","M","?","?","?","?","E","R","M","T","R","M","?","?","?","R","BOSS","M","?","?","?","M","R","E","M","T","M","R","E","?","?","R","BOSS"],"items_purchased_type":["Card","Card","Relic"],"build_version":"2020-12-22","purchased_purges":0,"victory":true,"max_hp_per_floor":[70,70,70,70,70,70,70,70,70,70,70,70,70,70,70,70,84,84,84,84,84,89,89,89,89,89,89,89,89,89,89,89,89,89,94,94,94,101,101,101,101,101,101,101,101,101,96,96,96,96],"card_choices":[{"not_picked":["theMarked:TakeCover","theMarked:RepellingDischarge"],"picked":"theMarked:Pokerface","floor":1},{"not_picked":["theMarked:BanishingWave","theMarked:Overthink"],"picked":"theMarked:HeightenedSenses","floor":2},{"not_picked":["theMarked:PowerFlow","theMarked:RepellingDischarge"],"picked":"theMarked:TheMission","floor":4},{"not_picked":["theMarked:RepellingDischarge","theMarked:Frustration"],"picked":"theMarked:Improvise","floor":5},{"not_picked":["theMarked:ResourceFulStrike","theMarked:TwofoldDefense"],"picked":"theMarked:UnarmedFury","floor":7},{"not_picked":["theMarked:RogueSparks","theMarked:ElectricStrings"],"picked":"theMarked:Polarize","floor":8},{"not_picked":["theMarked:Parkour","theMarked:SwordAndMagic"],"picked":"theMarked:Challenge","floor":10},{"not_picked":["theMarked:TunnelVision","theMarked:Heritage"],"picked":"theMarked:BanishingStrike","floor":11},{"not_picked":["theMarked:UnarmedFury","theMarked:TurnInvisible"],"picked":"theMarked:MagusForm","floor":16},{"not_picked":["theMarked:MuscleMemory+1","theMarked:Parkour"],"picked":"theMarked:Memento","floor":18},{"not_picked":["theMarked:TunnelVision+1","theMarked:SwordAndMagic"],"picked":"theMarked:Challenge+1","floor":22},{"not_picked":["theMarked:ContemptForTheProud+1","theMarked:Panic+1"],"picked":"theMarked:WardOff+1","floor":23},{"not_picked":["theMarked:BanishingStrike","theMarked:EmpowerWeapon+1"],"picked":"theMarked:ChainLightning","floor":25},{"not_picked":["theMarked:GodGivenPower","theMarked:Improvise+1"],"picked":"theMarked:Static+1","floor":28},{"not_picked":["theMarked:Parkour","theMarked:Frustration"],"picked":"theMarked:SuspiciousRaven+1","floor":31},{"not_picked":["theMarked:Toughness","theMarked:BindingBlade+1"],"picked":"theMarked:DispelDoubt","floor":33},{"not_picked":["theMarked:Standoff+1","theMarked:Reabsorb+1"],"picked":"theMarked:SelfDefenseTraining","floor":35},{"not_picked":["theMarked:BanishingStrike+1","theMarked:Parkour+1"],"picked":"theMarked:TakeCover+1","floor":37},{"not_picked":["theMarked:TheMission+1","theMarked:TakeCover+1"],"picked":"theMarked:LightningStrikesTwice+1","floor":39},{"not_picked":["theMarked:TakeCover+1","theMarked:ThrowWeapon"],"picked":"theMarked:Panic+1","floor":41},{"not_picked":["theMarked:ResourceFulStrike+1","theMarked:WastefulAttack+1"],"picked":"theMarked:Improvise+1","floor":42},{"not_picked":["theMarked:Memento+1","theMarked:Indomitable+1","theMarked:TakeCover+1"],"picked":"SKIP","floor":44},{"not_picked":["theMarked:KeepCalmAndFight","theMarked:TakeCover+1"],"picked":"theMarked:Convert+1","floor":46}],"player_experience":858000,"relics_obtained":[{"floor":8,"key":"Ornamental Fan"},{"floor":9,"key":"Ice Cream"},{"floor":10,"key":"theMarked:KettuFlask"},{"floor":17,"key":"Bronze Scales"},{"floor":17,"key":"Shuriken"},{"floor":17,"key":"Mango"},{"floor":23,"key":"Girya"},{"floor":26,"key":"MawBank"},{"floor":30,"key":"Blood Vial"},{"floor":41,"key":"Pantograph"},{"floor":43,"key":"Blue Candle"},{"floor":46,"key":"Toy Ornithopter"}],"event_choices":[],"is_beta":false,"boss_relics":[{"not_picked":["Velvet Choker","Tiny House"],"picked":"Calling Bell"},{"not_picked":["theMarked:Eyepatch","Astrolabe"],"picked":"SlaversCollar"}],"items_purged_floors":[],"is_endless":false,"potions_floor_spawned":[4,10,11,18,31,33,35,39,42],"ascension_level":1}}