{"host":"yvb207ks1sg3cxef","time":1611761725,"event":{"mods":["2.2 Compatiblity","BaseMod","Bestiary","Colored Powertips","Minty Spire (QoL Compilation)","Permanent Neow","Quick Restart","Relic Stats","StSLib"],"gold_per_floor":[117,135,135,152,63,98,98,124,124,185,185,185,226,173,173,266,266,281,281,304,304,304],"floor_reached":21,"language":"ENG","playtime":929,"items_purged":[],"score":390,"play_id":"d390e4cd-a9a2-4535-963e-bc7f0b32667f","local_time":"20210127210525","is_ascension_mode":true,"campfire_choices":[{"data":"Establishment","floor":7,"key":"SMITH"},{"floor":11,"key":"REST"},{"data":"Wallop","floor":15,"key":"SMITH"}],"circlet_count":0,"master_deck":["AscendersBane","Strike_P+1","Strike_P+1","Strike_P+1","Strike_P+1","Defend_P+1","Defend_P+1","Defend_P+1","Defend_P+1","Eruption","Vigilance","Establishment+1","SandsOfTime","Protect","SandsOfTime","BattleHymn","FearNoEvil","Wallop+1","CutThroughFate","EmptyBody","CurseOfTheBell","LikeWater+1","FlurryOfBlows","LikeWater"],"relics":["PureWater","Pantograph","Blue Candle","Sundial","Question Card","Golden Idol","Dream Catcher","Calling Bell","Prayer Wheel","Letter Opener","Boot"],"acts_visited":["TheCity"],"potions_floor_usage":[8,10,20,21],"damage_taken":[{"damage":0.0,"enemies":"Jaw Worm","floor":1.0,"turns":4.0},{"damage":0.0,"enemies":"2 Louse","floor":2.0,"turns":3.0},{"damage":9.0,"enemies":"Small Slimes","floor":4.0,"turns":6.0},{"damage":20,"enemies":"Lagavulin","floor":6,"turns":6},{"damage":24,"enemies":"Gremlin Nob","floor":8,"turns":4},{"damage":6,"enemies":"3 Sentries","floor":10,"turns":5},{"damage":9,"enemies":"Lagavulin","floor":13,"turns":8},{"damage":11,"enemies":"Hexaghost","floor":16,"turns":9},{"damage":6,"enemies":"Spheric Guardian","floor":18,"turns":3},{"damage":15,"enemies":"Chosen","floor":20,"turns":6},{"damage":43,"enemies":"Snake Plant","floor":21,"turns":5}],"seed_played":"-1585819355222245211","potions_obtained":[{"floor":1.0,"key":"LiquidBronze"},{"floor":2.0,"key":"Regen Potion"},{"floor":10,"key":"Block Potion"},{"floor":20,"key":"SpeedPotion"}],"is_trial":false,"path_per_floor":["M","M","?","M","$","E","R","E","T","?","R","?","E","$","R","B",null,"M","?","M","M"],"character_chosen":"WATCHER","items_purchased":["BattleHymn","EmptyBody"],"campfire_rested":1,"item_purchase_floors":[5,14],"current_hp_per_floor":[61,61,66,57,57,37,37,25,25,19,39,39,30,30,30,44,57,51,51,36,0,0],"gold":304,"neow_bonus":"THREE_RARE_CARDS","is_daily":false,"chose_seed":false,"campfire_upgraded":2,"win_rate":0.0,"timestamp":1611761725,"path_taken":["M","M","?","M","$","E","R","E","T","?","R","?","E","$","R","BOSS","M","?","M","M"],"items_purchased_type":["Card","Card"],"build_version":"2020-12-22","purchased_purges":0,"victory":false,"max_hp_per_floor":[62,62,67,67,67,67,67,67,67,67,67,61,61,61,61,61,61,61,61,61,61,61],"relic_stats":{"Dream Catcher":0,"counters":[11,59],"Sundial":[4],"Golden Idol":35,"Pantograph":25,"Blue Candle":[1],"Prayer Wheel":2,"Letter Opener":[0],"Question Card":7,"Boot":[8],"obtain_stats":[{"Calling Bell":17,"Dream Catcher":13,"Sundial":9,"Golden Idol":12,"Pantograph":6,"Blue Candle":8,"Prayer Wheel":17,"Letter Opener":17,"PureWater":0,"Question Card":10,"Boot":17},{"Calling Bell":8,"Dream Catcher":7,"Sundial":5,"Golden Idol":6,"Pantograph":4,"Blue Candle":5,"Prayer Wheel":8,"Letter Opener":8,"PureWater":0,"Question Card":6,"Boot":8},{"Calling Bell":45,"Dream Catcher":36,"Sundial":23,"Golden Idol":28,"Pantograph":19,"Blue Candle":23,"Prayer Wheel":45,"Letter Opener":45,"PureWater":0,"Question Card":28,"Boot":45}]},"card_choices":[{"not_picked":["DevaForm","ConjureBlade"],"picked":"Establishment","floor":0.0},{"not_picked":["Wireheading","CarveReality"],"picked":"SandsOfTime","floor":1.0},{"not_picked":["CrushJoints","BowlingBash"],"picked":"Protect","floor":2.0},{"not_picked":["PathToVictory","EmptyBody"],"picked":"SandsOfTime","floor":4.0},{"not_picked":["JustLucky","Wallop"],"picked":"FearNoEvil","floor":6},{"not_picked":["Consecrate","Evaluate"],"picked":"Wallop","floor":8},{"not_picked":["EmptyBody","Alpha","JustLucky"],"picked":"CutThroughFate","floor":13},{"not_picked":["Consecrate","JustLucky","BowlingBash"],"picked":"LikeWater+1","floor":18},{"not_picked":["CarveReality","FlyingSleeves","Evaluate"],"picked":"FlurryOfBlows","floor":18},{"not_picked":["MasterReality","DeceiveReality","FlurryOfBlows"],"picked":"LikeWater","floor":20},{"not_picked":["Prostrate","Halt","SashWhip","Consecrate"],"picked":"SKIP","floor":20}],"player_experience":491193,"relics_obtained":[{"floor":6,"key":"Pantograph"},{"floor":8,"key":"Blue Candle"},{"floor":9,"key":"Sundial"},{"floor":10,"key":"Question Card"},{"floor":13,"key":"Dream Catcher"},{"floor":17,"key":"Prayer Wheel"},{"floor":17,"key":"Letter Opener"},{"floor":17,"key":"Boot"}],"event_choices":[{"damage_healed":0.0,"max_hp_gain":5.0,"max_hp_loss":0.0,"gold_gain":0.0,"event_name":"Big Fish","player_choice":"Donut","floor":3.0,"gold_loss":0.0,"damage_taken":0.0},{"damage_healed":0,"gold_gain":0,"player_choice":"Searched \u00271\u0027 times","damage_taken":0,"max_hp_gain":0,"max_hp_loss":0,"event_name":"Dead Adventurer","floor":10,"gold_loss":0},{"damage_healed":0,"gold_gain":0,"player_choice":"Lose Max HP","damage_taken":0,"relics_obtained":["Golden Idol"],"max_hp_gain":0,"max_hp_loss":6,"event_name":"Golden Idol","floor":12,"gold_loss":0},{"damage_healed":0,"gold_gain":0,"player_choice":"Simplicity","damage_taken":0,"max_hp_gain":0,"max_hp_loss":0,"event_name":"Back to Basics","floor":19,"gold_loss":0,"cards_upgraded":["Strike_P","Strike_P","Strike_P","Strike_P","Defend_P","Defend_P","Defend_P","Defend_P"]}],"is_beta":false,"boss_relics":[{"not_picked":["Tiny House","HolyWater"],"picked":"Calling Bell"}],"items_purged_floors":[],"is_endless":false,"potions_floor_spawned":[1,2,10,20],"killed_by":"Snake Plant","ascension_level":20}}