{"host":"359hz4210ybch7ku","time":1611725601,"event":{"mods":["BaseMod","Block Reminder","Colored Map","Colored Powertips","Highlight Path","Minty Spire (QoL Compilation)","Slay the Relics Exporter","StSLib"],"gold_per_floor":[110,60,60,74,74,101,101,114,138,138,152,152,152,169,169,264,264,281,56,56,56,74,93,93,93],"floor_reached":24,"language":"ENG","playtime":1631,"items_purged":["Strike_R"],"score":238,"play_id":"78b113ef-1e6f-4128-a109-56dc791680a7","local_time":"20210126213321","is_ascension_mode":true,"campfire_choices":[{"data":"Metallicize","floor":7,"key":"SMITH"},{"data":"Fiend Fire","floor":10,"key":"SMITH"},{"floor":12,"key":"REST"},{"floor":15,"key":"REST"}],"circlet_count":0,"master_deck":["Strike_R","Strike_R","Strike_R","Defend_R","Defend_R","Defend_R","Bash","Metallicize+1","Evolve","Anger","Spot Weakness","Entrench","Fiend Fire+1","Shrug It Off","Body Slam","Barricade","Metallicize+1","Spot Weakness"],"relics":["Mark of Pain","Omamori","Akabeko","MealTicket","Philosopher\u0027s Stone","Bag of Preparation"],"acts_visited":["Exordium","TheCity"],"potions_floor_usage":[16,16,16,22,24],"damage_taken":[{"damage":0,"enemies":"Small Slimes","floor":1,"turns":3},{"damage":0,"enemies":"Cultist","floor":3,"turns":3},{"damage":3,"enemies":"2 Louse","floor":4,"turns":3},{"damage":37,"enemies":"Gremlin Nob","floor":6,"turns":5},{"damage":20,"enemies":"2 Fungi Beasts","floor":8,"turns":4},{"damage":7,"enemies":"Looter","floor":11,"turns":2},{"damage":10,"enemies":"Exordium Thugs","floor":14,"turns":5},{"damage":21,"enemies":"Hexaghost","floor":16,"turns":8},{"damage":20,"enemies":"Shell Parasite","floor":18,"turns":5},{"damage":29,"enemies":"2 Thieves","floor":22,"turns":3},{"damage":9,"enemies":"Cultist and Chosen","floor":23,"turns":4},{"damage":42,"enemies":"Gremlin Leader","floor":24,"turns":4}],"seed_played":"-1182620625151841792","potions_obtained":[{"floor":1,"key":"Dexterity Potion"},{"floor":6,"key":"Dexterity Potion"},{"floor":11,"key":"Dexterity Potion"},{"floor":16,"key":"GamblersBrew"},{"floor":18,"key":"Explosive Potion"}],"is_trial":false,"path_per_floor":["M","?","M","M","?","E","R","M","T","R","M","R","?","M","R","B",null,"M","$","?","?","M","M","E"],"character_chosen":"IRONCLAD","items_purchased":["Bag of Preparation"],"campfire_rested":2,"item_purchase_floors":[19],"current_hp_per_floor":[80,80,80,77,77,40,40,20,20,20,13,37,37,27,51,30,80,60,75,75,75,46,37,0,0],"gold":93,"neow_bonus":"BOSS_RELIC","is_daily":false,"chose_seed":false,"campfire_upgraded":2,"win_rate":0.0,"timestamp":1611725601,"path_taken":["M","?","M","M","?","E","R","?","T","R","?","R","?","M","R","BOSS","M","$","?","?","?","M","E"],"items_purchased_type":["Relic"],"build_version":"2020-12-22","purchased_purges":1,"victory":false,"max_hp_per_floor":[80,80,80,80,80,80,80,80,80,80,80,80,80,80,80,80,80,80,80,80,80,80,80,80,80],"card_choices":[{"not_picked":["Fire Breathing","Sword Boomerang"],"picked":"Metallicize","floor":1},{"not_picked":["Havoc","Perfected Strike"],"picked":"Evolve","floor":3},{"not_picked":["Flex","Perfected Strike"],"picked":"Anger","floor":4},{"not_picked":["Sword Boomerang","Combust"],"picked":"Entrench","floor":6},{"not_picked":["Dropkick","Hemokinesis"],"picked":"Fiend Fire","floor":8},{"not_picked":["Warcry","Reckless Charge"],"picked":"Shrug It Off","floor":11},{"not_picked":["Clothesline","Iron Wave"],"picked":"Body Slam","floor":14},{"not_picked":["Impervious","Berserk"],"picked":"Barricade","floor":16},{"not_picked":["Thunderclap","Wild Strike","Headbutt"],"picked":"SKIP","floor":18},{"not_picked":["Dropkick","Rupture+1","Clash"],"picked":"SKIP","floor":22},{"not_picked":["Havoc","Flex"],"picked":"Spot Weakness","floor":23}],"player_experience":291676,"relics_obtained":[{"floor":6,"key":"Omamori"},{"floor":9,"key":"Akabeko"}],"event_choices":[{"cards_removed":["Defend_R"],"damage_healed":0,"gold_gain":0,"player_choice":"Card Removal","damage_taken":0,"max_hp_gain":0,"max_hp_loss":0,"event_name":"The Cleric","floor":2,"gold_loss":50},{"damage_healed":0,"gold_gain":0,"player_choice":"1 cards matched","damage_taken":0,"max_hp_gain":0,"max_hp_loss":0,"event_name":"Match and Keep!","floor":5,"gold_loss":0,"cards_obtained":["Spot Weakness"]},{"damage_healed":0,"gold_gain":0,"player_choice":"Searched \u00271\u0027 times","damage_taken":0,"relics_obtained":["MealTicket"],"max_hp_gain":0,"max_hp_loss":0,"event_name":"Dead Adventurer","floor":13,"gold_loss":0},{"cards_removed":["Strike_R"],"damage_healed":0,"gold_gain":0,"player_choice":"Elegance","damage_taken":0,"max_hp_gain":0,"max_hp_loss":0,"event_name":"Back to Basics","floor":20,"gold_loss":0},{"damage_healed":0,"gold_gain":0,"player_choice":"Copied","damage_taken":0,"max_hp_gain":0,"max_hp_loss":0,"event_name":"Duplicator","floor":21,"gold_loss":0,"cards_obtained":["Metallicize"]}],"is_beta":false,"boss_relics":[{"not_picked":["Busted Crown","Fusion Hammer"],"picked":"Philosopher\u0027s Stone"}],"items_purged_floors":[19],"is_endless":false,"potions_floor_spawned":[1,6,11,16,18],"killed_by":"Gremlin Leader","ascension_level":4}}