{"host":"meib18gsulage5jw","time":1611751921,"event":{"mods":["AchievementEnabler","Aspiration","BaseMod","BetterRewards","Clockwork Mod","Colored Map","Colored Powertips","Conspire","Defuse TimeMaze Blight","Energized Spire","Halation","Highlight Path","Hubris","Infinite Spire","Minty Spire (QoL Compilation)","Permanent Neow","Quick Restart","Relic Sorter","Reliquary","Replay The Spire","Spikes Relics","StSLib","The Blue Laboratory","The Jungle","Uncapped"],"gold_per_floor":[113,113,128,142,142,173,186,186,231,231,242,242,12,12,12,109,109,122,142,142,142],"floor_reached":20,"language":"ENG","playtime":1765,"items_purged":[],"score":174,"play_id":"3feb9970-7e35-4385-85aa-e40fd4b695e5","local_time":"20210127225201","is_ascension_mode":false,"campfire_choices":[{"floor":8.0,"key":"REST"},{"data":"Clockwork:CogShield","floor":10.0,"key":"SMITH"},{"data":"Clockwork:ForgeStrike","floor":12.0,"key":"SMITH"},{"data":"Clockwork:CogShield","floor":15.0,"key":"SMITH"}],"circlet_count":0,"master_deck":["Clockwork:Strike","Clockwork:Strike+1","Clockwork:Strike","Clockwork:Strike","Clockwork:Shield","Clockwork:Shield+1","Clockwork:Shield","Clockwork:Shield","Clockwork:Tinker","Clockwork:WarmUp","Clockwork:CogShield+1","Clockwork:Pluck+1","Clockwork:EnthusiasticStrike","Clockwork:PerfectedShield","Clockwork:ChargingBlade","Clockwork:CogShield+1","Clockwork:ForgeStrike+1","Clockwork:SmithsMallet","Clockwork:SiegeStrike","Clockwork:RitualDaggerMk0","Clockwork:EnthusiasticStrike"],"relics":["Clockwork:MomentumEngine","halation:PinkSoulGem","Clockwork:BootleggersToolkit","ReplayTheSpireMod:Ninjato","Potion Belt","Simple Rune","Clockwork:BloodPhial"],"acts_visited":["Exordium","Exordium"],"potions_floor_usage":[19,20],"damage_taken":[{"damage":0.0,"enemies":"Cultist","floor":1.0,"turns":7.0},{"damage":9.0,"enemies":"2 Louse","floor":3.0,"turns":5.0},{"damage":0.0,"enemies":"Small Slimes","floor":4.0,"turns":5.0},{"damage":34.0,"enemies":"Lagavulin","floor":6.0,"turns":11.0},{"damage":5.0,"enemies":"3 Louse","floor":7.0,"turns":5.0},{"damage":3.0,"enemies":"Blue Slaver","floor":11.0,"turns":6.0},{"damage":13.0,"enemies":"Slime Boss","floor":16.0,"turns":8.0},{"damage":29.0,"enemies":"theJungle:5_Spyders","floor":18.0,"turns":11.0},{"damage":55,"enemies":"Shell Parasite","floor":19,"turns":10},{"damage":9,"enemies":"theJungle:2_Flameangoes","floor":20,"turns":2}],"seed_played":"2806600207300678555","potions_obtained":[{"floor":4.0,"key":"Swift Potion"},{"floor":6.0,"key":"blueLaboratory:PhilterOfMotion"},{"floor":7.0,"key":"SpeedPotion"},{"floor":18.0,"key":"GamblersBrew"},{"floor":19,"key":"Weak Potion"}],"is_trial":false,"path_per_floor":["M","?","M","M","?","E","M","R","T","R","M","R","$","?","R","B",null,"M","M","M"],"character_chosen":"CLOCKWORK","items_purchased":["Simple Rune","Clockwork:SmithsMallet"],"campfire_rested":1,"item_purchase_floors":[13,13],"current_hp_per_floor":[85,85,76,76,76,42,37,62,62,62,59,59,59,59,59,46,85,56,7,0,0],"gold":142,"neow_bonus":"THREE_CARDS","is_daily":false,"chose_seed":false,"campfire_upgraded":3,"win_rate":0.0,"timestamp":1611751921,"path_taken":["M","?","M","M","?","E","M","R","T","R","M","R","$","?","R","BOSS","M","M","M"],"items_purchased_type":["Relic","Card"],"build_version":"2020-12-22","purchased_purges":0,"victory":false,"max_hp_per_floor":[85,85,85,85,85,85,85,85,85,85,85,85,85,85,85,85,85,85,85,85,85],"card_choices":[{"not_picked":["Clockwork:ChargingBlade","Clockwork:QuantumStrike"],"picked":"Clockwork:CogShield","floor":0.0},{"not_picked":["Clockwork:SnapKeep","Clockwork:SearingStrike"],"picked":"Clockwork:Pluck","floor":1.0},{"not_picked":["Clockwork:CraftSomewhatSmoothStone","Clockwork:CogToss"],"picked":"Clockwork:EnthusiasticStrike","floor":3.0},{"not_picked":["Clockwork:SystemHardening","Clockwork:AdaptiveShield"],"picked":"Clockwork:PerfectedShield","floor":4.0},{"not_picked":["Clockwork:AdaptiveShield","Clockwork:Friction"],"picked":"Clockwork:ChargingBlade","floor":6.0},{"not_picked":["Clockwork:HoardingStrike","Clockwork:SpurOn"],"picked":"Clockwork:CogShield","floor":7.0},{"not_picked":["Clockwork:Roundhouse","Clockwork:CogShield"],"picked":"Clockwork:ForgeStrike","floor":11.0},{"not_picked":["Clockwork:TimeWalk","Clockwork:ZeroPointEnergy"],"picked":"Clockwork:SiegeStrike","floor":16.0},{"not_picked":["Clockwork:SystemScan","Clockwork:Improve+1"],"picked":"Clockwork:RitualDaggerMk0","floor":18.0},{"not_picked":["Clockwork:Enhance","Clockwork:Improve"],"picked":"Clockwork:EnthusiasticStrike","floor":19}],"player_experience":335574,"relics_obtained":[{"floor":6.0,"key":"ReplayTheSpireMod:Ninjato"},{"floor":9.0,"key":"Potion Belt"}],"event_choices":[{"damage_healed":0.0,"max_hp_gain":0.0,"max_hp_loss":0.0,"gold_gain":0.0,"event_name":"Liars Game","player_choice":"Ignored","floor":14.0,"gold_loss":0.0,"damage_taken":0.0}],"is_beta":false,"boss_relics":[{"not_picked":["halation:Risk","energizedSpire:OgreHead"],"picked":"Clockwork:BootleggersToolkit"}],"items_purged_floors":[],"is_endless":false,"potions_floor_spawned":[4,6,7,18,19],"killed_by":"theJungle:2_Flameangoes","ascension_level":0}}