{"host":"04hh9gplt9wkfmr1","time":1611766198,"event":{"mods":["AchievementEnabler","BaseMod","Colored Map","KOR Keyword Fix","Minty Spire (QoL Compilation)","Rare Cards Sparkle","SuperFastMode"],"gold_per_floor":[12,22,33,43,56,56,88,88,115,132,132,132],"floor_reached":11,"language":"KOR","playtime":271,"items_purged":[],"score":104,"play_id":"6150000c-1b34-4735-a011-5a62709bc0c8","local_time":"20210128014958","is_ascension_mode":true,"campfire_choices":[{"data":"Capacitor","floor":6.0,"key":"SMITH"},{"data":"Dualcast","floor":8.0,"key":"SMITH"}],"circlet_count":0,"master_deck":["Strike_B","Strike_B","Strike_B","Strike_B","Defend_B","Defend_B","Defend_B","Defend_B","Zap","Dualcast+1","Capacitor+1","Cold Snap","BootSequence","Amplify","Genetic Algorithm"],"relics":["Cracked Core","Potion Belt","Regal Pillow"],"acts_visited":["Exordium"],"potions_floor_usage":[11],"damage_taken":[{"damage":2.0,"enemies":"Jaw Worm","floor":1.0,"turns":4.0},{"damage":5.0,"enemies":"Small Slimes","floor":2.0,"turns":3.0},{"damage":7.0,"enemies":"2 Louse","floor":3.0,"turns":3.0},{"damage":11.0,"enemies":"Large Slime","floor":4.0,"turns":6.0},{"damage":0.0,"enemies":"Lots of Slimes","floor":5.0,"turns":1.0},{"damage":15.0,"enemies":"Lagavulin","floor":7.0,"turns":7.0},{"damage":17,"enemies":"3 Louse","floor":10,"turns":4},{"damage":14,"enemies":"3 Sentries","floor":11,"turns":2}],"seed_played":"-1272292149775677753","potions_obtained":[{"floor":3.0,"key":"PowerPotion"},{"floor":4.0,"key":"AttackPotion"},{"floor":10,"key":"Strength Potion"}],"is_trial":false,"path_per_floor":["M","M","M","M","M","R","E","R","T","M","E"],"character_chosen":"DEFECT","items_purchased":[],"campfire_rested":0,"item_purchase_floors":[],"current_hp_per_floor":[66,61,54,43,43,43,28,28,28,11,0,0],"gold":132,"neow_bonus":"RANDOM_COLORLESS_2","is_daily":false,"chose_seed":false,"campfire_upgraded":2,"win_rate":0.0,"timestamp":1611766198,"path_taken":["M","M","M","M","M","R","E","R","T","M","E"],"items_purchased_type":[],"build_version":"2020-12-22","purchased_purges":0,"victory":false,"max_hp_per_floor":[75,75,75,75,75,75,75,75,75,75,75,75],"card_choices":[{"not_picked":["Panache","Chrysalis"],"picked":"HandOfGreed","floor":0.0},{"not_picked":["Steam","Leap"],"picked":"Capacitor","floor":1.0},{"not_picked":["Barrage","Melter"],"picked":"Cold Snap","floor":2.0},{"not_picked":["Gash","Conserve Battery"],"picked":"BootSequence","floor":3.0},{"not_picked":["Beam Cell","Reprogram","Streamline"],"picked":"SKIP","floor":4.0},{"not_picked":["Scrape","Streamline"],"picked":"Amplify","floor":5.0},{"not_picked":["Lockon","Go for the Eyes","Compile Driver"],"picked":"SKIP","floor":7.0},{"not_picked":["Beam Cell","Heatsinks"],"picked":"Genetic Algorithm","floor":10}],"player_experience":91315,"relics_obtained":[{"floor":7.0,"key":"Potion Belt"},{"floor":9.0,"key":"Regal Pillow"}],"event_choices":[],"is_beta":false,"boss_relics":[],"items_purged_floors":[],"is_endless":false,"potions_floor_spawned":[3,4,10],"killed_by":"3 Sentries","ascension_level":7}}