{"host":"jwvz9sqego1wo43x","time":1611754615,"event":{"mods":["AchievementEnabler","BaseMod","Colored Map","Downfall","GifTheSpireLib","Minty Spire (QoL Compilation)","StSLib"],"gold_per_floor":[99,113,130,130,148,148,175,188,188,201,262,15,46,62,75,176,176,76,89,101,86,102,116,116,294,194,194,194,194,204,204,223,319,319,219,73,89,89,99,99,99,99,131,145,162,189,189,199,214,214,214,214],"floor_reached":50,"language":"ENG","playtime":2364,"items_purged":["downfall:Icky","bronze:Strike"],"score":533,"play_id":"bdb9a41b-d8e7-4e8d-adbf-4ac55851d2ec","local_time":"20210127133655","is_ascension_mode":false,"campfire_choices":[{"data":"bronze:Replicate","floor":1.0,"key":"SMITH"},{"data":"bronze:GetLatest","floor":6.0,"key":"SMITH"},{"floor":18.0,"key":"RECALL"},{"data":"bronze:Mutator","floor":26.0,"key":"SMITH"},{"data":"bronze:AlphaBuild","floor":29.0,"key":"SMITH"},{"data":"bronze:Fortify","floor":35.0,"key":"SMITH"},{"floor":47,"key":"REST"}],"circlet_count":0,"master_deck":["bronze:Strike+1","bronze:Defend+1","bronze:Defend","bronze:Defend","bronze:Defend","bronze:Replicate+1","bronze:Goto","bronze:CutThrough+1","bronze:FineTuning","bronze:GetLatest+1","bronze:Boost","bronze:Fortify+1","bronze:ChosenStrike+1","bronze:Verify","bronze:HyperBeam","bronze:ForceShield","bronze:ChosenStrike+1","bronze:Mutator+1","bronze:GetLatest+1","bronze:FollowUp+1","bronze:FineTuning","bronze:AlphaBuild+1","bronze:BugBarrage","bronze:ChildClass+1","bronze:Return+1","bronze:Iterate","bronze:Virus","bronze:ItsAFeature+1","Parasite"],"relics":["bronze:BronzeCore","Blood Vial","bronze:SilverBullet","bronze:ProtectiveGoggles","Darkstone Periapt","Sozu","downfall:HeartBlessingGreen","Gremlin Horn","downfall:HeartBlessingRed","bronze:BottledCode","Philosopher\u0027s Stone","downfall:HeartBlessingBlue","Vajra","White Beast Statue","Orichalcum","Ornamental Fan"],"acts_visited":["Exordium","TheCity","TheBeyond"],"potions_floor_usage":[],"damage_taken":[{"damage":6.0,"enemies":"Jaw Worm","floor":2.0,"turns":3.0},{"damage":4.0,"enemies":"2 Louse","floor":3.0,"turns":3.0},{"damage":0.0,"enemies":"Cultist","floor":5.0,"turns":3.0},{"damage":0.0,"enemies":"Large Slime","floor":8.0,"turns":3.0},{"damage":0.0,"enemies":"Exordium Wildlife","floor":10.0,"turns":3.0},{"damage":11.0,"enemies":"Lagavulin Event","floor":11.0,"turns":3.0},{"damage":3.0,"enemies":"downfall:FleeingMerchant","floor":12.0,"turns":4.0},{"damage":1.0,"enemies":"Lagavulin","floor":13.0,"turns":6.0},{"damage":0.0,"enemies":"2 Fungi Beasts","floor":14.0,"turns":3.0},{"damage":3.0,"enemies":"Large Slime","floor":15.0,"turns":3.0},{"damage":50.0,"enemies":"SI_SHIV_ARCHETYPE","floor":16.0,"turns":9.0},{"damage":6.0,"enemies":"Shell Parasite","floor":19.0,"turns":5.0},{"damage":0.0,"enemies":"3 Byrds","floor":20.0,"turns":6.0},{"damage":15.0,"enemies":"downfall:FleeingMerchant","floor":21.0,"turns":4.0},{"damage":3.0,"enemies":"Snake Plant","floor":22.0,"turns":2.0},{"damage":0.0,"enemies":"Snecko","floor":23.0,"turns":4.0},{"damage":0.0,"enemies":"downfall:FleeingMerchant","floor":25.0,"turns":4.0},{"damage":11.0,"enemies":"Cultist and Chosen","floor":30.0,"turns":6.0},{"damage":0.0,"enemies":"Centurion and Healer","floor":32.0,"turns":3.0},{"damage":39.0,"enemies":"IC_MUSHROOM_ARCHETYPE","floor":33.0,"turns":6.0},{"damage":0,"enemies":"3 Darklings","floor":37,"turns":4},{"damage":1,"enemies":"3 Shapes","floor":39,"turns":3},{"damage":0,"enemies":"Reptomancer","floor":43,"turns":2},{"damage":19,"enemies":"Transient","floor":44,"turns":5},{"damage":25,"enemies":"Maw","floor":45,"turns":6},{"damage":6,"enemies":"Giant Head","floor":46,"turns":6},{"damage":0,"enemies":"3 Darklings","floor":48,"turns":3},{"damage":1,"enemies":"Writhing Mass","floor":49,"turns":4},{"damage":70,"enemies":"WA_ARCHETYPE_DIVINITY","floor":50,"turns":5}],"seed_played":"-8198180259155653882","potions_obtained":[{"floor":2.0,"key":"Fruit Juice"},{"floor":13.0,"key":"EntropicBrew"},{"floor":14.0,"key":"FearPotion"},{"floor":15.0,"key":"Ancient Potion"},{"floor":16.0,"key":"AttackPotion"}],"is_trial":false,"path_per_floor":["R","M","M","?","M","R","T","M","?","M","?","$","E","M","M","B",null,"R","M","M","$","M","M","T","$","R","?","?","R","M","T","M","B",null,"R","$","M","?","M","?","T","?","E","M","M","E","R","M","M","B"],"character_chosen":"THE_AUTOMATON","items_purchased":["bronze:Verify","bronze:BugBarrage","Vajra"],"campfire_rested":1,"item_purchase_floors":[12,25,36],"current_hp_per_floor":[70,64,62,62,64,64,64,66,66,68,59,63,64,66,65,17,75,75,69,71,58,57,59,59,61,61,61,61,61,52,52,54,17,65,75,75,75,75,74,74,74,74,75,56,33,29,51,53,60,0,0,0],"gold":214,"neow_bonus":"RANDOM_COMMON_RELIC","is_daily":false,"chose_seed":false,"campfire_upgraded":5,"win_rate":0.0,"timestamp":1611754615,"path_taken":["R","M","M","?","M","R","T","M","?","?","?","?","E","M","M","BOSS","R","M","M","$","M","M","T","$","R","?","?","R","?","?","M","BOSS","R","$","M","?","?","?","T","?","E","M","M","E","R","M","M","BOSS"],"items_purchased_type":["Card","Card","Relic"],"build_version":"2020-12-22","purchased_purges":2,"victory":false,"max_hp_per_floor":[70,70,70,70,70,70,70,70,70,70,70,75,75,75,75,75,75,75,75,75,75,75,75,75,75,75,65,65,65,65,65,65,65,65,75,75,75,75,75,75,75,75,75,75,75,75,75,75,81,81,81,81],"card_choices":[{"not_picked":["bronze:OilSpill","bronze:Turbo"],"picked":"bronze:CutThrough","floor":2.0},{"not_picked":["bronze:Overload","bronze:Iterate"],"picked":"bronze:FineTuning","floor":3.0},{"not_picked":["bronze:Turbo","bronze:FineTuning"],"picked":"bronze:GetLatest","floor":5.0},{"not_picked":["bronze:WildBeam","bronze:BuggyMess"],"picked":"bronze:Overheat","floor":8.0},{"not_picked":["bronze:Repulsor","bronze:Deprecate"],"picked":"bronze:Boost","floor":10.0},{"not_picked":["bronze:DigitalCarnage","bronze:BugBarrage"],"picked":"bronze:Fortify","floor":11.0},{"not_picked":["bronze:DelayedSlice","bronze:Branch"],"picked":"bronze:ChosenStrike","floor":12.0},{"not_picked":["bronze:Deprecate","bronze:BugBarrage"],"picked":"bronze:HyperBeam","floor":13.0},{"not_picked":["bronze:BuggyMess","bronze:Overheat"],"picked":"bronze:ForceShield","floor":14.0},{"not_picked":["bronze:ForceShield","bronze:Overload"],"picked":"bronze:ChosenStrike","floor":15.0},{"not_picked":["bronze:SpaghettiCode","bronze:ThunderWave"],"picked":"bronze:Mutator","floor":16.0},{"not_picked":["bronze:WildBeam","bronze:DelayedSlice","bronze:ItsAFeature"],"picked":"SKIP","floor":19.0},{"not_picked":["bronze:OilSpill","bronze:MaxOutput"],"picked":"bronze:GetLatest+1","floor":20.0},{"not_picked":["bronze:OilSpill","bronze:DelayedGuard+1"],"picked":"bronze:FollowUp+1","floor":21.0},{"not_picked":["bronze:Safeguard","bronze:CutThrough"],"picked":"bronze:FineTuning","floor":22.0},{"not_picked":["bronze:Branch","bronze:BugBarrage+1"],"picked":"bronze:AlphaBuild","floor":23.0},{"not_picked":["bronze:DelayedSlice","bronze:Turbo+1","bronze:CutThrough"],"picked":"SKIP","floor":25.0},{"not_picked":["bronze:WhirlingStrike","bronze:Invalidate"],"picked":"bronze:ChildClass","floor":30.0},{"not_picked":["bronze:ChildClass","bronze:Deprecate","bronze:Turbo"],"picked":"SKIP","floor":32.0},{"not_picked":["bronze:BronzeOrb","bronze:Overload+1"],"picked":"bronze:Return+1","floor":37},{"not_picked":["bronze:DelayedGuard+1","bronze:WildBeam+1","bronze:BugBarrage+1"],"picked":"SKIP","floor":39},{"not_picked":["bronze:FineTuning","bronze:Shield+1","bronze:Backtrace+1"],"picked":"SKIP","floor":43},{"not_picked":["bronze:DelayedGuard+1","bronze:BuggyMess+1"],"picked":"bronze:Iterate","floor":44},{"not_picked":["bronze:NullPointer+1","bronze:BronzeArmor","bronze:Iterate+1"],"picked":"SKIP","floor":45},{"not_picked":["bronze:Overheat","bronze:Invalidate+1"],"picked":"bronze:Virus","floor":46},{"not_picked":["bronze:Overload+1","bronze:BitShift"],"picked":"bronze:ItsAFeature+1","floor":48},{"not_picked":["bronze:Philosophize+1","bronze:Iterate","bronze:Boost+1"],"picked":"SKIP","floor":49}],"player_experience":498141,"relics_obtained":[{"floor":7.0,"key":"bronze:SilverBullet"},{"floor":11.0,"key":"bronze:ProtectiveGoggles"},{"floor":13.0,"key":"Darkstone Periapt"},{"floor":24.0,"key":"Gremlin Horn"},{"floor":41,"key":"White Beast Statue"},{"floor":43,"key":"Orichalcum"},{"floor":46,"key":"Ornamental Fan"}],"event_choices":[{"damage_healed":0,"gold_gain":0,"player_choice":"Ignored","damage_taken":0,"max_hp_gain":0,"max_hp_loss":0,"event_name":"NoteForYourself","floor":42,"gold_loss":0}],"is_beta":false,"boss_relics":[{"not_picked":["Tiny House","SacredBark"],"picked":"Sozu"},{"not_picked":["Astrolabe","Runic Dome"],"picked":"Philosopher\u0027s Stone"}],"items_purged_floors":[12,25],"is_endless":false,"potions_floor_spawned":[2,13,14,15,16,19,22,23,37,43,44,45,46,48,49],"killed_by":"WA_ARCHETYPE_DIVINITY","ascension_level":0}}