{"host":"zk71suw73lg2r165","time":1611774334,"event":{"mods":["BaseMod","Colored Map","Minty Spire (QoL Compilation)","Permanent Neow","Relic Stats","StSLib"],"gold_per_floor":[111,5,19,33,83,116,116,150,150,180,197,207,207,220,220,294,294,313,313,324,324,249,249,249],"floor_reached":23,"language":"ENG","playtime":757,"items_purged":[],"score":422,"play_id":"86479035-e2c7-4785-b787-3b9e5ad72aea","local_time":"20210127140534","is_ascension_mode":true,"campfire_choices":[{"floor":7.0,"key":"REST"},{"data":"Defragment","floor":13.0,"key":"SMITH"},{"floor":15.0,"key":"REST"}],"circlet_count":0,"master_deck":["AscendersBane","Strike_B","Strike_B","Strike_B","Strike_B","Defend_B","Defend_B","Defend_B","Defend_B","Zap+1","Dualcast","Defragment+1","Self Repair","Coolheaded","Doom and Gloom","Reinforced Body","Multi-Cast","Redo","Turbo","Capacitor","Chill","Biased Cognition","Go for the Eyes+1"],"relics":["Cracked Core","Mummified Hand","Bird Faced Urn","Letter Opener","Vajra","Coffee Dripper","Emotion Chip"],"acts_visited":["Exordium","TheCity"],"potions_floor_usage":[21,21,21,23],"damage_taken":[{"damage":1.0,"enemies":"Cultist","floor":1.0,"turns":3.0},{"damage":6.0,"enemies":"2 Louse","floor":3.0,"turns":2.0},{"damage":11.0,"enemies":"Jaw Worm","floor":4.0,"turns":4.0},{"damage":27.0,"enemies":"3 Sentries","floor":6.0,"turns":6.0},{"damage":2.0,"enemies":"Lagavulin","floor":8.0,"turns":6.0},{"damage":22.0,"enemies":"3 Sentries","floor":10.0,"turns":6.0},{"damage":8.0,"enemies":"Blue Slaver","floor":11.0,"turns":3.0},{"damage":12.0,"enemies":"Large Slime","floor":12.0,"turns":6.0},{"damage":10.0,"enemies":"3 Louse","floor":14.0,"turns":4.0},{"damage":47.0,"enemies":"Hexaghost","floor":16.0,"turns":10.0},{"damage":35.0,"enemies":"Shell Parasite","floor":18.0,"turns":7.0},{"damage":33.0,"enemies":"3 Byrds","floor":20.0,"turns":4.0},{"damage":0,"enemies":"Masked Bandits","floor":21,"turns":1},{"damage":28,"enemies":"Book of Stabbing","floor":23,"turns":3}],"seed_played":"-8728365192094909143","potions_obtained":[{"floor":4.0,"key":"LiquidMemories"},{"floor":6.0,"key":"Dexterity Potion"},{"floor":16.0,"key":"Dexterity Potion"},{"floor":20.0,"key":"EntropicBrew"}],"is_trial":false,"path_per_floor":["M","$","M","M","?","E","R","E","T","E","M","M","R","M","R","B",null,"M","?","M","?","?","E"],"character_chosen":"DEFECT","items_purchased":["Self Repair","Coolheaded"],"campfire_rested":2,"item_purchase_floors":[2,2],"current_hp_per_floor":[63,63,57,53,46,26,47,52,52,41,35,36,36,39,60,26,60,40,40,22,22,22,0,0],"gold":249,"neow_bonus":"UPGRADE_CARD","is_daily":false,"chose_seed":false,"campfire_upgraded":1,"win_rate":0.0,"timestamp":1611774334,"path_taken":["M","?","M","M","?","E","R","E","T","E","M","M","R","?","R","BOSS","M","?","M","?","?","E"],"items_purchased_type":["Card","Card"],"build_version":"2020-12-22","purchased_purges":0,"victory":false,"max_hp_per_floor":[71,71,71,71,71,71,71,71,71,71,71,71,71,71,71,71,71,71,71,71,71,71,71,71],"relic_stats":{"Emotion Chip":[6,3,3,0,0],"counters":[14,65],"Mummified Hand":[26],"Bird Faced Urn":[46],"Letter Opener":[97],"obtain_stats":[{"Emotion Chip":19,"Mummified Hand":6,"Bird Faced Urn":8,"Vajra":10,"Coffee Dripper":17,"Letter Opener":9,"Cracked Core":0},{"Emotion Chip":11,"Mummified Hand":4,"Bird Faced Urn":5,"Vajra":6,"Coffee Dripper":10,"Letter Opener":5,"Cracked Core":0},{"Emotion Chip":57,"Mummified Hand":15,"Bird Faced Urn":21,"Vajra":27,"Coffee Dripper":50,"Letter Opener":21,"Cracked Core":0}]},"card_choices":[{"not_picked":["Beam Cell","Sweeping Beam"],"picked":"Defragment","floor":1.0},{"not_picked":["Go for the Eyes","Barrage"],"picked":"Doom and Gloom","floor":3.0},{"not_picked":["Gash","Aggregate"],"picked":"Reinforced Body","floor":4.0},{"not_picked":["Reinforced Body","Cold Snap"],"picked":"Multi-Cast","floor":6.0},{"not_picked":["Double Energy","Storm"],"picked":"Redo","floor":8.0},{"not_picked":["Stack","Rebound"],"picked":"Turbo","floor":10.0},{"not_picked":["Turbo","Redo"],"picked":"Capacitor","floor":11.0},{"not_picked":["Cold Snap","Gash"],"picked":"Chill","floor":12.0},{"not_picked":["Sweeping Beam","Cold Snap","Coolheaded"],"picked":"SKIP","floor":14.0},{"not_picked":["Electrodynamics","Multi-Cast"],"picked":"Biased Cognition","floor":16.0},{"not_picked":["Rebound","Reprogram","Sweeping Beam"],"picked":"SKIP","floor":18.0},{"not_picked":["Coolheaded","Steam"],"picked":"Go for the Eyes+1","floor":20.0}],"player_experience":1390111,"relics_obtained":[{"floor":6.0,"key":"Mummified Hand"},{"floor":8.0,"key":"Bird Faced Urn"},{"floor":9.0,"key":"Letter Opener"},{"floor":10.0,"key":"Vajra"}],"event_choices":[{"damage_healed":0.0,"max_hp_gain":0.0,"max_hp_loss":0.0,"gold_gain":50.0,"event_name":"FaceTrader","player_choice":"Touch","floor":5.0,"gold_loss":0.0,"damage_taken":7.0},{"damage_healed":0.0,"max_hp_gain":0.0,"max_hp_loss":0.0,"gold_gain":0.0,"event_name":"The Mausoleum","player_choice":"Opened","floor":19.0,"gold_loss":0.0,"damage_taken":0.0,"relics_obtained":["Emotion Chip"],"cards_obtained":["Writhe"]},{"damage_healed":0,"gold_gain":0,"player_choice":"Fought Bandits","damage_taken":0,"max_hp_gain":0,"max_hp_loss":0,"event_name":"Masked Bandits","floor":21,"gold_loss":0},{"cards_removed":["Writhe"],"damage_healed":0,"gold_gain":0,"player_choice":"Gave Gold","damage_taken":0,"max_hp_gain":0,"max_hp_loss":0,"event_name":"Beggar","floor":22,"gold_loss":75}],"is_beta":false,"boss_relics":[{"not_picked":["Pandora\u0027s Box","SacredBark"],"picked":"Coffee Dripper"}],"items_purged_floors":[],"is_endless":false,"potions_floor_spawned":[4,6,8,11,16,20,21],"killed_by":"Book of Stabbing","ascension_level":20}}