{"host":"pi8b3ffzwvxqztac","time":1611788345,"event":{"mods":["BaseMod","Colored Map","Downfall","Minty Spire (QoL Compilation)","StSLib"],"gold_per_floor":[99,111,261,281,281,181,181,91,102,102,134,34,48,33,53,127,127,127,141,161,161,161,161,161,171,57,57,70,70,70,81,91,164,164,164,178,189,241,259,259,259,259,134,154,164,180,80,110,129,129,129,129,129,129],"floor_reached":52,"language":"ENG","playtime":3329,"items_purged":["Doubt","Slimebound:Tackle","Slimebound:Strike_Slimebound"],"score":1273,"play_id":"98fa39f2-f10c-45bd-94fd-cd18999848b3","local_time":"20210128115905","is_ascension_mode":true,"campfire_choices":[{"floor":1.0,"key":"RECALL"},{"data":"Slimebound:TagTeam","floor":6.0,"key":"SMITH"},{"data":"Slimebound:CorrosiveSpit","floor":12.0,"key":"SMITH"},{"data":"Slimebound:Equalize","floor":18,"key":"SMITH"},{"data":"Slimebound:Split","floor":27,"key":"SMITH"},{"data":"Slimebound:Equalize","floor":30,"key":"SMITH"},{"data":"Slimebound:Teamwork","floor":35,"key":"SMITH"},{"data":"Slimebound:Equalize","floor":40,"key":"SMITH"},{"data":"Slimebound:OneTwoCombo","floor":47,"key":"SMITH"}],"circlet_count":0,"master_deck":["AscendersBane","Slimebound:Strike_Slimebound","Slimebound:Strike_Slimebound","Slimebound:Defend_Slimebound","Slimebound:Defend_Slimebound","Slimebound:Defend_Slimebound","Slimebound:Defend_Slimebound","Slimebound:Split+1","Slimebound:CorrosiveSpit+1","Slimebound:TagTeam+1","Slimebound:Equalize+1","Slimebound:SlimeSpikes","Slimebound:Repurpose","Slimebound:RejuvenatingLick","Slimebound:GoopSpray","Slimebound:RejuvenatingLick","Slimebound:PressTheAttack","Slimebound:GoopSpray","Slimebound:MassFeed","Slimebound:GoopSpray","Slimebound:SlimeTap","Slimebound:Equalize+1","Slimebound:Equalize+1","Slimebound:Teamwork+1","Slimebound:Repurpose+1","Slimebound:SplitSpecialist","Slimebound:OneTwoCombo+1","Parasite","Slimebound:Gluttony","Slimebound:ProtectTheBoss+1"],"relics":["Slimebound:AbsorbEndCombat","downfall:HeartBlessingRed","White Beast Statue","Pantograph","downfall:HeartBlessingGreen","expansioncontent:StudyCardRelic","Enchiridion","downfall:RedIOU","Slimebound:AggressiveSlimeRelic","Meat on the Bone","Incense Burner","Slimebound:TarBlob","Slimebound:SlimedTailRelic","downfall:HeartBlessingBlue","Bag of Marbles"],"acts_visited":["Exordium","TheCity","TheBeyond","TheEnding"],"potions_floor_usage":[15,16,16,19,33,33,38,44,45,46,48,48,50,52],"damage_taken":[{"damage":2.0,"enemies":"2 Louse","floor":2.0,"turns":3.0},{"damage":9.0,"enemies":"Jaw Worm","floor":4.0,"turns":4.0},{"damage":0.0,"enemies":"downfall:FleeingMerchant","floor":8.0,"turns":4.0},{"damage":4.0,"enemies":"Small Slimes","floor":9.0,"turns":3.0},{"damage":37.0,"enemies":"Gremlin Nob","floor":11.0,"turns":4.0},{"damage":6.0,"enemies":"Red Slaver","floor":13.0,"turns":2.0},{"damage":7.0,"enemies":"downfall:FleeingMerchant","floor":14.0,"turns":4.0},{"damage":0,"enemies":"Exordium Wildlife","floor":15,"turns":3},{"damage":34,"enemies":"IC_STATUS_ARCHETYPE","floor":16,"turns":6},{"damage":0,"enemies":"3 Byrds","floor":19,"turns":5},{"damage":22,"enemies":"Shell Parasite","floor":20,"turns":5},{"damage":18,"enemies":"Centurion and Healer","floor":25,"turns":5},{"damage":3,"enemies":"downfall:FleeingMerchant","floor":26,"turns":3},{"damage":10,"enemies":"Chosen and Byrds","floor":28,"turns":5},{"damage":1,"enemies":"Snake Plant","floor":31,"turns":2},{"damage":0,"enemies":"Sentry and Sphere","floor":32,"turns":3},{"damage":32,"enemies":"DF_ARCHETYPE_CLAW","floor":33,"turns":8},{"damage":0,"enemies":"Orb Walker","floor":36,"turns":2},{"damage":3,"enemies":"3 Shapes","floor":37,"turns":4},{"damage":11,"enemies":"2 Orb Walkers","floor":38,"turns":4},{"damage":35,"enemies":"Maw","floor":39,"turns":7},{"damage":23,"enemies":"Transient","floor":44,"turns":6},{"damage":8,"enemies":"Writhing Mass","floor":45,"turns":4},{"damage":3,"enemies":"Jaw Worm Horde","floor":46,"turns":4},{"damage":15,"enemies":"Nemesis","floor":48,"turns":5},{"damage":30,"enemies":"4 Shapes","floor":49,"turns":2},{"damage":76,"enemies":"WA_ARCHETYPE_DIVINITY","floor":50,"turns":14},{"damage":108,"enemies":"downfall:CharBossMerchant","floor":52,"turns":11}],"seed_played":"1323640197426477123","potions_obtained":[{"floor":2.0,"key":"Swift Potion"},{"floor":8.0,"key":"GamblersBrew"},{"floor":10.0,"key":"Guardian:BlockOnCardUsePotion"},{"floor":10.0,"key":"CultistPotion"},{"floor":15,"key":"LiquidBronze"},{"floor":16,"key":"ColorlessPotion"},{"floor":19,"key":"Block Potion"},{"floor":20,"key":"hexamod:SoulburnPotion"},{"floor":31,"key":"Slimebound:SlimyTonguePotion"},{"floor":33,"key":"Slimebound:SlimyTonguePotion"},{"floor":36,"key":"SteroidPotion"},{"floor":37,"key":"Weak Potion"},{"floor":38,"key":"sneckomod:MuddlingPotion"},{"floor":39,"key":"Fire Potion"},{"floor":44,"key":"Block Potion"},{"floor":45,"key":"Block Potion"},{"floor":46,"key":"hexamod:SoulburnPotion"},{"floor":48,"key":"LiquidMemories"},{"floor":49,"key":"BlessingOfTheForge"}],"is_trial":false,"path_per_floor":["R","M","?","M","?","R","T","$","M","?","E","R","M","$","M","B",null,"R","M","M","?","?","T","T","M","$","R","M","$","R","M","M","B",null,"R","M","M","?","M","R","T","?","$","M","M","M","R","E","M","B",null,"E"],"character_chosen":"SLIMEBOUND","items_purchased":["Incense Burner"],"campfire_rested":0,"item_purchase_floors":[26],"current_hp_per_floor":[38,36,36,37,37,37,37,47,47,47,26,26,34,39,51,35,53,53,59,48,27,27,27,27,35,50,50,54,54,54,62,62,40,57,57,62,61,56,45,45,45,68,68,55,63,74,84,84,70,52,76,0,0,0],"gold":129,"neow_bonus":"THREE_RARE_CARDS","is_daily":false,"chose_seed":false,"campfire_upgraded":8,"win_rate":0.0,"timestamp":1611788345,"path_taken":["R","M","?","M","?","R","T","?","M","?","E","R","M","$","M","BOSS","R","M","M","?","?","?","T","M","$","R","M","?","R","M","M","BOSS","R","M","M","?","M","R","T","?","$","M","M","?","R","E","M","BOSS","E"],"items_purchased_type":["Relic"],"build_version":"2020-12-22","purchased_purges":3,"victory":false,"max_hp_per_floor":[59,59,59,59,59,59,59,59,59,59,59,59,59,59,59,59,59,59,59,62,62,62,62,62,62,62,62,62,62,62,62,62,62,62,62,62,62,65,68,68,68,68,68,68,71,74,84,84,84,84,84,84,84,84],"card_choices":[{"not_picked":["Slimebound:DuplicatedForm","Slimebound:OozeBath"],"picked":"Slimebound:TagTeam","floor":0.0},{"not_picked":["Slimebound:SplitAcid","Slimebound:GoopTackle"],"picked":"Slimebound:Equalize","floor":2.0},{"not_picked":["Slimebound:ComboTackle","Slimebound:Prepare"],"picked":"Slimebound:SlimeSpikes","floor":4.0},{"not_picked":["Slimebound:ForwardTackle","Slimebound:SlimeSpikes"],"picked":"Slimebound:Repurpose","floor":8.0},{"not_picked":["Slimebound:HungryTackle","Slimebound:LeechEnergy"],"picked":"Slimebound:RejuvenatingLick","floor":9.0},{"not_picked":["Slimebound:DivideAndConquer","Slimebound:SlimeSpikes"],"picked":"Slimebound:GoopSpray","floor":11.0},{"not_picked":["Slimebound:Schlurp","Slimebound:AcidTongue"],"picked":"Slimebound:RejuvenatingLick","floor":13.0},{"not_picked":["Slimebound:ComboTackle","Slimebound:Dissolve"],"picked":"Slimebound:PressTheAttack","floor":14.0},{"not_picked":["Slimebound:DisruptingSlam","Slimebound:DivideAndConquer"],"picked":"Slimebound:GoopSpray","floor":15},{"not_picked":["Slimebound:SelfFormingGoo","Slimebound:FirmFortitude"],"picked":"Slimebound:MassFeed","floor":16},{"not_picked":["Slimebound:PressTheAttack","Slimebound:RollThrough"],"picked":"Slimebound:GoopSpray","floor":19},{"not_picked":["Slimebound:SlimeSpikes+1","Slimebound:RollThrough+1"],"picked":"Slimebound:GrowthPunch","floor":20},{"not_picked":["Slimebound:SpikyOuterGoop","Slimebound:SlimeBrawl"],"picked":"Slimebound:SlimeTap","floor":25},{"not_picked":["Slimebound:FlameTackle","Slimebound:MassFeed"],"picked":"Slimebound:Equalize","floor":26},{"not_picked":["Slimebound:ComboTackle","Slimebound:Chomp","Slimebound:ItLooksTasty"],"picked":"SKIP","floor":28},{"not_picked":["Slimebound:SplitMire","Slimebound:FinishingTackle"],"picked":"Slimebound:Equalize","floor":31},{"not_picked":["Slimebound:PressTheAttack","Slimebound:RejuvenatingLick","Slimebound:HauntingLick"],"picked":"SKIP","floor":32},{"not_picked":["Slimebound:MinionMaster","Slimebound:SelfFormingGoo"],"picked":"Slimebound:Teamwork","floor":33},{"not_picked":["Slimebound:SplitLeeching","Slimebound:ItLooksTasty+1","Slimebound:SplitBruiser"],"picked":"SKIP","floor":36},{"not_picked":["Slimebound:Schlurp","Slimebound:SlimeBarrage"],"picked":"Slimebound:Repurpose+1","floor":37},{"not_picked":["Slimebound:SplitMire","Slimebound:ProtectTheBoss+1"],"picked":"Slimebound:SplitSpecialist","floor":39},{"not_picked":["Slimebound:LeechEnergy+1","Slimebound:SlimeBarrage"],"picked":"Slimebound:OneTwoCombo","floor":44},{"not_picked":["Slimebound:RejuvenatingLick","Slimebound:LeechingTouch+1"],"picked":"Slimebound:Gluttony","floor":45},{"not_picked":["Slimebound:SplitBruiser","Slimebound:FormOfPuddle","Slimebound:RollThrough"],"picked":"SKIP","floor":46},{"not_picked":["Slimebound:SplitAcid","Slimebound:Schlurp+1","Slimebound:LivingWall"],"picked":"SKIP","floor":48},{"not_picked":["Slimebound:Dissolve","Slimebound:Replication"],"picked":"Slimebound:ProtectTheBoss+1","floor":49}],"player_experience":644417,"relics_obtained":[{"floor":7.0,"key":"White Beast Statue"},{"floor":11.0,"key":"Pantograph"},{"floor":21,"key":"Enchiridion"},{"floor":23,"key":"Slimebound:AggressiveSlimeRelic"},{"floor":24,"key":"Meat on the Bone"},{"floor":38,"key":"Slimebound:SlimedTailRelic"},{"floor":48,"key":"Bag of Marbles"}],"event_choices":[{"damage_healed":0.0,"max_hp_gain":0.0,"max_hp_loss":0.0,"gold_gain":0.0,"event_name":"Lab","player_choice":"Got Potions","floor":10.0,"gold_loss":0.0,"damage_taken":0.0},{"damage_healed":0,"gold_gain":0,"player_choice":"Fight","damage_taken":0,"max_hp_gain":0,"max_hp_loss":0,"event_name":"Mysterious Sphere","floor":38,"gold_loss":0},{"cards_removed":["Slimebound:GrowthPunch"],"damage_healed":23,"gold_gain":0,"player_choice":"Offered Uncommon","damage_taken":0,"max_hp_gain":0,"max_hp_loss":0,"event_name":"Bonfire Elementals","floor":42,"gold_loss":0}],"is_beta":false,"boss_relics":[{"not_picked":["Sozu","Runic Pyramid"],"picked":"expansioncontent:StudyCardRelic"},{"not_picked":["Calling Bell","Coffee Dripper"],"picked":"Slimebound:TarBlob"}],"items_purged_floors":[8,26,43],"is_endless":false,"potions_floor_spawned":[2,8,9,11,13,14,15,16,19,20,25,26,28,31,32,33,36,37,38,39,44,45,46,48,49],"killed_by":"downfall:CharBossMerchant","ascension_level":17}}