{"host":"zrerxgu8lagrk16e","time":1611720257,"event":{"mods":["AchievementEnabler","BaseMod","Colored Map","Colored Powertips","Minty Spire (QoL Compilation)","Quick Restart","Relic Stats","StSLib","slay the spire mod where everything is the same but ironclad has a cowboy hat"],"gold_per_floor":[118,118,193,210,57,82,1,19,44,56,71,71,71,115,115,239,239,264,278,303,318,318,358,358,397,469,490,515,530,243,266,266,394,394,417,475,8,26,26,26,59,75,75,75,75,75,88,88,88],"floor_reached":48,"language":"ENG","playtime":2049,"items_purged":[],"score":669,"play_id":"f1aaed03-19f4-4ebf-ac75-268740f3d645","local_time":"20210126230417","is_ascension_mode":true,"campfire_choices":[{"data":"Rupture","floor":12.0,"key":"SMITH"},{"data":"Trip","floor":15.0,"key":"SMITH"},{"data":"Limit Break","floor":24,"key":"SMITH"},{"data":"Offering","floor":32,"key":"SMITH"},{"floor":40,"key":"RECALL"},{"data":"Pummel","floor":46,"key":"SMITH"}],"circlet_count":0,"master_deck":["Strike_R","Strike_R","Strike_R","Strike_R+1","Defend_R+1","Defend_R","Defend_R","Defend_R","Bash","Thunderclap","Iron Wave","Havoc","Clash","Rupture+1","Thunderclap","Immolate","Hemokinesis","Trip+1","Sever Soul","Headbutt","Cleave","Twin Strike","Limit Break+1","Clash","Clothesline","True Grit","Bash","Offering","Bloodletting","Offering+1","Pummel+1","Dark Embrace+1","Sword Boomerang+1","Limit Break","Rage+1","Flame Barrier+1","Limit Break","Dual Wield","Armaments+1","Ghostly Armor+1","Sword Boomerang+1","Feel No Pain+1","Writhe","Heavy Blade+1","Sever Soul+1"],"relics":["Black Blood","NeowsBlessing","Orrery","Tiny Chest","Bag of Marbles","Golden Idol","Centennial Puzzle","Coffee Dripper","Red Skull","Blue Candle","Bottled Lightning","StoneCalendar","Boot","Prayer Wheel","Magic Flower","Sundial","Bronze Scales","Singing Bowl"],"acts_visited":["Exordium","TheCity","TheBeyond"],"potions_floor_usage":[16,18,33,33,36,47,48],"damage_taken":[{"damage":0.0,"enemies":"Jaw Worm","floor":1.0,"turns":1.0},{"damage":0.0,"enemies":"Small Slimes","floor":4.0,"turns":1.0},{"damage":0.0,"enemies":"Gremlin Nob","floor":6.0,"turns":1.0},{"damage":0.0,"enemies":"Cultist","floor":8.0,"turns":3.0},{"damage":0.0,"enemies":"Lots of Slimes","floor":10.0,"turns":4.0},{"damage":9.0,"enemies":"Exordium Wildlife","floor":11.0,"turns":4.0},{"damage":25.0,"enemies":"Lagavulin","floor":14.0,"turns":5.0},{"damage":34,"enemies":"Hexaghost","floor":16,"turns":8},{"damage":7,"enemies":"Chosen","floor":18,"turns":2},{"damage":17,"enemies":"Shell Parasite","floor":19,"turns":4},{"damage":0,"enemies":"3 Cultists","floor":21,"turns":3},{"damage":6,"enemies":"Slavers","floor":23,"turns":2},{"damage":40,"enemies":"Book of Stabbing","floor":25,"turns":4},{"damage":6,"enemies":"Sentry and Sphere","floor":27,"turns":1},{"damage":6,"enemies":"Snecko","floor":28,"turns":2},{"damage":6,"enemies":"Snake Plant","floor":29,"turns":2},{"damage":38,"enemies":"Collector","floor":33,"turns":3},{"damage":31,"enemies":"3 Shapes","floor":35,"turns":2},{"damage":49,"enemies":"2 Orb Walkers","floor":36,"turns":4},{"damage":6,"enemies":"3 Darklings","floor":38,"turns":1},{"damage":33,"enemies":"Reptomancer","floor":41,"turns":4},{"damage":6,"enemies":"Transient","floor":42,"turns":5},{"damage":18,"enemies":"Spire Growth","floor":47,"turns":2},{"damage":63,"enemies":"Nemesis","floor":48,"turns":4}],"seed_played":"-8043728020290659805","potions_obtained":[{"floor":4.0,"key":"SteroidPotion"},{"floor":6.0,"key":"Fire Potion"},{"floor":8.0,"key":"Dexterity Potion"},{"floor":16,"key":"DistilledChaos"},{"floor":25,"key":"Swift Potion"},{"floor":27,"key":"FearPotion"},{"floor":28,"key":"PowerPotion"},{"floor":36,"key":"Ancient Potion"},{"floor":41,"key":"SteroidPotion"},{"floor":47,"key":"ColorlessPotion"}],"is_trial":false,"path_per_floor":["M","?","?","M","$","E","$","M","T","M","M","R","?","E","R","B",null,"M","M","T","M","?","E","R","E","T","M","M","M","$","T","R","B",null,"M","?","$","M","?","R","E","M","T","?","T","R","M","E"],"character_chosen":"IRONCLAD","items_purchased":["Orrery","Trip","StoneCalendar","Limit Break","Magic Flower"],"campfire_rested":0,"item_purchase_floors":[5,7,30,37,37],"current_hp_per_floor":[80,64,53,59,59,65,65,71,71,77,74,74,54,35,35,7,80,79,68,68,74,74,74,74,40,40,40,40,40,40,40,40,8,80,61,24,24,36,36,36,21,33,33,53,53,53,53,0,0],"gold":88,"neow_bonus":"THREE_ENEMY_KILL","is_daily":false,"chose_seed":false,"campfire_upgraded":5,"win_rate":0.0,"timestamp":1611720257,"path_taken":["M","?","?","M","$","E","?","?","T","M","M","R","?","E","R","BOSS","M","M","?","M","?","E","R","E","T","?","?","M","$","?","R","BOSS","M","?","$","M","?","R","E","M","T","?","?","R","M","E"],"items_purchased_type":["Relic","Card","Relic","Card","Relic"],"build_version":"2020-12-22","purchased_purges":0,"victory":false,"max_hp_per_floor":[80,80,80,80,80,80,80,80,80,80,80,80,80,80,80,80,80,80,80,80,80,80,80,80,80,80,80,80,80,80,80,80,80,80,80,80,80,80,80,80,80,80,80,80,80,80,80,80,80],"relic_stats":{"Singing Bowl":0,"counters":[24,72],"Golden Idol":133,"Blue Candle":[2],"Black Blood":192,"Magic Flower":[24],"StoneCalendar":[0],"Boot":[40],"Centennial Puzzle":[48],"Sundial":[0],"Bronze Scales":[10],"Tiny Chest":3,"Prayer Wheel":3,"obtain_stats":[{"NeowsBlessing":0,"Singing Bowl":45,"Golden Idol":13,"Blue Candle":25,"Black Blood":34,"Magic Flower":37,"StoneCalendar":30,"Boot":31,"Burning Blood":0,"Centennial Puzzle":14,"Sundial":41,"Bronze Scales":43,"Orrery":5,"Tiny Chest":6,"Prayer Wheel":36,"Bag of Marbles":9,"Coffee Dripper":17,"Bottled Lightning":26,"Red Skull":23},{"NeowsBlessing":0,"Singing Bowl":22,"Golden Idol":6,"Blue Candle":13,"Black Blood":17,"Magic Flower":19,"StoneCalendar":16,"Boot":16,"Burning Blood":0,"Centennial Puzzle":7,"Sundial":21,"Bronze Scales":22,"Orrery":2,"Tiny Chest":3,"Prayer Wheel":19,"Bag of Marbles":4,"Coffee Dripper":8,"Bottled Lightning":13,"Red Skull":12},{"NeowsBlessing":0,"Singing Bowl":66,"Golden Idol":14,"Blue Candle":42,"Black Blood":50,"Magic Flower":56,"StoneCalendar":47,"Boot":47,"Burning Blood":0,"Centennial Puzzle":19,"Sundial":61,"Bronze Scales":66,"Orrery":2,"Tiny Chest":3,"Prayer Wheel":56,"Bag of Marbles":6,"Coffee Dripper":27,"Bottled Lightning":42,"Red Skull":38}]},"card_choices":[{"not_picked":["Wild Strike","Spot Weakness"],"picked":"Thunderclap","floor":1.0},{"not_picked":["Havoc","Ghostly Armor"],"picked":"Iron Wave","floor":4.0},{"not_picked":["Pommel Strike","Clothesline"],"picked":"Havoc","floor":5.0},{"not_picked":["Thunderclap","Clothesline"],"picked":"Clash","floor":5.0},{"not_picked":["Intimidate","Burning Pact"],"picked":"Rupture","floor":5.0},{"not_picked":["Havoc","Bludgeon"],"picked":"Thunderclap","floor":5.0},{"not_picked":["Anger","Body Slam"],"picked":"Immolate","floor":5.0},{"not_picked":["Power Through","Whirlwind"],"picked":"Hemokinesis","floor":6.0},{"not_picked":["Cleave","Pommel Strike"],"picked":"Sever Soul","floor":8.0},{"not_picked":["Corruption","Flex"],"picked":"Headbutt","floor":10.0},{"not_picked":["Iron Wave","Headbutt"],"picked":"Cleave","floor":11.0},{"not_picked":["Headbutt","Sentinel"],"picked":"Twin Strike","floor":14.0},{"not_picked":["Barricade","Juggernaut"],"picked":"Limit Break","floor":16},{"not_picked":["Wild Strike","Twin Strike"],"picked":"Clash","floor":18},{"not_picked":["Havoc+1","Body Slam+1"],"picked":"Clothesline","floor":19},{"not_picked":["Clothesline","Shrug It Off+1"],"picked":"True Grit","floor":21},{"not_picked":["Sentinel","Perfected Strike"],"picked":"Bloodletting","floor":23},{"not_picked":["Fire Breathing+1","Cleave"],"picked":"Offering","floor":25},{"not_picked":["Thunderclap","Reckless Charge"],"picked":"Pummel","floor":27},{"not_picked":["True Grit","Body Slam"],"picked":"Dark Embrace+1","floor":28},{"not_picked":["Infernal Blade","Pommel Strike"],"picked":"Sword Boomerang+1","floor":29},{"not_picked":["Offering","Brutality"],"picked":"Limit Break","floor":33},{"not_picked":["Reckless Charge","Warcry"],"picked":"Rage+1","floor":35},{"not_picked":["Pummel","Warcry+1"],"picked":"Flame Barrier+1","floor":36},{"not_picked":["Rampage","Anger+1"],"picked":"Dual Wield","floor":38},{"not_picked":["Shockwave","Sword Boomerang+1"],"picked":"Armaments+1","floor":38},{"not_picked":["Shockwave","Havoc"],"picked":"Ghostly Armor+1","floor":41},{"not_picked":["Pommel Strike","Body Slam"],"picked":"Sword Boomerang+1","floor":42},{"not_picked":["Cleave","Corruption"],"picked":"Feel No Pain+1","floor":42},{"not_picked":["Sword Boomerang+1","Ghostly Armor+1"],"picked":"Heavy Blade+1","floor":47},{"not_picked":["Shrug It Off+1","Headbutt"],"picked":"Sever Soul+1","floor":47}],"player_experience":175760,"relics_obtained":[{"floor":6.0,"key":"Tiny Chest"},{"floor":9.0,"key":"Bag of Marbles"},{"floor":14.0,"key":"Centennial Puzzle"},{"floor":23,"key":"Red Skull"},{"floor":25,"key":"Blue Candle"},{"floor":26,"key":"Bottled Lightning"},{"floor":31,"key":"Boot"},{"floor":36,"key":"Prayer Wheel"},{"floor":41,"key":"Sundial"},{"floor":43,"key":"Bronze Scales"},{"floor":45,"key":"Singing Bowl"}],"event_choices":[{"damage_healed":0.0,"max_hp_gain":0.0,"max_hp_loss":0.0,"gold_gain":0.0,"event_name":"Shining Light","player_choice":"Entered Light","floor":2.0,"gold_loss":0.0,"damage_taken":16.0,"cards_upgraded":["Strike_R","Defend_R"]},{"damage_healed":0.0,"max_hp_gain":0.0,"max_hp_loss":0.0,"gold_gain":75.0,"event_name":"World of Goop","player_choice":"Gather Gold","floor":3.0,"gold_loss":0.0,"damage_taken":11.0},{"damage_healed":0.0,"max_hp_gain":0.0,"max_hp_loss":0.0,"gold_gain":0.0,"event_name":"Golden Idol","player_choice":"Take Damage","floor":13.0,"gold_loss":0.0,"damage_taken":20.0,"relics_obtained":["Golden Idol"]},{"damage_healed":0,"gold_gain":0,"player_choice":"2 cards matched","damage_taken":0,"max_hp_gain":0,"max_hp_loss":0,"event_name":"Match and Keep!","floor":22,"gold_loss":0,"cards_obtained":["Bash","Offering"]},{"damage_healed":0,"gold_gain":0,"player_choice":"Fight","damage_taken":0,"max_hp_gain":0,"max_hp_loss":0,"event_name":"Mysterious Sphere","floor":36,"gold_loss":0},{"cards_removed":["Strike_R"],"damage_healed":0,"gold_gain":0,"player_choice":"Removed Attack","damage_taken":0,"max_hp_gain":0,"max_hp_loss":0,"event_name":"Falling","floor":39,"gold_loss":0},{"damage_healed":20,"gold_gain":0,"player_choice":"Writhe","damage_taken":0,"max_hp_gain":0,"max_hp_loss":0,"event_name":"Winding Halls","floor":44,"gold_loss":0,"cards_obtained":["Writhe"]}],"is_beta":false,"boss_relics":[{"not_picked":["Philosopher\u0027s Stone","Cursed Key"],"picked":"Coffee Dripper"},{"not_picked":["Runic Pyramid","Tiny House"],"picked":"Black Blood"}],"items_purged_floors":[],"is_endless":false,"potions_floor_spawned":[4,6,8,16,25,27,28,36,41,47],"killed_by":"Nemesis","ascension_level":2}}