{"host":"nwd160me4iqdtr8u","time":1611709515,"event":{"mods":["AchievementEnabler","Act Like it!","BaseMod","Colored Map","DeckTracker","Minty Spire (QoL Compilation)","Quick Restart","Rare Cards Sparkle","StSLib","SuperFastMode","everything is the same but u backflip on backflip"],"gold_per_floor":[118,134,159,109,129,129,143,172,218,236,236,236,236,250,250,349,349,367,387,387,168,178,178,178,190,190,190,190,190,202,217,217,317,317,335,335,350,400,412,412,412,442,454,513,330,330,10,10,10,10],"floor_reached":51,"language":"KOR","playtime":2291,"items_purged":["Strike_G"],"score":985,"play_id":"08688d28-0c82-48a1-811a-5ff013e86f28","local_time":"20210127100515","is_ascension_mode":true,"campfire_choices":[{"data":"Deadly Poison","floor":6.0,"key":"SMITH"},{"data":"Calculated Gamble","floor":11.0,"key":"SMITH"},{"data":"Dagger Spray","floor":13.0,"key":"SMITH"},{"data":"Endless Agony","floor":15.0,"key":"SMITH"},{"data":"Malaise","floor":23.0,"key":"SMITH"},{"floor":29.0,"key":"REST"},{"data":"Prepared","floor":32,"key":"SMITH"},{"data":"Storm of Steel","floor":40,"key":"SMITH"},{"floor":46,"key":"REST"},{"data":"Acrobatics","floor":49,"key":"SMITH"}],"circlet_count":0,"master_deck":["Strike_G","Defend_G","Defend_G","Defend_G","Defend_G","Survivor","Deadly Poison+1","Expertise","Dagger Spray+1","Endless Agony+1","Calculated Gamble+1","Flying Knee","Neutralize","Slice","Malaise+1","Corpse Explosion","Reflex+1","Escape Plan+1","Noxious Fumes","Prepared+1","Storm of Steel+1","Adrenaline","Cloak And Dagger+1","Outmaneuver+1","Deflect+1","Backstab+1","Prepared+1","Acrobatics+1","Backflip","Predator","Flash of Steel"],"relics":["Ring of the Snake","NeowsBlessing","Juzu Bracelet","Orichalcum","Omamori","HoveringKite","MutagenicStrength","Chemical X","Kunai","Necronomicon","Astrolabe","Thread and Needle","Nunchaku","MawBank","PreservedInsect","Girya","Akabeko"],"acts_visited":["Exordium","TheCity","TheBeyond"],"potions_floor_usage":[33,33,39,42,44,44,50],"damage_taken":[{"damage":0.0,"enemies":"Cultist","floor":1.0,"turns":1.0},{"damage":0.0,"enemies":"2 Louse","floor":2.0,"turns":1.0},{"damage":0.0,"enemies":"Jaw Worm","floor":5.0,"turns":1.0},{"damage":2.0,"enemies":"3 Louse","floor":7.0,"turns":5.0},{"damage":19.0,"enemies":"Lagavulin","floor":8.0,"turns":8.0},{"damage":0.0,"enemies":"Blue Slaver","floor":10.0,"turns":3.0},{"damage":4.0,"enemies":"Red Slaver","floor":14.0,"turns":2.0},{"damage":14.0,"enemies":"Hexaghost","floor":16.0,"turns":10.0},{"damage":2.0,"enemies":"Chosen","floor":18.0,"turns":5.0},{"damage":0.0,"enemies":"3 Byrds","floor":19.0,"turns":3.0},{"damage":4.0,"enemies":"Centurion and Healer","floor":22.0,"turns":4.0},{"damage":0.0,"enemies":"Shelled Parasite and Fungi","floor":25.0,"turns":6.0},{"damage":2,"enemies":"Cultist and Chosen","floor":30,"turns":4},{"damage":1,"enemies":"Snecko","floor":31,"turns":5},{"damage":31,"enemies":"Champ","floor":33,"turns":13},{"damage":0,"enemies":"Orb Walker","floor":35,"turns":3},{"damage":3,"enemies":"3 Shapes","floor":37,"turns":6},{"damage":1,"enemies":"Mind Bloom Boss Battle","floor":38,"turns":7},{"damage":4,"enemies":"3 Darklings","floor":39,"turns":2},{"damage":16,"enemies":"Reptomancer","floor":42,"turns":5},{"damage":23,"enemies":"2 Orb Walkers","floor":44,"turns":3},{"damage":70,"enemies":"Donu and Deca","floor":50,"turns":8}],"seed_played":"-4296928535767051090","potions_obtained":[{"floor":5.0,"key":"Weak Potion"},{"floor":7.0,"key":"Swift Potion"},{"floor":8.0,"key":"Dexterity Potion"},{"floor":14.0,"key":"Swift Potion"},{"floor":18.0,"key":"PowerPotion"},{"floor":25.0,"key":"AttackPotion"},{"floor":33,"key":"DistilledChaos"},{"floor":38,"key":"DistilledChaos"},{"floor":42,"key":"AttackPotion"},{"floor":44,"key":"CultistPotion"}],"is_trial":false,"path_per_floor":["M","M","T","?","M","R","M","E","T","M","R","?","R","M","R","B",null,"M","M","?","$","M","R","?","M","T","?","?","R","M","M","R","B",null,"M","?","M","?","M","R","T","E","T","?","$","R","$","?","R","B",null],"character_chosen":"THE_SILENT","items_purchased":["Chemical X","Akabeko","Acrobatics","Backflip","Predator","Flash of Steel","FairyPotion"],"campfire_rested":2,"item_purchase_floors":[21,45,45,47,47,47,47],"current_hp_per_floor":[63,63,63,63,63,63,61,42,42,42,42,42,42,38,38,24,59,57,57,57,57,53,53,40,40,40,24,24,46,44,43,43,12,59,59,59,56,55,51,51,51,35,35,12,12,34,34,85,85,15],"gold":10,"neow_bonus":"THREE_ENEMY_KILL","is_daily":false,"chose_seed":false,"campfire_upgraded":8,"win_rate":0.0,"timestamp":1611709515,"path_taken":["M","M","?","?","M","R","M","E","T","M","R","?","R","M","R","BOSS","M","M","?","$","M","R","?","M","T","?","?","R","M","M","R","BOSS","M","?","M","?","M","R","?","E","T","?","$","R","$","?","R","BOSS"],"items_purchased_type":["Relic","Relic","Card","Card","Card","Card","Potion"],"build_version":"2020-12-22","purchased_purges":1,"victory":true,"max_hp_per_floor":[70,70,70,70,70,70,70,70,70,70,70,70,70,70,70,70,70,70,70,70,70,70,70,75,75,75,75,75,75,75,75,75,75,75,75,75,75,75,75,75,75,75,75,75,75,75,75,85,85,85],"card_choices":[{"not_picked":["Sucker Punch","Infinite Blades"],"picked":"Deadly Poison","floor":1.0},{"not_picked":["Setup","Underhanded Strike"],"picked":"Expertise","floor":2.0},{"not_picked":["PiercingWail","Cloak And Dagger"],"picked":"Dagger Spray","floor":5.0},{"not_picked":["Leg Sweep","Flying Knee"],"picked":"Endless Agony","floor":7.0},{"not_picked":["PiercingWail","All Out Attack"],"picked":"Calculated Gamble","floor":8.0},{"not_picked":["Cloak And Dagger","PiercingWail"],"picked":"Flying Knee","floor":10.0},{"not_picked":["Underhanded Strike","Blade Dance"],"picked":"Malaise","floor":14.0},{"not_picked":["Doppelganger","Envenom"],"picked":"Corpse Explosion","floor":16.0},{"not_picked":["Dagger Throw","Dagger Spray"],"picked":"Reflex+1","floor":18.0},{"not_picked":["Quick Slash","Blade Dance"],"picked":"Escape Plan+1","floor":19.0},{"not_picked":["Deflect","Eviscerate","Dagger Throw"],"picked":"SKIP","floor":22.0},{"not_picked":["Dash","Deadly Poison"],"picked":"Noxious Fumes","floor":25.0},{"not_picked":["Blade Dance","PiercingWail+1"],"picked":"Prepared","floor":30},{"not_picked":["Riddle With Holes","Bane+1"],"picked":"Storm of Steel","floor":31},{"not_picked":["Venomology","Storm of Steel"],"picked":"Adrenaline","floor":33},{"not_picked":["Dodge and Roll+1","Blade Dance","PiercingWail"],"picked":"SKIP","floor":35},{"not_picked":["Apotheosis","Panacea"],"picked":"Sadistic Nature","floor":36},{"not_picked":["Dagger Spray+1","Outmaneuver","Dodge and Roll"],"picked":"SKIP","floor":37},{"not_picked":["Slice","Deflect+1"],"picked":"Backstab+1","floor":38},{"not_picked":["Reflex+1","Sucker Punch"],"picked":"Prepared+1","floor":39},{"not_picked":["Well Laid Plans","Prepared+1","Tools of the Trade"],"picked":"SKIP","floor":42}],"player_experience":256912,"relics_obtained":[{"floor":3.0,"key":"Juzu Bracelet"},{"floor":8.0,"key":"Orichalcum"},{"floor":9.0,"key":"Omamori"},{"floor":26.0,"key":"Kunai"},{"floor":27.0,"key":"Necronomicon"},{"floor":38,"key":"Thread and Needle"},{"floor":41,"key":"Nunchaku"},{"floor":42,"key":"MawBank"},{"floor":43,"key":"PreservedInsect"},{"floor":44,"key":"Girya"}],"event_choices":[{"cards_removed":["Strike_G"],"damage_healed":0.0,"max_hp_gain":0.0,"max_hp_loss":0.0,"gold_gain":0.0,"event_name":"The Cleric","player_choice":"Card Removal","floor":4.0,"gold_loss":50.0,"damage_taken":0.0},{"damage_healed":0.0,"max_hp_gain":0.0,"max_hp_loss":0.0,"gold_gain":0.0,"event_name":"Match and Keep!","player_choice":"2 cards matched","floor":12.0,"gold_loss":0.0,"damage_taken":0.0,"cards_obtained":["Neutralize","Slice"]},{"damage_healed":0.0,"max_hp_gain":0.0,"max_hp_loss":0.0,"gold_gain":0.0,"event_name":"Drug Dealer","player_choice":"Inject Mutagens","floor":20.0,"gold_loss":0.0,"damage_taken":0.0,"relics_obtained":["MutagenicStrength"]},{"damage_healed":0.0,"max_hp_gain":5.0,"max_hp_loss":0.0,"gold_gain":0.0,"event_name":"Forgotten Altar","player_choice":"Shed Blood","floor":24.0,"gold_loss":0.0,"damage_taken":18.0},{"damage_healed":0.0,"max_hp_gain":0.0,"max_hp_loss":0.0,"gold_gain":0.0,"event_name":"Cursed Tome","player_choice":"Obtained Book","floor":27.0,"gold_loss":0.0,"damage_taken":16.0},{"cards_removed":["Strike_G"],"damage_healed":0.0,"max_hp_gain":0.0,"max_hp_loss":0.0,"gold_gain":0.0,"event_name":"Back to Basics","player_choice":"Elegance","floor":28.0,"gold_loss":0.0,"damage_taken":0.0},{"damage_healed":0,"gold_gain":0,"player_choice":"Memory 1","damage_taken":0,"max_hp_gain":0,"max_hp_loss":0,"event_name":"SensoryStone","floor":36,"gold_loss":0},{"damage_healed":0,"gold_gain":0,"player_choice":"Fight","damage_taken":0,"max_hp_gain":0,"max_hp_loss":0,"event_name":"MindBloom","floor":38,"gold_loss":0},{"damage_healed":0,"gold_gain":0,"player_choice":"Fight","damage_taken":0,"max_hp_gain":0,"max_hp_loss":0,"event_name":"Mysterious Sphere","floor":44,"gold_loss":0},{"cards_removed":["Sadistic Nature"],"damage_healed":41,"gold_gain":0,"player_choice":"Offered Rare","damage_taken":0,"max_hp_gain":10,"max_hp_loss":0,"event_name":"Bonfire Elementals","floor":48,"gold_loss":0}],"is_beta":false,"boss_relics":[{"not_picked":["Philosopher\u0027s Stone","SacredBark"],"picked":"HoveringKite"},{"not_picked":["Calling Bell","SlaversCollar"],"picked":"Astrolabe"}],"items_purged_floors":[21],"is_endless":false,"potions_floor_spawned":[5,7,8,14,18,25,33,38,42,44],"ascension_level":8}}