{"host":"kdt6w7ix8lwe69i9","time":1611720868,"event":{"mods":["100% Spire Juice","BaseMod","ChefMod","Evolution","Minty Spire (QoL Compilation)","Reimu（博丽灵梦）","Robot Space Explorer","Shade Mod","StSLib","The Gatherer","TheSurvivalist"],"gold_per_floor":[160,175,21,21,21,21,21,21],"floor_reached":7,"language":"ENG","playtime":812,"items_purged":[],"score":39,"play_id":"70f58413-82d6-4492-b5d1-b3ad0c218e5f","local_time":"20210126231428","is_ascension_mode":false,"campfire_choices":[{"floor":6,"key":"REST"}],"circlet_count":0,"master_deck":["survmod:Strike","survmod:Strike","survmod:Strike+1","survmod:Strike","survmod:Defend","survmod:Defend","survmod:Defend","survmod:Defend","survmod:VersatileOffense","survmod:Sprint+1","survmod:FlareQuiver","survmod:FlareQuiver","survmod:FlareBarrage","survmod:ExplosiveTrap","survmod:BendAndBow","survmod:Marksmanship","survmod:FenceTrap+1","survmod:FlashbangTrap","Injury"],"relics":["EVO:Axolotl","Tiny House","Orrery","Golden Idol"],"acts_visited":["Exordium"],"potions_floor_usage":[1],"damage_taken":[{"damage":7,"enemies":"Small Slimes","floor":1,"turns":4},{"damage":6,"enemies":"2 Louse","floor":2,"turns":2},{"damage":51,"enemies":"Lagavulin","floor":7,"turns":11}],"seed_played":"8216338463697951982","potions_obtained":[{"floor":0,"key":"Fire Potion"}],"is_trial":false,"path_per_floor":["M","M","$","?","?","R","E"],"character_chosen":"THE_SURVIVOR","items_purchased":["Orrery"],"campfire_rested":1,"item_purchase_floors":[3],"current_hp_per_floor":[48,42,42,31,31,47,0,0],"gold":21,"neow_bonus":"BOSS_RELIC","is_daily":false,"chose_seed":false,"campfire_upgraded":0,"win_rate":0.0,"timestamp":1611720868,"path_taken":["M","M","$","?","?","R","E"],"items_purchased_type":["Relic"],"build_version":"2020-12-22","purchased_purges":0,"victory":false,"max_hp_per_floor":[55,55,55,55,55,55,55,55],"card_choices":[{"not_picked":["survmod:QuickDash","survmod:RejectWeakness"],"picked":"survmod:FlareQuiver","floor":0},{"not_picked":["survmod:TwinShot","survmod:FenceTrap"],"picked":"survmod:FlareQuiver","floor":1},{"not_picked":["survmod:Adaptability","survmod:QuickDash"],"picked":"survmod:FlareBarrage","floor":2},{"not_picked":["survmod:GoForFace","survmod:FenceTrap"],"picked":"survmod:ExplosiveTrap","floor":3},{"not_picked":["survmod:QuickThinking","survmod:SwiftKick"],"picked":"survmod:BendAndBow","floor":3},{"not_picked":["survmod:OverexertingShot","survmod:FindCover"],"picked":"survmod:Marksmanship","floor":3},{"not_picked":["survmod:AcidTrap","survmod:Exploit"],"picked":"survmod:FenceTrap","floor":3},{"not_picked":["survmod:HailOfArrows","survmod:FindCover"],"picked":"survmod:FlashbangTrap","floor":3}],"player_experience":1050166,"relics_obtained":[],"event_choices":[{"damage_healed":0,"gold_gain":0,"player_choice":"Entered Light","damage_taken":11,"max_hp_gain":0,"max_hp_loss":0,"event_name":"Shining Light","floor":4,"gold_loss":0,"cards_upgraded":["survmod:FenceTrap","survmod:Sprint"]},{"damage_healed":0,"gold_gain":0,"player_choice":"Take Wound","damage_taken":0,"relics_obtained":["Golden Idol"],"max_hp_gain":0,"max_hp_loss":0,"event_name":"Golden Idol","floor":5,"gold_loss":0,"cards_obtained":["Injury"]}],"is_beta":false,"boss_relics":[],"items_purged_floors":[],"is_endless":false,"potions_floor_spawned":[],"killed_by":"Lagavulin","ascension_level":0}}