{"host":"aukiz5jlacd3g5yc","time":1611734506,"event":{"mods":["2.2 Compatiblity","BaseMod","Bestiary","Colored Map","Colored Powertips","Downfall","GifTheSpireLib","Minty Spire (QoL Compilation)","Permanent Neow","Quick Restart","Random Character Button","Rare Cards Sparkle","Relic Sorter","Relic Stats","Replay The Spire","StSLib","everything is the same but u backflip on backflip","slay the spire mod where everything is the same but ironclad has a cowboy hat"],"gold_per_floor":[115,129,145,164,181,212,212,242,242,242,242,276,291,324,324,427,427,437,512,512,512,112,112,142,142,142,174,207,236,236,249,249,352,352,368,380,434,454,454,489,489,522,593,618,618,125,225,250,250,250],"floor_reached":51,"language":"ENG","playtime":1756,"items_purged":["ReplayTheSpireMod:Splinters"],"score":897,"play_id":"ef1104a7-a1b8-48ea-8ff2-e616381b035c","local_time":"20210127020146","daily_mods":["SealedDeck","Red Cards","Purple Cards","Elite Swarm","Lethality"],"is_ascension_mode":false,"campfire_choices":[{"data":"Limit Break","floor":7,"key":"SMITH"},{"data":"Reaper","floor":11,"key":"SMITH"},{"data":"Perfected Strike","floor":15,"key":"SMITH"},{"data":"Limit Break","floor":23,"key":"SMITH"},{"data":"champ:StanceDance","floor":25,"key":"SMITH"},{"data":"champ:StrikeOfGenius","floor":30,"key":"SMITH"},{"data":"champ:TripleStrike","floor":32,"key":"SMITH"},{"data":"champ:BerserkersShout","floor":41,"key":"SMITH"},{"data":"Offering","floor":49,"key":"SMITH"}],"circlet_count":0,"master_deck":["champ:BringItOn","champ:DefensiveShout","champ:Shatter","champ:BladeFlurry","EmptyBody","Perfected Strike+1","Pommel Strike","BowlingBash","Twin Strike","Pommel Strike","champ:BerserkersShout+1","Headbutt","Limit Break+1","champ:PerfectedStrike","Reaper+1","Limit Break+1","champ:TripleStrike+1","Ragnarok+1","champ:PerfectedStrike+1","champ:PerfectedStrike+1","champ:StanceDance+1","champ:MurderStrike","champ:MurderStrike","champ:StrikeOfGenius+1","Hemogenesis","champ:ShieldSigil+1","Blasphemy","Impervious","Offering+1"],"relics":["champ:ChampionCrownUpgraded","Replay:Accelerometer","The Courier","Pondfish Scales","Juzu Bracelet","Replay:Mystery Machine","Singing Bowl","Letter Opener","Coffee Dripper","champ:BerserkersGuideToSlaughter","Guardian:PocketSentry","sneckomod:BlankCard","Darkstone Periapt","champ:GladiatorsBookOfMartialProwess","Happy Flower","Pocketwatch","InkBottle","champ:DeflectingBracers","Divine Protection","ReplayTheSpireMod:Shallot","bronze:DonusWashers","Replay:Bottled Flurry","hexamod:BolsterEngine"],"acts_visited":["Exordium","TheCity","TheBeyond"],"potions_floor_usage":[12,16,18,18,18,37,44],"damage_taken":[{"damage":7,"enemies":"Jaw Worm","floor":1,"turns":2},{"damage":11,"enemies":"Small Slimes","floor":2,"turns":2},{"damage":0,"enemies":"Cultist","floor":3,"turns":2},{"damage":0,"enemies":"Lots of Slimes","floor":4,"turns":2},{"damage":0,"enemies":"2 Fungi Beasts","floor":5,"turns":2},{"damage":24,"enemies":"Gremlin Nob","floor":6,"turns":3},{"damage":26,"enemies":"Lagavulin","floor":8,"turns":4},{"damage":23,"enemies":"3 Sentries","floor":12,"turns":4},{"damage":7,"enemies":"3 Louse","floor":13,"turns":2},{"damage":0,"enemies":"Gremlin Nob","floor":14,"turns":2},{"damage":44,"enemies":"The Guardian","floor":16,"turns":7},{"damage":22,"enemies":"3 Byrds","floor":18,"turns":3},{"damage":15,"enemies":"Gremlin Leader","floor":24,"turns":3},{"damage":16,"enemies":"Replay:Snechameleon","floor":27,"turns":2},{"damage":7,"enemies":"Slavers","floor":29,"turns":3},{"damage":0,"enemies":"Chosen","floor":31,"turns":1},{"damage":54,"enemies":"Collector","floor":33,"turns":5},{"damage":0,"enemies":"Orb Walker","floor":35,"turns":2},{"damage":35,"enemies":"3 Darklings","floor":36,"turns":3},{"damage":27,"enemies":"2 Orb Walkers","floor":37,"turns":2},{"damage":0,"enemies":"Jaw Worm Horde","floor":38,"turns":2},{"damage":0,"enemies":"R_Hoarder","floor":40,"turns":4},{"damage":0,"enemies":"Nemesis","floor":42,"turns":3},{"damage":0,"enemies":"R_Hoarder","floor":44,"turns":1},{"damage":2,"enemies":"Reptomancer","floor":48,"turns":3},{"damage":91,"enemies":"Replay:Hell Engine","floor":50,"turns":6}],"seed_played":"-4164970022052465284","potions_obtained":[{"floor":2,"key":"Regen Potion"},{"floor":5,"key":"Explosive Potion"},{"floor":6,"key":"SkillPotion"},{"floor":13,"key":"Dexterity Potion"},{"floor":16,"key":"ColorlessPotion"},{"floor":24,"key":"SkillPotion"},{"floor":28,"key":"AttackPotion"},{"floor":28,"key":"Doom Potion"},{"floor":40,"key":"Block Potion"},{"floor":48,"key":"Swift Potion"}],"is_trial":true,"path_per_floor":["M","M","M","M","M","E","R","E","T","?","R","E","M","E","R","B",null,"M","?","?","?","$","R","E","R","T","E","?","E","R","M","R","B",null,"M","M","?","M","?","E","R","E","T","E","?","$","?","E","R","B",null],"character_chosen":"THE_CHAMP","items_purchased":["champ:StanceDance","champ:BerserkersGuideToSlaughter","Guardian:PocketSentry","sneckomod:BlankCard","bronze:DonusWashers","Replay:Bottled Flurry","hexamod:BolsterEngine"],"campfire_rested":0,"item_purchase_floors":[22,22,22,22,46,46,46],"current_hp_per_floor":[83,72,72,72,72,53,53,32,32,14,14,36,64,64,64,85,94,72,63,63,63,63,63,94,94,94,78,86,79,79,81,81,81,104,104,91,108,108,108,110,110,112,112,112,106,106,106,104,104,55],"gold":250,"neow_bonus":"","is_daily":false,"chose_seed":false,"campfire_upgraded":9,"win_rate":0.0,"timestamp":1611734506,"path_taken":["M","M","M","M","M","E","R","E","T","?","R","E","M","E","R","BOSS","M","?","?","?","$","R","E","R","T","E","?","E","R","M","R","BOSS","M","M","?","M","?","E","R","E","T","E","?","$","?","E","R","BOSS"],"items_purchased_type":["Card","Relic","Relic","Relic","Relic","Relic","Relic"],"build_version":"2020-12-22","purchased_purges":1,"victory":true,"max_hp_per_floor":[90,90,90,90,90,90,90,90,90,90,90,90,92,92,92,94,94,94,94,94,94,94,94,94,94,94,94,102,102,102,104,104,104,104,104,106,108,108,108,110,110,112,112,112,106,106,106,106,106,106],"relic_stats":{"Darkstone Periapt":6,"Singing Bowl":16,"Happy Flower":[10],"counters":[26,74],"Juzu Bracelet":3,"Letter Opener":[35],"obtain_stats":[{"Darkstone Periapt":26,"Replay:Accelerometer":24,"Divine Protection":43,"bronze:DonusWashers":46,"Singing Bowl":12,"Happy Flower":29,"sneckomod:BlankCard":22,"champ:ChampionCrown":0,"The Courier":6,"champ:ChampionCrownUpgraded":34,"champ:DeflectingBracers":42,"Juzu Bracelet":9,"Guardian:PocketSentry":22,"Letter Opener":14,"Replay:Mystery Machine":10,"champ:GladiatorsBookOfMartialProwess":27,"Pondfish Scales":8,"ReplayTheSpireMod:Shallot":44,"Coffee Dripper":17,"Replay:Bottled Flurry":46,"champ:BerserkersGuideToSlaughter":22,"hexamod:BolsterEngine":46,"InkBottle":40,"Pocketwatch":37},{"Darkstone Periapt":13,"Replay:Accelerometer":13,"Divine Protection":23,"bronze:DonusWashers":24,"Singing Bowl":8,"Happy Flower":15,"sneckomod:BlankCard":12,"champ:ChampionCrown":0,"The Courier":6,"champ:ChampionCrownUpgraded":17,"champ:DeflectingBracers":23,"Juzu Bracelet":7,"Guardian:PocketSentry":12,"Letter Opener":10,"Replay:Mystery Machine":7,"champ:GladiatorsBookOfMartialProwess":14,"Pondfish Scales":7,"ReplayTheSpireMod:Shallot":24,"Coffee Dripper":11,"Replay:Bottled Flurry":24,"champ:BerserkersGuideToSlaughter":12,"hexamod:BolsterEngine":24,"InkBottle":22,"Pocketwatch":20},{"Darkstone Periapt":38,"Replay:Accelerometer":38,"Divine Protection":64,"bronze:DonusWashers":65,"Singing Bowl":21,"Happy Flower":42,"sneckomod:BlankCard":35,"champ:ChampionCrown":0,"The Courier":13,"champ:ChampionCrownUpgraded":48,"champ:DeflectingBracers":64,"Juzu Bracelet":17,"Guardian:PocketSentry":35,"Letter Opener":25,"Replay:Mystery Machine":17,"champ:GladiatorsBookOfMartialProwess":40,"Pondfish Scales":17,"ReplayTheSpireMod:Shallot":65,"Coffee Dripper":32,"Replay:Bottled Flurry":65,"champ:BerserkersGuideToSlaughter":35,"hexamod:BolsterEngine":65,"InkBottle":61,"Pocketwatch":55}],"InkBottle":[4],"Pocketwatch":[6]},"card_choices":[{"not_picked":["EmptyFist","Havoc"],"picked":"champ:BerserkersShout","floor":1},{"not_picked":["Heavy Blade","Sword Boomerang"],"picked":"Headbutt","floor":2},{"not_picked":["Rampage","champ:Shatter","ThirdEye"],"picked":"SKIP","floor":3},{"not_picked":["Defy Death","Clothesline"],"picked":"Limit Break","floor":4},{"not_picked":["champ:StanceDance","Pommel Strike"],"picked":"champ:PerfectedStrike","floor":5},{"not_picked":["Brilliance","Omniscience"],"picked":"Reaper","floor":6},{"not_picked":["Feed","Immolate"],"picked":"Limit Break","floor":8},{"not_picked":["Limit Break","Double Tap"],"picked":"champ:TripleStrike","floor":12},{"not_picked":["champ:TornadoPunch","champ:ArenaPreparation","FlyingSleeves"],"picked":"Singing Bowl","floor":13},{"not_picked":["Bludgeon","Offering"],"picked":"Ragnarok","floor":14},{"not_picked":["SpiritShield","Exhume","Replay:Many Hands"],"picked":"Singing Bowl","floor":16},{"not_picked":["Armaments","DeceiveReality"],"picked":"champ:PerfectedStrike+1","floor":18},{"not_picked":["champ:UltimateStance","Limit Break"],"picked":"champ:MurderStrike","floor":24},{"not_picked":["Omniscience","Immolate"],"picked":"champ:MurderStrike","floor":27},{"not_picked":["Second Wind+1","Protect+1","Iron Wave"],"picked":"Singing Bowl","floor":28},{"not_picked":["Impervious","champ:TripleStrike"],"picked":"champ:StrikeOfGenius","floor":29},{"not_picked":["champ:PreciseThrust","Disarm","Anger"],"picked":"Singing Bowl","floor":31},{"not_picked":["champ:IgnorePain","Brutality"],"picked":"Hemogenesis","floor":33},{"not_picked":["Intimidate","ReplayReversal+1"],"picked":"champ:ShieldSigil+1","floor":35},{"not_picked":["Thunderclap","Body Slam","EmptyBody+1"],"picked":"Singing Bowl","floor":36},{"not_picked":["Thunderclap+1","SashWhip","champ:FocusedBerserking"],"picked":"Singing Bowl","floor":37},{"not_picked":["FlurryOfBlows","Armaments+1"],"picked":"Blasphemy","floor":38},{"not_picked":["Juggernaut","Blasphemy","champ:ShieldThrow"],"picked":"Singing Bowl","floor":40},{"not_picked":["Juggernaut","Reaper","Hemogenesis"],"picked":"Singing Bowl","floor":42},{"not_picked":["champ:VampiricStrike","Feed"],"picked":"Impervious","floor":44},{"not_picked":["Limit Break","champ:SteelEdge"],"picked":"Offering","floor":48}],"player_experience":360547,"relics_obtained":[{"floor":6,"key":"The Courier"},{"floor":8,"key":"Pondfish Scales"},{"floor":9,"key":"Juzu Bracelet"},{"floor":12,"key":"Singing Bowl"},{"floor":14,"key":"Letter Opener"},{"floor":24,"key":"Replay:Accelerometer"},{"floor":26,"key":"Darkstone Periapt"},{"floor":27,"key":"champ:GladiatorsBookOfMartialProwess"},{"floor":29,"key":"Happy Flower"},{"floor":37,"key":"Pocketwatch"},{"floor":40,"key":"InkBottle"},{"floor":42,"key":"champ:DeflectingBracers"},{"floor":43,"key":"Divine Protection"},{"floor":44,"key":"ReplayTheSpireMod:Shallot"}],"event_choices":[{"damage_healed":0,"gold_gain":0,"player_choice":"Success","damage_taken":18,"relics_obtained":["Replay:Mystery Machine"],"max_hp_gain":0,"max_hp_loss":0,"event_name":"Scrap Ooze","floor":10,"gold_loss":0},{"damage_healed":0,"gold_gain":75,"player_choice":"Touch","damage_taken":9,"max_hp_gain":0,"max_hp_loss":0,"event_name":"FaceTrader","floor":19,"gold_loss":0},{"damage_healed":0,"gold_gain":0,"player_choice":"Copied","damage_taken":0,"max_hp_gain":0,"max_hp_loss":0,"event_name":"Duplicator","floor":20,"gold_loss":0,"cards_obtained":["champ:PerfectedStrike"]},{"damage_healed":0,"gold_gain":0,"player_choice":"Fight","damage_taken":0,"max_hp_gain":0,"max_hp_loss":0,"event_name":"Mysterious Sphere","floor":37,"gold_loss":0},{"damage_healed":0,"gold_gain":0,"player_choice":"Upgraded","damage_taken":0,"max_hp_gain":0,"max_hp_loss":0,"event_name":"Upgrade Shrine","floor":39,"gold_loss":0,"cards_upgraded":["Ragnarok"]},{"damage_healed":0,"gold_gain":0,"player_choice":"Max HP","damage_taken":0,"max_hp_gain":0,"max_hp_loss":6,"event_name":"Winding Halls","floor":45,"gold_loss":0},{"damage_healed":0,"gold_gain":100,"player_choice":"Pray","damage_taken":0,"max_hp_gain":0,"max_hp_loss":0,"event_name":"Golden Shrine","floor":47,"gold_loss":0}],"is_beta":false,"boss_relics":[{"not_picked":["Replay:Drink Me","Cursed Key"],"picked":"Coffee Dripper"},{"not_picked":["Velvet Choker","expansioncontent:StudyCardRelic"],"picked":"champ:ChampionCrownUpgraded"}],"items_purged_floors":[46],"is_endless":false,"potions_floor_spawned":[2,5,6,13,16,24,33,40,42,48],"ascension_level":0}}