{"host":"mal0jdk4f6ubgyb8","time":1611762966,"event":{"mods":["100% Spire Juice","Act Like it!","Aspiration","BaseMod","CapriCore","Gensokyo","Hallownest","KinomotoSakuraMod(ƒæ÷Æ±æ”£)","Koishi","Luminous","Marisa£®ÏF”Í°°ƒß¿Ì…≥£©","Minty Spire (QoL Compilation)","Pale of the Ancients","Quick Restart","Reimu£®≤©¿ˆ¡È√Œ£©","Relic Stats","Remilia£®¿Ÿ√◊¿Ú—«£©","Replay The Spire","StSLib","The Animator","The Bug Knight","The Immortal","Waifu the Spire","WarShipGirlsR/’ΩΩ¢…Ÿ≈ÆR mod","Yakumo Yukari mod","Youmu£®ªÍ∆«—˝√Œ£©","Yuri Mod","Yuyuko"],"gold_per_floor":[115,115,115,75,75,75,110,110,156,180,201,241,241,284,284,403,403,424,445,500,56,0,0,20,43,43,43,277,277,292,60,60,74,74,74],"floor_reached":33,"language":"ZHS","playtime":3578,"items_purged":["Hallucinations"],"score":306,"play_id":"be300547-51df-4065-8010-41ef124f38fc","local_time":"20210127235606","is_ascension_mode":false,"campfire_choices":[{"floor":6.0,"key":"RECALL"},{"data":"MokouMod:Afterburner","floor":8.0,"key":"SMITH"},{"data":"MokouMod:Ventilation","floor":13.0,"key":"SMITH"},{"data":"MokouMod:InfernalWave","floor":23.0,"key":"SMITH"},{"data":"MokouMod:ImperishableFlame","floor":27.0,"key":"SMITH"},{"data":"1","floor":32.0,"key":"LIFT"}],"circlet_count":0,"master_deck":["MokouMod:Strike","MokouMod:Strike+1","MokouMod:Strike+1","MokouMod:Strike","MokouMod:Strike","MokouMod:Defend","MokouMod:Defend","MokouMod:Defend","MokouMod:Defend+1","MokouMod:HeatSpark+1","MokouMod:ScorchingColumn","MokouMod:Afterburner+1","MokouMod:Wildfire+1","MokouMod:ImperishableFlame+1","MokouMod:Ventilation+1","MokouMod:InfernalWave+1","MokouMod:SearingBlow+1","MokouMod:ScorchingColumn","MokouMod:UncontrollableSolarReaction+1","MokouMod:ImperishableFlame+1","MokouMod:Geothermal","MokouMod:SearingShot+1","MokouMod:ScorchingColumn","MokouMod:PhoenixFeathers+1"],"relics":["MokouMod:PhoenixFeather","NeowsBlessing","Ring of Panic","ReplayTheSpireMod:Ring of Addiction","Potion Belt","Toy Ornithopter","Golden Idol","PaintedHorse:ReiMu","Bronze Scales","Nunchaku","Simple Rune","Coffee Dripper","Replay:Mystery Machine","Guide Book","Chemical X","Tea:ReiMu","aspiration:FetidBarrel","Girya","Replay:Bandana"],"acts_visited":["Exordium","Exordium"],"potions_floor_usage":[33],"damage_taken":[{"damage":0.0,"enemies":"2 Louse","floor":1.0,"turns":1.0},{"damage":0.0,"enemies":"Gremlin Nob","floor":7.0,"turns":1.0},{"damage":0.0,"enemies":"Cultist","floor":10.0,"turns":1.0},{"damage":0.0,"enemies":"Small Slimes","floor":11.0,"turns":2.0},{"damage":14.0,"enemies":"Lagavulin","floor":12.0,"turns":5.0},{"damage":21.0,"enemies":"3 Sentries","floor":14.0,"turns":7.0},{"damage":31.0,"enemies":"Fading Forest","floor":16.0,"turns":11.0},{"damage":6.0,"enemies":"Gensokyo:CosmicMonolith","floor":18.0,"turns":2.0},{"damage":11.0,"enemies":"Gensokyo:2_Gloops","floor":19.0,"turns":5.0},{"damage":52.0,"enemies":"Gensokyo:Monolith_and_Dog","floor":24.0,"turns":6.0},{"damage":29.0,"enemies":"Gensokyo:Mirror_and_Dog","floor":25.0,"turns":6.0},{"damage":23.0,"enemies":"Gensokyo:Koishi","floor":28.0,"turns":6.0},{"damage":33.0,"enemies":"Gensokyo:Slime_Group","floor":30.0,"turns":4.0},{"damage":0,"enemies":"Gensokyo:Eiki","floor":33,"turns":2}],"seed_played":"2293073670116843138","potions_obtained":[{"floor":2.0,"key":"Venom Potion"},{"floor":2.0,"key":"Adrenaline Potion"},{"floor":2.0,"key":"Elixir"},{"floor":7.0,"key":"LifebloodPotion"},{"floor":11.0,"key":"Adrenaline Potion"},{"floor":16.0,"key":"FearPotion"},{"floor":19.0,"key":"ZuzhouPotion:ReiMu"},{"floor":25.0,"key":"LifebloodPotion"},{"floor":28.0,"key":"SteroidPotion"},{"floor":30.0,"key":"ColorlessPotion"}],"is_trial":false,"path_per_floor":["M","?","?","?","?","R","E","R","T","M","M","E","R","E","R","B",null,"M","M","T","COS","?","R","M","M","T","R","E","?","M","$","R","B"],"character_chosen":"MKU","items_purchased":["Replay:Bandana"],"campfire_rested":0,"item_purchase_floors":[31],"current_hp_per_floor":[75,75,57,57,57,57,57,57,57,57,57,53,53,42,62,46,69,63,52,52,52,52,52,5,16,16,35,17,24,16,16,16,21,21,21],"gold":74,"neow_bonus":"THREE_ENEMY_KILL","is_daily":false,"chose_seed":false,"campfire_upgraded":4,"win_rate":0.0,"timestamp":1611762966,"path_taken":["M","?","?","?","?","R","E","R","T","M","M","E","R","E","R","BOSS","M","M","?","COS","?","R","M","M","T","R","E","?","?","?","R","BOSS"],"items_purchased_type":["Relic"],"build_version":"2020-12-22","purchased_purges":1,"victory":false,"max_hp_per_floor":[75,75,75,75,75,73,73,73,71,71,71,69,69,69,69,69,69,69,69,67,67,67,65,65,65,65,65,65,65,65,65,65,65,65,65],"relic_stats":{"Nunchaku":[11],"counters":[14,59],"Golden Idol":84,"Bronze Scales":[99],"Chemical X":[1],"obtain_stats":[{"Potion Belt":2,"Girya":30,"NeowsBlessing":0,"Golden Idol":3,"aspiration:FetidBarrel":28,"ReplayTheSpireMod:Ring of Addiction":2,"Guide Book":21,"Tea:ReiMu":26,"Replay:Mystery Machine":20,"Frozen Eye":28,"Nunchaku":12,"Replay:Bandana":31,"PaintedHorse:ReiMu":4,"Bronze Scales":7,"MokouMod:PhoenixFeather":0,"Simple Rune":14,"Coffee Dripper":17,"Chemical X":21,"Ring of Panic":2,"Toy Ornithopter":2},{"Potion Belt":1,"Girya":13,"NeowsBlessing":0,"Golden Idol":1,"aspiration:FetidBarrel":12,"ReplayTheSpireMod:Ring of Addiction":1,"Guide Book":9,"Tea:ReiMu":11,"Replay:Mystery Machine":9,"Frozen Eye":11,"Nunchaku":5,"Replay:Bandana":13,"PaintedHorse:ReiMu":1,"Bronze Scales":2,"MokouMod:PhoenixFeather":0,"Simple Rune":6,"Coffee Dripper":7,"Chemical X":9,"Ring of Panic":1,"Toy Ornithopter":1},{"Potion Belt":1,"Girya":56,"NeowsBlessing":0,"Golden Idol":1,"aspiration:FetidBarrel":53,"ReplayTheSpireMod:Ring of Addiction":1,"Guide Book":35,"Tea:ReiMu":47,"Replay:Mystery Machine":35,"Frozen Eye":47,"Nunchaku":10,"Replay:Bandana":57,"PaintedHorse:ReiMu":1,"Bronze Scales":2,"MokouMod:PhoenixFeather":0,"Simple Rune":17,"Coffee Dripper":28,"Chemical X":35,"Ring of Panic":1,"Toy Ornithopter":1}],"Toy Ornithopter":50},"card_choices":[{"not_picked":["MokouMod:UncontrollableSolarReaction","MokouMod:FujiyamaVolcano"],"picked":"MokouMod:ScorchingColumn","floor":1.0},{"not_picked":["MokouMod:EternalBurstReactor","MokouMod:FlareStarter"],"picked":"MokouMod:Afterburner","floor":7.0},{"not_picked":["MokouMod:Ember","MokouMod:HeatTransfer"],"picked":"MokouMod:Wildfire","floor":10.0},{"not_picked":["MokouMod:Stoke","MokouMod:ScorchingColumn"],"picked":"MokouMod:ImperishableFlame","floor":11.0},{"not_picked":["MokouMod:Rebirth","MokouMod:CrimsonArmoury"],"picked":"MokouMod:Ventilation","floor":12.0},{"not_picked":["MokouMod:FlareStarter","MokouMod:ThermalPressure"],"picked":"MokouMod:InfernalWave","floor":14.0},{"not_picked":["MokouMod:Extinguish","MokouMod:Rekindle"],"picked":"MokouMod:SearingBlow","floor":16.0},{"not_picked":["MokouMod:SearingShot","MokouMod:IndiscriminateIgnition"],"picked":"MokouMod:ScorchingColumn","floor":18.0},{"not_picked":["MokouMod:TemporalFireSeal","MokouMod:ScorchingColumn"],"picked":"MokouMod:UncontrollableSolarReaction+1","floor":19.0},{"not_picked":["MokouMod:ResoluteFlare+1","MokouMod:SearingShot+1"],"picked":"MokouMod:ImperishableFlame","floor":24.0},{"not_picked":["MokouMod:SearingBlow","MokouMod:EnchantingBambooForest"],"picked":"MokouMod:Geothermal","floor":25.0},{"not_picked":["MokouMod:HeatTransfer+1","MokouMod:SearingBlow"],"picked":"MokouMod:SearingShot+1","floor":25.0},{"not_picked":["MokouMod:FlareStarter","MokouMod:AdaptivePyromancy"],"picked":"MokouMod:ScorchingColumn","floor":28.0},{"not_picked":["MokouMod:DanceofFlames","MokouMod:ResoluteFlare"],"picked":"MokouMod:PhoenixFeathers+1","floor":30.0}],"player_experience":374814,"relics_obtained":[{"floor":2.0,"key":"Ring of Panic"},{"floor":2.0,"key":"ReplayTheSpireMod:Ring of Addiction"},{"floor":2.0,"key":"Potion Belt"},{"floor":2.0,"key":"Toy Ornithopter"},{"floor":7.0,"key":"Bronze Scales"},{"floor":12.0,"key":"Nunchaku"},{"floor":14.0,"key":"Simple Rune"},{"floor":20.0,"key":"Replay:Mystery Machine"},{"floor":26.0,"key":"Tea:ReiMu"},{"floor":28.0,"key":"aspiration:FetidBarrel"}],"event_choices":[{"damage_healed":0.0,"max_hp_gain":0.0,"max_hp_loss":0.0,"gold_gain":0.0,"event_name":"Golden Idol","player_choice":"Take Damage","floor":3.0,"gold_loss":0.0,"damage_taken":18.0,"relics_obtained":["Golden Idol"]},{"damage_healed":0.0,"max_hp_gain":0.0,"max_hp_loss":0.0,"gold_gain":0.0,"event_name":"yidonshenshe","player_choice":"»˚«Æ","floor":4.0,"gold_loss":40.0,"damage_taken":0.0,"relics_obtained":["PaintedHorse:ReiMu"]},{"damage_healed":0.0,"max_hp_gain":0.0,"max_hp_loss":0.0,"gold_gain":0.0,"event_name":"Upgrade Shrine","player_choice":"Upgraded","floor":5.0,"gold_loss":0.0,"damage_taken":0.0,"cards_upgraded":["MokouMod:HeatSpark"]}],"is_beta":false,"boss_relics":[{"not_picked":["Pandora\u0027s Box","Astrolabe"],"picked":"Coffee Dripper"}],"items_purged_floors":[31],"is_endless":false,"potions_floor_spawned":[7,11,16,19,25,28,30],"killed_by":"Gensokyo:Eiki","ascension_level":0}}