{"host":"ow66nzv2xecjoor3","time":1611728856,"event":{"mods":["BaseMod","Bestiary","Block Reminder","Colored Powertips","Curses Come First","Highlight Path","Keyboard Shortcuts","Minty Spire (QoL Compilation)","Permanent Neow","Relic Stats","StSLib","UnlockEverythingMod"],"gold_per_floor":[99,99,99,99,55,55,55,15,15,15,15,15,15,15,15,15,15,15,15,15,15,15,15,15,15,15,15,15,15,15,15,15,15,15,15,15,15,15,15,15,15,15,15,15,15,15,15,15,15,15,15,15,15,15,15,15],"floor_reached":57,"language":"ENG","playtime":3840,"items_purged":[],"score":2761,"play_id":"6790e13b-505f-4b50-855f-5ceba00e3c54","local_time":"20210127002736","is_ascension_mode":true,"campfire_choices":[{"data":"Skewer","floor":6.0,"key":"SMITH"},{"data":"Venomology","floor":13.0,"key":"SMITH"},{"data":"Blade Dance","floor":15.0,"key":"SMITH"},{"data":"After Image","floor":23.0,"key":"SMITH"},{"data":"Phantasmal Killer","floor":25.0,"key":"SMITH"},{"floor":32.0,"key":"REST"},{"floor":41.0,"key":"RECALL"},{"data":"Wraith Form v2","floor":44.0,"key":"SMITH"},{"data":"Well Laid Plans","floor":49.0,"key":"SMITH"},{"data":"Calculated Gamble","floor":53.0,"key":"SMITH"}],"circlet_count":0,"master_deck":["AscendersBane","Survivor","Neutralize","Leg Sweep","Dagger Throw","Skewer+1","Terror","Backstab","Venomology","Blade Dance+1","PiercingWail","Venomology+1","Die Die Die","Finisher","Footwork","Tactician","Doppelganger","After Image+1","Blur","Phantasmal Killer+1","Tactician","Skewer","Calculated Gamble+1","Night Terror","Acrobatics","Endless Agony+1","Wraith Form v2+1","Acrobatics+1","Pain","Dodge and Roll+1","Blur","Leg Sweep","Burst","Footwork","Acrobatics","Well Laid Plans+1","Wraith Form v2"],"relics":["Ectoplasm","Question Card","Gremlin Horn","Du-Vu Doll","Pandora\u0027s Box","Sundial","Ninja Scroll","SacredBark","WarpedTongs","Smiling Mask","Bag of Preparation","Toy Ornithopter","Blue Candle"],"acts_visited":["Exordium","TheCity","TheBeyond","TheEnding"],"potions_floor_usage":[56,56,56,56,56,56],"damage_taken":[{"damage":0.0,"enemies":"Small Slimes","floor":1.0,"turns":4.0},{"damage":0.0,"enemies":"2 Louse","floor":2.0,"turns":3.0},{"damage":7.0,"enemies":"Jaw Worm","floor":3.0,"turns":5.0},{"damage":1.0,"enemies":"Large Slime","floor":4.0,"turns":6.0},{"damage":12.0,"enemies":"Lagavulin","floor":7.0,"turns":6.0},{"damage":6.0,"enemies":"Exordium Thugs","floor":8.0,"turns":6.0},{"damage":0.0,"enemies":"Gremlin Gang","floor":10.0,"turns":3.0},{"damage":5.0,"enemies":"3 Sentries","floor":12.0,"turns":5.0},{"damage":4.0,"enemies":"Slime Boss","floor":16.0,"turns":7.0},{"damage":0.0,"enemies":"3 Byrds","floor":18.0,"turns":4.0},{"damage":0.0,"enemies":"Chosen","floor":21.0,"turns":3.0},{"damage":9.0,"enemies":"Snecko","floor":24.0,"turns":5.0},{"damage":19.0,"enemies":"Slavers","floor":27.0,"turns":4.0},{"damage":11.0,"enemies":"Snake Plant","floor":28.0,"turns":3.0},{"damage":0.0,"enemies":"Chosen and Byrds","floor":30.0,"turns":7.0},{"damage":0.0,"enemies":"3 Cultists","floor":31.0,"turns":3.0},{"damage":1.0,"enemies":"Collector","floor":33.0,"turns":6.0},{"damage":0.0,"enemies":"3 Darklings","floor":35.0,"turns":5.0},{"damage":1.0,"enemies":"3 Shapes","floor":37.0,"turns":3.0},{"damage":1.0,"enemies":"Transient","floor":38.0,"turns":6.0},{"damage":2.0,"enemies":"4 Shapes","floor":39.0,"turns":4.0},{"damage":19.0,"enemies":"Giant Head","floor":40.0,"turns":8.0},{"damage":18.0,"enemies":"Reptomancer","floor":42.0,"turns":4.0},{"damage":13.0,"enemies":"Nemesis","floor":45.0,"turns":7.0},{"damage":1.0,"enemies":"Maw","floor":46.0,"turns":9.0},{"damage":1.0,"enemies":"Sphere and 2 Shapes","floor":47.0,"turns":4.0},{"damage":1.0,"enemies":"Jaw Worm Horde","floor":48.0,"turns":4.0},{"damage":20.0,"enemies":"Donu and Deca","floor":50.0,"turns":10.0},{"damage":27.0,"enemies":"Awakened One","floor":51.0,"turns":10.0},{"damage":4.0,"enemies":"Shield and Spear","floor":55.0,"turns":6.0},{"damage":66,"enemies":"The Heart","floor":56,"turns":11}],"seed_played":"7540074604472463959","potions_obtained":[{"floor":1.0,"key":"Weak Potion"},{"floor":3.0,"key":"AttackPotion"},{"floor":12.0,"key":"SteroidPotion"},{"floor":31.0,"key":"Dexterity Potion"},{"floor":35.0,"key":"FearPotion"},{"floor":37.0,"key":"LiquidBronze"}],"is_trial":false,"path_per_floor":["M","M","M","M","$","R","E","M","T","M","?","?","R","?","R","B",null,"M","?","?","M","?","R","M","R","T","E","M","$","M","M","R","B",null,"M","?","M","M","M","E","R","E","T","R","E","M","M","M","R","B","B",null,"R","$","E","B",null],"character_chosen":"THE_SILENT","items_purchased":["Backstab"],"campfire_rested":1,"item_purchase_floors":[5],"current_hp_per_floor":[59,59,52,51,51,51,39,33,33,33,26,21,21,21,21,17,54,54,54,54,54,54,54,45,45,45,26,15,15,15,15,34,33,58,58,58,57,56,54,66,66,48,48,48,35,39,48,52,52,47,30,57,57,57,63,23],"gold":15,"neow_bonus":"BOSS_RELIC","is_daily":false,"chose_seed":false,"campfire_upgraded":8,"win_rate":0.0,"timestamp":1611728856,"path_taken":["M","M","M","M","$","R","E","M","T","M","?","?","R","?","R","BOSS","M","?","?","M","?","R","M","R","T","E","M","$","M","M","R","BOSS","M","?","M","?","M","E","R","E","T","R","E","M","?","M","R","BOSS","BOSS","R","$","E","BOSS"],"items_purchased_type":["Card"],"build_version":"2020-12-22","purchased_purges":0,"victory":true,"max_hp_per_floor":[66,66,66,66,66,66,66,66,66,66,66,66,66,66,66,66,66,66,66,66,66,66,66,66,66,66,66,66,66,66,66,66,66,66,66,66,66,66,66,66,66,66,66,66,66,66,66,66,66,66,66,66,66,66,66,66],"relic_stats":{"Gremlin Horn":[42,41],"counters":[31,171],"Sundial":[14],"Blue Candle":[1],"Pandora\u0027s Box":["Finisher","Footwork","Tactician","Doppelganger","After Image","Blur","Eviscerate","Phantasmal Killer","Tactician"],"Ectoplasm":752,"Bag of Preparation":[15],"Question Card":23,"Smiling Mask":0,"obtain_stats":[{"Gremlin Horn":9,"SacredBark":34,"Blue Candle":55,"Bag of Preparation":42,"Question Card":7,"Smiling Mask":40,"WarpedTongs":36,"Du-Vu Doll":12,"Sundial":26,"Ninja Scroll":27,"Pandora\u0027s Box":17,"Ectoplasm":0,"Toy Ornithopter":45,"Ring of the Snake":0},{"Gremlin Horn":6,"SacredBark":17,"Blue Candle":30,"Bag of Preparation":23,"Question Card":5,"Smiling Mask":22,"WarpedTongs":18,"Du-Vu Doll":7,"Sundial":12,"Ninja Scroll":13,"Pandora\u0027s Box":9,"Ectoplasm":0,"Toy Ornithopter":24,"Ring of the Snake":0},{"Gremlin Horn":30,"SacredBark":80,"Blue Candle":160,"Bag of Preparation":110,"Question Card":24,"Smiling Mask":106,"WarpedTongs":85,"Du-Vu Doll":33,"Sundial":57,"Ninja Scroll":61,"Pandora\u0027s Box":45,"Ectoplasm":0,"Toy Ornithopter":117,"Ring of the Snake":0}],"Toy Ornithopter":81,"WarpedTongs":[85]},"card_choices":[{"not_picked":["Terror","Slice"],"picked":"Leg Sweep","floor":1.0},{"not_picked":["Masterful Stab","Blade Dance"],"picked":"Dagger Throw","floor":2.0},{"not_picked":["Distraction","Cloak And Dagger"],"picked":"Skewer","floor":3.0},{"not_picked":["Flying Knee","Blur"],"picked":"Terror","floor":4.0},{"not_picked":["Outmaneuver","Backflip"],"picked":"Venomology","floor":7.0},{"not_picked":["PiercingWail","Prepared","Acrobatics"],"picked":"Blade Dance","floor":8.0},{"not_picked":["Acrobatics","Flying Knee","Sucker Punch"],"picked":"PiercingWail","floor":10.0},{"not_picked":["Deflect","Dodge and Roll","PiercingWail"],"picked":"Venomology","floor":12.0},{"not_picked":["Storm of Steel","Envenom","Unload"],"picked":"Die Die Die","floor":16.0},{"not_picked":["Bane","Slice","Underhanded Strike","Dodge and Roll"],"picked":"SKIP","floor":18.0},{"not_picked":["Deadly Poison","Poisoned Stab","Flying Knee"],"picked":"Skewer","floor":21.0},{"not_picked":["Concentrate","Masterful Stab","Bane","Prepared"],"picked":"SKIP","floor":24.0},{"not_picked":["PiercingWail","Footwork","Caltrops"],"picked":"Calculated Gamble","floor":27.0},{"not_picked":["Skewer","Outmaneuver","Distraction"],"picked":"Night Terror","floor":28.0},{"not_picked":["Poisoned Stab","PiercingWail","Deflect"],"picked":"Acrobatics","floor":30.0},{"not_picked":["Dodge and Roll","Quick Slash","Predator"],"picked":"Endless Agony+1","floor":31.0},{"not_picked":["Venomology","Storm of Steel","Night Terror"],"picked":"Wraith Form v2","floor":33.0},{"not_picked":["Eviscerate","Quick Slash","Riddle With Holes"],"picked":"Acrobatics+1","floor":35.0},{"not_picked":["Blade Dance","Outmaneuver","Endless Agony","Catalyst"],"picked":"SKIP","floor":37.0},{"not_picked":["Catalyst","Infinite Blades+1","Acrobatics"],"picked":"Dodge and Roll+1","floor":38.0},{"not_picked":["Flechettes","Outmaneuver","Riddle With Holes"],"picked":"Blur","floor":39.0},{"not_picked":["Sucker Punch+1","All Out Attack","Setup"],"picked":"Leg Sweep","floor":40.0},{"not_picked":["Reflex","Adrenaline","Backflip"],"picked":"Burst","floor":42.0},{"not_picked":["Dagger Spray+1","Glass Knife","Caltrops"],"picked":"Footwork","floor":45.0},{"not_picked":["Sucker Punch","Riddle With Holes","Deadly Poison+1","Slice+1"],"picked":"SKIP","floor":46.0},{"not_picked":["Dash","Cloak And Dagger","Deadly Poison"],"picked":"Acrobatics","floor":47.0},{"not_picked":["Footwork","Deflect","Finisher"],"picked":"Well Laid Plans","floor":48.0},{"not_picked":["Slice","Bouncing Flask","Endless Agony"],"picked":"Wraith Form v2","floor":55.0}],"player_experience":2737570,"relics_obtained":[{"floor":7.0,"key":"Question Card"},{"floor":9.0,"key":"Gremlin Horn"},{"floor":26.0,"key":"Sundial"},{"floor":27.0,"key":"Ninja Scroll"},{"floor":40.0,"key":"Smiling Mask"},{"floor":42.0,"key":"Bag of Preparation"},{"floor":45.0,"key":"Toy Ornithopter"},{"floor":55.0,"key":"Blue Candle"}],"event_choices":[{"cards_removed":["Strike_G"],"damage_healed":0.0,"max_hp_gain":0.0,"max_hp_loss":0.0,"gold_gain":0.0,"event_name":"Golden Wing","player_choice":"Card Removal","floor":11.0,"gold_loss":0.0,"damage_taken":7.0},{"damage_healed":0.0,"max_hp_gain":0.0,"max_hp_loss":0.0,"gold_gain":0.0,"event_name":"Dead Adventurer","player_choice":"Searched \u00272\u0027 times","floor":12.0,"gold_loss":0.0,"damage_taken":0.0,"relics_obtained":["Du-Vu Doll"]},{"damage_healed":0.0,"max_hp_gain":0.0,"max_hp_loss":0.0,"gold_gain":0.0,"event_name":"Liars Game","player_choice":"Ignored","floor":14.0,"gold_loss":0.0,"damage_taken":0.0},{"cards_removed":["Eviscerate"],"damage_healed":0.0,"max_hp_gain":0.0,"max_hp_loss":0.0,"gold_gain":0.0,"event_name":"Back to Basics","player_choice":"Elegance","floor":19.0,"gold_loss":0.0,"damage_taken":0.0},{"damage_healed":0.0,"max_hp_gain":0.0,"max_hp_loss":0.0,"gold_gain":0.0,"event_name":"The Mausoleum","player_choice":"Ignored","floor":20.0,"gold_loss":0.0,"damage_taken":0.0},{"damage_healed":0.0,"max_hp_gain":0.0,"max_hp_loss":0.0,"gold_gain":50.0,"event_name":"Nest","player_choice":"Stole From Cult","floor":22.0,"gold_loss":0.0,"damage_taken":0.0},{"damage_healed":0.0,"max_hp_gain":0.0,"max_hp_loss":0.0,"gold_gain":0.0,"event_name":"Accursed Blacksmith","player_choice":"Rummage","floor":36.0,"gold_loss":0.0,"damage_taken":0.0,"relics_obtained":["WarpedTongs"],"cards_obtained":["Pain"]}],"is_beta":false,"boss_relics":[{"not_picked":["Black Star","Runic Dome"],"picked":"Pandora\u0027s Box"},{"not_picked":["Velvet Choker","SlaversCollar"],"picked":"SacredBark"}],"items_purged_floors":[],"is_endless":false,"potions_floor_spawned":[1,3,4,12,24,28,30,31,35,37,40,46,48],"ascension_level":20}}