{"host":"ojezjkpqju62j8xy","time":1611749743,"event":{"mods":["ATMod(°¢èªMod)","Act Like it!","Aspiration","BaseMod","Conspire","Minty Spire (QoL Compilation)","Pale of the Ancients","Replay The Spire","Spicy Shops","StSLib","[GremlinLeader]The Maniac","¡¾ÒÅÎï¿¨ÅÆ¡¿REMEMod"],"gold_per_floor":[113,113,31,71,100,100,100,100],"floor_reached":7,"language":"ZHS","playtime":244,"items_purged":[],"score":60,"play_id":"898383f5-693e-45da-a060-5e01a66cebfd","local_time":"20210127201543","is_ascension_mode":true,"campfire_choices":[{"floor":6,"key":"RECALL"}],"circlet_count":0,"master_deck":["AscendersBane","Strike_B","Strike_B","Strike_B","Defend_B","Defend_B","Defend_B","Defend_B","Zap","Dualcast","AT_FamilyPortrait","AT_PowerWithin","Survivor","Bash","Beam Cell","Defragment","Aggregate","Rainbow"],"relics":["Cracked Core","AT_ATBox","REME_ComplimentaryCards","CaptainsWheel","Nunchaku"],"acts_visited":["Exordium"],"potions_floor_usage":[7],"damage_taken":[{"damage":0,"enemies":"Jaw Worm","floor":1,"turns":2},{"damage":6,"enemies":"Cultist","floor":4,"turns":4},{"damage":19,"enemies":"conspire:MimicChest","floor":5,"turns":4},{"damage":44,"enemies":"3 Sentries","floor":7,"turns":8}],"seed_played":"-1915036532128495273","potions_obtained":[{"floor":1,"key":"Languid Potion"}],"is_trial":false,"path_per_floor":["M","?","$","M","?","R","E"],"character_chosen":"DEFECT","items_purchased":["Defragment"],"campfire_rested":0,"item_purchase_floors":[3],"current_hp_per_floor":[68,68,68,62,43,43,0,0],"gold":100,"neow_bonus":"ONE_RARE_RELIC","is_daily":false,"chose_seed":false,"campfire_upgraded":0,"win_rate":0.0,"timestamp":1611749743,"path_taken":["M","?","?","?","?","R","E"],"items_purchased_type":["Card"],"build_version":"2020-12-22","purchased_purges":0,"victory":false,"max_hp_per_floor":[75,75,75,75,75,75,75,75],"card_choices":[{"not_picked":["Stack","Rebound"],"picked":"Beam Cell","floor":1},{"not_picked":["Leap","Panic Button"],"picked":"Aggregate","floor":4},{"not_picked":["Hologram","ReplayTheSpireMod:Dual Polarity"],"picked":"Rainbow","floor":5}],"player_experience":1393370,"relics_obtained":[{"floor":5,"key":"Nunchaku"}],"event_choices":[{"cards_removed":["Strike_B"],"damage_healed":0,"gold_gain":0,"player_choice":"Purged","damage_taken":0,"max_hp_gain":0,"max_hp_loss":0,"event_name":"Purifier","floor":2,"gold_loss":0}],"is_beta":false,"boss_relics":[],"items_purged_floors":[],"is_endless":false,"potions_floor_spawned":[1],"killed_by":"3 Sentries","ascension_level":11}}