{"host":"z9811rt50ti81n54","time":1611716872,"event":{"mods":["BaseMod","Minty Spire (QoL Compilation)","Reliquary","StSLib"],"gold_per_floor":[117,135,3,3,178,192,203,203,203,214,7,28,28,48,48,144,144,155,30,30,41,41,41,41,71,117,128,147,147,161,161,161,261,261,281,281,330,330,344,344,359,359,359,359,44,63,80,80,80,80,80],"floor_reached":50,"language":"ENG","playtime":1881,"items_purged":["Doubt","Strike_R"],"score":452,"play_id":"646144f3-6b2f-4f1b-96d8-67023d0790e8","local_time":"20210127120752","is_ascension_mode":false,"campfire_choices":[{"data":"Whirlwind","floor":8.0,"key":"SMITH"},{"data":"Juggernaut","floor":15.0,"key":"SMITH"},{"data":"Shockwave","floor":23.0,"key":"SMITH"},{"floor":29.0,"key":"REST"},{"floor":32.0,"key":"REST"},{"floor":40,"key":"REST"},{"data":"Bludgeon","floor":42,"key":"SMITH"},{"data":"Impervious","floor":44,"key":"SMITH"},{"floor":49,"key":"REST"}],"circlet_count":0,"master_deck":["Strike_R","Strike_R","Strike_R","Defend_R","Defend_R","Defend_R","Defend_R","Bash","Spot Weakness","Whirlwind+1","True Grit","Juggernaut+1","Thunderclap","Shockwave+1","Feel No Pain","Havoc","Evolve","Shockwave","Impervious+1","Disarm","Sever Soul+1","Shrug It Off+1","Headbutt+1","Bludgeon+1","Barricade","Burning Pact+1","Shockwave","Heavy Blade+1","Shrug It Off+1"],"relics":["Burning Blood","reliquary:PurpleTingedLeaf","Odd Mushroom","Snecko Eye","OrangePellets","Toy Ornithopter","reliquary:ExpiredCoupon","reliquary:RedPaperclip","Gambling Chip","reliquary:RosewoodLute","Red Skull"],"acts_visited":["Exordium","TheCity","TheBeyond"],"potions_floor_usage":[35,50,50,50],"damage_taken":[{"damage":12.0,"enemies":"Small Slimes","floor":1.0,"turns":5.0},{"damage":6.0,"enemies":"2 Louse","floor":2.0,"turns":2.0},{"damage":4.0,"enemies":"Cultist","floor":6.0,"turns":4.0},{"damage":11.0,"enemies":"Blue Slaver","floor":7.0,"turns":4.0},{"damage":9.0,"enemies":"Exordium Wildlife","floor":10.0,"turns":4.0},{"damage":5.0,"enemies":"The Mushroom Lair","floor":12.0,"turns":2.0},{"damage":14.0,"enemies":"3 Louse","floor":14.0,"turns":3.0},{"damage":20.0,"enemies":"Slime Boss","floor":16.0,"turns":9.0},{"damage":24.0,"enemies":"Spheric Guardian","floor":18.0,"turns":4.0},{"damage":10.0,"enemies":"Shell Parasite","floor":21.0,"turns":5.0},{"damage":34.0,"enemies":"Slavers","floor":25.0,"turns":4.0},{"damage":0.0,"enemies":"Snecko","floor":27.0,"turns":4.0},{"damage":19.0,"enemies":"Cultist and Chosen","floor":28.0,"turns":5.0},{"damage":17.0,"enemies":"Snake Plant","floor":30.0,"turns":8.0},{"damage":24.0,"enemies":"Colosseum Slavers","floor":31.0,"turns":4.0},{"damage":9.0,"enemies":"Champ","floor":33.0,"turns":7.0},{"damage":10,"enemies":"3 Darklings","floor":35,"turns":4},{"damage":47,"enemies":"2 Orb Walkers","floor":37,"turns":4},{"damage":4,"enemies":"3 Shapes","floor":39,"turns":4},{"damage":0,"enemies":"Maw","floor":41,"turns":6},{"damage":7,"enemies":"Spire Growth","floor":46,"turns":4},{"damage":24,"enemies":"Writhing Mass","floor":47,"turns":4},{"damage":104,"enemies":"Awakened One","floor":50,"turns":10}],"seed_played":"5098566339543434352","potions_obtained":[{"floor":2.0,"key":"Swift Potion"},{"floor":10.0,"key":"AttackPotion"},{"floor":12.0,"key":"Ancient Potion"},{"floor":16.0,"key":"Explosive Potion"},{"floor":27.0,"key":"PowerPotion"},{"floor":30.0,"key":"Energy Potion"},{"floor":35,"key":"SteroidPotion"},{"floor":39,"key":"Regen Potion"}],"is_trial":false,"path_per_floor":["M","M","$","?","?","M","M","R","T","M","$","?","T","M","R","B",null,"M","$","?","M","$","R","$","E","T","M","M","R","M","?","R","B",null,"M","?","?","?","M","R","M","R","T","R","$","M","M","$","R","B"],"character_chosen":"IRONCLAD","items_purchased":["Whirlwind","True Grit","Feel No Pain","Havoc","OrangePellets","Shockwave","Red Skull"],"campfire_rested":4,"item_purchase_floors":[3,3,11,11,19,45,45],"current_hp_per_floor":[74,74,74,67,67,70,66,66,66,64,64,66,66,58,58,47,80,62,62,80,77,77,77,77,50,50,57,46,70,62,45,69,73,80,77,77,38,38,40,64,73,73,73,73,73,73,56,56,80,0,0],"gold":80,"neow_bonus":"TRANSFORM_CARD","is_daily":false,"chose_seed":false,"campfire_upgraded":5,"win_rate":0.0,"timestamp":1611716872,"path_taken":["M","M","$","?","?","M","M","R","T","M","$","?","?","M","R","BOSS","M","$","?","M","$","R","$","E","T","?","M","R","M","?","R","BOSS","M","?","?","?","?","R","M","R","T","R","?","M","M","$","R","BOSS"],"items_purchased_type":["Card","Card","Card","Card","Relic","Card","Relic"],"build_version":"2020-12-22","purchased_purges":2,"victory":false,"max_hp_per_floor":[80,80,80,80,80,80,80,80,80,80,80,80,80,80,80,80,80,80,80,80,80,80,80,80,80,80,80,80,80,80,80,80,80,80,80,80,80,80,80,80,80,80,80,80,80,80,80,80,80,80,80],"card_choices":[{"not_picked":["Iron Wave","Clash"],"picked":"Spot Weakness","floor":1.0},{"not_picked":["Clash","Pommel Strike"],"picked":"Twin Strike","floor":2.0},{"not_picked":["Perfected Strike","Cleave"],"picked":"Juggernaut","floor":6.0},{"not_picked":["Blood for Blood","Sword Boomerang"],"picked":"Thunderclap","floor":7.0},{"not_picked":["Heavy Blade","Wild Strike"],"picked":"Shockwave","floor":10.0},{"not_picked":["Pommel Strike","Flex"],"picked":"Evolve","floor":12.0},{"not_picked":["Rampage","Intimidate"],"picked":"Shockwave","floor":14.0},{"not_picked":["Exhume","Demon Form"],"picked":"Impervious","floor":16.0},{"not_picked":["Flex+1","Shockwave"],"picked":"Disarm","floor":18.0},{"not_picked":["Evolve","Sword Boomerang"],"picked":"Sever Soul+1","floor":21.0},{"not_picked":["Warcry","Twin Strike","Second Wind"],"picked":"SKIP","floor":25.0},{"not_picked":["Armaments","True Grit","Rampage"],"picked":"SKIP","floor":27.0},{"not_picked":["Twin Strike","Armaments"],"picked":"Shrug It Off+1","floor":28.0},{"not_picked":["Clash","Shrug It Off"],"picked":"Headbutt+1","floor":30.0},{"not_picked":["Brutality","Berserk"],"picked":"Bludgeon","floor":33.0},{"not_picked":["Body Slam+1","Reckless Charge+1","Iron Wave"],"picked":"SKIP","floor":35},{"not_picked":["Sword Boomerang+1","Spot Weakness+1"],"picked":"Barricade","floor":39},{"not_picked":["Havoc","Armaments+1"],"picked":"Burning Pact+1","floor":41},{"not_picked":["Heavy Blade+1","Perfected Strike+1","Iron Wave"],"picked":"SKIP","floor":46},{"not_picked":["Perfected Strike+1","Iron Wave"],"picked":"Heavy Blade+1","floor":46},{"not_picked":["Pommel Strike","Cleave+1"],"picked":"Shrug It Off+1","floor":47}],"player_experience":416392,"relics_obtained":[{"floor":9.0,"key":"reliquary:Aerogel"},{"floor":12.0,"key":"Odd Mushroom"},{"floor":13.0,"key":"The Courier"},{"floor":25.0,"key":"Toy Ornithopter"},{"floor":26.0,"key":"reliquary:ExpiredCoupon"},{"floor":37,"key":"Gambling Chip"},{"floor":43,"key":"reliquary:RosewoodLute"}],"event_choices":[{"damage_healed":0.0,"max_hp_gain":0.0,"max_hp_loss":0.0,"gold_gain":0.0,"event_name":"Scrap Ooze","player_choice":"Success","floor":4.0,"gold_loss":0.0,"damage_taken":7.0,"relics_obtained":["reliquary:PurpleTingedLeaf"]},{"damage_healed":0.0,"max_hp_gain":0.0,"max_hp_loss":0.0,"gold_gain":175.0,"event_name":"Liars Game","player_choice":"AGREE","floor":5.0,"gold_loss":0.0,"damage_taken":0.0,"cards_obtained":["Doubt"]},{"damage_healed":0.0,"max_hp_gain":0.0,"max_hp_loss":0.0,"gold_gain":0.0,"event_name":"Mushrooms","player_choice":"Fought Mushrooms","floor":12.0,"gold_loss":0.0,"damage_taken":0.0},{"cards_removed":["Blood for Blood"],"damage_healed":18.0,"max_hp_gain":0.0,"max_hp_loss":0.0,"gold_gain":0.0,"event_name":"Bonfire Elementals","player_choice":"Offered Uncommon","floor":20.0,"gold_loss":0.0,"damage_taken":0.0},{"damage_healed":0.0,"max_hp_gain":0.0,"max_hp_loss":0.0,"gold_gain":0.0,"event_name":"Colosseum","player_choice":"Fight","floor":31.0,"gold_loss":0.0,"damage_taken":0.0},{"damage_healed":0.0,"max_hp_gain":0.0,"max_hp_loss":0.0,"gold_gain":0.0,"event_name":"Colosseum","player_choice":"Fled From Nobs","floor":31.0,"gold_loss":0.0,"damage_taken":0.0},{"damage_healed":0,"gold_gain":0,"player_choice":"Ignored","damage_taken":0,"max_hp_gain":0,"max_hp_loss":0,"event_name":"Tomb of Lord Red Mask","floor":36,"gold_loss":0},{"damage_healed":0,"gold_gain":0,"player_choice":"Fight","damage_taken":0,"max_hp_gain":0,"max_hp_loss":0,"event_name":"Mysterious Sphere","floor":37,"gold_loss":0},{"cards_removed":["Twin Strike"],"damage_healed":0,"gold_gain":0,"player_choice":"Removed Attack","damage_taken":0,"max_hp_gain":0,"max_hp_loss":0,"event_name":"Falling","floor":38,"gold_loss":0}],"is_beta":false,"boss_relics":[{"not_picked":["Black Star","Pandora\u0027s Box"],"picked":"Snecko Eye"},{"not_picked":["Busted Crown","Runic Pyramid"],"picked":"reliquary:RedPaperclip"}],"items_purged_floors":[11,45],"is_endless":false,"potions_floor_spawned":[2,10,12,16,27,30,35,39,46],"killed_by":"Awakened One","ascension_level":0}}