{"host":"na09lpbrez4gbfiz","time":1611735760,"event":{"mods":["Act Like it!","BaseMod","BetterRewards","Colored Map","Colored Powertips","DeckTracker","Googly Eyes","Highlight Path","Minty Spire (QoL Compilation)","Quick Restart","Spicy Shops","StSLib","SuperFastMode","Synergy Search"],"gold_per_floor":[113,132,147,147,147,147,185,185,185,32,32,48,48,92,92,216,216,234,159,38,313,334,369,369,392,419,450,225,259,274,297,297,425,425,439,439,439,500,112,156,156,431,512,553,553,597,621,68,68,68],"floor_reached":51,"language":"ENG","playtime":1625,"items_purged":["Writhe","Writhe","Regret","Regret","Clumsy"],"score":1194,"play_id":"b15e2b4c-ca40-483f-a678-0e38d7f71e1a","local_time":"20210127092240","is_ascension_mode":true,"campfire_choices":[{"data":"Hemokinesis","floor":6,"key":"SMITH"},{"floor":13,"key":"REST"},{"floor":15,"key":"REST"},{"data":"Limit Break","floor":24,"key":"SMITH"},{"floor":32,"key":"REST"},{"data":"Demon Form","floor":41,"key":"SMITH"},{"data":"Double Tap","floor":45,"key":"SMITH"},{"data":"True Grit","floor":49,"key":"SMITH"}],"circlet_count":0,"master_deck":["Bash","Hemokinesis+1","Fiend Fire","Reaper","Blood for Blood","Demon Form+1","Reckless Charge+1","Pommel Strike+1","Rage","Reaper","Disarm","Limit Break+1","True Grit+1","Heavy Blade","Shrug It Off+1","Offering+1","Sword Boomerang+1","Double Tap+1","Metallicize+1"],"relics":["Cursed Key","Golden Idol","Singing Bowl","Gambling Chip","Darkstone Periapt","Girya","Brimstone","CaptainsWheel","Pandora\u0027s Box","Frozen Egg 2","Anchor","Bottled Lightning","Bag of Marbles","Runic Dome","Torii","Centennial Puzzle","Eternal Feather","Turnip","Whetstone","War Paint","Chemical X"],"acts_visited":["Exordium","TheCity","TheBeyond"],"potions_floor_usage":[7,14,23,23,23,23,23,23,33,33,38,50],"damage_taken":[{"damage":0.0,"enemies":"Cultist","floor":1.0,"turns":2.0},{"damage":0,"enemies":"2 Louse","floor":2,"turns":2},{"damage":2,"enemies":"Jaw Worm","floor":3,"turns":2},{"damage":16,"enemies":"Lagavulin","floor":7,"turns":3},{"damage":2,"enemies":"Blue Slaver","floor":12,"turns":1},{"damage":18,"enemies":"3 Sentries","floor":14,"turns":4},{"damage":7,"enemies":"Slime Boss","floor":16,"turns":5},{"damage":22,"enemies":"Shell Parasite","floor":18,"turns":3},{"damage":10,"enemies":"Chosen","floor":22,"turns":3},{"damage":45,"enemies":"Slavers","floor":23,"turns":4},{"damage":35,"enemies":"Shelled Parasite and Fungi","floor":25,"turns":4},{"damage":57,"enemies":"Gremlin Leader","floor":27,"turns":5},{"damage":32,"enemies":"Book of Stabbing","floor":29,"turns":4},{"damage":11,"enemies":"Snake Plant","floor":30,"turns":2},{"damage":18,"enemies":"Sentry and Sphere","floor":31,"turns":4},{"damage":44,"enemies":"Automaton","floor":33,"turns":6},{"damage":16,"enemies":"Orb Walker","floor":35,"turns":3},{"damage":31,"enemies":"2 Orb Walkers","floor":38,"turns":4},{"damage":21,"enemies":"Giant Head","floor":40,"turns":4},{"damage":25,"enemies":"Reptomancer","floor":44,"turns":3},{"damage":24,"enemies":"Nemesis","floor":46,"turns":5},{"damage":4,"enemies":"3 Shapes","floor":47,"turns":1},{"damage":53,"enemies":"Donu and Deca","floor":50,"turns":5}],"seed_played":"63269168301063735","potions_obtained":[{"floor":2,"key":"EntropicBrew"},{"floor":3,"key":"Strength Potion"},{"floor":7,"key":"FearPotion"},{"floor":12,"key":"AttackPotion"},{"floor":22,"key":"HeartOfIron"},{"floor":23,"key":"Regen Potion"},{"floor":30,"key":"Energy Potion"},{"floor":31,"key":"Regen Potion"},{"floor":33,"key":"SpeedPotion"},{"floor":46,"key":"LiquidMemories"}],"is_trial":false,"path_per_floor":["M","M","M","?","?","R","E","T","T","$","?","M","R","E","R","B",null,"M","?","$","?","M","E","R","M","T","E","$","E","M","M","R","B",null,"M","?","?","?","$","E","R","?","T","E","R","E","M","$","R","B",null],"character_chosen":"IRONCLAD","items_purchased":["Brimstone","True Grit","Double Tap","CultistPotion","Metallicize+1","War Paint","Chemical X"],"campfire_rested":3,"item_purchase_floors":[10,20,39,39,39,48,48],"current_hp_per_floor":[72,72,70,50,50,50,34,34,40,40,40,40,66,50,77,70,85,71,71,71,77,69,79,79,83,89,79,79,49,40,26,60,56,100,94,94,94,96,96,77,77,83,89,107,119,121,119,119,128,116],"gold":68,"neow_bonus":"BOSS_RELIC","is_daily":false,"chose_seed":false,"campfire_upgraded":5,"win_rate":0.0,"timestamp":1611735760,"path_taken":["M","?","M","?","?","R","E","?","T","$","?","M","R","E","R","BOSS","M","?","$","?","?","E","R","M","T","E","$","E","M","M","R","BOSS","M","?","?","?","$","E","R","?","T","E","R","E","M","$","R","BOSS"],"items_purchased_type":["Relic","Card","Card","Potion","Card","Relic","Relic"],"build_version":"2020-12-22","purchased_purges":5,"victory":true,"max_hp_per_floor":[80,80,80,80,80,80,80,80,86,86,86,88,88,90,90,90,90,92,92,92,98,100,102,102,104,110,110,110,112,114,114,114,114,114,114,114,114,116,116,118,118,124,130,132,132,134,136,136,136,136],"card_choices":[{"not_picked":["Iron Wave","Pommel Strike","Wild Strike"],"picked":"SKIP","floor":1.0},{"not_picked":["Twin Strike","Clothesline","Flex"],"picked":"SKIP","floor":2},{"not_picked":["Thunderclap","Clash"],"picked":"Hemokinesis","floor":3},{"not_picked":["Perfected Strike","Pommel Strike"],"picked":"Fiend Fire","floor":7},{"not_picked":["Warcry","Burning Pact","Headbutt"],"picked":"Singing Bowl","floor":12},{"not_picked":["Feel No Pain","Clash","Battle Trance"],"picked":"Singing Bowl","floor":14},{"not_picked":["Bludgeon","Exhume"],"picked":"Reaper","floor":16},{"not_picked":["Pommel Strike","Havoc","Armaments"],"picked":"Singing Bowl","floor":18},{"not_picked":["Anger","Whirlwind","Clothesline+1"],"picked":"Singing Bowl","floor":22},{"not_picked":["Thunderclap","Shockwave+1","Spot Weakness"],"picked":"Singing Bowl","floor":23},{"not_picked":["Sword Boomerang","Carnage+1","Twin Strike+1"],"picked":"Singing Bowl","floor":25},{"not_picked":["Cleave","Metallicize+1"],"picked":"Heavy Blade","floor":27},{"not_picked":["Ghostly Armor","Cleave+1","Seeing Red"],"picked":"Singing Bowl","floor":29},{"not_picked":["True Grit","Warcry","Disarm"],"picked":"Singing Bowl","floor":30},{"not_picked":["Demon Form+1","Perfected Strike+1"],"picked":"Shrug It Off","floor":31},{"not_picked":["Impervious","Limit Break"],"picked":"Offering","floor":33},{"not_picked":["Twin Strike+1","Uppercut"],"picked":"Sword Boomerang+1","floor":35},{"not_picked":["Dropkick","Twin Strike+1","Havoc+1"],"picked":"Singing Bowl","floor":38},{"not_picked":["Body Slam","Thunderclap+1","Feed"],"picked":"Singing Bowl","floor":40},{"not_picked":["Fiend Fire","Rampage+1","Warcry+1"],"picked":"Singing Bowl","floor":44},{"not_picked":["Clash","Battle Trance","Body Slam"],"picked":"Singing Bowl","floor":46},{"not_picked":["Juggernaut+1","Twin Strike","Inflame+1"],"picked":"Singing Bowl","floor":47}],"player_experience":169641,"relics_obtained":[{"floor":7,"key":"Gambling Chip"},{"floor":8,"key":"Darkstone Periapt"},{"floor":9,"key":"Girya"},{"floor":14,"key":"CaptainsWheel"},{"floor":23,"key":"Frozen Egg 2"},{"floor":26,"key":"Anchor"},{"floor":27,"key":"Bottled Lightning"},{"floor":29,"key":"Bag of Marbles"},{"floor":38,"key":"Torii"},{"floor":40,"key":"Centennial Puzzle"},{"floor":43,"key":"Eternal Feather"},{"floor":44,"key":"Turnip"},{"floor":46,"key":"Whetstone"}],"event_choices":[{"damage_healed":0,"gold_gain":0,"player_choice":"Take Damage","damage_taken":20,"relics_obtained":["Golden Idol"],"max_hp_gain":0,"max_hp_loss":0,"event_name":"Golden Idol","floor":4,"gold_loss":0},{"damage_healed":0,"gold_gain":0,"player_choice":"Box","damage_taken":0,"relics_obtained":["Singing Bowl"],"max_hp_gain":0,"max_hp_loss":0,"event_name":"Big Fish","floor":5,"gold_loss":0,"cards_obtained":["Regret"]},{"cards_removed":["Decay"],"damage_healed":0,"gold_gain":0,"player_choice":"Forget","damage_taken":0,"max_hp_gain":0,"max_hp_loss":0,"event_name":"Living Wall","floor":11,"gold_loss":0},{"cards_removed":["Regret"],"damage_healed":0,"gold_gain":0,"player_choice":"Gave Gold","damage_taken":0,"max_hp_gain":0,"max_hp_loss":0,"event_name":"Beggar","floor":19,"gold_loss":75},{"damage_healed":0,"gold_gain":275,"player_choice":"Desecrate","damage_taken":0,"max_hp_gain":0,"max_hp_loss":0,"event_name":"Golden Shrine","floor":21,"gold_loss":0,"cards_obtained":["Regret"]},{"cards_removed":["Dark Embrace"],"damage_healed":0,"gold_gain":0,"player_choice":"Removed Power","damage_taken":0,"max_hp_gain":0,"max_hp_loss":0,"event_name":"Falling","floor":36,"gold_loss":0},{"damage_healed":0,"gold_gain":0,"player_choice":"Ignored","damage_taken":0,"max_hp_gain":0,"max_hp_loss":0,"event_name":"Tomb of Lord Red Mask","floor":37,"gold_loss":0},{"damage_healed":0,"gold_gain":0,"player_choice":"Fight","damage_taken":0,"max_hp_gain":0,"max_hp_loss":0,"event_name":"Mysterious Sphere","floor":38,"gold_loss":0},{"damage_healed":0,"gold_gain":275,"player_choice":"Desecrate","damage_taken":0,"max_hp_gain":0,"max_hp_loss":0,"event_name":"Golden Shrine","floor":42,"gold_loss":0,"cards_obtained":["Regret"]}],"is_beta":false,"boss_relics":[{"not_picked":["Tiny House","Snecko Eye"],"picked":"Pandora\u0027s Box"},{"not_picked":["SacredBark","Runic Cube"],"picked":"Runic Dome"}],"items_purged_floors":[20,28,28,48,48],"is_endless":false,"potions_floor_spawned":[2,3,7,12,22,23,30,31,33,46,47],"ascension_level":6}}