{"host":"2wp95sdfrgw3k439","time":1611777192,"event":{"mods":["BaseMod","Better Altar","Better Skull","Better Third Choice","Curses Come First","Minty Spire (QoL Compilation)","Permanent Neow","Reliquary","StSLib"],"gold_per_floor":[111,131,147,167,180,211,211,222,222,222,236,256,274,274,274,399,399,414,414,36,36,59,102,102,133,203,203,203,203,203,219,219,345,345,363,363,33,33,33,33,33],"floor_reached":40,"language":"ENG","playtime":1479,"items_purged":["Strike_R","Normality"],"score":621,"play_id":"da3a6c0e-5863-49bd-9741-35c2ee6e8400","local_time":"20210127125312","is_ascension_mode":true,"campfire_choices":[{"floor":7,"key":"REST"},{"floor":10,"key":"REST"},{"floor":15,"key":"REST"},{"data":"Immolate","floor":24,"key":"SMITH"},{"data":"Uppercut","floor":27,"key":"SMITH"},{"data":"Heavy Blade","floor":29,"key":"SMITH"},{"floor":32,"key":"REST"}],"circlet_count":0,"master_deck":["Strike_R","Strike_R","Strike_R","Defend_R","Defend_R","Defend_R","Defend_R","Bash","Inflame","Hemokinesis","Heavy Blade+1","Seeing Red","Inflame","Second Wind","Clothesline","Cleave","Heavy Blade","Immolate+1","Necronomicurse","True Grit+1","Uppercut+1","Normality","Reaper","Fire Breathing+1","Madness","Madness"],"relics":["Burning Blood","Ornamental Fan","HornCleat","Golden Idol","Cursed Key","Necronomicon","Orichalcum","Lee\u0027s Waffle","Bronze Scales","reliquary:OuijaBoard","Pantograph","reliquary:FeatherDuster","The Courier","reliquary:KinkedSpring","Unceasing Top"],"acts_visited":["Exordium","TheCity","TheBeyond"],"potions_floor_usage":[6,8,11,18,18,25,40,40],"damage_taken":[{"damage":6,"enemies":"Cultist","floor":1,"turns":4},{"damage":17,"enemies":"Small Slimes","floor":2,"turns":4},{"damage":3,"enemies":"Jaw Worm","floor":3,"turns":4},{"damage":17,"enemies":"3 Louse","floor":4,"turns":2},{"damage":8,"enemies":"Looter","floor":5,"turns":2},{"damage":18,"enemies":"Gremlin Nob","floor":6,"turns":3},{"damage":30,"enemies":"Exordium Thugs","floor":8,"turns":5},{"damage":11,"enemies":"3 Louse","floor":11,"turns":3},{"damage":2,"enemies":"2 Fungi Beasts","floor":12,"turns":3},{"damage":0,"enemies":"Exordium Wildlife","floor":13,"turns":3},{"damage":43,"enemies":"Hexaghost","floor":16,"turns":8},{"damage":4,"enemies":"2 Thieves","floor":18,"turns":3},{"damage":8,"enemies":"Shell Parasite","floor":22,"turns":4},{"damage":24,"enemies":"Gremlin Leader","floor":23,"turns":3},{"damage":19,"enemies":"Book of Stabbing","floor":25,"turns":3},{"damage":2,"enemies":"Snake Plant","floor":31,"turns":2},{"damage":95,"enemies":"Champ","floor":33,"turns":8},{"damage":14,"enemies":"3 Darklings","floor":35,"turns":2},{"damage":77,"enemies":"Giant Head","floor":40,"turns":7}],"seed_played":"4311285576335920599","potions_obtained":[{"floor":4,"key":"SpeedPotion"},{"floor":5,"key":"SneckoOil"},{"floor":6,"key":"Strength Potion"},{"floor":8,"key":"ColorlessPotion"},{"floor":11,"key":"Strength Potion"},{"floor":23,"key":"SkillPotion"},{"floor":33,"key":"BlessingOfTheForge"},{"floor":35,"key":"Regen Potion"}],"is_trial":false,"path_per_floor":["M","M","M","M","M","E","R","M","T","R","M","M","M","?","R","B",null,"M","?","$","?","M","E","R","E","T","R","?","R","T","M","R","B",null,"M","?","$","?","?","E"],"character_chosen":"IRONCLAD","items_purchased":["Orichalcum","Lee\u0027s Waffle","Unceasing Top"],"campfire_rested":4,"item_purchase_floors":[20,20,37],"current_hp_per_floor":[67,56,59,48,46,34,62,38,38,66,61,65,71,47,75,38,82,84,68,103,103,101,83,83,70,70,70,70,70,70,74,103,14,81,73,73,73,73,60,0,0],"gold":33,"neow_bonus":"TWENTY_PERCENT_HP_BONUS","is_daily":false,"chose_seed":false,"campfire_upgraded":3,"win_rate":0.0,"timestamp":1611777192,"path_taken":["M","?","M","M","M","E","R","M","T","R","M","M","?","?","R","BOSS","M","?","$","?","M","E","R","E","T","R","?","R","?","M","R","BOSS","M","?","$","?","?","E"],"items_purchased_type":["Relic","Relic","Relic"],"build_version":"2020-12-22","purchased_purges":2,"victory":false,"max_hp_per_floor":[96,96,96,96,96,96,96,96,96,96,96,96,96,96,96,96,96,96,96,103,103,103,103,103,103,103,103,103,103,103,103,103,103,103,103,103,103,103,103,103,103],"card_choices":[{"not_picked":["Anger","Thunderclap"],"picked":"Inflame","floor":1},{"not_picked":["Cleave","Dual Wield"],"picked":"Hemokinesis","floor":2},{"not_picked":["Clothesline","Shrug It Off"],"picked":"Heavy Blade","floor":3},{"not_picked":["True Grit","Anger"],"picked":"Seeing Red","floor":4},{"not_picked":["Havoc","Blood for Blood"],"picked":"Inflame","floor":5},{"not_picked":["Power Through","Armaments"],"picked":"Second Wind","floor":6},{"not_picked":["Wild Strike","Sentinel"],"picked":"Iron Wave","floor":8},{"not_picked":["Combust","Exhume"],"picked":"Clothesline","floor":11},{"not_picked":["Seeing Red","Anger"],"picked":"Cleave","floor":12},{"not_picked":["Headbutt","Twin Strike"],"picked":"Heavy Blade","floor":13},{"not_picked":["Berserk","Feed"],"picked":"Immolate","floor":16},{"not_picked":["Iron Wave","Sentinel","Anger"],"picked":"SKIP","floor":18},{"not_picked":["Heavy Blade","Cleave+1"],"picked":"True Grit+1","floor":22},{"not_picked":["Body Slam","Shrug It Off"],"picked":"Uppercut","floor":23},{"not_picked":["Anger","Twin Strike","Warcry"],"picked":"SKIP","floor":25},{"not_picked":["Havoc","Metallicize","Exhume"],"picked":"SKIP","floor":31},{"not_picked":["Exhume","Corruption"],"picked":"Reaper","floor":33},{"not_picked":["Pommel Strike","Cleave+1"],"picked":"Fire Breathing+1","floor":35}],"player_experience":477473,"relics_obtained":[{"floor":6,"key":"Ornamental Fan"},{"floor":9,"key":"HornCleat"},{"floor":19,"key":"Necronomicon"},{"floor":23,"key":"Bronze Scales"},{"floor":25,"key":"reliquary:OuijaBoard"},{"floor":26,"key":"Pantograph"},{"floor":30,"key":"The Courier"}],"event_choices":[{"damage_healed":0,"gold_gain":0,"player_choice":"Take Damage","damage_taken":24,"relics_obtained":["Golden Idol"],"max_hp_gain":0,"max_hp_loss":0,"event_name":"Golden Idol","floor":14,"gold_loss":0},{"damage_healed":0,"gold_gain":0,"player_choice":"Obtained Book","damage_taken":16,"max_hp_gain":0,"max_hp_loss":0,"event_name":"Cursed Tome","floor":19,"gold_loss":0},{"damage_healed":0,"gold_gain":0,"player_choice":"Ignored","damage_taken":0,"max_hp_gain":0,"max_hp_loss":0,"event_name":"Ghosts","floor":21,"gold_loss":0},{"damage_healed":0,"gold_gain":0,"player_choice":"Opened","damage_taken":0,"relics_obtained":["reliquary:FeatherDuster"],"max_hp_gain":0,"max_hp_loss":0,"event_name":"The Mausoleum","floor":28,"gold_loss":0},{"damage_healed":0,"gold_gain":0,"player_choice":"Ignored","damage_taken":0,"max_hp_gain":0,"max_hp_loss":0,"event_name":"Tomb of Lord Red Mask","floor":36,"gold_loss":0},{"cards_removed":["Strike_R"],"damage_healed":0,"gold_gain":0,"player_choice":"Removed Attack","damage_taken":0,"max_hp_gain":0,"max_hp_loss":0,"event_name":"Falling","floor":38,"gold_loss":0},{"damage_healed":0,"gold_gain":0,"player_choice":"Embrace Madness","damage_taken":13,"max_hp_gain":0,"max_hp_loss":0,"event_name":"Winding Halls","floor":39,"gold_loss":0,"cards_obtained":["Madness","Madness"]}],"is_beta":false,"boss_relics":[{"not_picked":["Tiny House","SacredBark"],"picked":"Cursed Key"},{"not_picked":["reliquary:RedPaperclip","SlaversCollar"],"picked":"reliquary:KinkedSpring"}],"items_purged_floors":[20,37],"is_endless":false,"potions_floor_spawned":[4,5,6,8,11,23,33,35],"killed_by":"Giant Head","ascension_level":8}}