{"host":"oeddu058k4r8wzo0","time":1611718860,"event":{"mods":["BaseMod","Better Third Choice","Colored Map","Colored Powertips","Conspire","Evolution","Highlight Path","Hubris","Infinite Spire","Jorbs\u0027s Wanderer Trilogy","Minty Spire (QoL Compilation)","Quick Restart","Relic Filter Mod","Reliquary","Replay The Spire","Reworked Bosses","StSLib","Wandering Minibosses"],"gold_per_floor":[109,109,109,123,173,173,203,203,203,285,285,285,285],"floor_reached":12,"language":"ENG","playtime":467,"items_purged":[],"score":134,"play_id":"00a3d13d-c3fd-46e6-b46a-2fb5ac0f5f7e","local_time":"20210126194100","is_ascension_mode":true,"campfire_choices":[{"data":"Hologram","floor":6,"key":"SMITH"},{"floor":8,"key":"REST"}],"circlet_count":0,"master_deck":["AscendersBane","Strike_B","Strike_B","Strike_B","Strike_B","Defend_B","Defend_B","Defend_B","Defend_B","Gash+1","Replay:Fractal Strike","Hologram+1","Delirium","Leap","Fission","Voices","Vigilance","Eruption"],"relics":["Cracked Core","EVO:Axolotl","Replay:Wax Seal","Ring of Greed","hubris:MobiusCoin","The Courier","ReplayTheSpireMod:Ring of Addiction","SacredBark","Potion Belt","Bag of Marbles","Cracked Core","hubris:BallOfYels"],"acts_visited":["Exordium"],"potions_floor_usage":[7,7,7,10],"damage_taken":[{"damage":1,"enemies":"Cultist","floor":1,"turns":4},{"damage":7,"enemies":"Jaw Worm","floor":4,"turns":2},{"damage":29,"enemies":"Replay:BlueRogue","floor":7,"turns":8},{"damage":14,"enemies":"Gremlin Nob","floor":10,"turns":4},{"damage":51,"enemies":"Replay:BlueRogue","floor":12,"turns":3}],"seed_played":"-7000316061726592653","potions_obtained":[{"floor":4,"key":"EssenceOfSteel"},{"floor":5,"key":"SpeedPotion"},{"floor":5,"key":"Strength Potion"},{"floor":5,"key":"FearPotion"}],"is_trial":false,"path_per_floor":["M","?","?","M","?","R","E","R","T","E","?","E"],"character_chosen":"DEFECT","items_purchased":[],"campfire_rested":1,"item_purchase_floors":[],"current_hp_per_floor":[67,67,50,43,43,43,14,36,36,22,22,0,0],"gold":285,"neow_bonus":"RANDOM_COMMON_RELIC","is_daily":false,"chose_seed":false,"campfire_upgraded":1,"win_rate":0.0,"timestamp":1611718860,"path_taken":["M","?","?","M","?","R","E","R","T","E","?","E"],"items_purchased_type":[],"build_version":"2020-12-22","purchased_purges":0,"victory":false,"max_hp_per_floor":[75,75,75,75,75,75,75,75,75,75,75,75,75],"card_choices":[{"not_picked":["Streamline","Go for the Eyes"],"picked":"Gash","floor":1},{"not_picked":["infinitespire:Oblivion","ReplayTheSpireMod:Echoes of Time"],"picked":"Replay:Fractal Strike","floor":3},{"not_picked":["Static Discharge","Storm"],"picked":"Hologram","floor":4},{"not_picked":["ReplayTheSpireMod:Dual Polarity","Steam"],"picked":"Leap","floor":7},{"not_picked":["Static Discharge","Reinforced Body"],"picked":"Fission","floor":10}],"player_experience":1381255,"relics_obtained":[{"floor":5,"key":"Ring of Greed"},{"floor":5,"key":"hubris:MobiusCoin"},{"floor":5,"key":"The Courier"},{"floor":5,"key":"ReplayTheSpireMod:Ring of Addiction"},{"floor":5,"key":"SacredBark"},{"floor":5,"key":"Potion Belt"},{"floor":7,"key":"Bag of Marbles"},{"floor":9,"key":"reliquary:SculptingSteel"},{"floor":10,"key":"hubris:BallOfYels"}],"event_choices":[],"is_beta":false,"boss_relics":[],"items_purged_floors":[],"is_endless":false,"potions_floor_spawned":[4],"killed_by":"Replay:BlueRogue","ascension_level":12}}