{"host":"v3oldak69fx1zt0p","time":1611780574,"event":{"mods":["BaseMod","Downfall","Hermit","Minty Spire (QoL Compilation)","Quick Restart","StSLib","Waifu the Spire","noobMod"],"gold_per_floor":[99,113,127,145,57,67,145,164,3,22,22,42,59,94,112,215,215,215,229,239,254,254,254,279,297,197,197,38,59,44,66,91,203,203,203,218,230,247,10,10,10,87,114,114,114,114,125,50,66,66],"floor_reached":51,"language":"ENG","playtime":4187,"items_purged":["hexamod:GhostOfSpirePresent"],"score":736,"play_id":"edf80e01-ab4a-41f8-a1f3-db702524f082","local_time":"20210127144934","is_ascension_mode":false,"campfire_choices":[{"data":"hexamod:Sear","floor":1,"key":"SMITH"},{"floor":11,"key":"REST"},{"data":"hexamod:WildfireWeapon","floor":18,"key":"SMITH"},{"floor":23,"key":"REST"},{"floor":26,"key":"REST"},{"data":"hexamod:RadiantFlame","floor":35,"key":"SMITH"}],"circlet_count":0,"master_deck":["hexamod:Sear+1","hexamod:Float","hexamod:UnlimitedPower","hexamod:Hexaguard","hexamod:ShieldOfDarkness","hexamod:GhostOfSpirePast+1","hexamod:SpectersWail+1","hexamod:Rewind+1","hexamod:SwordOfDarkness","hexamod:RadiantFlame","hexamod:ExtraCrispy","hexamod:GhostflameBarrier+1","hexamod:HeatMetal","hexamod:RadiantFlame+1","hexamod:SoulSteal+1","hexamod:ThirdSeal","hexamod:WildfireWeapon+1","hexamod:SixthSeal","hexamod:ThermalTransfer+1","hexamod:FourthSeal","hexamod:InspiringFlames","hexamod:RecurringNightmare+1","hexamod:HeatMetal","hexamod:Rewind","hexamod:PhantomFireball","hexamod:RainOfEmbers","hexamod:AdvancingGuard+1","hexamod:RainOfEmbers+1","hexamod:FastForward+1","hexamod:ThermalTransfer","hexamod:TimeOfNeed","hexamod:NightmareGuise+1","hexamod:SecondSeal","hexamod:SkipABeat+1","hexamod:PhantomFireball","hexamod:GhostflameInferno","hexamod:RainOfEmbers+1","hexamod:SpectersWail","hexamod:GhostLash+1","hexamod:DynamicBlow+1","hexamod:SoulSteal","hexamod:FifthSeal","hexamod:EtherealExpedition+1","hexamod:Firestarter","hexamod:EmpoweredFlame+1","hexamod:FirstSeal","hexamod:HeatMetal+1","hexamod:GhostLash+1","expansioncontent:AwakenDeath","hexamod:HauntingEcho+1","hexamod:GhostLash","hexamod:Rewind+1","hexamod:EmpoweredFlame+1","expansioncontent:HyperBeam","expansioncontent:StudyTheSpire","expansioncontent:InvincibleStrength","hexamod:Again","hexamod:Firestarter"],"relics":["hexamod:SpiritBrand","ice","Meat on the Bone","Omamori","MealTicket","Pandora\u0027s Box","Potion Belt","downfall:HeartBlessingGreen","Letter Opener","Toolbox","Philosopher\u0027s Stone","Oddly Smooth Stone","OrangePellets","Ancient Tea Set","Thread and Needle","HornCleat"],"acts_visited":["Exordium","TheCity","TheBeyond"],"potions_floor_usage":[5,10,12,16,16,21,24,25,28,29,33,33,33,33,38,40,47,49,50],"damage_taken":[{"damage":4,"enemies":"Cultist","floor":2,"turns":4},{"damage":12,"enemies":"Small Slimes","floor":3,"turns":3},{"damage":0,"enemies":"Jaw Worm","floor":4,"turns":3},{"damage":0,"enemies":"downfall:FleeingMerchant","floor":5,"turns":4},{"damage":14,"enemies":"3 Louse","floor":6,"turns":4},{"damage":0,"enemies":"Large Slime","floor":8,"turns":3},{"damage":0,"enemies":"downfall:FleeingMerchant","floor":9,"turns":4},{"damage":0,"enemies":"2 Fungi Beasts","floor":10,"turns":2},{"damage":2,"enemies":"Exordium Wildlife","floor":12,"turns":5},{"damage":6,"enemies":"3 Louse","floor":13,"turns":4},{"damage":9,"enemies":"Lagavulin","floor":14,"turns":6},{"damage":0,"enemies":"Blue Slaver","floor":15,"turns":3},{"damage":20,"enemies":"WA_ARCHETYPE_RETAIN","floor":16,"turns":10},{"damage":12,"enemies":"Spheric Guardian","floor":19,"turns":4},{"damage":30,"enemies":"Shell Parasite","floor":20,"turns":5},{"damage":24,"enemies":"Chosen and Byrds","floor":21,"turns":7},{"damage":0,"enemies":"Snecko","floor":25,"turns":3},{"damage":15,"enemies":"downfall:FleeingMerchant","floor":28,"turns":4},{"damage":36,"enemies":"3 Cultists","floor":29,"turns":5},{"damage":1,"enemies":"downfall:FleeingMerchant","floor":30,"turns":4},{"damage":0,"enemies":"Cultist and Chosen","floor":31,"turns":5},{"damage":20,"enemies":"Snecko","floor":32,"turns":4},{"damage":95,"enemies":"SI_MIRROR_ARCHETYPE","floor":33,"turns":9},{"damage":13,"enemies":"3 Shapes","floor":36,"turns":2},{"damage":6,"enemies":"Orb Walker","floor":37,"turns":3},{"damage":20,"enemies":"Sphere and 2 Shapes","floor":38,"turns":4},{"damage":0,"enemies":"downfall:FleeingMerchant","floor":39,"turns":3},{"damage":0,"enemies":"Maw","floor":40,"turns":3},{"damage":0,"enemies":"Transient","floor":43,"turns":5},{"damage":0,"enemies":"4 Shapes","floor":47,"turns":2},{"damage":12,"enemies":"Jaw Worm Horde","floor":49,"turns":3},{"damage":8,"enemies":"IC_BLOCK_ARCHETYPE","floor":50,"turns":7}],"seed_played":"7518234656683434599","potions_obtained":[{"floor":2,"key":"EntropicBrew"},{"floor":10,"key":"BlessingOfTheForge"},{"floor":15,"key":"Dexterity Potion"},{"floor":16,"key":"Strength Potion"},{"floor":19,"key":"SmokeBomb"},{"floor":20,"key":"Fire Potion"},{"floor":21,"key":"Dexterity Potion"},{"floor":22,"key":"FairyPotion"},{"floor":22,"key":"EntropicBrew"},{"floor":28,"key":"Explosive Potion"},{"floor":29,"key":"Strength Potion"},{"floor":30,"key":"bronze:BurnAndBuffPotion"},{"floor":33,"key":"Dexterity Potion"},{"floor":37,"key":"hexamod:EctoCoolerPotion"},{"floor":38,"key":"Regen Potion"},{"floor":43,"key":"DistilledChaos"},{"floor":47,"key":"champ:CounterPotion"},{"floor":49,"key":"Fruit Juice"}],"is_trial":false,"path_per_floor":["R","M","M","M","$","M","T","M","$","M","R","M","M","E","M","B",null,"R","M","M","M","?","R","T","M","R","?","$","M","$","M","M","B",null,"R","M","M","M","$","M","T","?","M","?","?","?","M","$","M","B",null],"character_chosen":"THE_SPIRIT","items_purchased":["hexamod:Rewind","Omamori","Toolbox","Oddly Smooth Stone","OrangePellets","expansioncontent:AwakenDeath","SkillPotion","Ancient Tea Set"],"campfire_rested":3,"item_purchase_floors":[5,9,28,39,39,39,39,39],"current_hp_per_floor":[70,66,54,54,54,40,40,40,40,40,61,59,53,44,44,75,77,77,65,47,35,35,63,63,68,98,98,87,63,77,77,69,114,144,144,131,125,105,120,120,120,120,127,127,127,117,124,139,127,131],"gold":66,"neow_bonus":"ONE_RANDOM_RARE_CARD","is_daily":false,"chose_seed":false,"campfire_upgraded":3,"win_rate":0.0,"timestamp":1611780574,"path_taken":["R","M","M","M","$","M","T","M","?","?","R","M","M","E","M","BOSS","R","M","M","M","?","R","T","?","R","?","$","M","$","M","M","BOSS","R","M","M","M","$","M","T","?","M","?","?","?","?","$","M","BOSS"],"items_purchased_type":["Card","Relic","Relic","Relic","Relic","Card","Potion","Relic"],"build_version":"2020-12-22","purchased_purges":1,"victory":true,"max_hp_per_floor":[70,70,70,70,70,70,70,70,70,70,70,70,70,70,70,77,77,77,80,85,96,96,96,96,102,102,102,107,115,120,126,128,144,144,144,149,151,157,162,163,163,163,168,168,168,168,170,170,173,183],"card_choices":[{"not_picked":["hexamod:StepThrough","hexamod:ThermalTransfer"],"picked":"hexamod:Hexaguard","floor":2},{"not_picked":["hexamod:AdvancingGuard","hexamod:Firestarter"],"picked":"hexamod:ShieldOfDarkness","floor":3},{"not_picked":["hexamod:PhantomCloak","hexamod:GhostflameBarrier"],"picked":"hexamod:GhostOfSpirePast","floor":4},{"not_picked":["hexamod:GhostShield","hexamod:GhostLash"],"picked":"hexamod:SpectersWail","floor":5},{"not_picked":["hexamod:Incineration","hexamod:HeatCrush"],"picked":"hexamod:SwordOfDarkness","floor":6},{"not_picked":["hexamod:EtherealExpedition","hexamod:PhantomFireball"],"picked":"hexamod:RadiantFlame","floor":8},{"not_picked":["hexamod:SearingWound","hexamod:ThermalTransfer"],"picked":"hexamod:ExtraCrispy","floor":9},{"not_picked":["hexamod:GhostShield","hexamod:SwordOfDarkness"],"picked":"hexamod:GhostflameBarrier","floor":10},{"not_picked":["hexamod:Hexaguard","hexamod:Rewind"],"picked":"hexamod:HeatMetal","floor":12},{"not_picked":["hexamod:HeatMetal","hexamod:ThermalTransfer"],"picked":"hexamod:RadiantFlame","floor":13},{"not_picked":["hexamod:NightmareGuise","hexamod:GhostflameBarrier"],"picked":"hexamod:SoulSteal","floor":14},{"not_picked":["hexamod:FourthSeal","hexamod:SpectersWail"],"picked":"hexamod:ThirdSeal","floor":15},{"not_picked":["hexamod:TimeOfNeed","hexamod:SearingWound"],"picked":"hexamod:WildfireWeapon","floor":16},{"not_picked":["hexamod:UnleashSpirits","hexamod:WildfireWeapon"],"picked":"hexamod:SixthSeal","floor":16},{"not_picked":["hexamod:SwordOfDarkness","hexamod:Hexaguard"],"picked":"hexamod:AdvancingGuard+1","floor":19},{"not_picked":["hexamod:FourthSeal","hexamod:ShieldOfDarkness"],"picked":"hexamod:RainOfEmbers+1","floor":19},{"not_picked":["hexamod:ExtraCrispy","hexamod:ThermalTransfer"],"picked":"hexamod:FastForward+1","floor":20},{"not_picked":["hexamod:RecurringNightmare","hexamod:FourthSeal"],"picked":"hexamod:ThermalTransfer","floor":20},{"not_picked":["hexamod:GhostShield","hexamod:ThermalTransfer"],"picked":"hexamod:TimeOfNeed","floor":21},{"not_picked":["hexamod:RecurringNightmare","hexamod:Hexaguard"],"picked":"hexamod:NightmareGuise+1","floor":21},{"not_picked":["hexamod:GhostLash","hexamod:NightmareGuise"],"picked":"hexamod:SecondSeal","floor":25},{"not_picked":["hexamod:SpectersWail","hexamod:InspiringFlames"],"picked":"hexamod:SkipABeat+1","floor":28},{"not_picked":["hexamod:InspiringFlames","hexamod:ThermalTransfer"],"picked":"hexamod:PhantomFireball","floor":28},{"not_picked":["hexamod:ThirdSeal","hexamod:Hexaguard"],"picked":"hexamod:GhostflameInferno","floor":29},{"not_picked":["hexamod:NightmareGuise+1","hexamod:FourthSeal"],"picked":"hexamod:RainOfEmbers+1","floor":29},{"not_picked":["hexamod:ShieldOfDarkness","hexamod:ThirdSeal"],"picked":"hexamod:SpectersWail","floor":30},{"not_picked":["hexamod:NightmareGuise","hexamod:SwordOfDarkness"],"picked":"hexamod:GhostLash","floor":30},{"not_picked":["hexamod:UnleashSpirits","hexamod:EmpoweredFlame"],"picked":"hexamod:DynamicBlow","floor":31},{"not_picked":["hexamod:HauntingEcho","hexamod:Hexaguard"],"picked":"hexamod:SoulSteal","floor":32},{"not_picked":["hexamod:Haunt+1","hexamod:HeatMetal","hexamod:SwordOfDarkness"],"picked":"SKIP","floor":32},{"not_picked":["hexamod:HexaLevel","hexamod:ForkedFlame"],"picked":"hexamod:FifthSeal","floor":33},{"not_picked":["hexamod:TurnItUp","hexamod:SearingWound"],"picked":"hexamod:GhostOfSpirePresent","floor":33},{"not_picked":["hexamod:InspiringFlames+1","hexamod:HeatShield","hexamod:StepThrough"],"picked":"SKIP","floor":36},{"not_picked":["hexamod:AdvancingGuard","hexamod:ChargedBarrage+1"],"picked":"hexamod:EtherealExpedition+1","floor":37},{"not_picked":["hexamod:SwordOfDarkness+1","hexamod:GhostLash","hexamod:HeatMetal"],"picked":"SKIP","floor":37},{"not_picked":["hexamod:PhantomCloak","hexamod:SpectersWail"],"picked":"hexamod:Firestarter","floor":38},{"not_picked":["hexamod:HauntingEcho+1","hexamod:AdvancingGuard+1"],"picked":"hexamod:EmpoweredFlame+1","floor":38},{"not_picked":["hexamod:SecondSeal","hexamod:ThirdSeal"],"picked":"hexamod:FirstSeal","floor":39},{"not_picked":["hexamod:SixthSeal","hexamod:AdvancingGuard+1"],"picked":"hexamod:HeatMetal+1","floor":39},{"not_picked":["hexamod:ShieldOfDarkness","hexamod:AdvancingGuard+1"],"picked":"hexamod:GhostLash+1","floor":39},{"not_picked":["hexamod:FourthSeal","hexamod:DynamicBlow"],"picked":"hexamod:HauntingEcho+1","floor":40},{"not_picked":["hexamod:HeatMetal","hexamod:DynamicBlow"],"picked":"hexamod:GhostLash","floor":40},{"not_picked":["hexamod:DynamicBlow+1","hexamod:ShieldOfDarkness+1"],"picked":"hexamod:Rewind+1","floor":43},{"not_picked":["hexamod:Incineration","hexamod:NightmareGuise+1"],"picked":"hexamod:EmpoweredFlame+1","floor":43},{"not_picked":["expansioncontent:QuickStudy","expansioncontent:PolyBeam"],"picked":"expansioncontent:HyperBeam","floor":46},{"not_picked":["expansioncontent:PrepareCrush","expansioncontent:HyperBeam"],"picked":"expansioncontent:StudyTheSpire","floor":46},{"not_picked":["expansioncontent:PrepareCrush","expansioncontent:PolyBeam"],"picked":"expansioncontent:InvincibleStrength","floor":46},{"not_picked":["hexamod:ShieldOfDarkness","hexamod:BacktrackSmack"],"picked":"hexamod:Again","floor":47},{"not_picked":["hexamod:HauntingEcho+1","hexamod:BacktrackSmack+1"],"picked":"hexamod:Firestarter","floor":49}],"player_experience":137991,"relics_obtained":[{"floor":7,"key":"Meat on the Bone"},{"floor":14,"key":"MealTicket"},{"floor":24,"key":"Potion Belt"},{"floor":41,"key":"Thread and Needle"},{"floor":42,"key":"HornCleat"}],"event_choices":[{"damage_healed":0,"gold_gain":0,"player_choice":"Got Potions","damage_taken":0,"max_hp_gain":0,"max_hp_loss":0,"event_name":"Lab","floor":22,"gold_loss":0}],"is_beta":false,"boss_relics":[{"not_picked":["Coffee Dripper","Fusion Hammer"],"picked":"Pandora\u0027s Box"},{"not_picked":["Calling Bell","Black Star"],"picked":"Philosopher\u0027s Stone"}],"items_purged_floors":[48],"is_endless":false,"potions_floor_spawned":[2,6,10,15,16,19,21,31,32,38,40,43,47],"ascension_level":0}}