{"host":"a5lz0e76zb3fcwkm","time":1611762425,"event":{"mods":["AchievementEnabler","BaseMod","Colored Map","Colored Powertips","Minty Spire (QoL Compilation)","StSLib","SuperFastMode"],"gold_per_floor":[11,22,22,22,37,37,60,60,60,83,103,133,149,187,187,187,187],"floor_reached":16,"language":"KOR","playtime":309,"items_purged":[],"score":233,"play_id":"c9f5355f-0426-4171-8c01-c2eb720f061a","local_time":"20210128004705","is_ascension_mode":true,"campfire_choices":[{"data":"Feed","floor":6,"key":"SMITH"},{"data":"Evolve","floor":15,"key":"SMITH"}],"circlet_count":0,"master_deck":["AscendersBane","Strike_R","Strike_R","Strike_R","Strike_R","Defend_R","Defend_R","Defend_R","Defend_R","Bash","Feed+1","Second Wind","Burning Pact","Wild Strike","Shockwave","Seeing Red","Evolve+1","Dark Embrace"],"relics":["Burning Blood","Golden Idol","InkBottle","Toxic Egg 2","Gremlin Horn"],"acts_visited":["Exordium"],"potions_floor_usage":[13,14,16],"damage_taken":[{"damage":2.0,"enemies":"2 Louse","floor":1.0,"turns":3.0},{"damage":9.0,"enemies":"Jaw Worm","floor":2.0,"turns":4.0},{"damage":3,"enemies":"Small Slimes","floor":5,"turns":4},{"damage":4,"enemies":"2 Fungi Beasts","floor":7,"turns":4},{"damage":28,"enemies":"Exordium Wildlife","floor":10,"turns":5},{"damage":11,"enemies":"Red Slaver","floor":11,"turns":3},{"damage":8,"enemies":"Exordium Thugs","floor":13,"turns":4},{"damage":29,"enemies":"3 Sentries","floor":14,"turns":8},{"damage":38,"enemies":"Slime Boss","floor":16,"turns":3}],"seed_played":"5660425191507915912","potions_obtained":[{"floor":5,"key":"SpeedPotion"},{"floor":7,"key":"Dexterity Potion"},{"floor":11,"key":"Strength Potion"},{"floor":13,"key":"BlessingOfTheForge"}],"is_trial":false,"path_per_floor":["M","M","?","?","M","R","M","$","T","M","M","?","M","E","R","B"],"character_chosen":"IRONCLAD","items_purchased":[],"campfire_rested":0,"item_purchase_floors":[],"current_hp_per_floor":[75,75,47,47,53,53,59,59,59,41,40,40,42,23,23,0,0],"gold":187,"neow_bonus":"THREE_RARE_CARDS","is_daily":false,"chose_seed":false,"campfire_upgraded":2,"win_rate":0.0,"timestamp":1611762425,"path_taken":["M","M","?","?","M","R","M","$","T","?","M","?","M","E","R","BOSS"],"items_purchased_type":[],"build_version":"2020-12-22","purchased_purges":0,"victory":false,"max_hp_per_floor":[78,81,81,81,84,84,88,88,88,92,96,96,100,104,104,104,104],"card_choices":[{"not_picked":["Reaper","Corruption"],"picked":"Feed","floor":0.0},{"not_picked":["Perfected Strike","Headbutt"],"picked":"Second Wind","floor":1.0},{"not_picked":["True Grit","Disarm"],"picked":"Burning Pact","floor":2.0},{"not_picked":["True Grit","Seeing Red"],"picked":"Wild Strike","floor":5},{"not_picked":["Warcry","True Grit"],"picked":"Shockwave","floor":7},{"not_picked":["Perfected Strike","Dark Embrace"],"picked":"Seeing Red","floor":10},{"not_picked":["Uppercut","Perfected Strike","Wild Strike"],"picked":"SKIP","floor":11},{"not_picked":["Sword Boomerang","Metallicize"],"picked":"Evolve","floor":13},{"not_picked":["Spot Weakness+1","Cleave"],"picked":"Dark Embrace","floor":14}],"player_experience":1819978,"relics_obtained":[{"floor":9,"key":"InkBottle"},{"floor":14,"key":"Gremlin Horn"}],"event_choices":[{"damage_healed":0.0,"max_hp_gain":0.0,"max_hp_loss":0.0,"gold_gain":0.0,"event_name":"Golden Idol","player_choice":"Take Damage","floor":3.0,"gold_loss":0.0,"damage_taken":28.0,"relics_obtained":["Golden Idol"]},{"cards_removed":["Strike_R"],"damage_healed":0,"gold_gain":0,"player_choice":"Forget","damage_taken":0,"max_hp_gain":0,"max_hp_loss":0,"event_name":"Living Wall","floor":4,"gold_loss":0},{"damage_healed":0,"gold_gain":30,"player_choice":"Searched \u00272\u0027 times","damage_taken":0,"relics_obtained":["Toxic Egg 2"],"max_hp_gain":0,"max_hp_loss":0,"event_name":"Dead Adventurer","floor":12,"gold_loss":0}],"is_beta":false,"boss_relics":[],"items_purged_floors":[],"is_endless":false,"potions_floor_spawned":[5,7,11,13],"killed_by":"Slime Boss","ascension_level":20}}