{"host":"y3h3n3f7seyagppx","time":1611782160,"event":{"mods":["AlwaysNeverKeys","BaseMod","Better Vampires","Colored Powertips","DeckTracker","Emptier Cage","Minty Spire (QoL Compilation)","Permanent Neow","Quick Restart","Rare Cards Sparkle","Relic Sorter","Relic Stats","StSLib","Transform Curses"],"gold_per_floor":[114,130,148,166,180,180,12,45,68,102,141,153,177,218,230,314,326,357,384,70,70,84,119,119,148,148,183,197,197,197,224,224,298,298,309,325,380,380,396,396,396],"floor_reached":40,"language":"ENG","playtime":4905,"items_purged":[],"score":1222,"play_id":"b874777f-f462-49ec-b1da-ee99f3db10f2","local_time":"20210127161600","is_ascension_mode":true,"campfire_choices":[{"floor":6.0,"key":"REST"},{"data":"Hyperbeam","floor":15.0,"key":"SMITH"},{"data":"Electrodynamics","floor":24.0,"key":"SMITH"},{"data":"Loop","floor":29,"key":"SMITH"},{"data":"Ghostly","floor":32,"key":"SMITH"}],"circlet_count":0,"master_deck":["AscendersBane","Strike_B","Strike_B","Strike_B","Defend_B","Defend_B","Defend_B","Defend_B","Zap","Dualcast","Rebound","Core Surge","Ball Lightning","Loop+1","Hologram","Electrodynamics+1","Skim","Seek","Coolheaded","Self Repair","Undo","Ghostly+1","Ghostly","Ghostly","White Noise+1","Amplify"],"relics":["Velvet Choker","ClockworkSouvenir","Oddly Smooth Stone","Anchor","MawBank","Odd Mushroom","Akabeko","SlaversCollar","Pocketwatch","TungstenRod","HornCleat","White Beast Statue","Turnip","Happy Flower","Inserter","Bird Faced Urn"],"acts_visited":["Exordium","TheCity","TheBeyond"],"potions_floor_usage":[25,27,27,33,33,37,39,39,40],"damage_taken":[{"damage":3.0,"enemies":"2 Louse","floor":1.0,"turns":2.0},{"damage":12.0,"enemies":"Jaw Worm","floor":2.0,"turns":2.0},{"damage":0.0,"enemies":"Small Slimes","floor":3.0,"turns":3.0},{"damage":6.0,"enemies":"2 Fungi Beasts","floor":4.0,"turns":3.0},{"damage":13.0,"enemies":"Large Slime","floor":5.0,"turns":3.0},{"damage":10.0,"enemies":"Lagavulin","floor":8.0,"turns":3.0},{"damage":4.0,"enemies":"3 Sentries","floor":10.0,"turns":4.0},{"damage":1.0,"enemies":"The Mushroom Lair","floor":11.0,"turns":3.0},{"damage":0.0,"enemies":"Exordium Wildlife","floor":13.0,"turns":2.0},{"damage":6.0,"enemies":"Lagavulin","floor":14.0,"turns":6.0},{"damage":0.0,"enemies":"Slime Boss","floor":16.0,"turns":5.0},{"damage":12.0,"enemies":"Shell Parasite","floor":18.0,"turns":4.0},{"damage":7.0,"enemies":"2 Thieves","floor":19.0,"turns":3.0},{"damage":6.0,"enemies":"Snecko","floor":22.0,"turns":4.0},{"damage":0.0,"enemies":"Gremlin Leader","floor":23.0,"turns":4.0},{"damage":18,"enemies":"Book of Stabbing","floor":25,"turns":4},{"damage":0,"enemies":"Slavers","floor":27,"turns":6},{"damage":1,"enemies":"Sentry and Sphere","floor":28,"turns":4},{"damage":0,"enemies":"Gremlin Leader","floor":31,"turns":5},{"damage":33,"enemies":"Champ","floor":33,"turns":20},{"damage":0,"enemies":"3 Shapes","floor":35,"turns":2},{"damage":0,"enemies":"Orb Walker","floor":36,"turns":3},{"damage":2,"enemies":"2 Orb Walkers","floor":37,"turns":4},{"damage":37,"enemies":"Transient","floor":39,"turns":6},{"damage":17,"enemies":"Reptomancer","floor":40,"turns":7}],"seed_played":"-2333838502671624115","potions_obtained":[{"floor":4.0,"key":"SkillPotion"},{"floor":5.0,"key":"SteroidPotion"},{"floor":8.0,"key":"Explosive Potion"},{"floor":10.0,"key":"Energy Potion"},{"floor":16.0,"key":"Regen Potion"},{"floor":18.0,"key":"Regen Potion"},{"floor":23.0,"key":"SkillPotion"},{"floor":25,"key":"Regen Potion"},{"floor":27,"key":"LiquidMemories"},{"floor":28,"key":"SneckoOil"},{"floor":33,"key":"FearPotion"},{"floor":35,"key":"Swift Potion"},{"floor":37,"key":"SteroidPotion"},{"floor":39,"key":"Block Potion"}],"is_trial":false,"path_per_floor":["M","M","M","M","M","R","$","E","T","E","?","?","M","E","R","B",null,"M","M","$","?","M","E","R","E","T","E","M","R","?","E","R","B",null,"M","M","?","?","M","E"],"character_chosen":"DEFECT","items_purchased":["ClockworkSouvenir","Pocketwatch"],"campfire_rested":1,"item_purchase_floors":[7,20],"current_hp_per_floor":[61,49,49,43,30,51,51,41,41,37,36,36,36,30,30,30,61,58,60,60,40,34,34,34,23,23,45,51,51,38,38,38,12,32,38,38,38,38,8,0,0],"gold":396,"neow_bonus":"BOSS_RELIC","is_daily":false,"chose_seed":false,"campfire_upgraded":4,"win_rate":0.0,"timestamp":1611782160,"path_taken":["M","M","M","M","M","R","$","E","T","E","?","?","M","E","R","BOSS","M","M","$","?","M","E","R","E","T","E","M","R","?","E","R","BOSS","M","M","?","?","M","E"],"items_purchased_type":["Relic","Relic"],"build_version":"2020-12-22","purchased_purges":0,"victory":false,"max_hp_per_floor":[71,71,71,71,71,71,71,71,71,71,71,71,71,71,71,71,71,71,71,71,76,76,76,76,76,76,76,76,76,38,38,38,38,38,38,38,38,38,38,38,38],"relic_stats":{"Inserter":[11],"Happy Flower":[14],"counters":[25,111],"Bird Faced Urn":[8],"Turnip":[19],"MawBank":120,"obtain_stats":[{"Inserter":34,"Happy Flower":31,"Velvet Choker":0,"Oddly Smooth Stone":8,"Odd Mushroom":11,"MawBank":10,"Akabeko":14,"White Beast Statue":26,"ClockworkSouvenir":7,"SlaversCollar":17,"Anchor":9,"HornCleat":25,"Bird Faced Urn":37,"Turnip":27,"Cracked Core":0,"TungstenRod":23,"Pocketwatch":20},{"Inserter":20,"Happy Flower":19,"Velvet Choker":0,"Oddly Smooth Stone":6,"Odd Mushroom":8,"MawBank":7,"Akabeko":10,"White Beast Statue":16,"ClockworkSouvenir":5,"SlaversCollar":11,"Anchor":6,"HornCleat":16,"Bird Faced Urn":23,"Turnip":17,"Cracked Core":0,"TungstenRod":15,"Pocketwatch":13},{"Inserter":89,"Happy Flower":69,"Velvet Choker":0,"Oddly Smooth Stone":16,"Odd Mushroom":23,"MawBank":20,"Akabeko":31,"White Beast Statue":54,"ClockworkSouvenir":13,"SlaversCollar":35,"Anchor":16,"HornCleat":54,"Bird Faced Urn":98,"Turnip":60,"Cracked Core":0,"TungstenRod":50,"Pocketwatch":42}],"TungstenRod":14,"Pocketwatch":[72]},"card_choices":[{"not_picked":["Steam","Conserve Battery"],"picked":"Rebound","floor":1.0},{"not_picked":["Rebound","Defragment"],"picked":"Core Surge","floor":2.0},{"not_picked":["Rebound","Beam Cell"],"picked":"Ball Lightning","floor":3.0},{"not_picked":["Hologram","Streamline"],"picked":"Hyperbeam","floor":4.0},{"not_picked":["Go for the Eyes","Coolheaded"],"picked":"Loop","floor":5.0},{"not_picked":["Tempest","Streamline"],"picked":"Hologram","floor":8.0},{"not_picked":["Reprogram","Compile Driver","Lockon"],"picked":"SKIP","floor":10.0},{"not_picked":["Beam Cell","Sweeping Beam"],"picked":"Electrodynamics","floor":11.0},{"not_picked":["Streamline","Barrage","Compile Driver"],"picked":"SKIP","floor":13.0},{"not_picked":["Go for the Eyes","Chaos","Recycle"],"picked":"SKIP","floor":14.0},{"not_picked":["Rainbow","Thunder Strike"],"picked":"Seek","floor":16.0},{"not_picked":["Consume","Storm","Blizzard"],"picked":"SKIP","floor":18.0},{"not_picked":["Stack+1","Turbo"],"picked":"Coolheaded","floor":19.0},{"not_picked":["Scrape","Go for the Eyes"],"picked":"Self Repair","floor":22.0},{"not_picked":["Scrape+1","Double Energy","Compile Driver"],"picked":"SKIP","floor":23.0},{"not_picked":["Scrape+1","Double Energy","Compile Driver"],"picked":"SKIP","floor":23.0},{"not_picked":["Sweeping Beam","Ball Lightning","Sunder"],"picked":"SKIP","floor":25},{"not_picked":["Go for the Eyes","Skim"],"picked":"Undo","floor":27},{"not_picked":["Steam Power","Hologram","Self Repair"],"picked":"SKIP","floor":28},{"not_picked":["Steam Power","Hologram","Self Repair"],"picked":"SKIP","floor":28},{"not_picked":["Hyperbeam","Sunder"],"picked":"White Noise+1","floor":31},{"not_picked":["Fission","Core Surge"],"picked":"Amplify","floor":33},{"not_picked":["Reprogram","Hologram","Streamline"],"picked":"SKIP","floor":35},{"not_picked":["Rebound","Gash","Blizzard"],"picked":"SKIP","floor":36},{"not_picked":["Compile Driver","Barrage","Beam Cell"],"picked":"SKIP","floor":39}],"player_experience":21675368,"relics_obtained":[{"floor":8.0,"key":"Oddly Smooth Stone"},{"floor":9.0,"key":"Anchor"},{"floor":10.0,"key":"MawBank"},{"floor":11.0,"key":"Odd Mushroom"},{"floor":14.0,"key":"Akabeko"},{"floor":23.0,"key":"TungstenRod"},{"floor":25,"key":"HornCleat"},{"floor":26,"key":"White Beast Statue"},{"floor":27,"key":"Turnip"},{"floor":31,"key":"Happy Flower"},{"floor":37,"key":"Bird Faced Urn"}],"event_choices":[{"damage_healed":0.0,"max_hp_gain":0.0,"max_hp_loss":0.0,"gold_gain":0.0,"event_name":"Mushrooms","player_choice":"Fought Mushrooms","floor":11.0,"gold_loss":0.0,"damage_taken":0.0},{"damage_healed":0.0,"max_hp_gain":0.0,"max_hp_loss":0.0,"gold_gain":0.0,"cards_transformed":["Strike_B"],"event_name":"Living Wall","player_choice":"Change","floor":12.0,"gold_loss":0.0,"damage_taken":0.0,"cards_obtained":["Skim"]},{"damage_healed":0.0,"max_hp_gain":5.0,"max_hp_loss":0.0,"gold_gain":0.0,"event_name":"Forgotten Altar","player_choice":"Shed Blood","floor":21.0,"gold_loss":0.0,"damage_taken":25.0},{"damage_healed":0,"gold_gain":0,"player_choice":"Became a Ghost","damage_taken":0,"max_hp_gain":0,"max_hp_loss":38,"event_name":"Ghosts","floor":30,"gold_loss":0,"cards_obtained":["Ghostly","Ghostly","Ghostly"]},{"damage_healed":0,"gold_gain":0,"player_choice":"Fight","damage_taken":0,"max_hp_gain":0,"max_hp_loss":0,"event_name":"Mysterious Sphere","floor":37,"gold_loss":0},{"cards_removed":["Hyperbeam"],"damage_healed":0,"gold_gain":0,"player_choice":"Removed Attack","damage_taken":0,"max_hp_gain":0,"max_hp_loss":0,"event_name":"Falling","floor":38,"gold_loss":0}],"is_beta":false,"boss_relics":[{"not_picked":["Sozu","Runic Dome"],"picked":"SlaversCollar"},{"not_picked":["Nuclear Battery","Tiny House"],"picked":"Inserter"}],"items_purged_floors":[],"is_endless":false,"potions_floor_spawned":[4,5,8,10,16,18,23,25,27,28,31,33,35,36,37,39],"killed_by":"Reptomancer","ascension_level":20}}