{"host":"0dvp4uxbao5ucv2j","time":1611776128,"event":{"mods":["AchievementEnabler","Aspiration","Bard","BaseMod","BetterRewards","DNKmod","DNKmod Update","Downfall","Friendly Minions","GifTheSpireLib","Hubris","Infinite Spire","Minty Spire (QoL Compilation)","Replay The Spire","StSLib"],"gold_per_floor":[10000,10011,9033,9033,9033,9033,9033,8105,8132,7246,7246,7256,7256,7286,7305,7401,7401,7401,7417,7431,7450,7450,7462,7462,6681,6693,6693,6712,6822,6822,5628,5639,5735,5735,5735,5751,5770,5013,5029,4026,4026,3028,3043,3043,3068,3068,3085,3104,3122,3122],"floor_reached":51,"language":"ENG","playtime":3630,"items_purged":["Injury","Slimebound:Defend_Slimebound","Slimebound:Strike_Slimebound","hubris:Sloth","Slimebound:Split","Slimebound:Tackle","Delirium"],"score":1263,"play_id":"5eefcb4e-001d-468a-9b80-b20493641016","local_time":"20210127203528","is_ascension_mode":true,"campfire_choices":[{"data":"Slimebound:LevelUp","floor":6,"key":"SMITH"},{"data":"expansioncontent:StudyTheSpire","floor":13,"key":"SMITH"},{"data":"Slimebound:LevelUp","floor":18,"key":"SMITH"},{"floor":30,"key":"RECALL"},{"data":"Slimebound:TagTeam","floor":35,"key":"SMITH"},{"data":"Transmutation","floor":46,"key":"SMITH"}],"circlet_count":0,"master_deck":["Slimebound:Strike_Slimebound","Slimebound:Defend_Slimebound","Slimebound:Defend_Slimebound","Slimebound:Defend_Slimebound","Slimebound:CorrosiveSpit","Slimebound:SamplingLick","Slimebound:Recollect","Slimebound:LevelUp+1","Slimebound:DivideAndConquer","Slimebound:Prepare","Slimebound:SlimeTap","Slimebound:SlimeBarrage","Slimebound:LevelUp+1","Slimebound:ForwardTackle","Slimebound:OozeBath","Slimebound:OozeBath+1","Magnetism","Slimebound:ComboTackle","Slimebound:ComboTackle+1","Slimebound:SplitMire","Slimebound:SplitLeeching","Slimebound:FirmFortitude","Slimebound:SplitLeeching","Slimebound:ForwardTackle+1","Slimebound:SelfFormingGoo","Slimebound:CheckThePlaybook","Slimebound:LevelUp","Slimebound:SplitSpecialist","Slimebound:ForwardTackle","Slimebound:SplitLeeching","Slimebound:SplitAcid","Slimebound:SplitBruiser+1","Slimebound:SplitMire","Slimebound:ProtectTheBoss","Transmutation+1","Slimebound:Repurpose+1","Slimebound:TagTeam+1","Slimebound:SlimeBrawl+1","Madness","Slimebound:Gluttony","Slimebound:Dissolve","Slimebound:Dissolve","Transmutation","Slimebound:Overexert","Slimebound:ServeAndProtect","Slimebound:LevelUp+1","Slimebound:Nibble+1","Slimebound:Darklings","Slimebound:SplitMire+1","Slimebound:SplitBruiser","Parasite","Slimebound:SplitBruiser+1"],"relics":["Slimebound:AbsorbEndCombat","aspiration:DSix","Chemical X","Bag of Preparation","hubris:Zylophone","aspiration:TomeofQuesting","Slimebound:SelfDamagePreventRelic","Pondfish Scales","Regal Pillow","infinitespire:Magic Flask","BargainBundle","Replay:Accelerometer","hubris:CuriousFeather","hubris:Icosahedron","Replay:Baseball","Cursed Key","Replay:Lucky Slots","Du-Vu Doll","CaptainsWheel","Lee\u0027s Waffle","Mango","Counterbalance","aspiration:SecretTechniqueScroll","HandDrill","ReplayFunnel","Whetstone","aspiration:Nostalgia","bard:PitchPipe","Durian","hubris:DisguiseKit","InkBottle","hubris:DeckOfHolding","Ancient Tea Set","DollysMirror","Nunchaku"],"acts_visited":["Exordium","TheCity","TheBeyond"],"potions_floor_usage":[33,33,33,50],"damage_taken":[{"damage":6,"enemies":"Small Slimes","floor":2,"turns":3},{"damage":3,"enemies":"downfall:FleeingMerchant","floor":3,"turns":4},{"damage":0,"enemies":"Cultist","floor":4,"turns":1},{"damage":15,"enemies":"downfall:FleeingMerchant","floor":8,"turns":4},{"damage":6,"enemies":"Lagavulin","floor":9,"turns":5},{"damage":9,"enemies":"downfall:FleeingMerchant","floor":10,"turns":4},{"damage":0,"enemies":"2 Louse","floor":12,"turns":2},{"damage":11,"enemies":"Gremlin Nob","floor":14,"turns":3},{"damage":0,"enemies":"Large Slime","floor":15,"turns":3},{"damage":17,"enemies":"WA_ARCHETYPE_RETAIN","floor":16,"turns":5},{"damage":5,"enemies":"Spheric Guardian","floor":19,"turns":3},{"damage":0,"enemies":"Cultist and Chosen","floor":20,"turns":3},{"damage":36,"enemies":"Centurion and Healer","floor":21,"turns":4},{"damage":3,"enemies":"3 Cultists","floor":23,"turns":4},{"damage":17,"enemies":"downfall:FleeingMerchant","floor":25,"turns":4},{"damage":0,"enemies":"Sentry and Sphere","floor":26,"turns":4},{"damage":18,"enemies":"Centurion and Healer","floor":28,"turns":3},{"damage":42,"enemies":"Snake Plant","floor":29,"turns":3},{"damage":0,"enemies":"3 Cultists","floor":32,"turns":3},{"damage":0,"enemies":"DF_ARCHETYPE_CLAW","floor":33,"turns":4},{"damage":0,"enemies":"Orb Walker","floor":36,"turns":3},{"damage":0,"enemies":"3 Shapes","floor":37,"turns":3},{"damage":5,"enemies":"Jaw Worm Horde","floor":39,"turns":2},{"damage":14,"enemies":"4 Shapes","floor":43,"turns":3},{"damage":0,"enemies":"R_Hoarder","floor":45,"turns":6},{"damage":0,"enemies":"3 Darklings","floor":47,"turns":2},{"damage":4,"enemies":"Sphere and 2 Shapes","floor":48,"turns":3},{"damage":0,"enemies":"Writhing Mass","floor":49,"turns":3},{"damage":0,"enemies":"SI_POISON_ARCHETYPE","floor":50,"turns":3}],"seed_played":"3428888175189524327","potions_obtained":[{"floor":9,"key":"Weak Potion"},{"floor":12,"key":"Swift Potion"},{"floor":14,"key":"sneckomod:MuddlingPotion"},{"floor":23,"key":"CultistPotion"},{"floor":32,"key":"Block Potion"},{"floor":33,"key":"SkillPotion"},{"floor":36,"key":"DuplicationPotion"},{"floor":37,"key":"Adrenaline Potion"}],"is_trial":false,"path_per_floor":["R","M","$","M","?","R","T","$","E","$","?","M","R","E","M","B",null,"R","M","M","M","?","M","T","$","M","?","M","M","R","$","M","B",null,"R","M","M","$","M","?","T","$","M","?","E","R","M","M","M","B",null],"character_chosen":"SLIMEBOUND","items_purchased":["Chemical X","Bag of Preparation","Slimebound:LevelUp","Slimebound:DivideAndConquer","expansioncontent:StudyTheSpire","hubris:Zylophone","Slimebound:SelfDamagePreventRelic","Pondfish Scales","Regal Pillow","Slimebound:SlimeTap","Slimebound:SlimeBarrage","Slimebound:LevelUp","BargainBundle","Replay:Accelerometer","hubris:CuriousFeather","Slimebound:OozeBath+1","Magnetism","Slimebound:ComboTackle","Replay:Lucky Slots","Du-Vu Doll","CaptainsWheel","Slimebound:LevelUp","Slimebound:SplitSpecialist","Slimebound:ForwardTackle","Lee\u0027s Waffle","Mango","Counterbalance","Slimebound:SplitMire","Slimebound:ProtectTheBoss","Transmutation","HandDrill","ReplayFunnel","Whetstone","Madness","aspiration:Nostalgia","Durian","Slimebound:Gluttony","Slimebound:Dissolve","Transmutation","hubris:DisguiseKit","Slimebound:Overexert","Slimebound:ServeAndProtect","hubris:DeckOfHolding","Ancient Tea Set","DollysMirror"],"campfire_rested":0,"item_purchase_floors":[3,3,3,3,3,3,8,8,8,8,8,8,10,10,10,10,10,10,25,25,25,25,25,25,31,31,31,31,31,31,38,38,38,38,40,40,40,40,40,40,42,42,42,42,42],"current_hp_per_floor":[120,118,119,119,119,119,119,107,105,100,100,100,100,93,97,84,120,120,117,120,88,88,93,93,82,82,82,72,32,32,141,141,141,141,141,141,141,141,136,141,141,141,127,127,135,135,137,135,139,143],"gold":3122,"neow_bonus":"ONE_RARE_RELIC","is_daily":false,"chose_seed":false,"campfire_upgraded":5,"win_rate":0.0,"timestamp":1611776128,"path_taken":["R","M","?","M","?","R","T","$","E","$","?","M","R","E","M","BOSS","R","M","M","M","?","?","T","$","M","?","M","M","R","$","M","BOSS","R","M","M","$","M","?","T","$","M","?","E","R","M","M","M","BOSS"],"items_purchased_type":["Relic","Relic","Card","Card","Card","Relic","Relic","Relic","Relic","Card","Card","Card","Relic","Relic","Relic","Card","Card","Card","Relic","Relic","Relic","Card","Card","Card","Relic","Relic","Relic","Card","Card","Card","Relic","Relic","Relic","Card","Relic","Relic","Card","Card","Card","Relic","Card","Card","Relic","Relic","Relic"],"build_version":"2020-12-22","purchased_purges":7,"victory":true,"max_hp_per_floor":[120,120,120,120,120,120,120,120,120,120,120,120,120,120,120,120,120,120,120,120,120,120,120,120,120,120,120,120,120,120,141,141,141,141,141,141,141,141,141,146,146,146,146,146,146,146,146,146,146,146],"card_choices":[{"not_picked":["Slimebound:DisruptingSlam","Slimebound:ItLooksTasty"],"picked":"Slimebound:SamplingLick","floor":2},{"not_picked":["Slimebound:ProtectTheBoss","Slimebound:LivingWall"],"picked":"Slimebound:Recollect","floor":3},{"not_picked":["Slimebound:PressTheAttack","Slimebound:RollThrough"],"picked":"Slimebound:Prepare","floor":4},{"not_picked":["Slimebound:SlimeSpikes","Slimebound:Replication","Slimebound:GoopTackle"],"picked":"SKIP","floor":8},{"not_picked":["Slimebound:SamplingLick","Slimebound:SlimeSpikes"],"picked":"Slimebound:ForwardTackle","floor":9},{"not_picked":["Slimebound:Recollect","Slimebound:Prepare"],"picked":"Slimebound:OozeBath","floor":10},{"not_picked":["Slimebound:LeechingTouch","Slimebound:ItLooksTasty"],"picked":"Slimebound:ComboTackle","floor":12},{"not_picked":["Slimebound:SplitSpecialist","Slimebound:Repurpose"],"picked":"Slimebound:SplitMire","floor":14},{"not_picked":["Slimebound:Chomp","Slimebound:Prepare"],"picked":"Slimebound:SplitLeeching","floor":15},{"not_picked":["Slimebound:MassFeed","Slimebound:WasteNot"],"picked":"Slimebound:FirmFortitude","floor":16},{"not_picked":["Slimebound:Equalize","Slimebound:Schlurp","Slimebound:FinishingTackle+1"],"picked":"SKIP","floor":19},{"not_picked":["Slimebound:ComboTackle","Slimebound:LeechEnergy"],"picked":"Slimebound:SplitLeeching","floor":20},{"not_picked":["Slimebound:HungryTackle","Slimebound:FlameTackle+1"],"picked":"Slimebound:ForwardTackle","floor":21},{"not_picked":["Slimebound:SamplingLick+1","Slimebound:RainOfGoop"],"picked":"Slimebound:CheckThePlaybook","floor":23},{"not_picked":["Slimebound:SamplingLick","Slimebound:FinishingTackle+1","Slimebound:RainOfGoop"],"picked":"SKIP","floor":25},{"not_picked":["Slimebound:LeechingTouch","Slimebound:RollThrough+1"],"picked":"Slimebound:SplitLeeching","floor":26},{"not_picked":["Slimebound:GoopTackle","Slimebound:LeechEnergy+1"],"picked":"Slimebound:SplitAcid","floor":28},{"not_picked":["Slimebound:SamplingLick","Slimebound:ViciousTackle"],"picked":"Slimebound:SplitBruiser+1","floor":29},{"not_picked":["Slimebound:FinishingTackle","Slimebound:PrepareCrush"],"picked":"Slimebound:Repurpose+1","floor":32},{"not_picked":["Slimebound:Recycling","Slimebound:Overexert"],"picked":"Slimebound:TagTeam","floor":33},{"not_picked":["Slimebound:RainOfGoop","Slimebound:Grow"],"picked":"Slimebound:SlimeBrawl+1","floor":36},{"not_picked":["Slimebound:LeechEnergy","Slimebound:GoopTackle","Slimebound:LivingWall+1"],"picked":"SKIP","floor":37},{"not_picked":["Slimebound:LeechEnergy","Slimebound:TongueLash","Slimebound:FormOfPuddle"],"picked":"SKIP","floor":39},{"not_picked":["Slimebound:GoopSpray","Slimebound:RollThrough","champ:DefensiveShout"],"picked":"Slimebound:Nibble+1","floor":43},{"not_picked":["Slimebound:LeechEnergy+1","Slimebound:ViciousTackle+1","champ:FalseCounter"],"picked":"Slimebound:SplitMire+1","floor":45},{"not_picked":["Slimebound:LeechEnergy","Slimebound:GrowthPunch","Slimebound:SlimeSpikes","champ:HoldFirm"],"picked":"SKIP","floor":47},{"not_picked":["Slimebound:Recycling","Slimebound:FinishingTackle+1","champ:CalledShot"],"picked":"Slimebound:SplitBruiser","floor":48},{"not_picked":["Slimebound:ComboTackle+1","Slimebound:Dissolve+1","champ:CalledShot"],"picked":"Slimebound:SplitBruiser+1","floor":49}],"player_experience":156603,"relics_obtained":[{"floor":7,"key":"aspiration:TomeofQuesting"},{"floor":9,"key":"infinitespire:Magic Flask"},{"floor":14,"key":"Replay:Baseball"},{"floor":41,"key":"InkBottle"},{"floor":45,"key":"Nunchaku"}],"event_choices":[],"is_beta":false,"boss_relics":[{"not_picked":["Runic Pyramid","hubris:ScarierMask"],"picked":"Cursed Key"},{"not_picked":["aspiration:DefectSkillbook","Runic Dome"],"picked":"aspiration:SecretTechniqueScroll"}],"items_purged_floors":[3,8,10,25,31,38,42],"is_endless":false,"potions_floor_spawned":[9,12,14,15,23,26,28,32,33,36,37,43,45],"ascension_level":2}}