{"host":"qxeepl7ydvsgmfdb","time":1611754611,"event":{"mods":["AchievementEnabler","BaseMod","Colored Powertips","Minty Spire (QoL Compilation)","Quick Restart","slay the spire mod where everything is the same but ironclad has a cowboy hat"],"gold_per_floor":[115,190,140,140,63,97,97,116,116,116,130,130,148,163,163,282,282,251,276,201,291,306,306,306],"floor_reached":23,"language":"ENG","playtime":649,"items_purged":["Injury"],"score":335,"play_id":"86394a0a-ba5a-4485-834f-8f3a64ea6a43","local_time":"20210127083651","is_ascension_mode":true,"campfire_choices":[{"data":"Poisoned Stab","floor":7.0,"key":"SMITH"},{"data":"Deflect","floor":10.0,"key":"SMITH"},{"floor":15.0,"key":"REST"}],"circlet_count":0,"master_deck":["AscendersBane","Strike_G","Strike_G","Strike_G","Strike_G","Defend_G","Defend_G","Defend_G","Defend_G","Defend_G","Survivor","Neutralize","Cloak And Dagger","Blade Dance","Poisoned Stab+1","Deflect+1","Dagger Spray","Footwork","After Image","Blade Dance","Deflect","Slice"],"relics":["Ring of the Snake","NeowsBlessing","Singing Bowl","Darkstone Periapt","Boot","Golden Idol","WristBlade"],"acts_visited":["Exordium","TheCity"],"potions_floor_usage":[22],"damage_taken":[{"damage":0.0,"enemies":"2 Louse","floor":1.0,"turns":1.0},{"damage":0.0,"enemies":"3 Sentries","floor":6.0,"turns":1.0},{"damage":0.0,"enemies":"Small Slimes","floor":8.0,"turns":1.0},{"damage":0.0,"enemies":"Jaw Worm","floor":11.0,"turns":2.0},{"damage":8.0,"enemies":"Gremlin Gang","floor":13.0,"turns":4.0},{"damage":5.0,"enemies":"3 Louse","floor":14.0,"turns":2.0},{"damage":61.0,"enemies":"Slime Boss","floor":16.0,"turns":8.0},{"damage":15.0,"enemies":"2 Thieves","floor":18.0,"turns":5.0},{"damage":0.0,"enemies":"Spheric Guardian","floor":19.0,"turns":3.0},{"damage":25,"enemies":"Cultist and Chosen","floor":22,"turns":6},{"damage":41,"enemies":"Slavers","floor":23,"turns":3}],"seed_played":"2045062585804907994","potions_obtained":[{"floor":1.0,"key":"Dexterity Potion"},{"floor":13.0,"key":"FearPotion"},{"floor":16.0,"key":"Fire Potion"},{"floor":19.0,"key":"FairyPotion"}],"is_trial":false,"path_per_floor":["M","?","?","?","$","E","R","M","T","R","M","?","M","M","R","B",null,"M","M","$","?","M","E"],"character_chosen":"THE_SILENT","items_purchased":["Blade Dance","Poisoned Stab"],"campfire_rested":1,"item_purchase_floors":[5,5],"current_hp_per_floor":[63,52,52,45,45,45,45,45,45,45,47,53,45,42,66,5,61,46,46,46,34,9,0,0],"gold":306,"neow_bonus":"THREE_ENEMY_KILL","is_daily":false,"chose_seed":false,"campfire_upgraded":2,"win_rate":0.0,"timestamp":1611754611,"path_taken":["M","?","?","?","?","E","R","M","T","R","?","?","M","M","R","BOSS","M","M","$","?","?","E"],"items_purchased_type":["Card","Card"],"build_version":"2020-12-22","purchased_purges":1,"victory":false,"max_hp_per_floor":[70,70,70,70,70,70,70,70,70,70,72,78,78,80,80,80,80,80,80,80,80,80,80,80],"card_choices":[{"not_picked":["Endless Agony","PiercingWail"],"picked":"Cloak And Dagger","floor":1.0},{"not_picked":["Glass Knife","Blur"],"picked":"Deflect","floor":6.0},{"not_picked":["Prepared","Well Laid Plans"],"picked":"Dagger Spray","floor":8.0},{"not_picked":["Dagger Throw","Heel Hook","Predator"],"picked":"Singing Bowl","floor":11.0},{"not_picked":["Acrobatics","Backflip"],"picked":"Footwork","floor":13.0},{"not_picked":["PiercingWail","Slice","Calculated Gamble"],"picked":"Singing Bowl","floor":14.0},{"not_picked":["Bullet Time","Adrenaline"],"picked":"After Image","floor":16.0},{"not_picked":["Dagger Throw","Escape Plan+1"],"picked":"Blade Dance","floor":18.0},{"not_picked":["Outmaneuver+1","Underhanded Strike+1"],"picked":"Deflect","floor":19.0},{"not_picked":["Flying Knee","Noxious Fumes"],"picked":"Slice","floor":22}],"player_experience":238252,"relics_obtained":[{"floor":6.0,"key":"Darkstone Periapt"},{"floor":9.0,"key":"Boot"}],"event_choices":[{"damage_healed":0.0,"max_hp_gain":0.0,"max_hp_loss":0.0,"gold_gain":75.0,"event_name":"World of Goop","player_choice":"Gather Gold","floor":2.0,"gold_loss":0.0,"damage_taken":11.0},{"cards_removed":["Strike_G"],"damage_healed":0.0,"max_hp_gain":0.0,"max_hp_loss":0.0,"gold_gain":0.0,"event_name":"The Cleric","player_choice":"Card Removal","floor":3.0,"gold_loss":50.0,"damage_taken":0.0},{"damage_healed":0.0,"max_hp_gain":0.0,"max_hp_loss":0.0,"gold_gain":0.0,"event_name":"Scrap Ooze","player_choice":"Success","floor":4.0,"gold_loss":0.0,"damage_taken":7.0,"relics_obtained":["Singing Bowl"]},{"damage_healed":0.0,"max_hp_gain":0.0,"max_hp_loss":0.0,"gold_gain":0.0,"event_name":"Golden Idol","player_choice":"Take Wound","floor":12.0,"gold_loss":0.0,"damage_taken":0.0,"relics_obtained":["Golden Idol"],"cards_obtained":["Injury"]},{"damage_healed":0.0,"max_hp_gain":0.0,"max_hp_loss":0.0,"gold_gain":90.0,"event_name":"Knowing Skull","player_choice":"GOLD ","floor":21.0,"potions_obtained":[],"gold_loss":0.0,"damage_taken":12.0,"cards_obtained":[]}],"is_beta":false,"boss_relics":[{"not_picked":["Runic Pyramid","Runic Dome"],"picked":"WristBlade"}],"items_purged_floors":[20],"is_endless":false,"potions_floor_spawned":[1,13,14,16,19],"killed_by":"Slavers","ascension_level":11}}