{"host":"3rq1xc6k69gfb1qo","time":1611774089,"event":{"mods":["AchievementEnabler","BaseMod","Block Reminder","Colored Map","Highlight Path","Minty Spire (QoL Compilation)","Quick Restart","Relic Stats","StSLib"],"gold_per_floor":[215,44,44,60,80,115,115,150,150,150,182,182,182,208,208,305,305,345,345,345,390,43,74,74,74,74,101,101,49,49,69,69,171,171,209,244,262,281,281,281],"floor_reached":39,"language":"ENG","playtime":1478,"items_purged":["Strike_P","Injury"],"score":644,"play_id":"8e4bdfb7-4c3e-48f6-a3f0-fc1d2d7c28cf","local_time":"20210127140129","is_ascension_mode":true,"campfire_choices":[{"data":"CrushJoints","floor":7,"key":"SMITH"},{"data":"Eruption","floor":10,"key":"SMITH"},{"data":"Protect","floor":15,"key":"SMITH"},{"data":"Writhe","floor":28,"key":"PURGE"},{"floor":32,"key":"REST"}],"circlet_count":0,"master_deck":["Strike_P","Strike_P","Defend_P","Defend_P","Defend_P","Defend_P","Eruption+1","Vigilance","Conclude","Protect+1","FollowUp","JustLucky","CutThroughFate","CrushJoints+1","Halt+1","FlurryOfBlows+1","FlurryOfBlows","Wish","SashWhip","Tantrum","LessonLearned","Finesse","TalkToTheHand","ThirdEye","ClearTheMind+1","Protect+1","EmptyFist+1","EmptyBody"],"relics":["PureWater","Smiling Mask","Unceasing Top","Shuriken","Kunai","Mercury Hourglass","Pear","Vajra","Cursed Key","Peace Pipe","Pantograph","PreservedInsect","Fusion Hammer"],"acts_visited":["Exordium","TheCity","TheBeyond"],"potions_floor_usage":[23,27,33,35,39],"damage_taken":[{"damage":0,"enemies":"Cultist","floor":1,"turns":2},{"damage":2,"enemies":"Jaw Worm","floor":4,"turns":3},{"damage":0,"enemies":"2 Louse","floor":5,"turns":1},{"damage":18,"enemies":"Lagavulin","floor":6,"turns":6},{"damage":0,"enemies":"Gremlin Nob","floor":8,"turns":2},{"damage":15,"enemies":"3 Sentries","floor":11,"turns":2},{"damage":0,"enemies":"Gremlin Nob","floor":14,"turns":2},{"damage":27,"enemies":"The Guardian","floor":16,"turns":7},{"damage":2,"enemies":"Shell Parasite","floor":18,"turns":4},{"damage":5,"enemies":"Chosen","floor":21,"turns":3},{"damage":14,"enemies":"Slavers","floor":23,"turns":2},{"damage":12,"enemies":"Gremlin Leader","floor":27,"turns":2},{"damage":1,"enemies":"Centurion and Healer","floor":31,"turns":5},{"damage":6,"enemies":"Champ","floor":33,"turns":7},{"damage":0,"enemies":"3 Shapes","floor":35,"turns":3},{"damage":15,"enemies":"3 Darklings","floor":36,"turns":5},{"damage":10,"enemies":"Sphere and 2 Shapes","floor":37,"turns":3},{"damage":57,"enemies":"Writhing Mass","floor":38,"turns":5},{"damage":9,"enemies":"3 Darklings","floor":39,"turns":1}],"seed_played":"-9053984850917652448","potions_obtained":[{"floor":1,"key":"Weak Potion"},{"floor":5,"key":"SmokeBomb"},{"floor":18,"key":"Strength Potion"},{"floor":23,"key":"BlessingOfTheForge"},{"floor":27,"key":"PowerPotion"},{"floor":33,"key":"Fire Potion"},{"floor":36,"key":"SpeedPotion"},{"floor":37,"key":"Energy Potion"}],"is_trial":false,"path_per_floor":["M","$","?","M","M","E","R","E","T","R","E","?","T","E","R","B",null,"M","?","T","M","$","E","?","?","T","E","R","$","?","M","R","B",null,"M","M","M","M","M"],"character_chosen":"WATCHER","items_purchased":["Protect","FollowUp","Tantrum","LessonLearned","Finesse","ThirdEye"],"campfire_rested":1,"item_purchase_floors":[2,2,22,22,22,29],"current_hp_per_floor":[72,72,77,75,75,57,57,57,57,57,42,30,40,40,40,13,69,67,67,67,62,62,48,31,31,31,19,19,19,19,18,45,64,85,85,70,60,3,0,0],"gold":281,"neow_bonus":"HUNDRED_GOLD","is_daily":false,"chose_seed":false,"campfire_upgraded":3,"win_rate":0.0,"timestamp":1611774089,"path_taken":["M","$","?","M","M","E","R","E","T","R","E","?","?","E","R","BOSS","M","?","?","M","$","E","?","?","T","E","R","$","?","M","R","BOSS","M","M","M","M","?"],"items_purchased_type":["Card","Card","Card","Card","Card","Card"],"build_version":"2020-12-22","purchased_purges":2,"victory":false,"max_hp_per_floor":[72,72,77,77,77,77,77,77,77,77,77,77,87,87,87,87,87,87,87,87,87,87,87,92,92,92,92,92,92,92,92,92,92,92,92,92,92,92,92,92],"relic_stats":{"Peace Pipe":1,"counters":[19,65],"Shuriken":[34],"Pantograph":25,"PreservedInsect":0,"Kunai":[32],"Smiling Mask":50,"Cursed Key":1,"obtain_stats":[{"Pear":13,"Vajra":14,"PreservedInsect":27,"Smiling Mask":6,"Cursed Key":17,"Mercury Hourglass":12,"Peace Pipe":23,"Shuriken":9,"Pantograph":25,"Fusion Hammer":34,"Kunai":11,"PureWater":0,"Unceasing Top":8},{"Pear":6,"Vajra":7,"PreservedInsect":12,"Smiling Mask":4,"Cursed Key":8,"Mercury Hourglass":6,"Peace Pipe":11,"Shuriken":5,"Pantograph":11,"Fusion Hammer":14,"Kunai":6,"PureWater":0,"Unceasing Top":5},{"Pear":16,"Vajra":18,"PreservedInsect":36,"Smiling Mask":12,"Cursed Key":25,"Mercury Hourglass":16,"Peace Pipe":34,"Shuriken":14,"Pantograph":34,"Fusion Hammer":48,"Kunai":16,"PureWater":0,"Unceasing Top":14}],"Unceasing Top":[1],"Mercury Hourglass":[178]},"card_choices":[{"not_picked":["Collect","EmptyFist"],"picked":"Conclude","floor":1},{"not_picked":["Prostrate","JustLucky","Crescendo"],"picked":"SKIP","floor":4},{"not_picked":["Prostrate","Crescendo"],"picked":"JustLucky","floor":4},{"not_picked":["Consecrate","Prostrate"],"picked":"CutThroughFate","floor":5},{"not_picked":["FlyingSleeves","Judgement"],"picked":"CrushJoints","floor":6},{"not_picked":["CrushJoints","FollowUp"],"picked":"Halt","floor":8},{"not_picked":["EmptyBody","TalkToTheHand"],"picked":"FlurryOfBlows","floor":11},{"not_picked":["CutThroughFate","Halt"],"picked":"FlurryOfBlows","floor":14},{"not_picked":["MasterReality","LessonLearned"],"picked":"Wish","floor":16},{"not_picked":["PathToVictory+1","FollowUp"],"picked":"SashWhip","floor":18},{"not_picked":["CarveReality","CrushJoints","Prostrate"],"picked":"SKIP","floor":21},{"not_picked":["Vengeance","WheelKick","ForeignInfluence+1"],"picked":"SKIP","floor":23},{"not_picked":["BowlingBash","Scrawl"],"picked":"TalkToTheHand","floor":27},{"not_picked":["ForeignInfluence+1","Nirvana","Fasting2"],"picked":"SKIP","floor":31},{"not_picked":["FlurryOfBlows","Tantrum"],"picked":"ClearTheMind+1","floor":35},{"not_picked":["ThirdEye+1","Evaluate"],"picked":"Protect+1","floor":36},{"not_picked":["Indignation","CrushJoints"],"picked":"EmptyFist+1","floor":37},{"not_picked":["Swivel","SashWhip"],"picked":"EmptyBody","floor":38}],"player_experience":201115,"relics_obtained":[{"floor":6,"key":"Smiling Mask"},{"floor":8,"key":"Unceasing Top"},{"floor":9,"key":"Shuriken"},{"floor":11,"key":"Kunai"},{"floor":13,"key":"Pear"},{"floor":14,"key":"Vajra"},{"floor":23,"key":"Peace Pipe"},{"floor":27,"key":"PreservedInsect"}],"event_choices":[{"damage_healed":0,"gold_gain":0,"player_choice":"Donut","damage_taken":0,"max_hp_gain":5,"max_hp_loss":0,"event_name":"Big Fish","floor":3,"gold_loss":0},{"damage_healed":0,"gold_gain":0,"player_choice":"Success","damage_taken":12,"relics_obtained":["Mercury Hourglass"],"max_hp_gain":0,"max_hp_loss":0,"event_name":"Scrap Ooze","floor":12,"gold_loss":0},{"damage_healed":0,"gold_gain":0,"player_choice":"Ignored","damage_taken":0,"max_hp_gain":0,"max_hp_loss":0,"event_name":"Ghosts","floor":19,"gold_loss":0},{"damage_healed":0,"gold_gain":0,"player_choice":"Shed Blood","damage_taken":22,"max_hp_gain":5,"max_hp_loss":0,"event_name":"Forgotten Altar","floor":24,"gold_loss":0},{"damage_healed":0,"gold_gain":0,"player_choice":"Opened","damage_taken":0,"relics_obtained":["Pantograph"],"max_hp_gain":0,"max_hp_loss":0,"event_name":"The Mausoleum","floor":25,"gold_loss":0,"cards_obtained":["Writhe"]},{"cards_removed":["Strike_P"],"damage_healed":0,"gold_gain":0,"player_choice":"Purged","damage_taken":0,"max_hp_gain":0,"max_hp_loss":0,"event_name":"Purifier","floor":30,"gold_loss":0}],"is_beta":false,"boss_relics":[{"not_picked":["Tiny House","Empty Cage"],"picked":"Cursed Key"},{"not_picked":["Sozu","Astrolabe"],"picked":"Fusion Hammer"}],"items_purged_floors":[2,22],"is_endless":false,"potions_floor_spawned":[1,5,18,23,27,33,36,37],"killed_by":"3 Darklings","ascension_level":5}}