{"host":"gfmw02tnhhvp9jba","time":1611767798,"event":{"mods":["AchievementEnabler","BaseMod","Colored Map","Conspire","Downfall","Highlight Path","Minty Spire (QoL Compilation)","StSLib"],"gold_per_floor":[212,230,41,60,86,119,119,146,169,202,167,200,200,253,253,351,401,412,26,40,55,86,86,86],"floor_reached":23,"language":"ENG","playtime":965,"items_purged":[],"score":307,"play_id":"954c0888-65fc-4bfa-8001-22fbde45245a","local_time":"20210127181638","is_ascension_mode":true,"campfire_choices":[{"floor":7,"key":"REST"},{"data":"Demon Form","floor":13,"key":"SMITH"},{"data":"Perfected Strike","floor":15,"key":"SMITH"}],"circlet_count":0,"master_deck":["Strike_R","Strike_R","Strike_R","Strike_R","Strike_R","Defend_R","Defend_R","Defend_R","Defend_R","Bash","Evolve","Pommel Strike","Armaments","Pommel Strike","Infernal Blade","Perfected Strike+1","Cleave+1","Demon Form+1","Limit Break","Shrug It Off","Wild Strike","Spot Weakness","Wild Strike","Iron Wave"],"relics":["Burning Blood","Orichalcum","Smiling Mask","Question Card","PreservedInsect","Pen Nib","Ginger","Lantern","Bag of Marbles","Tiny House","OrangePellets","Anchor","Red Mask"],"acts_visited":["Exordium","TheCity"],"potions_floor_usage":[20],"damage_taken":[{"damage":1,"enemies":"Cultist","floor":1,"turns":4},{"damage":0,"enemies":"Small Slimes","floor":2,"turns":3},{"damage":2,"enemies":"2 Louse","floor":4,"turns":4},{"damage":56,"enemies":"Lagavulin","floor":6,"turns":8},{"damage":32,"enemies":"3 Sentries","floor":8,"turns":9},{"damage":25,"enemies":"Lagavulin","floor":10,"turns":4},{"damage":5,"enemies":"3 Sentries","floor":12,"turns":4},{"damage":0,"enemies":"Slime Boss","floor":16,"turns":6},{"damage":21,"enemies":"2 Thieves","floor":18,"turns":4},{"damage":33,"enemies":"3 Byrds","floor":20,"turns":6},{"damage":26,"enemies":"conspire:HollyBat","floor":21,"turns":7},{"damage":27,"enemies":"Masked Bandits","floor":22,"turns":4},{"damage":33,"enemies":"conspire:SneckoGhost","floor":23,"turns":4}],"seed_played":"-6698279469931859515","potions_obtained":[{"floor":1,"key":"FairyPotion"},{"floor":10,"key":"Guardian:BlockOnCardUsePotion"},{"floor":12,"key":"SpeedPotion"},{"floor":16,"key":"Swift Potion"},{"floor":20,"key":"SpeedPotion"},{"floor":22,"key":"EssenceOfSteel"}],"is_trial":false,"path_per_floor":["M","M","$","M","T","E","R","E","T","E","?","E","R","T","R","B",null,"M","$","M","M","?","E"],"character_chosen":"IRONCLAD","items_purchased":["Orichalcum","Armaments","Spot Weakness","OrangePellets","Anchor"],"campfire_rested":1,"item_purchase_floors":[3,3,19,19,19],"current_hp_per_floor":[80,80,80,80,80,30,54,28,28,9,29,30,30,30,30,36,85,70,70,43,23,31,0,0],"gold":86,"neow_bonus":"HUNDRED_GOLD","is_daily":false,"chose_seed":false,"campfire_upgraded":2,"win_rate":0.0,"timestamp":1611767798,"path_taken":["M","M","$","M","?","E","R","E","T","E","?","E","R","?","R","BOSS","M","$","M","?","?","E"],"items_purchased_type":["Relic","Card","Card","Relic","Relic"],"build_version":"2020-12-22","purchased_purges":0,"victory":false,"max_hp_per_floor":[80,80,80,80,80,80,80,80,80,80,80,80,80,80,80,80,85,85,85,85,85,85,85,85],"card_choices":[{"not_picked":["Shockwave","Reckless Charge"],"picked":"Evolve","floor":1},{"not_picked":["Sentinel","Heavy Blade"],"picked":"Pommel Strike","floor":2},{"not_picked":["Evolve","Armaments"],"picked":"Pommel Strike","floor":4},{"not_picked":["True Grit","Clash"],"picked":"Infernal Blade","floor":6},{"not_picked":["Carnage","Clothesline","Heavy Blade"],"picked":"Perfected Strike","floor":8},{"not_picked":["Carnage","Rampage","conspire:Charge"],"picked":"Cleave","floor":10},{"not_picked":["Clothesline","Inflame","Body Slam"],"picked":"Demon Form","floor":12},{"not_picked":["Immolate","Corruption","Double Tap"],"picked":"Limit Break","floor":16},{"not_picked":["Flex","Warcry","Thunderclap"],"picked":"Shrug It Off","floor":17},{"not_picked":["Flame Barrier","Disarm","Body Slam"],"picked":"Wild Strike","floor":18},{"not_picked":["Warcry+1","Thunderclap","Pommel Strike"],"picked":"Wild Strike","floor":20},{"not_picked":["Rupture","Rage","Flex"],"picked":"Iron Wave","floor":21}],"player_experience":91034,"relics_obtained":[{"floor":5,"key":"Smiling Mask"},{"floor":6,"key":"Question Card"},{"floor":8,"key":"PreservedInsect"},{"floor":9,"key":"Pen Nib"},{"floor":10,"key":"Ginger"},{"floor":12,"key":"Lantern"},{"floor":14,"key":"Bag of Marbles"},{"floor":22,"key":"Red Mask"}],"event_choices":[{"damage_healed":20,"gold_gain":0,"player_choice":"Healed","damage_taken":0,"max_hp_gain":0,"max_hp_loss":0,"event_name":"The Cleric","floor":11,"gold_loss":35},{"damage_healed":0,"gold_gain":0,"player_choice":"Fought Bandits","damage_taken":0,"max_hp_gain":0,"max_hp_loss":0,"event_name":"Masked Bandits","floor":22,"gold_loss":0}],"is_beta":false,"boss_relics":[{"not_picked":["Pandora\u0027s Box","Runic Dome"],"picked":"Tiny House"}],"items_purged_floors":[],"is_endless":false,"potions_floor_spawned":[1,10,12,16,18,20,22],"killed_by":"conspire:SneckoGhost","ascension_level":3}}