{"host":"hw9lt6p3yhr90vz0","time":1611779583,"event":{"mods":["BaseMod","DeckTracker","Minty Spire (QoL Compilation)","Relic Stats"],"gold_per_floor":[110,120,133,146,165,191,191,191,218,253,268,285,320,6,6,107,107,120,145,160,4,85,85,100,118,118,147,56,74,74,98,98,204,231,260,284,304,161,161,161,190,230,230,230,280,299,39,51,51,51,51],"floor_reached":50,"language":"ENG","playtime":5067,"items_purged":["Strike_G"],"score":832,"play_id":"64c54f42-c1f9-4623-8c26-11af6138c56d","local_time":"20210127153303","is_ascension_mode":true,"campfire_choices":[{"floor":8.0,"key":"REST"},{"floor":15.0,"key":"RECALL"},{"data":"Noxious Fumes","floor":23.0,"key":"SMITH"},{"floor":30.0,"key":"REST"},{"floor":32.0,"key":"REST"},{"data":"Storm of Steel","floor":40.0,"key":"SMITH"},{"data":"Storm of Steel","floor":44.0,"key":"SMITH"},{"floor":49.0,"key":"REST"}],"circlet_count":0,"master_deck":["Defend_G","Defend_G","Defend_G","Defend_G","Survivor","Neutralize","Dash","Blade Dance","Dagger Spray","Choke","Storm of Steel+1","Dash","Infinite Blades","Choke","Noxious Fumes+1","Corpse Explosion+1","Blade Dance+1","Flying Knee","Conserve Battery+1","Anger","Good Instincts","Poisoned Stab","Storm of Steel+1","Bouncing Flask","ThirdEye","LessonLearned","Calculated Gamble+1","Eviscerate+1","Night Terror+1","Flex+1","Body Slam+1","Turbo+1","Accuracy","Calculated Gamble","Blade Dance"],"relics":["Ring of the Snake","FossilizedHelix","MealTicket","Tiny Chest","Nunchaku","Dead Branch","Omamori","PrismaticShard","InkBottle","CeramicFish","Astrolabe","Sling","Ornamental Fan","Mercury Hourglass","HornCleat","Peace Pipe","Bottled Lightning"],"acts_visited":["Exordium","TheCity","TheBeyond"],"potions_floor_usage":[50],"damage_taken":[{"damage":1.0,"enemies":"Jaw Worm","floor":1.0,"turns":3.0},{"damage":2.0,"enemies":"Cultist","floor":2.0,"turns":4.0},{"damage":2.0,"enemies":"Small Slimes","floor":3.0,"turns":3.0},{"damage":12.0,"enemies":"Looter","floor":4.0,"turns":3.0},{"damage":0.0,"enemies":"Exordium Wildlife","floor":5.0,"turns":2.0},{"damage":25.0,"enemies":"Lagavulin","floor":6.0,"turns":4.0},{"damage":20.0,"enemies":"3 Sentries","floor":10.0,"turns":7.0},{"damage":0.0,"enemies":"3 Louse","floor":11.0,"turns":2.0},{"damage":1.0,"enemies":"Looter","floor":12.0,"turns":3.0},{"damage":0.0,"enemies":"Lagavulin","floor":13.0,"turns":4.0},{"damage":0.0,"enemies":"Slime Boss","floor":16.0,"turns":2.0},{"damage":18.0,"enemies":"Shell Parasite","floor":18.0,"turns":7.0},{"damage":0.0,"enemies":"Chosen","floor":20.0,"turns":3.0},{"damage":0.0,"enemies":"Snecko","floor":24.0,"turns":3.0},{"damage":26.0,"enemies":"Snake Plant","floor":25.0,"turns":5.0},{"damage":19.0,"enemies":"Shelled Parasite and Fungi","floor":27.0,"turns":4.0},{"damage":21.0,"enemies":"Centurion and Healer","floor":31.0,"turns":3.0},{"damage":14.0,"enemies":"Collector","floor":33.0,"turns":8.0},{"damage":11.0,"enemies":"3 Shapes","floor":35.0,"turns":2.0},{"damage":0.0,"enemies":"3 Darklings","floor":36.0,"turns":2.0},{"damage":0.0,"enemies":"Maw","floor":37.0,"turns":5.0},{"damage":15.0,"enemies":"Jaw Worm Horde","floor":41.0,"turns":3.0},{"damage":0.0,"enemies":"Reptomancer","floor":42.0,"turns":3.0},{"damage":5.0,"enemies":"Mind Bloom Boss Battle","floor":45.0,"turns":4.0},{"damage":26.0,"enemies":"Spire Growth","floor":46.0,"turns":5.0},{"damage":10.0,"enemies":"4 Shapes","floor":48.0,"turns":5.0},{"damage":57,"enemies":"Time Eater","floor":50,"turns":4}],"seed_played":"1920404530741675193","potions_obtained":[{"floor":1.0,"key":"DistilledChaos"},{"floor":4.0,"key":"PowerPotion"},{"floor":10.0,"key":"CunningPotion"},{"floor":11.0,"key":"SteroidPotion"},{"floor":13.0,"key":"Energy Potion"},{"floor":18.0,"key":"SkillPotion"},{"floor":24.0,"key":"ColorlessPotion"},{"floor":31.0,"key":"Energy Potion"},{"floor":35.0,"key":"Poison Potion"},{"floor":36.0,"key":"ColorlessPotion"},{"floor":41.0,"key":"Block Potion"},{"floor":48.0,"key":"PowerPotion"}],"is_trial":false,"path_per_floor":["M","M","M","M","M","E","?","R","T","E","M","M","E","$","R","B",null,"M","T","M","$","T","R","M","M","T","M","$","?","R","M","R","B",null,"M","M","M","$","T","R","M","E","T","R","?","M","$","M","R","B"],"character_chosen":"THE_SILENT","items_purchased":["Dead Branch","PrismaticShard","Poisoned Stab","Sling","Bottled Lightning"],"campfire_rested":4,"item_purchase_floors":[14,21,28,38,47],"current_hp_per_floor":[69,67,65,53,53,28,28,51,51,31,31,30,30,45,45,45,69,51,51,51,66,66,66,66,40,40,21,36,36,59,38,61,47,70,59,59,59,74,74,74,59,59,59,59,54,28,43,33,56,0,0],"gold":51,"neow_bonus":"TEN_PERCENT_HP_BONUS","is_daily":false,"chose_seed":false,"campfire_upgraded":3,"win_rate":0.0,"timestamp":1611779583,"path_taken":["M","M","M","M","M","E","?","R","T","E","M","M","E","$","R","BOSS","M","?","M","$","?","R","M","M","T","M","$","?","R","M","R","BOSS","M","M","M","$","?","R","M","E","T","R","?","M","$","M","R","BOSS"],"items_purchased_type":["Relic","Relic","Card","Relic","Relic"],"build_version":"2020-12-22","purchased_purges":1,"victory":false,"max_hp_per_floor":[77,77,77,77,77,77,77,77,77,77,77,77,77,77,77,77,77,77,77,77,77,77,77,77,77,77,77,77,77,77,77,77,77,77,77,77,77,77,77,77,77,77,77,77,77,77,77,77,77,77,77],"relic_stats":{"counters":[27,103],"Dead Branch":[185],"CeramicFish":135,"Astrolabe":["Calculated Gamble","Eviscerate","Night Terror"],"Mercury Hourglass":[69],"Peace Pipe":0,"Nunchaku":[26],"Ornamental Fan":[88],"MealTicket":75,"Tiny Chest":1,"obtain_stats":[{"Dead Branch":14,"CeramicFish":26,"Astrolabe":34,"Omamori":19,"PrismaticShard":21,"Sling":38,"Mercury Hourglass":42,"Peace Pipe":45,"Nunchaku":13,"HornCleat":43,"Ornamental Fan":39,"MealTicket":7,"Tiny Chest":10,"Bottled Lightning":47,"FossilizedHelix":6,"InkBottle":22,"Ring of the Snake":0},{"Dead Branch":10,"CeramicFish":15,"Astrolabe":18,"Omamori":12,"PrismaticShard":13,"Sling":21,"Mercury Hourglass":23,"Peace Pipe":24,"Nunchaku":10,"HornCleat":23,"Ornamental Fan":21,"MealTicket":6,"Tiny Chest":7,"Bottled Lightning":25,"FossilizedHelix":6,"InkBottle":13,"Ring of the Snake":0},{"Dead Branch":35,"CeramicFish":55,"Astrolabe":70,"Omamori":44,"PrismaticShard":47,"Sling":79,"Mercury Hourglass":85,"Peace Pipe":89,"Nunchaku":35,"HornCleat":85,"Ornamental Fan":79,"MealTicket":19,"Tiny Chest":26,"Bottled Lightning":94,"FossilizedHelix":19,"InkBottle":47,"Ring of the Snake":0}],"InkBottle":[34],"Ring of the Snake":[54]},"card_choices":[{"not_picked":["Concentrate","Prepared"],"picked":"Dash","floor":1.0},{"not_picked":["Deadly Poison","Riddle With Holes"],"picked":"Blade Dance","floor":2.0},{"not_picked":["Slice","Prepared"],"picked":"Dagger Spray","floor":3.0},{"not_picked":["Dagger Throw","Outmaneuver"],"picked":"Choke","floor":4.0},{"not_picked":["Grand Finale","Underhanded Strike","Heel Hook"],"picked":"SKIP","floor":5.0},{"not_picked":["Outmaneuver","Poisoned Stab"],"picked":"Storm of Steel","floor":6.0},{"not_picked":["Sucker Punch","PiercingWail"],"picked":"Dash","floor":10.0},{"not_picked":["Flying Knee","Crippling Poison"],"picked":"Infinite Blades","floor":11.0},{"not_picked":["Dagger Throw","Backflip"],"picked":"Choke","floor":12.0},{"not_picked":["Riddle With Holes","Masterful Stab"],"picked":"Noxious Fumes","floor":13.0},{"not_picked":["Adrenaline","Malaise"],"picked":"Corpse Explosion","floor":16.0},{"not_picked":["Bane","Poisoned Stab"],"picked":"Blade Dance","floor":18.0},{"not_picked":["Underhanded Strike+1","Skewer"],"picked":"Flying Knee","floor":20.0},{"not_picked":["Prostrate","Skewer"],"picked":"Conserve Battery+1","floor":24.0},{"not_picked":["Gash","Whirlwind"],"picked":"Anger","floor":25.0},{"not_picked":["Pummel","Backflip+1"],"picked":"Good Instincts","floor":27.0},{"not_picked":["Clash","SashWhip"],"picked":"ThirdEye","floor":31.0},{"not_picked":["Buffer","Magnetism"],"picked":"LessonLearned","floor":33.0},{"not_picked":["Caltrops+1","ThirdEye+1"],"picked":"Flex+1","floor":35.0},{"not_picked":["Leg Sweep+1","CutThroughFate+1"],"picked":"Body Slam+1","floor":36.0},{"not_picked":["Infernal Blade","Coolheaded+1"],"picked":"Turbo+1","floor":37.0},{"not_picked":["Intimidate","White Noise+1"],"picked":"Accuracy","floor":41.0},{"not_picked":["Combust+1","Double Tap"],"picked":"Calculated Gamble","floor":42.0},{"not_picked":["Evaluate+1","PanicButton"],"picked":"Blade Dance","floor":46.0},{"not_picked":["Barrage+1","SashWhip","Sucker Punch"],"picked":"SKIP","floor":48.0}],"player_experience":1293917,"relics_obtained":[{"floor":6.0,"key":"FossilizedHelix"},{"floor":7.0,"key":"MealTicket"},{"floor":10.0,"key":"Tiny Chest"},{"floor":13.0,"key":"Nunchaku"},{"floor":19.0,"key":"Omamori"},{"floor":22.0,"key":"InkBottle"},{"floor":26.0,"key":"CeramicFish"},{"floor":39.0,"key":"Ornamental Fan"},{"floor":42.0,"key":"Mercury Hourglass"},{"floor":43.0,"key":"HornCleat"},{"floor":45.0,"key":"Peace Pipe"}],"event_choices":[{"damage_healed":0.0,"max_hp_gain":0.0,"max_hp_loss":0.0,"gold_gain":0.0,"event_name":"Wheel of Change","player_choice":"Relic","floor":7.0,"gold_loss":0.0,"damage_taken":0.0},{"damage_healed":0.0,"max_hp_gain":0.0,"max_hp_loss":0.0,"gold_gain":0.0,"cards_transformed":["Strike_G","Strike_G"],"event_name":"Drug Dealer","player_choice":"Became Test Subject","floor":29.0,"gold_loss":0.0,"damage_taken":0.0,"cards_obtained":["Storm of Steel","Bouncing Flask"]},{"damage_healed":0.0,"max_hp_gain":0.0,"max_hp_loss":0.0,"gold_gain":0.0,"event_name":"MindBloom","player_choice":"Fight","floor":45.0,"gold_loss":0.0,"damage_taken":0.0}],"is_beta":false,"boss_relics":[{"not_picked":["Busted Crown","Philosopher\u0027s Stone","Snecko Eye"]},{"not_picked":["HoveringKite","Tiny House"],"picked":"Astrolabe"}],"items_purged_floors":[28],"is_endless":false,"potions_floor_spawned":[1,4,10,11,13,18,24,31,35,36,41,48],"killed_by":"Time Eater","ascension_level":7}}