{"host":"mkybizqfemywalen","time":1611776474,"event":{"mods":["2.2 Compatiblity","BaseMod","Bestiary","Colored Map","Colored Powertips","Curses Come First","Highlight Path","Keyboard Shortcuts","Minty Spire (QoL Compilation)","Relic Stats","Slay the Relics Exporter","StSLib","SuperFastMode"],"gold_per_floor":[110,128,128,153,166,199,374,374,374,374,374,220,170,209,209,332,332,346,101,124,149,170,170,211,225,273,80,80,105,42,63,63,192,192,212,14,32,52,70,70,70],"floor_reached":40,"language":"ENG","playtime":1919,"items_purged":["Doubt","Strike_G","Strike_G","Strike_G"],"score":439,"play_id":"6c57602d-eda0-4bd4-9aa8-ce365988941f","local_time":"20210127144114","is_ascension_mode":true,"campfire_choices":[{"data":"Neutralize","floor":8,"key":"SMITH"},{"data":"Burst","floor":10,"key":"SMITH"},{"data":"Backflip","floor":15,"key":"SMITH"},{"data":"Noxious Fumes","floor":28,"key":"SMITH"},{"data":"After Image","floor":32,"key":"SMITH"}],"circlet_count":0,"master_deck":["Strike_G","Defend_G","Defend_G","Defend_G","Defend_G","Survivor","Neutralize+1","Poisoned Stab","Backflip+1","Infinite Blades","Deadly Poison","Burst+1","All Out Attack","Poisoned Stab","After Image","Prepared","Noxious Fumes+1","Dagger Spray","Blur","Bane","After Image+1","Deadly Poison","Noxious Fumes","Bane","Slice","Catalyst","Crippling Poison","Burst","Prepared","Poisoned Stab","Deadly Poison+1","Acrobatics"],"relics":["Ring of the Snake","NeowsBlessing","Vajra","Lantern","Pear","Golden Idol","Ninja Scroll","Sozu","Membership Card","MealTicket","Centennial Puzzle","Bottled Tornado","Philosopher\u0027s Stone","Paper Crane"],"acts_visited":["Exordium","TheCity","TheBeyond"],"potions_floor_usage":[33,33],"damage_taken":[{"damage":0,"enemies":"Small Slimes","floor":1,"turns":1},{"damage":0,"enemies":"Jaw Worm","floor":2,"turns":1},{"damage":0,"enemies":"Cultist","floor":5,"turns":1},{"damage":35,"enemies":"Gremlin Nob","floor":6,"turns":5},{"damage":32,"enemies":"3 Sentries","floor":14,"turns":8},{"damage":4,"enemies":"Hexaghost","floor":16,"turns":9},{"damage":0,"enemies":"3 Byrds","floor":18,"turns":5},{"damage":8,"enemies":"Spheric Guardian","floor":20,"turns":4},{"damage":0,"enemies":"Chosen and Byrds","floor":21,"turns":4},{"damage":5,"enemies":"Sentry and Sphere","floor":22,"turns":6},{"damage":20,"enemies":"Book of Stabbing","floor":24,"turns":5},{"damage":9,"enemies":"Snake Plant","floor":25,"turns":4},{"damage":6,"enemies":"Snecko","floor":29,"turns":4},{"damage":5,"enemies":"Cultist and Chosen","floor":31,"turns":4},{"damage":29,"enemies":"Champ","floor":33,"turns":9},{"damage":3,"enemies":"Orb Walker","floor":35,"turns":3},{"damage":5,"enemies":"3 Shapes","floor":37,"turns":3},{"damage":0,"enemies":"Spire Growth","floor":38,"turns":5},{"damage":19,"enemies":"Jaw Worm Horde","floor":39,"turns":3},{"damage":52,"enemies":"Reptomancer","floor":40,"turns":3}],"seed_played":"3953602538222591555","potions_obtained":[{"floor":5,"key":"SteroidPotion"},{"floor":6,"key":"SpeedPotion"}],"is_trial":false,"path_per_floor":["M","M","?","T","M","E","?","R","T","R","?","$","?","E","R","B",null,"M","$","M","M","M","?","E","M","T","$","R","M","$","M","R","B",null,"M","$","M","M","M","E"],"character_chosen":"THE_SILENT","items_purchased":["All Out Attack","Noxious Fumes","Membership Card","Dagger Spray","Blur","Bottled Tornado","Slice","Paper Crane"],"campfire_rested":0,"item_purchase_floors":[12,19,19,19,19,27,27,36],"current_hp_per_floor":[70,70,70,70,70,35,35,35,45,45,45,45,45,13,13,9,74,74,74,66,66,61,61,41,32,32,47,47,41,56,51,51,22,74,71,74,69,69,50,0,0],"gold":70,"neow_bonus":"THREE_ENEMY_KILL","is_daily":false,"chose_seed":false,"campfire_upgraded":5,"win_rate":0.0,"timestamp":1611776474,"path_taken":["M","M","?","?","?","E","?","R","T","R","?","$","?","E","R","BOSS","M","$","M","M","M","?","E","M","T","$","R","M","?","M","R","BOSS","M","$","M","M","M","E"],"items_purchased_type":["Card","Card","Relic","Card","Card","Relic","Card","Relic"],"build_version":"2020-12-22","purchased_purges":4,"victory":false,"max_hp_per_floor":[70,70,70,70,70,70,70,70,80,80,74,74,74,74,74,74,74,74,74,74,74,74,74,74,74,74,74,74,74,74,74,74,74,74,74,74,74,74,74,74,74],"relic_stats":{"Sozu":6,"Centennial Puzzle":[21],"counters":[20,87],"Golden Idol":112,"MealTicket":33,"obtain_stats":[{"Lantern":6,"Pear":9,"NeowsBlessing":0,"Golden Idol":11,"Vajra":4,"Bottled Tornado":27,"Paper Crane":36,"Sozu":17,"Centennial Puzzle":26,"Ninja Scroll":14,"MealTicket":24,"Philosopher\u0027s Stone":34,"Membership Card":19,"Ring of the Snake":0},{"Lantern":4,"Pear":4,"NeowsBlessing":0,"Golden Idol":4,"Vajra":2,"Bottled Tornado":12,"Paper Crane":16,"Sozu":6,"Centennial Puzzle":12,"Ninja Scroll":5,"MealTicket":11,"Philosopher\u0027s Stone":15,"Membership Card":7,"Ring of the Snake":0},{"Lantern":8,"Pear":8,"NeowsBlessing":0,"Golden Idol":8,"Vajra":2,"Bottled Tornado":53,"Paper Crane":73,"Sozu":25,"Centennial Puzzle":53,"Ninja Scroll":16,"MealTicket":49,"Philosopher\u0027s Stone":70,"Membership Card":30,"Ring of the Snake":0}],"Ring of the Snake":[40]},"card_choices":[{"not_picked":["Backflip","PiercingWail"],"picked":"Poisoned Stab","floor":1},{"not_picked":["Dodge and Roll","Predator"],"picked":"Backflip","floor":2},{"not_picked":["Deadly Poison","Backflip","Deflect"],"picked":"SKIP","floor":5},{"not_picked":["Backflip","Deflect"],"picked":"Deadly Poison","floor":5},{"not_picked":["Escape Plan","Leg Sweep"],"picked":"Burst","floor":6},{"not_picked":["Quick Slash","Dodge and Roll"],"picked":"Poisoned Stab","floor":14},{"not_picked":["Wraith Form v2","Corpse Explosion"],"picked":"After Image","floor":16},{"not_picked":["Sucker Punch","Underhanded Strike+1"],"picked":"Prepared","floor":18},{"not_picked":["All Out Attack","Sucker Punch"],"picked":"Bane","floor":20},{"not_picked":["Blade Dance","Flying Knee"],"picked":"After Image","floor":21},{"not_picked":["Setup","Dagger Throw"],"picked":"Deadly Poison","floor":22},{"not_picked":["Reflex","Underhanded Strike+1","Cloak And Dagger+1"],"picked":"SKIP","floor":24},{"not_picked":["Expertise+1","Deflect+1"],"picked":"Bane","floor":25},{"not_picked":["Prepared","Deflect+1"],"picked":"Catalyst","floor":29},{"not_picked":["Blade Dance","Riddle With Holes+1"],"picked":"Crippling Poison","floor":31},{"not_picked":["A Thousand Cuts","Grand Finale"],"picked":"Burst","floor":33},{"not_picked":["Deadly Poison+1","Flechettes+1"],"picked":"Prepared","floor":35},{"not_picked":["Underhanded Strike","Choke+1"],"picked":"Poisoned Stab","floor":37},{"not_picked":["Dagger Throw+1","Noxious Fumes"],"picked":"Deadly Poison+1","floor":38},{"not_picked":["Flechettes+1","Malaise"],"picked":"Acrobatics","floor":39}],"player_experience":135012,"relics_obtained":[{"floor":4,"key":"Vajra"},{"floor":6,"key":"Lantern"},{"floor":9,"key":"Pear"},{"floor":14,"key":"Ninja Scroll"},{"floor":24,"key":"MealTicket"},{"floor":26,"key":"Centennial Puzzle"}],"event_choices":[{"damage_healed":0,"gold_gain":0,"cards_transformed":["Strike_G"],"player_choice":"Change","damage_taken":0,"max_hp_gain":0,"max_hp_loss":0,"event_name":"Living Wall","floor":3,"gold_loss":0,"cards_obtained":["Infinite Blades"]},{"damage_healed":0,"gold_gain":175,"player_choice":"AGREE","damage_taken":0,"max_hp_gain":0,"max_hp_loss":0,"event_name":"Liars Game","floor":7,"gold_loss":0,"cards_obtained":["Doubt"]},{"damage_healed":0,"gold_gain":0,"player_choice":"Lose Max HP","damage_taken":0,"relics_obtained":["Golden Idol"],"max_hp_gain":0,"max_hp_loss":6,"event_name":"Golden Idol","floor":11,"gold_loss":0},{"cards_removed":["Defend_G"],"damage_healed":0,"gold_gain":0,"player_choice":"Card Removal","damage_taken":0,"max_hp_gain":0,"max_hp_loss":0,"event_name":"The Cleric","floor":13,"gold_loss":50},{"damage_healed":0,"gold_gain":0,"player_choice":"Copied","damage_taken":0,"max_hp_gain":0,"max_hp_loss":0,"event_name":"Duplicator","floor":23,"gold_loss":0,"cards_obtained":["Noxious Fumes"]}],"is_beta":false,"boss_relics":[{"not_picked":["Astrolabe","Tiny House"],"picked":"Sozu"},{"not_picked":["Black Star","WristBlade"],"picked":"Philosopher\u0027s Stone"}],"items_purged_floors":[12,27,30,36],"is_endless":false,"potions_floor_spawned":[5,6,22,25,31,33,37,39],"killed_by":"Reptomancer","ascension_level":1}}