{"host":"szp1d6dso4pv7ddl","time":1611721638,"event":{"mods":["AchievementEnabler","Alarm Clock","BaseMod","Bestiary","Block Reminder","Colored Map","Colored Powertips","Curses Come First","Dark Map","Displayed Cursed Tome","Highlight Path","Minty Spire (QoL Compilation)","Permanent Neow","Quick Restart","Relic Sorter","Relic Stats","StSLib","Synergy Search"],"gold_per_floor":[111,123,123,140,90,90,90,90,114,133,157,82,102,102,102,227,290,313,313,353,353,353,353],"floor_reached":22,"language":"ENG","playtime":658,"items_purged":["Strike_R"],"score":174,"play_id":"1d408e97-f648-45a7-9d34-b39349b61747","local_time":"20210126202718","is_ascension_mode":false,"campfire_choices":[{"data":"Havoc","floor":6,"key":"SMITH"},{"data":"Flame Barrier","floor":8,"key":"SMITH"},{"data":"Bludgeon","floor":15,"key":"SMITH"}],"circlet_count":0,"master_deck":["Strike_R","Strike_R","Defend_R","Defend_R+1","Defend_R","Bash+1","Flame Barrier+1","Havoc+1","Bludgeon+1","Shrug It Off+1","Shrug It Off+1"],"relics":["Burning Blood","Golden Idol","Juzu Bracelet","Tiny House","Red Mask"],"acts_visited":["Exordium","TheCity"],"potions_floor_usage":[16,20],"damage_taken":[{"damage":5,"enemies":"2 Louse","floor":1,"turns":3},{"damage":9,"enemies":"Cultist","floor":2,"turns":4},{"damage":3,"enemies":"Jaw Worm","floor":4,"turns":4},{"damage":0,"enemies":"3 Louse","floor":10,"turns":4},{"damage":0,"enemies":"Large Slime","floor":11,"turns":4},{"damage":16,"enemies":"Exordium Wildlife","floor":13,"turns":5},{"damage":53,"enemies":"The Guardian","floor":16,"turns":8},{"damage":10,"enemies":"Chosen","floor":18,"turns":3},{"damage":10,"enemies":"Masked Bandits","floor":20,"turns":3},{"damage":28,"enemies":"Spheric Guardian","floor":22,"turns":8}],"seed_played":"-8431538035853664665","potions_obtained":[{"floor":4,"key":"Fire Potion"},{"floor":11,"key":"Regen Potion"},{"floor":13,"key":"SneckoOil"},{"floor":17,"key":"SkillPotion"},{"floor":20,"key":"Regen Potion"}],"is_trial":false,"path_per_floor":["M","M","?","M","?","R","?","R","T","M","M","$","M","?","R","B",null,"M","?","?","?","M"],"character_chosen":"IRONCLAD","items_purchased":[],"campfire_rested":0,"item_purchase_floors":[],"current_hp_per_floor":[80,77,77,80,80,80,60,60,60,66,72,72,62,62,62,27,85,81,65,61,61,33,33],"gold":353,"neow_bonus":"TRANSFORM_TWO_CARDS","is_daily":false,"chose_seed":false,"campfire_upgraded":3,"win_rate":0.0,"timestamp":1611721638,"path_taken":["M","M","?","?","?","R","?","R","T","M","M","$","M","?","R","BOSS","M","?","?","?","M"],"items_purchased_type":[],"build_version":"2020-12-22","purchased_purges":1,"victory":false,"max_hp_per_floor":[80,80,80,80,80,80,80,80,80,80,80,80,80,80,80,80,85,85,90,90,90,90,90],"relic_stats":{"counters":[10,46],"Golden Idol":64,"Juzu Bracelet":1,"obtain_stats":[{"Tiny House":17,"Golden Idol":7,"Juzu Bracelet":9,"Red Mask":20,"Burning Blood":0},{"Tiny House":7,"Golden Idol":3,"Juzu Bracelet":3,"Red Mask":9,"Burning Blood":0},{"Tiny House":32,"Golden Idol":11,"Juzu Bracelet":11,"Red Mask":38,"Burning Blood":0}],"Burning Blood":53},"card_choices":[{"not_picked":["Warcry","Pummel","Perfected Strike"],"picked":"SKIP","floor":1},{"not_picked":["Anger","Bloodletting","Entrench"],"picked":"SKIP","floor":2},{"not_picked":["Havoc","Body Slam","Wild Strike"],"picked":"SKIP","floor":4},{"not_picked":["Wild Strike","Sword Boomerang","Spot Weakness"],"picked":"SKIP","floor":10},{"not_picked":["Perfected Strike","Cleave","Heavy Blade"],"picked":"SKIP","floor":11},{"not_picked":["Havoc","Dual Wield","Carnage"],"picked":"SKIP","floor":13},{"not_picked":["Searing Blow","Hemokinesis"],"picked":"Shrug It Off+1","floor":18},{"not_picked":["Iron Wave","Sentinel"],"picked":"Shrug It Off+1","floor":20}],"player_experience":1293583,"relics_obtained":[{"floor":9,"key":"Juzu Bracelet"},{"floor":20,"key":"Red Mask"}],"event_choices":[{"damage_healed":0,"gold_gain":0,"player_choice":"Forge","damage_taken":0,"max_hp_gain":0,"max_hp_loss":0,"event_name":"Accursed Blacksmith","floor":3,"gold_loss":0,"cards_upgraded":["Bash"]},{"cards_removed":["Normality"],"damage_healed":0,"gold_gain":0,"player_choice":"Card Removal","damage_taken":0,"max_hp_gain":0,"max_hp_loss":0,"event_name":"The Cleric","floor":5,"gold_loss":50},{"damage_healed":0,"gold_gain":0,"player_choice":"Take Damage","damage_taken":20,"relics_obtained":["Golden Idol"],"max_hp_gain":0,"max_hp_loss":0,"event_name":"Golden Idol","floor":7,"gold_loss":0},{"damage_healed":0,"gold_gain":0,"cards_transformed":["Strike_R"],"player_choice":"Change","damage_taken":0,"max_hp_gain":0,"max_hp_loss":0,"event_name":"Living Wall","floor":14,"gold_loss":0,"cards_obtained":["Bludgeon"]},{"damage_healed":0,"gold_gain":0,"player_choice":"Shed Blood","damage_taken":21,"max_hp_gain":5,"max_hp_loss":0,"event_name":"Forgotten Altar","floor":19,"gold_loss":0},{"damage_healed":0,"gold_gain":0,"player_choice":"Fought Bandits","damage_taken":0,"max_hp_gain":0,"max_hp_loss":0,"event_name":"Masked Bandits","floor":20,"gold_loss":0},{"damage_healed":0,"gold_gain":0,"player_choice":"Ignored","damage_taken":0,"max_hp_gain":0,"max_hp_loss":0,"event_name":"Vampires","floor":21,"gold_loss":0}],"is_beta":false,"boss_relics":[{"not_picked":["Calling Bell","Snecko Eye"],"picked":"Tiny House"}],"items_purged_floors":[12],"is_endless":false,"potions_floor_spawned":[4,11,13,20],"killed_by":"Spheric Guardian","ascension_level":0}}