{"host":"rih3m63woujmecfd","time":1611735582,"event":{"mods":["BaseMod","Colored Powertips","Conspire","Energized Spire","KinomotoSakuraMod(Ä¾Ö®±¾Ó£)","KomeijiMod","Marisa£¨ìFÓê¡¡Ä§ÀíÉ³£©","Minty Spire (QoL Compilation)","Reimu£¨²©ÀöÁéÃÎ£©","Relic Stats","Remilia£¨ÀÙÃ×ÀòÑÇ£©","Replay The Spire","RumiaBox-Â¶Ã×æ«µÄÉñÃØºÐ×Ó","Shop Mod","Spicy Shops","StSLib","The Hierophant","The Senshi","The Servant 0.9.4","Waifu the Spire","Youmu£¨»êÆÇÑýÃÎ£©","Yuyuko","[IsaacMod]ÒÔÈö¼âËþ"],"gold_per_floor":[110,124,134,144,164,195,229,264,264,293,293,324,353,382,382,382,382],"floor_reached":16,"language":"ZHS","playtime":1500,"items_purged":[],"score":260,"play_id":"3825482b-0e9b-4a9d-ac82-33720a29c1c8","local_time":"20210127161942","daily_mods":["Heirloom","Time Dilation","Flight","Elite Swarm","Lethality"],"is_ascension_mode":false,"campfire_choices":[{"data":"theSenshi:MoonGorgeousMeditation","floor":11,"key":"SMITH"},{"data":"theSenshi:SailorBlock","floor":15,"key":"PURGE"}],"circlet_count":0,"master_deck":["theSenshi:SailorKick","theSenshi:SailorKick","theSenshi:SailorKick","theSenshi:SailorKick","theSenshi:SailorBlock","theSenshi:SailorBlock","theSenshi:SailorBlock","theSenshi:RoseThrow","theSenshi:MoonPrismPowerMakeUp","DoctorFetus","theSenshi:RainbowMoonHeartAche","theSenshi:MoonPunch","theSenshi:MoonPunch","theSenshi:GlimpseOfThePast+1","theSenshi:MoonGorgeousMeditation+1"],"relics":["theSenshi:TransformationBroochRelic","HushsDoor","Void","Frozen Egg 2","SSSystem"],"acts_visited":["Exordium"],"potions_floor_usage":[7,7,7,12,16],"damage_taken":[{"damage":0,"enemies":"Cultist","floor":1,"turns":3},{"damage":0,"enemies":"conspire:RoseBush","floor":2,"turns":2},{"damage":0,"enemies":"2 Louse","floor":3,"turns":2},{"damage":16,"enemies":"Looter","floor":4,"turns":3},{"damage":7,"enemies":"Large Slime","floor":5,"turns":4},{"damage":0,"enemies":"Replay:BlueRogue","floor":6,"turns":3},{"damage":0,"enemies":"3 Sentries","floor":7,"turns":6},{"damage":0,"enemies":"Gremlin Nob","floor":8,"turns":3},{"damage":1,"enemies":"Lagavulin","floor":10,"turns":4},{"damage":29,"enemies":"3 Sentries","floor":12,"turns":5},{"damage":3,"enemies":"Gremlin Nob","floor":13,"turns":3},{"damage":6,"enemies":"3 Sentries","floor":14,"turns":6},{"damage":100000005,"enemies":"The Guardian","floor":16,"turns":3}],"seed_played":"3628444711758281703","potions_obtained":[{"floor":1,"key":"ColorlessPotion"},{"floor":4,"key":"LifebloodPotion"},{"floor":6,"key":"Explosive Potion"},{"floor":8,"key":"SkillPotion"},{"floor":13,"key":"Milkshake"},{"floor":14,"key":"ColorlessPotion"}],"is_trial":true,"path_per_floor":["M","M","M","M","M","E","E","E","T","E","R","E","E","E","R","B"],"character_chosen":"THE_SENSHI","items_purchased":[],"campfire_rested":0,"item_purchase_floors":[],"current_hp_per_floor":[89,89,89,73,66,66,66,76,76,75,75,46,43,37,37,0,0],"gold":382,"neow_bonus":"","is_daily":false,"chose_seed":false,"campfire_upgraded":1,"win_rate":0.0,"timestamp":1611735582,"path_taken":["M","M","M","M","M","E","E","E","T","E","R","E","E","E","R","BOSS"],"items_purchased_type":[],"build_version":"2020-12-22","purchased_purges":0,"victory":false,"max_hp_per_floor":[89,89,89,89,89,89,89,99,99,99,99,99,99,99,99,99,99],"relic_stats":{"counters":[13,47],"obtain_stats":[{"KeepersGift":0,"Regal Pillow":10,"Pear":8,"SSSystem":9,"Mango":0,"StoneCalendar":7,"Thread and Needle":13,"Frozen Egg 2":6,"theSenshi:TransformationBroochRelic":0,"TheBible":14,"Void":0,"HushsDoor":0,"theSenshi:EternalTiareRelic":12},{"KeepersGift":0,"Regal Pillow":9,"Pear":8,"SSSystem":8,"Mango":0,"StoneCalendar":7,"Thread and Needle":11,"Frozen Egg 2":6,"theSenshi:TransformationBroochRelic":0,"TheBible":12,"Void":0,"HushsDoor":0,"theSenshi:EternalTiareRelic":10},{"KeepersGift":0,"Regal Pillow":30,"Pear":26,"SSSystem":26,"Mango":0,"StoneCalendar":23,"Thread and Needle":38,"Frozen Egg 2":17,"theSenshi:TransformationBroochRelic":0,"TheBible":44,"Void":0,"HushsDoor":0,"theSenshi:EternalTiareRelic":35}]},"card_choices":[{"not_picked":[],"picked":"DoctorFetus","floor":0},{"not_picked":["theSenshi:TuxedoSmokingBomber","theSenshi:SailorVenusAssists","theSenshi:TallSilhouette"],"picked":"SKIP","floor":1},{"not_picked":["theSenshi:SailorMercuryAssists","theSenshi:MoonsReflection"],"picked":"theSenshi:RainbowMoonHeartAche","floor":2},{"not_picked":["theSenshi:HesSoDreamy","theSenshi:SchoolBag"],"picked":"theSenshi:MoonPunch","floor":3},{"not_picked":["theSenshi:MoonsReflection","theSenshi:InTheNickOfTime","theSenshi:SteeledNerves"],"picked":"SKIP","floor":4},{"not_picked":["theSenshi:EncouragingSpeech","theSenshi:MoonPrincessHalation"],"picked":"theSenshi:MoonPunch","floor":5},{"not_picked":["theSenshi:SailorPlutoAssists","theSenshi:SilverMoonCrystalPowerKiss"],"picked":"theSenshi:GlimpseOfThePast+1","floor":6},{"not_picked":["theSenshi:GlimpseOfThePast+1","theSenshi:FatedKiss+1"],"picked":"theSenshi:MoonGorgeousMeditation","floor":7},{"not_picked":["theSenshi:JupitersPower","theSenshi:ChibiMoonsLove","theSenshi:IWillPunishYou"],"picked":"SKIP","floor":8},{"not_picked":["theSenshi:InTheNameOfTheMoon","theSenshi:ChibiMoonsLove","theSenshi:SailorStarHealerAssists"],"picked":"SKIP","floor":10},{"not_picked":["theSenshi:SailorCosmosAssists","theSenshi:SailorStarHealerAssists","theSenshi:GlimpseOfThePast+1"],"picked":"SKIP","floor":12},{"not_picked":["theSenshi:IWillPunishYou","theSenshi:SilverMoonCrystalPowerKiss","theSenshi:SailorStarHealerAssists"],"picked":"SKIP","floor":13},{"not_picked":["theSenshi:SilverMoonCrystalPowerKiss","theSenshi:LunaSensingAllies","theSenshi:ChibiMoonsLove"],"picked":"SKIP","floor":14}],"player_experience":142152,"relics_obtained":[{"floor":6,"key":"Frozen Egg 2"},{"floor":7,"key":"StoneCalendar"},{"floor":8,"key":"Pear"},{"floor":9,"key":"SSSystem"},{"floor":10,"key":"Regal Pillow"},{"floor":12,"key":"theSenshi:EternalTiareRelic"},{"floor":13,"key":"Thread and Needle"},{"floor":14,"key":"TheBible"}],"event_choices":[],"is_beta":false,"boss_relics":[],"items_purged_floors":[],"is_endless":true,"potions_floor_spawned":[1,4,6,8,13,14],"killed_by":"The Guardian","ascension_level":0}}