{"host":"fflyk188z5ncxlup","time":1611751141,"event":{"mods":["AchievementEnabler","BaseMod","Bestiary","Better Third Choice","Block Reminder","Colored Map","Colored Powertips","DeckTracker","Googly Eyes","Minty Spire (QoL Compilation)","StSLib","SuperFastMode"],"gold_per_floor":[118,131,131,131,145,145,184,184,231,258,258,271,289,302,320,320,320,320],"floor_reached":17,"language":"ENG","playtime":784,"items_purged":[],"score":191,"play_id":"563e6993-a9e6-46ea-9fc7-eb1c56db0c6a","local_time":"20210127213901","is_ascension_mode":true,"campfire_choices":[{"data":"Eruption","floor":6,"key":"SMITH"},{"floor":8,"key":"REST"},{"floor":11,"key":"REST"},{"floor":16,"key":"REST"}],"circlet_count":0,"master_deck":["AscendersBane","Strike_P","Strike_P","Strike_P","Strike_P","Defend_P","Defend_P","Defend_P","Defend_P","Eruption+1","Vigilance","Evaluate","Injury","Indignation","EmptyBody","Halt","Vengeance"],"relics":["PureWater","NeowsBlessing","Golden Idol","Akabeko","Anchor","Centennial Puzzle"],"acts_visited":["Exordium"],"potions_floor_usage":[7,7,17,17],"damage_taken":[{"damage":0,"enemies":"Jaw Worm","floor":1,"turns":1},{"damage":0,"enemies":"Small Slimes","floor":2,"turns":2},{"damage":0,"enemies":"Cultist","floor":5,"turns":1},{"damage":59,"enemies":"3 Sentries","floor":7,"turns":9},{"damage":0,"enemies":"Looter","floor":12,"turns":3},{"damage":0,"enemies":"Exordium Wildlife","floor":13,"turns":3},{"damage":20,"enemies":"Exordium Thugs","floor":14,"turns":6},{"damage":15,"enemies":"2 Fungi Beasts","floor":15,"turns":5},{"damage":35,"enemies":"Hexaghost","floor":17,"turns":9}],"seed_played":"-116502306473585044","potions_obtained":[{"floor":1,"key":"Explosive Potion"},{"floor":5,"key":"SteroidPotion"},{"floor":13,"key":"ColorlessPotion"},{"floor":14,"key":"SkillPotion"}],"is_trial":false,"path_per_floor":["M","M","?","?","M","R","E","R","T","T","R","M","M","M","M","R","B"],"character_chosen":"WATCHER","items_purchased":[],"campfire_rested":3,"item_purchase_floors":[],"current_hp_per_floor":[61,61,61,61,61,61,2,22,22,22,42,42,42,22,7,27,0,0],"gold":320,"neow_bonus":"THREE_ENEMY_KILL","is_daily":false,"chose_seed":false,"campfire_upgraded":1,"win_rate":0.0,"timestamp":1611751141,"path_taken":["M","M","?","?","M","R","E","R","T","T","R","M","M","M","M","R","BOSS"],"items_purchased_type":[],"build_version":"2020-12-22","purchased_purges":0,"victory":false,"max_hp_per_floor":[68,68,68,68,68,68,68,68,68,68,68,68,68,68,68,68,68,68],"card_choices":[{"not_picked":["EmptyMind","SashWhip","CrushJoints"],"picked":"SKIP","floor":1},{"not_picked":["WaveOfTheHand","Weave"],"picked":"Evaluate","floor":2},{"not_picked":["Indignation","MentalFortress","DeceiveReality"],"picked":"SKIP","floor":5},{"not_picked":["MentalFortress","DeceiveReality"],"picked":"Indignation","floor":5},{"not_picked":["Establishment","Protect"],"picked":"EmptyBody","floor":7},{"not_picked":["BowlingBash","PathToVictory","CutThroughFate"],"picked":"SKIP","floor":12},{"not_picked":["CrushJoints","EmptyBody","ThirdEye"],"picked":"SKIP","floor":13},{"not_picked":["Protect","FlurryOfBlows"],"picked":"Halt","floor":14},{"not_picked":["LikeWater","EmptyBody"],"picked":"Vengeance","floor":15}],"player_experience":394637,"relics_obtained":[{"floor":7,"key":"Akabeko"},{"floor":9,"key":"Anchor"},{"floor":10,"key":"Centennial Puzzle"}],"event_choices":[{"damage_healed":0,"gold_gain":0,"player_choice":"Take Wound","damage_taken":0,"relics_obtained":["Golden Idol"],"max_hp_gain":0,"max_hp_loss":0,"event_name":"Golden Idol","floor":3,"gold_loss":0,"cards_obtained":["Injury"]},{"damage_healed":0,"gold_gain":0,"player_choice":"Leave","damage_taken":0,"max_hp_gain":0,"max_hp_loss":0,"event_name":"The Cleric","floor":4,"gold_loss":0}],"is_beta":false,"boss_relics":[],"items_purged_floors":[],"is_endless":false,"potions_floor_spawned":[1,5,13,14,15],"killed_by":"Hexaghost","ascension_level":15}}