{"host":"tgr1xoidyjfo4u0n","time":1611761461,"event":{"mods":["Act Like it!","Alarm Clock","BaseMod","CapriCore","Colored Powertips","GifTheSpireLib","Highlight Path","Minty Spire (QoL Compilation)","StSLib"],"gold_per_floor":[111,186,209,256,271,300,6,6,6,6,25,25,53,63,63,165,165,182,38,51,251,267,297,409,455,491,522,534,349,374,401,401,506,506,522,541,541,46,62,88,88,100,125,151,26,54,54,71,71,71,71,71,71,98,98],"floor_reached":56,"language":"ZHS","playtime":6745,"items_purged":["Strike_P","Strike_P","Strike_P"],"score":1896,"play_id":"ecad3d64-1551-4166-beb9-193af439f535","local_time":"20210127233101","is_ascension_mode":true,"campfire_choices":[{"data":"BattleHymn","floor":8.0,"key":"SMITH"},{"data":"Eruption","floor":10.0,"key":"SMITH"},{"data":"Scrawl","floor":12.0,"key":"SMITH"},{"data":"FlurryOfBlows","floor":15.0,"key":"SMITH"},{"data":"Vengeance","floor":28.0,"key":"SMITH"},{"data":"Wallop","floor":32.0,"key":"SMITH"},{"data":"Study","floor":41.0,"key":"SMITH"},{"floor":47.0,"key":"RECALL"},{"data":"Judgement","floor":49.0,"key":"SMITH"},{"data":"EmptyFist","floor":52.0,"key":"SMITH"}],"circlet_count":0,"master_deck":["Strike_P","Defend_P","Defend_P","Defend_P","Defend_P","Eruption+1","Vigilance","FlurryOfBlows+1","BattleHymn+1","Scrawl+1","EmptyFist+1","Sanctity","Judgement+1","Collect+1","Vengeance+1","ThirdEye+1","Wallop+1","Purity+1","InnerPeace+1","SpiritShield+1","Study+1","MasterReality+1","Meditate+1","Tantrum+1","Fasting2+1","Devotion+1","Adaptation+1"],"relics":["PureWater","NeowsBlessing","Blood Vial","Ancient Tea Set","Centennial Puzzle","Strange Spoon","WingedGreaves","Nunchaku","Black Star","Bag of Marbles","Bag of Preparation","MawBank","Toxic Egg 2","GoldenEye","Potion Belt","PreservedInsect","VioletLotus","Frozen Egg 2","Mummified Hand","Damaru","Art of War","Oddly Smooth Stone","Unceasing Top","Question Card","MealTicket","Regal Pillow","Happy Flower","Strawberry"],"acts_visited":["Exordium","TheCity","TheBeyond","TheEnding"],"potions_floor_usage":[55,55,55,55,55],"damage_taken":[{"damage":0.0,"enemies":"2 Louse","floor":1.0,"turns":1.0},{"damage":0.0,"enemies":"Jaw Worm","floor":5.0,"turns":1.0},{"damage":0.0,"enemies":"Gremlin Nob","floor":6.0,"turns":1.0},{"damage":0.0,"enemies":"Cultist","floor":11.0,"turns":1.0},{"damage":0.0,"enemies":"Lagavulin","floor":13.0,"turns":2.0},{"damage":0.0,"enemies":"Gremlin Gang","floor":14.0,"turns":2.0},{"damage":0.0,"enemies":"Slime Boss","floor":16.0,"turns":3.0},{"damage":2.0,"enemies":"Chosen","floor":18.0,"turns":3.0},{"damage":0.0,"enemies":"3 Byrds","floor":20.0,"turns":3.0},{"damage":0.0,"enemies":"Snecko","floor":22.0,"turns":2.0},{"damage":0.0,"enemies":"Gremlin Leader","floor":23.0,"turns":3.0},{"damage":33.0,"enemies":"Book of Stabbing","floor":25.0,"turns":5.0},{"damage":0.0,"enemies":"Cultist and Chosen","floor":27.0,"turns":4.0},{"damage":0.0,"enemies":"Slavers","floor":30.0,"turns":3.0},{"damage":44.0,"enemies":"Automaton","floor":33.0,"turns":8.0},{"damage":0.0,"enemies":"3 Shapes","floor":35.0,"turns":3.0},{"damage":0.0,"enemies":"Orb Walker","floor":36.0,"turns":2.0},{"damage":0.0,"enemies":"Jaw Worm Horde","floor":39.0,"turns":3.0},{"damage":0.0,"enemies":"Nemesis","floor":40.0,"turns":3.0},{"damage":0.0,"enemies":"Spire Growth","floor":42.0,"turns":3.0},{"damage":8.0,"enemies":"Reptomancer","floor":44.0,"turns":2.0},{"damage":0.0,"enemies":"Giant Head","floor":46.0,"turns":3.0},{"damage":5.0,"enemies":"4 Shapes","floor":48.0,"turns":2.0},{"damage":18.0,"enemies":"Donu and Deca","floor":50.0,"turns":5.0},{"damage":0,"enemies":"Shield and Spear","floor":54,"turns":2},{"damage":68,"enemies":"The Heart","floor":55,"turns":5}],"seed_played":"-4037780868843425552","potions_obtained":[{"floor":5.0,"key":"SkillPotion"},{"floor":14.0,"key":"BottledMiracle"},{"floor":16.0,"key":"SmokeBomb"},{"floor":23.0,"key":"Block Potion"},{"floor":27.0,"key":"Strength Potion"},{"floor":30.0,"key":"Weak Potion"},{"floor":33.0,"key":"Block Potion"},{"floor":36.0,"key":"Weak Potion"},{"floor":40.0,"key":"Ancient Potion"},{"floor":42.0,"key":"Dexterity Potion"},{"floor":44.0,"key":"GamblersBrew"},{"floor":46.0,"key":"Swift Potion"}],"is_trial":false,"path_per_floor":["M","?","T","T","M","E","$","R","T","R","M","R","E","M","R","B",null,"M","$","M","?","M","E","?","E","T","M","R","$","E","T","R","B",null,"M","M","T","$","M","E","R","M","T","E","$","E","R","M","R","B",null,"R","$","E","B",null],"character_chosen":"WATCHER","items_purchased":["Strange Spoon","Scrawl","Bag of Marbles","Wallop","Purity+1","MasterReality+1","Mummified Hand","Meditate+1"],"campfire_rested":0,"item_purchase_floors":[7,7,19,29,29,38,38,38],"current_hp_per_floor":[72,61,61,61,63,65,65,65,65,65,67,67,69,71,71,72,72,70,70,72,72,72,72,72,39,39,41,41,41,43,43,43,1,72,72,72,72,72,72,72,72,72,72,64,64,66,66,63,63,47,72,72,72,79,11],"gold":98,"neow_bonus":"THREE_ENEMY_KILL","is_daily":false,"chose_seed":false,"campfire_upgraded":9,"win_rate":0.0,"timestamp":1611761461,"path_taken":["M","?","?","?","M","E","$","R","T","R","M","R","E","M","R","BOSS","M","$","M","?","?","E","?","E","T","M","R","?","E","?","R","BOSS","M","M","?","$","M","E","R","M","T","E","?","E","R","M","R","BOSS","R","$","E","BOSS"],"items_purchased_type":["Relic","Card","Relic","Card","Card","Card","Relic","Card"],"build_version":"2020-12-22","purchased_purges":3,"victory":true,"max_hp_per_floor":[72,72,72,72,72,72,72,72,72,72,72,72,72,72,72,72,72,72,72,72,72,72,72,72,72,72,72,72,72,72,72,72,72,72,72,72,72,72,72,72,72,72,72,72,72,72,72,72,72,72,72,72,72,79,79],"card_choices":[{"not_picked":["PathToVictory","JustLucky"],"picked":"FlurryOfBlows","floor":1.0},{"not_picked":["EmptyBody","SignatureMove","LikeWater"],"picked":"SKIP","floor":5.0},{"not_picked":["Consecrate","Study","BattleHymn"],"picked":"SKIP","floor":6.0},{"not_picked":["Consecrate","Study"],"picked":"BattleHymn","floor":6.0},{"not_picked":["CutThroughFate","Protect"],"picked":"EmptyFist","floor":11.0},{"not_picked":["Establishment","Protect","JustLucky"],"picked":"SKIP","floor":13.0},{"not_picked":["Consecrate","Wallop"],"picked":"Sanctity","floor":14.0},{"not_picked":["Alpha","LessonLearned"],"picked":"Judgement","floor":16.0},{"not_picked":["Collect","ForeignInfluence","SashWhip+1"],"picked":"SKIP","floor":18.0},{"not_picked":["SandsOfTime","FlyingSleeves"],"picked":"Collect+1","floor":20.0},{"not_picked":["Protect","BattleHymn"],"picked":"Vengeance","floor":22.0},{"not_picked":["WindmillStrike","SignatureMove","Vengeance+1"],"picked":"SKIP","floor":23.0},{"not_picked":["Evaluate+1","DeceiveReality+1"],"picked":"ThirdEye+1","floor":25.0},{"not_picked":["Consecrate+1","ThirdEye+1","Study"],"picked":"SKIP","floor":27.0},{"not_picked":["CrushJoints","EmptyBody+1"],"picked":"InnerPeace+1","floor":30.0},{"not_picked":["Omniscience+1","Ragnarok"],"picked":"SpiritShield+1","floor":33.0},{"not_picked":["EmptyBody+1","Worship+1","FlurryOfBlows+1"],"picked":"SKIP","floor":35.0},{"not_picked":["CarveReality+1","WheelKick"],"picked":"Study","floor":36.0},{"not_picked":["FearNoEvil","WheelKick","Wireheading+1"],"picked":"SKIP","floor":39.0},{"not_picked":["Crescendo+1","Prostrate+1"],"picked":"Tantrum+1","floor":40.0},{"not_picked":["EmptyMind+1","SashWhip"],"picked":"Fasting2+1","floor":42.0},{"not_picked":["Worship+1","LikeWater+1","EmptyBody+1"],"picked":"SKIP","floor":44.0},{"not_picked":["FlyingSleeves+1","Crescendo+1","ThirdEye+1","Worship+1"],"picked":"SKIP","floor":46.0},{"not_picked":["BowlingBash","PathToVictory+1","Consecrate+1"],"picked":"Devotion+1","floor":48.0},{"not_picked":["Halt+1","DevaForm+1","Brilliance"],"picked":"Adaptation+1","floor":54}],"player_experience":413922,"relics_obtained":[{"floor":3.0,"key":"Blood Vial"},{"floor":4.0,"key":"Ancient Tea Set"},{"floor":6.0,"key":"Centennial Puzzle"},{"floor":9.0,"key":"WingedGreaves"},{"floor":13.0,"key":"Nunchaku"},{"floor":23.0,"key":"Bag of Preparation"},{"floor":23.0,"key":"MawBank"},{"floor":25.0,"key":"Toxic Egg 2"},{"floor":25.0,"key":"GoldenEye"},{"floor":30.0,"key":"Potion Belt"},{"floor":31.0,"key":"PreservedInsect"},{"floor":37.0,"key":"Frozen Egg 2"},{"floor":40.0,"key":"Damaru"},{"floor":40.0,"key":"Art of War"},{"floor":43.0,"key":"Oddly Smooth Stone"},{"floor":44.0,"key":"Unceasing Top"},{"floor":44.0,"key":"Question Card"},{"floor":46.0,"key":"MealTicket"},{"floor":46.0,"key":"Regal Pillow"},{"floor":54,"key":"Happy Flower"},{"floor":54,"key":"Strawberry"}],"event_choices":[{"damage_healed":0.0,"max_hp_gain":0.0,"max_hp_loss":0.0,"gold_gain":75.0,"event_name":"World of Goop","player_choice":"Gather Gold","floor":2.0,"gold_loss":0.0,"damage_taken":11.0},{"damage_healed":0.0,"max_hp_gain":0.0,"max_hp_loss":0.0,"gold_gain":250.0,"event_name":"The Joust","player_choice":"Bet on Owner","floor":21.0,"gold_loss":50.0,"damage_taken":0.0},{"damage_healed":0.0,"max_hp_gain":0.0,"max_hp_loss":0.0,"gold_gain":100.0,"event_name":"Golden Shrine","player_choice":"Pray","floor":24.0,"gold_loss":0.0,"damage_taken":0.0}],"is_beta":false,"boss_relics":[{"not_picked":["Snecko Eye","Fusion Hammer"],"picked":"Black Star"},{"not_picked":["Tiny House","HolyWater"],"picked":"VioletLotus"}],"items_purged_floors":[29,38,45],"is_endless":false,"potions_floor_spawned":[5,14,16,23,27,30,33,36,40,42,44,46],"ascension_level":4}}