{"host":"5dqb5paqt19fo87c","time":1611777887,"event":{"mods":["BaseMod","BetterRewards","Conspire","Downfall","Highlight Path","Hubris","MarisaÅiñ∂âJÅ@ñÇóùçπÅj","Minty Spire (QoL Compilation)","Replay The Spire","Shop Mod","StSLib","The Animator","The Bug Knight","The Mystic","The Senshi","The Servant 0.9.4"],"gold_per_floor":[99,114,151,169,179,179,179,198,255,430,430,1,101,119,136,233,233,233,243,243,243,243,255,301,318,318,335,335,362,362,362,382,481,481,481,492,503,521,536,536,536,536],"floor_reached":40,"language":"ENG","playtime":3404,"items_purged":[],"score":425,"play_id":"1eb7a59d-851b-48a4-b524-ec6b5912d40f","local_time":"20210127140447","is_ascension_mode":false,"campfire_choices":[{"data":"Slimebound:CorrosiveSpit","floor":1,"key":"SMITH"},{"data":"Slimebound:Schlurp","floor":11,"key":"SMITH"},{"data":"Slimebound:MassRepurpose","floor":18,"key":"SMITH"},{"data":"Slimebound:AcidTongue","floor":26,"key":"SMITH"},{"data":"Slimebound:OozeBath","floor":28,"key":"SMITH"},{"floor":30,"key":"REST"},{"data":"Slimebound:ViciousTackle","floor":35,"key":"SMITH"}],"circlet_count":0,"master_deck":["Slimebound:Strike_Slimebound","Slimebound:Strike_Slimebound","Slimebound:Strike_Slimebound","Slimebound:Defend_Slimebound","Slimebound:Defend_Slimebound","Slimebound:Defend_Slimebound","Slimebound:Split+1","Slimebound:CorrosiveSpit+1","Slimebound:PressTheAttack","Slimebound:SplitMire","Slimebound:HauntingLick","Slimebound:Schlurp+1","Slimebound:RejuvenatingLick","Slimebound:OneTwoCombo+1","Slimebound:ViciousTackle+1","Slimebound:RejuvenatingLick","Slimebound:Nibble","Slimebound:Gluttony","Slimebound:Teamwork","Slimebound:SplitMire","Slimebound:LevelUp","Slimebound:MassRepurpose+1","Slimebound:LeadByExample","Slimebound:SlimeBarrage","Slimebound:OozeBath+1","Slimebound:AcidTongue+1","Slimebound:SamplingLick","Slimebound:LevelUp","hubris:NaturalOne","Slimebound:Repurpose","Slimebound:LeechLife","Slimebound:ProtectTheBoss","Slimebound:AcidTongue"],"relics":["Slimebound:AbsorbEndCombatUpgraded","ReplayTheSpireMod:Shallot","Blue Doll","hubris:PeanutButter","Lee\u0027s Waffle","MerchantsRug","Runic Dome","hubris:Icosahedron","ReplayFunnel","theSenshi:SpiralHeartMoonRodRelic","Replay:Grab Bag","Philosopher\u0027s Stone","Sozu"],"acts_visited":["Exordium","TheCity","TheBeyond"],"potions_floor_usage":[12,12],"damage_taken":[{"damage":6,"enemies":"2 Louse","floor":2,"turns":3},{"damage":15,"enemies":"conspire:MimicChest","floor":3,"turns":4},{"damage":3,"enemies":"Small Slimes","floor":4,"turns":3},{"damage":4,"enemies":"Cultist","floor":5,"turns":3},{"damage":0,"enemies":"Blue Slaver","floor":8,"turns":2},{"damage":0,"enemies":"Lagavulin Event","floor":9,"turns":5},{"damage":0,"enemies":"downfall:FleeingMerchant","floor":12,"turns":4},{"damage":22,"enemies":"downfall:Heads","floor":13,"turns":5},{"damage":0,"enemies":"2 Fungi Beasts","floor":14,"turns":2},{"damage":0,"enemies":"Large Slime","floor":15,"turns":2},{"damage":52,"enemies":"DF_ARCHETYPE_STREAMLINE","floor":16,"turns":7},{"damage":11,"enemies":"Chosen","floor":19,"turns":4},{"damage":10,"enemies":"Shelled Parasite and Fungi","floor":23,"turns":3},{"damage":0,"enemies":"Snecko","floor":25,"turns":3},{"damage":2,"enemies":"Centurion and Healer","floor":27,"turns":5},{"damage":43,"enemies":"Gremlin Leader","floor":29,"turns":5},{"damage":17,"enemies":"Shelled Parasite and Fungi","floor":32,"turns":4},{"damage":27,"enemies":"SI_MIRROR_ARCHETYPE","floor":33,"turns":10},{"damage":12,"enemies":"Orb Walker","floor":36,"turns":4},{"damage":0,"enemies":"3 Shapes","floor":37,"turns":5},{"damage":0,"enemies":"Maw","floor":38,"turns":5},{"damage":0,"enemies":"Spire Growth","floor":39,"turns":4},{"damage":91,"enemies":"Reptomancer","floor":40,"turns":4}],"seed_played":"3450575154824960735","potions_obtained":[{"floor":2,"key":"SkillPotion"},{"floor":3,"key":"LiquidMemories"},{"floor":5,"key":"Languid Potion"},{"floor":13,"key":"SteroidPotion"},{"floor":27,"key":"LifebloodPotion"},{"floor":29,"key":"SpeedPotion"}],"is_trial":false,"path_per_floor":["R","M","?","M","M","?","T","M","?","?","R","$","?","M","M","B",null,"R","M","?","?","?","M","T","M","R","M","R","E","R","?","M","B",null,"R","M","M","M","M","E"],"character_chosen":"SLIMEBOUND","items_purchased":["Slimebound:Nibble","Slimebound:Gluttony","Lee\u0027s Waffle","MerchantsRug"],"campfire_rested":1,"item_purchase_floors":[12,12,12,12],"current_hp_per_floor":[71,67,60,59,61,61,61,65,71,71,71,78,56,62,64,20,78,78,71,71,71,71,67,67,73,73,78,78,40,63,63,56,55,78,78,71,78,78,78,0,0,0],"gold":536,"neow_bonus":"TEN_PERCENT_HP_BONUS","is_daily":false,"chose_seed":false,"campfire_upgraded":6,"win_rate":0.0,"timestamp":1611777887,"path_taken":["R","M","?","M","M","?","T","?","?","?","R","$","?","M","M","BOSS","R","M","?","?","?","M","T","M","R","M","R","E","R","?","M","BOSS","R","M","M","?","?","E"],"items_purchased_type":["Card","Card","Relic","Relic"],"build_version":"2020-12-22","purchased_purges":0,"victory":false,"max_hp_per_floor":[71,71,71,71,71,71,71,71,71,71,71,78,78,78,78,78,78,78,78,78,78,78,78,78,78,78,78,78,78,78,78,78,78,78,78,78,78,78,78,78,78,78],"card_choices":[{"not_picked":["Slimebound:ComboTackle","Slimebound:SplitBruiser"],"picked":"Slimebound:PressTheAttack","floor":2},{"not_picked":["Slimebound:TongueLash","Slimebound:DisruptingSlam"],"picked":"Slimebound:SplitMire","floor":3},{"not_picked":["Slimebound:ComboTackle","Slimebound:LivingWall"],"picked":"Slimebound:HauntingLick","floor":4},{"not_picked":["Slimebound:Prepare","Slimebound:HauntingLick"],"picked":"Slimebound:Schlurp","floor":5},{"not_picked":["Slimebound:SplitBruiser","Slimebound:GoopSpray"],"picked":"Slimebound:OneTwoCombo","floor":8},{"not_picked":["Slimebound:SlimeSpikes","Slimebound:Equalize"],"picked":"Slimebound:ViciousTackle","floor":9},{"not_picked":["Slimebound:LivingWall","Slimebound:Replication"],"picked":"Slimebound:RejuvenatingLick","floor":12},{"not_picked":["Slimebound:MassFeed","Slimebound:ForwardTackle"],"picked":"Slimebound:SplitMire","floor":13},{"not_picked":["Slimebound:LeadByExample","Slimebound:ItLooksTasty"],"picked":"Slimebound:LevelUp","floor":14},{"not_picked":["Slimebound:SplitLeeching","Slimebound:Prepare","Slimebound:Replication"],"picked":"SKIP","floor":15},{"not_picked":["Slimebound:SlimeSlap","Slimebound:Teamwork"],"picked":"Slimebound:MassRepurpose","floor":16},{"not_picked":["Slimebound:ComboTackle","Slimebound:Prepare"],"picked":"Slimebound:LeadByExample","floor":19},{"not_picked":["Slimebound:Nibble+1","Slimebound:Chomp"],"picked":"Slimebound:AcidTongue","floor":23},{"not_picked":["Slimebound:Nibble","Slimebound:DisruptingSlam+1"],"picked":"Slimebound:SamplingLick","floor":25},{"not_picked":["Slimebound:Prepare","Slimebound:GoopSpray","Slimebound:ItLooksTasty+1"],"picked":"SKIP","floor":27},{"not_picked":["Slimebound:LeadByExample","Slimebound:Nibble"],"picked":"Slimebound:LevelUp","floor":29},{"not_picked":["Slimebound:SplitMire","Slimebound:SplitLeeching"],"picked":"Slimebound:Repurpose","floor":32},{"not_picked":["Slimebound:MassFeed","Slimebound:Teamwork"],"picked":"Slimebound:LeechLife","floor":33},{"not_picked":["Slimebound:ComboTackle","Slimebound:Nibble"],"picked":"Slimebound:ProtectTheBoss","floor":36},{"not_picked":["Slimebound:RejuvenatingLick","Slimebound:SplitBruiser+1"],"picked":"Slimebound:AcidTongue","floor":37},{"not_picked":["Slimebound:Replication+1","Slimebound:LeechEnergy","Slimebound:RollThrough"],"picked":"SKIP","floor":38},{"not_picked":["Slimebound:LeechingTouch+1","Slimebound:FinishingTackle","Slimebound:ComboTackle"],"picked":"SKIP","floor":39}],"player_experience":230085,"relics_obtained":[{"floor":3,"key":"ReplayTheSpireMod:Shallot"},{"floor":7,"key":"Blue Doll"},{"floor":24,"key":"ReplayFunnel"},{"floor":29,"key":"theSenshi:SpiralHeartMoonRodRelic"}],"event_choices":[{"damage_healed":0,"gold_gain":0,"cards_transformed":["Slimebound:Nibble","Slimebound:Tackle"],"player_choice":"Became Test Subject","damage_taken":0,"max_hp_gain":0,"max_hp_loss":0,"event_name":"Drug Dealer","floor":22,"gold_loss":0,"cards_obtained":["Slimebound:SlimeBarrage","Slimebound:OozeBath"]},{"damage_healed":0,"gold_gain":0,"player_choice":"Forge","damage_taken":0,"max_hp_gain":0,"max_hp_loss":0,"event_name":"Accursed Blacksmith","floor":31,"gold_loss":0,"cards_upgraded":["Slimebound:OneTwoCombo"]}],"is_beta":false,"boss_relics":[{"not_picked":["Painkiller Herb","Slimebound:TarBlob"],"picked":"Runic Dome"},{"not_picked":["conspire:SeveredTorchhead","Astrolabe"],"picked":"Replay:Grab Bag"},{"not_picked":["Abe\u0027s Treasure","hubris:GrandSneckoEye"],"picked":"Philosopher\u0027s Stone"},{"not_picked":["Coffee Dripper","hubris:RunicObelisk"],"picked":"Sozu"},{"not_picked":["SacredBark","Runic Pyramid"],"picked":"Slimebound:AbsorbEndCombatUpgraded"}],"items_purged_floors":[],"is_endless":false,"potions_floor_spawned":[2,3,5,13,27,29,32,36,39],"killed_by":"Reptomancer","ascension_level":0}}