{"host":"3j2m8n0ywf988fwb","time":1611740497,"event":{"mods":["2.2 Compatiblity","AchievementEnabler","Aspiration","BaseMod","Better Altar","Better Match","Better Note","Better Sensory Stone","Better Skull","Better Third Choice","CCEM2","Colored Map","Colored Powertips","Conspire","Dark Map","Energized Spire","GifTheSpireLib","Highlight Path","Hubris","Infinite Spire","Jedi Mod","Marked Mod","Mimic Mod","Minty Spire (QoL Compilation)","Random Character Button","Relic Stats","Reliquary","Replay The Spire","Robot Space Explorer","Shop Mod","Somnambulant","StS++","StSLib","Stuff the Spire","The Bug Knight","The Hierophant","The Runesmith","TheSurvivalist","Unceasing Turn Reminder","Weighted Paths","everything is the same but u backflip on backflip"],"gold_per_floor":[112,88,127,127,140,140,174,186,224,259,277,236,236,246,246,350,350,366,366,386,386,386,386],"floor_reached":22,"language":"ENG","playtime":1233,"items_purged":[],"score":184,"play_id":"c1280422-4181-4f6e-b50a-e1ab267ed3e7","local_time":"20210127034137","is_ascension_mode":false,"campfire_choices":[{"data":"theextravagant:Cutthroat","floor":6,"key":"SMITH"},{"floor":13,"key":"REST"},{"data":"theextravagant:GlyphOfTime","floor":15,"key":"SMITH"}],"circlet_count":0,"master_deck":["theextravagant:SlyStrike","theextravagant:SlyStrike","theextravagant:SlyStrike","theextravagant:SlyStrike","theextravagant:Fence","theextravagant:Fence","theextravagant:Fence","theextravagant:Fence","theextravagant:QuickAttack","theextravagant:Triumph","theextravagant:Tension","theextravagant:Cutthroat+1","theextravagant:PerfectTheBasics","theextravagant:SharpTalons","theextravagant:TreasureHunt","theextravagant:RiskyStrike","theextravagant:GlyphOfPower","theextravagant:GlyphOfTime+1","theextravagant:Pushthrough","theextravagant:Outrun","Decay"],"relics":["theextravagant:TranscendedFeather","NeowsBlessing","betterThird:SlimedRelic","Oddly Smooth Stone","StSpp:SailingBoat","Runesmith:AutoHammer","CCEMRelics:BundleOfChain"],"acts_visited":["Exordium","TheCity"],"potions_floor_usage":[],"damage_taken":[{"damage":0,"enemies":"Small Slimes","floor":1,"turns":1},{"damage":0,"enemies":"Jaw Worm","floor":3,"turns":2},{"damage":0,"enemies":"Jaw Worm","floor":5,"turns":1},{"damage":9,"enemies":"Gremlin Nob","floor":7,"turns":4},{"damage":0,"enemies":"2 Louse","floor":8,"turns":2},{"damage":4,"enemies":"Gremlin Gang","floor":9,"turns":5},{"damage":19,"enemies":"conspire:MimicChest","floor":10,"turns":6},{"damage":7,"enemies":"Gremlin Gang","floor":11,"turns":4},{"damage":0,"enemies":"Large Slime","floor":14,"turns":5},{"damage":45,"enemies":"The Guardian","floor":16,"turns":10},{"damage":8,"enemies":"Chosen","floor":18,"turns":6},{"damage":20,"enemies":"Shell Parasite","floor":20,"turns":5},{"damage":48,"enemies":"Centurion and Healer","floor":22,"turns":6}],"seed_played":"635067601104712433","potions_obtained":[{"floor":5,"key":"jedi:tentaclejuice"},{"floor":8,"key":"Fruit Juice"},{"floor":11,"key":"SteroidPotion"},{"floor":16,"key":"AttackPotion"}],"is_trial":false,"path_per_floor":["M","?","MIM","?","M","R","E","M","MIM","?","M","$","R","M","R","B",null,"M","?","M","?","M"],"character_chosen":"THE_EXTRAVAGANT","items_purchased":["theextravagant:GlyphOfTime"],"campfire_rested":1,"item_purchase_floors":[12],"current_hp_per_floor":[75,64,64,64,64,64,55,55,51,32,25,25,47,47,47,8,75,67,67,47,47,0,0],"gold":386,"neow_bonus":"THREE_ENEMY_KILL","is_daily":false,"chose_seed":false,"campfire_upgraded":2,"win_rate":0.0,"timestamp":1611740497,"path_taken":["M","?","?","?","M","R","E","M","MIM","?","?","?","R","M","R","BOSS","M","?","?","?","M"],"items_purchased_type":["Card"],"build_version":"2020-12-22","purchased_purges":0,"victory":false,"max_hp_per_floor":[75,75,75,75,75,75,75,75,75,75,75,75,75,75,75,75,75,75,75,75,75,75,75],"relic_stats":{"counters":[13,57],"obtain_stats":[{"NeowsBlessing":0,"betterThird:SlimedRelic":2,"Oddly Smooth Stone":3,"CCEMRelics:BundleOfChain":10,"theextravagant:TranslucentFeather":0,"StSpp:SailingBoat":7,"Runesmith:AutoHammer":9,"theextravagant:TranscendedFeather":17},{"NeowsBlessing":0,"betterThird:SlimedRelic":1,"Oddly Smooth Stone":2,"CCEMRelics:BundleOfChain":7,"theextravagant:TranslucentFeather":0,"StSpp:SailingBoat":4,"Runesmith:AutoHammer":6,"theextravagant:TranscendedFeather":10},{"NeowsBlessing":0,"betterThird:SlimedRelic":1,"Oddly Smooth Stone":3,"CCEMRelics:BundleOfChain":21,"theextravagant:TranslucentFeather":0,"StSpp:SailingBoat":8,"Runesmith:AutoHammer":15,"theextravagant:TranscendedFeather":40}]},"card_choices":[{"not_picked":["theextravagant:Comeback","theextravagant:Firework"],"picked":"theextravagant:Tension","floor":1},{"not_picked":["theextravagant:StepBack","theextravagant:Shake"],"picked":"theextravagant:Cutthroat","floor":3},{"not_picked":["theextravagant:Comeback","theextravagant:Precaution"],"picked":"theextravagant:PerfectTheBasics","floor":5},{"not_picked":["theextravagant:ShieldCharm","theextravagant:GlyphOfSight","theextravagant:PerfectTheBasics"],"picked":"SKIP","floor":7},{"not_picked":["theextravagant:Firework","theextravagant:Pushthrough"],"picked":"theextravagant:SharpTalons","floor":8},{"not_picked":["theextravagant:Glamour","theextravagant:Clairvoyance"],"picked":"theextravagant:TreasureHunt","floor":9},{"not_picked":["theextravagant:Shove","theextravagant:Shake"],"picked":"theextravagant:RiskyStrike","floor":10},{"not_picked":["theextravagant:Riot","theextravagant:GlyphOfSight"],"picked":"theextravagant:GlyphOfPower","floor":11},{"not_picked":["theextravagant:Repell","theextravagant:ZeroHero"],"picked":"theextravagant:Pushthrough","floor":14},{"not_picked":["theextravagant:AuroraForm","theextravagant:RisingPhoenix"],"picked":"theextravagant:Outrun","floor":16},{"not_picked":["theextravagant:SharpTalons","theextravagant:Firework","theextravagant:Pushthrough+1"],"picked":"SKIP","floor":18},{"not_picked":["theextravagant:Glamour","theextravagant:Meditation","theextravagant:Firework"],"picked":"SKIP","floor":20}],"player_experience":962323,"relics_obtained":[{"floor":3,"key":"Oddly Smooth Stone"},{"floor":7,"key":"StSpp:SailingBoat"},{"floor":9,"key":"Runesmith:AutoHammer"},{"floor":10,"key":"CCEMRelics:BundleOfChain"}],"event_choices":[{"damage_healed":0,"gold_gain":0,"player_choice":"Slimed","damage_taken":11,"max_hp_gain":0,"max_hp_loss":0,"event_name":"betterThird:BetterGoop","floor":2,"gold_loss":24},{"damage_healed":0,"gold_gain":0,"player_choice":"Bought 0 Potions","damage_taken":0,"max_hp_gain":0,"max_hp_loss":0,"event_name":"The Woman in Blue","floor":4,"gold_loss":0},{"damage_healed":0,"gold_gain":0,"player_choice":"Ignored","damage_taken":0,"max_hp_gain":0,"max_hp_loss":0,"event_name":"betterNote:BetterNote","floor":19,"gold_loss":0,"cards_obtained":["Neutralize"]},{"damage_healed":0,"gold_gain":0,"player_choice":"Cursed","damage_taken":0,"max_hp_gain":0,"max_hp_loss":0,"event_name":"Wheel of Change","floor":21,"gold_loss":0,"cards_obtained":["Decay"]}],"is_beta":false,"boss_relics":[{"not_picked":["Replay:Drink Me","Painkiller Herb"],"picked":"theextravagant:TranscendedFeather"}],"items_purged_floors":[],"is_endless":false,"potions_floor_spawned":[5,8,11,16,18],"killed_by":"Centurion and Healer","ascension_level":0}}