{"host":"2hlhnd4tei6r1t0s","time":1611716456,"event":{"mods":["100% Spire Juice","ATMod(阿瑾Mod)","Act Like it!","Arknights The Spire","Aspiration","Astrologer","Bard","BaseMod","Chen","Conspire","Energized Spire","Evolution","Gensokyo","Gremlin Mod","GungeonMod","Hallownest","HololiveMod","HumanHunterMod(怪物杀人mod)","Jedi Mod","Jorbs\u0027s Wanderer Trilogy","KinomotoSakuraMod(木之本樱)","Koishi","Lobotomy","LobotomyExtend","Luminous","Mari Mod (Legacy)","Mari\u0027s V1 Patch","Minty Spire (QoL Compilation)","MostiFishMod","Pale of the Ancients","Potionbrewer","Prisma Mod","Quick Restart","Reimu（博丽灵梦）","Replay The Spire","Robot Space Explorer","RumiaBox-露米娅的神秘盒子","Slay the StarCraft II Mod","StSLib","TestMod","The Administrix","The Alterego","The Animator","The Blackbeard","The Construct","The Cursed","The Forsaken","The Gatherer","The Hayseed","The Jungle","The Mystic","The Runesmith","The Saiyan","The Senshi","The Showman","TheHeartMod","TheWitcher","Uncapped","WarShipGirlsR/战舰少女R mod","Yakumo Yukari mod","Yuyuko","[GremlinLeader]The Maniac","[IsaacMod]以撒尖塔","noobMod","【功能Mod】混沌之环修复补丁","【功能Mod】聪明的最终Boss","【遗物卡牌】REMEMod","残留之物","篝火指南"],"gold_per_floor":[10000000,10000000,9999400,9998197,9998271,9998302,9997451,9997481,9997481,9997521,9997550,9996521,9996599,9996599,9995601,9995661,9995661,9995680,9995730,9995739,9995688,9995676,9994689,9994744,9994769,9994769,9994769,9993696,9992610,9992663,9992651,9990872,9990979,9990997,9990983,9991023,9990927,9990926,9989995,9988776,9988776,9988808,9988808,9988041,9988074,9988088,9988128,9987051,9986190,9986193,9986193],"floor_reached":52,"language":"ZHS","playtime":6534,"items_purged":["Moonworks:Defend","Moonworks:Defend","Moonworks:Defend","Flash of Steel","Moonworks:Assault","Moonworks:Assault","Moonworks:LongDistanceShot","Moonworks:Strike","Moonworks:Ambush","Moonworks:FinalSurgery","Moonworks:Strike","Moonworks:Strike"],"score":1238,"play_id":"8f97bb20-5979-40f6-8b9f-3ae16ed643a6","local_time":"20210127110056","is_ascension_mode":true,"campfire_choices":[],"circlet_count":0,"master_deck":["AT_EssenceShift+1","MostiFishMod:#F4004+1","Moonworks:JonathanRush","Moonworks:RagingMadness","Moonworks:EvilSpyWorkPreparation","Moonworks:CloudOfSeagulls","testmod-Provocation","Moonworks:EvilSpyWorkPreparation","testmod-WeaknessCounterattack+1","Moonworks:JonathanRush","Moonworks:JonathanRush","Moonworks:RagingMadness","Moonworks:JonathanRush","Moonworks:IndiscriminateFireSupport","MostiFishMod:StoryBook+1","Moonworks:RagingMadness","Moonworks:ExtendedPhotonRifle","Moonworks:ExtendedPhotonRifle+1","Moonworks:RagingMadness","Moonworks:BigMagnum","Moonworks:IndiscriminateFireSupport","Moonworks:JonathanRush","Moonworks:AnotherUltimateWeapon+1","Moonworks:BigMagnum","Moonworks:JonathanRush","Moonworks:ExtendedPhotonRifle","Moonworks:EvilSpyWorkPreparation","Moonworks:CloudOfSeagulls+1","Moonworks:JonathanRush+1","Moonworks:RagingMadness+1","Moonworks:EvilSpyWorkPreparation","Moonworks:BigMagnum","Moonworks:ExtendedPhotonRifle+1","Moonworks:IndiscriminateFireSupport+1","Moonworks:RagingMadness+1","EpicFetus+1","Moonworks:RagingMadness","Moonworks:BigMagnum","Moonworks:CloudOfSeagulls+1","testmod-LimitFlipper","Moonworks:EvilSpyWorkPreparation+1","Mayhem+1","Moonworks:RagingMadness","testmod-PerfectCombo","Moonworks:BigMagnum","Moonworks:AccelHyper+1","Moonworks:AccelHyper+1","Moonworks:AnotherUltimateWeapon+1","testmod-Recap+1","Moonworks:RocketCannon+1","Moonworks:EvilSpyWorkPreparation","Moonworks:EvilSpyWorkPreparation","Moonworks:JonathanRush","Moonworks:IndiscriminateFireSupport+1","DemoMod:Invincible+1","testmod-PerfectCombo+1","Moonworks:IndiscriminateFireSupport+1","Dramatic Entrance","Moonworks:IndiscriminateFireSupport","Moonworks:IndiscriminateFireSupport","Moonworks:BigMagnum","Moonworks:RagingMadness","Moonworks:CloudOfSeagulls","Moonworks:EvilSpyWorkPreparation+1","Moonworks:RagingMadness+1","Moonworks:AccelHyper+1","Moonworks:MeltingMemories+1","Moonworks:EvilSpyWorkPreparation+1","Moonworks:SinkOrSwim+1","Moonworks:RagingMadness+1","Moonworks:IndiscriminateFireSupport+1","Moonworks:RagingMadness","Moonworks:x16BigRocket"],"relics":["Moonworks:BrokenBomb","Moonworks:Homemark","EVO:Axolotl","ice","testmod-TestBox","DaveBox","REME_ComplimentaryCards","HushsDoor","AT_ATBox","GuppysTail","DianPoetry","testmod-EnergyCheck","Philosopher\u0027s Stone","AT_TrinityForce","SynthV:TestCard","LetterFromLob","aspiration:HummingbirdHeart","DemoMod:GnawedKey","Snack Pack","DemoMod:BigBoy","REME_CardOfGreed","jedi:angrymask","DianDianMeat","Orichalcum","Golden Egg","testmod-Register","Torii","UnicornStump","CeramicFish","Art of War","PlaceholderMod:SoulofChaos","Technique","SnafuTest:BearRelic","Bronze Scales","PlaceholderMod:DeVermisMysteriis","Replay:PocketPolymizer","HandDrill","conspire:RunicOctahedron","Shuriken","jedi:fakemustache","REME_ArchaeologicalTools","potionbrewer:WarMedal","Bottled Tornado","Gremlin Food","jedi:bottledfury","Dodecahedron","REME_PuzzleBoxRelic","SynthV:C4","OrangePellets","Boot","Singing Bowl","BirthdayGift-Icosahedron","FeatherPendant","DaCapo","AT_EbonyIvory","jedi:Pinwheel","TentaclePot:ReiMu","Nunchaku","HornCleat","SynthV","aspiration:FetidBarrel","ForgetMeNow","Question Card","DemoMod:GlassGuonStoneRelic","Replay:Mystery Machine","Whetstone","GodSword1","ChiLing","Chi","Ling","conspire:GiftBox","Blood Vial","Lantern","DemoMod:MeatBun"],"acts_visited":["Exordium","Exordium","TheBeyond"],"potions_floor_usage":[37,42],"damage_taken":[{"damage":7,"enemies":"Jaw Worm","floor":1,"turns":4},{"damage":36,"enemies":"Lagavulin","floor":6,"turns":3},{"damage":62,"enemies":"3 Sentries","floor":8,"turns":3},{"damage":141,"enemies":"Gremlin Nob","floor":10,"turns":6},{"damage":3,"enemies":"2 Louse","floor":11,"turns":3},{"damage":331,"enemies":"Slime Boss","floor":16,"turns":6},{"damage":0,"enemies":"theJungle:MUSHROOMGANG","floor":18,"turns":1},{"damage":0,"enemies":"JungleHuntersEvent","floor":20,"turns":1},{"damage":288,"enemies":"Shell Parasite","floor":22,"turns":2},{"damage":0,"enemies":"theJungle:JungleHuntersEncounter","floor":24,"turns":1},{"damage":0,"enemies":"theJungle:Lyon","floor":25,"turns":1},{"damage":128,"enemies":"theJungle:2_Flameangoes","floor":30,"turns":3},{"damage":239,"enemies":"Snake Plant","floor":31,"turns":2},{"damage":0,"enemies":"theJungle:FunGuy","floor":33,"turns":1},{"damage":1157,"enemies":"3 Shapes","floor":35,"turns":1},{"damage":12,"enemies":"Orb Walker","floor":36,"turns":4},{"damage":0,"enemies":"4 Shapes","floor":37,"turns":1},{"damage":0,"enemies":"Transient","floor":38,"turns":1},{"damage":0,"enemies":"Transient","floor":42,"turns":1},{"damage":1448,"enemies":"Sphere and 2 Shapes","floor":45,"turns":1},{"damage":97,"enemies":"Giant Head","floor":46,"turns":1},{"damage":0,"enemies":"conspire:MimicChest","floor":47,"turns":1},{"damage":0,"enemies":"conspire:OrnateMirror","floor":50,"turns":1}],"seed_played":"-6633296591401331123","potions_obtained":[{"floor":8,"key":"Swift Potion"},{"floor":11,"key":"potionbrewer:FreezingPotion"},{"floor":22,"key":"Languid Potion"},{"floor":37,"key":"REME_GoldPotion"},{"floor":42,"key":"REME_GoldPotion"},{"floor":45,"key":"SkillPotion"}],"is_trial":false,"path_per_floor":["M","?","?","$","T","E","R","E","T","E","M","R","T","?","R","B",null,"M","?","?","?","M","$","M","M","T","?","$","R","M","M","R","B",null,"M","M","M","?","$","R","?","M","T","$","M","E","?","$","R","B",null,null],"character_chosen":"THE_STARBREAKER","items_purchased":["DemoMod:GnawedKey","Snack Pack","DemoMod:BigBoy","REME_CardOfGreed","Moonworks:RagingMadness","Moonworks:EvilSpyWorkPreparation","Moonworks:CloudOfSeagulls","testmod-Provocation","Moonworks:Assault","Orichalcum","Golden Egg","testmod-Register","testmod-WeaknessCounterattack","Moonworks:JonathanRush","Moonworks:RagingMadness","Art of War","PlaceholderMod:SoulofChaos","MostiFishMod:StoryBook","Moonworks:RagingMadness","Moonworks:ExtendedPhotonRifle","Moonworks:FinalSurgery","Technique","PlaceholderMod:DeVermisMysteriis","Replay:PocketPolymizer","HandDrill","Moonworks:RagingMadness","Moonworks:BigMagnum","Moonworks:IndiscriminateFireSupport","Moonworks:JonathanRush","Flash of Steel","jedi:fakemustache","REME_ArchaeologicalTools","potionbrewer:WarMedal","Moonworks:CloudOfSeagulls","Moonworks:JonathanRush","Moonworks:RagingMadness","Gremlin Food","jedi:bottledfury","Dodecahedron","Moonworks:ExtendedPhotonRifle","Moonworks:IndiscriminateFireSupport","Moonworks:RagingMadness","EpicFetus","REME_PuzzleBoxRelic","SynthV:C4","OrangePellets","Moonworks:RagingMadness","Moonworks:BigMagnum","Moonworks:CloudOfSeagulls","testmod-LimitFlipper","ChaosCard","Boot","Singing Bowl","BirthdayGift-Icosahedron","Mayhem","Moonworks:RagingMadness","testmod-PerfectCombo","Moonworks:BigMagnum","Moonworks:AccelHyper","testmod-Recap","Moonworks:RocketCannon","AT_EbonyIvory","jedi:Pinwheel","TentaclePot:ReiMu","DemoMod:Invincible","testmod-PerfectCombo","Moonworks:RagingMadness","Moonworks:IndiscriminateFireSupport","Nunchaku","HornCleat","SynthV","ChaosCard","Dramatic Entrance","Moonworks:IndiscriminateFireSupport","Moonworks:BigMagnum","Moonworks:RagingMadness","ForgetMeNow","Question Card","Moonworks:EvilSpyWorkPreparation","Moonworks:RagingMadness+1","Moonworks:AccelHyper","GodSword1","ChiLing","conspire:GiftBox","Moonworks:RagingMadness","Moonworks:IndiscriminateFireSupport","Blood Vial","Lantern","DemoMod:MeatBun","Moonworks:RagingMadness","Moonworks:x16BigRocket"],"campfire_rested":0,"item_purchase_floors":[4,4,4,4,4,4,4,4,4,7,7,7,7,7,7,12,12,12,12,12,12,12,15,15,15,15,15,15,15,15,23,23,23,23,23,23,28,28,28,28,28,28,28,29,29,29,29,29,29,29,29,32,32,32,32,32,32,32,32,34,34,39,39,39,39,39,39,39,40,40,40,40,40,40,40,40,44,44,44,44,44,48,48,48,48,48,49,49,49,49,49],"current_hp_per_floor":[53,53,41,41,41,14,28,51,51,24,37,92,95,83,163,318,318,338,294,340,365,413,488,515,543,543,546,668,843,1593,2151,2400,2445,2525,4183,4457,11405,11456,11670,12021,12024,12086,12086,12278,12280,12346,12416,12623,12766,12766,12766],"gold":9986193,"neow_bonus":"DOUBLE_BOSS_RELIC","is_daily":false,"chose_seed":false,"campfire_upgraded":0,"win_rate":0.0,"timestamp":1611716456,"path_taken":["M","?","?","$","?","E","R","E","T","E","?","R","?","?","R","BOSS","M","?","?","?","M","$","M","M","T","?","$","R","M","M","R","BOSS","M","M","M","?","$","R","?","M","T","$","M","E","?","$","R","BOSS"],"items_purchased_type":["Relic","Relic","Relic","Relic","Card","Card","Card","Card","Card","Relic","Relic","Relic","Card","Card","Card","Relic","Relic","Card","Card","Card","Card","Relic","Relic","Relic","Relic","Card","Card","Card","Card","Card","Relic","Relic","Relic","Card","Card","Card","Relic","Relic","Relic","Card","Card","Card","Card","Relic","Relic","Relic","Card","Card","Card","Card","Card","Relic","Relic","Relic","Card","Card","Card","Card","Card","Card","Card","Relic","Relic","Relic","Card","Card","Card","Card","Relic","Relic","Relic","Card","Card","Card","Card","Card","Relic","Relic","Card","Card","Card","Relic","Relic","Relic","Card","Card","Relic","Card","Relic","Card","Card"],"build_version":"2020-12-22","purchased_purges":12,"victory":true,"max_hp_per_floor":[60,60,60,60,60,61,75,82,82,93,103,158,161,164,244,318,318,338,341,365,390,413,488,515,543,543,546,668,843,1593,2151,2400,2445,2525,4183,4457,11405,11456,11670,12021,12024,12086,12086,12278,12280,12346,12416,12623,12766,12766,12766],"card_choices":[{"not_picked":["Moonworks:NicePresent","Moonworks:FinalSurgery"],"picked":"Moonworks:JonathanRush","floor":1},{"not_picked":["Moonworks:RedAndBlue","Moonworks:Assault","Moonworks:BigMagnum","Moonworks:JonathanRush"],"picked":"Moonworks:EvilSpyWorkPreparation","floor":6},{"not_picked":["Moonworks:SakisCookie","Moonworks:Dinner","Moonworks:RocketCannon","Moonworks:NicePresent"],"picked":"Moonworks:JonathanRush","floor":8},{"not_picked":["Moonworks:UnpaidWork","Moonworks:CompletionReward","Moonworks:SealedMemories","Moonworks:WindyEnchantment"],"picked":"Bomb","floor":10},{"not_picked":["Moonworks:LulusLuckyEgg","Moonworks:Bloodlust","Moonworks:DeployBits","Moonworks:SakisCookie"],"picked":"Moonworks:IndiscriminateFireSupport","floor":11},{"not_picked":["Moonworks:CrystalBarrier","Moonworks:OutOfAmmo","Moonworks:ReflectiveShell","Moonworks:Gamble"],"picked":"Moonworks:AnotherUltimateWeapon","floor":16},{"not_picked":["Moonworks:WindyEnchantment","Moonworks:CookingTime","Moonworks:LulusLuckyEgg+1","Moonworks:ImOnFire"],"picked":"Moonworks:BigMagnum","floor":18},{"not_picked":["Moonworks:IndiscriminateFireSupport","Moonworks:BigMagnum","Moonworks:TreasureThief","Moonworks:SakisCookie+1"],"picked":"Moonworks:JonathanRush","floor":20},{"not_picked":[],"picked":"Moonworks:ExtendedPhotonRifle","floor":21},{"not_picked":["Moonworks:DeployBits","Moonworks:Assault","Moonworks:CastOff","Moonworks:LuckyCharm"],"picked":"Moonworks:EvilSpyWorkPreparation","floor":22},{"not_picked":["Moonworks:CompletionReward+1","Moonworks:Assault","Moonworks:NicePresent","Moonworks:ImOnFire"],"picked":"Moonworks:EvilSpyWorkPreparation","floor":24},{"not_picked":["Moonworks:CompletionReward","Moonworks:Assault","Moonworks:DeployBits+1","Moonworks:BigBangBell"],"picked":"Moonworks:BigMagnum","floor":25},{"not_picked":["Moonworks:BigMagnum","Moonworks:ImOnFire","Moonworks:NicePresent","Moonworks:CloudOfSeagulls"],"picked":"Moonworks:EvilSpyWorkPreparation+1","floor":30},{"not_picked":["Moonworks:BigBangBell","Moonworks:AwakeningOfTalent+1","Moonworks:SakisCookie","Moonworks:TreasureThief+1","Moonworks:Assault+1"],"picked":"SKIP","floor":31},{"not_picked":["Moonworks:EvilMastermind","Moonworks:OutOfAmmo","Moonworks:Blazing","Moonworks:Encore"],"picked":"Moonworks:AnotherUltimateWeapon","floor":33},{"not_picked":["Moonworks:LulusLuckyEgg","Moonworks:SakisCookie","Moonworks:Assault","Moonworks:BigMagnum"],"picked":"Moonworks:EvilSpyWorkPreparation","floor":35},{"not_picked":["Moonworks:DeployBits","Moonworks:NicePresent+1","Moonworks:SakisCookie","Moonworks:BigMagnum+1"],"picked":"Moonworks:EvilSpyWorkPreparation","floor":36},{"not_picked":["Moonworks:BackdoorTrade+1","Moonworks:DeployBits+1","Moonworks:LulusLuckyEgg+1","Moonworks:MiracleWalker+1"],"picked":"Moonworks:JonathanRush","floor":37},{"not_picked":["Moonworks:RagingMadness","Moonworks:SakisCookie+1","Moonworks:JonathanRush+1","Moonworks:ImOnFire"],"picked":"Moonworks:IndiscriminateFireSupport+1","floor":38},{"not_picked":["Moonworks:WindyEnchantment","Moonworks:TreasureThief+1","Moonworks:Poppoformation","Moonworks:SakisCookie"],"picked":"Moonworks:CloudOfSeagulls","floor":42},{"not_picked":["Moonworks:ImOnFire+1","Moonworks:LuckyCharm","Moonworks:DeployBits+1","Moonworks:CastOff","Moonworks:WeAreWaruda","Moonworks:EvilSpyWorkPreparation+1"],"picked":"Singing Bowl","floor":45},{"not_picked":["Moonworks:SealedMemories","Moonworks:CrystalBarrier","Moonworks:ImOnFire","Moonworks:BigMagnum","Moonworks:x16BigRocket"],"picked":"Moonworks:MeltingMemories","floor":46},{"not_picked":["Moonworks:BigMagnum+1","Moonworks:Assault","Moonworks:IndiscriminateFireSupport","Moonworks:JonathanRush+1","Moonworks:CompletionReward"],"picked":"Moonworks:EvilSpyWorkPreparation+1","floor":47},{"not_picked":["Moonworks:Wanted","Moonworks:EvilMastermind","Moonworks:ReflectiveShell"],"picked":"Moonworks:SinkOrSwim","floor":48}],"player_experience":160307,"relics_obtained":[{"floor":1,"key":"SynthV:TestCard"},{"floor":1,"key":"LetterFromLob"},{"floor":5,"key":"jedi:angrymask"},{"floor":6,"key":"DianDianMeat"},{"floor":8,"key":"Torii"},{"floor":9,"key":"UnicornStump"},{"floor":10,"key":"CeramicFish"},{"floor":13,"key":"SnafuTest:BearRelic"},{"floor":20,"key":"Shuriken"},{"floor":26,"key":"Bottled Tornado"},{"floor":38,"key":"DaCapo"},{"floor":43,"key":"aspiration:FetidBarrel"},{"floor":46,"key":"Replay:Mystery Machine"},{"floor":47,"key":"Whetstone"}],"event_choices":[{"damage_healed":0,"gold_gain":0,"player_choice":"Success","damage_taken":12,"relics_obtained":["aspiration:HummingbirdHeart"],"max_hp_gain":0,"max_hp_loss":0,"event_name":"Scrap Ooze","floor":3,"gold_loss":0},{"damage_healed":0,"gold_gain":0,"player_choice":"Forge","damage_taken":0,"max_hp_gain":0,"max_hp_loss":0,"event_name":"Accursed Blacksmith","floor":27,"gold_loss":0,"cards_upgraded":["testmod-WeaknessCounterattack"]},{"cards_removed":["Moonworks:RagingMadness"],"damage_healed":0,"gold_gain":0,"player_choice":"Removed Power","damage_taken":0,"max_hp_gain":0,"max_hp_loss":0,"event_name":"Falling","floor":41,"gold_loss":0}],"is_beta":false,"boss_relics":[{"not_picked":["RhineFirstAidKit","Fusion Hammer"],"picked":"conspire:RunicOctahedron"},{"not_picked":[]},{"not_picked":["energizedSpire:SpiderWeb","aspiration:SilentSkillbook"],"picked":"FeatherPendant"},{"not_picked":[]}],"items_purged_floors":[4,7,12,15,23,28,29,32,34,40,48,49],"is_endless":false,"potions_floor_spawned":[8,11,22,24,31,37,42,45,47],"ascension_level":1}}