{"host":"ewns8ifhbubwkcum","time":1611721233,"event":{"mods":["BaseMod","Block Reminder","Colored Map","Colored Powertips","Downfall","Highlight Path","Minty Spire (QoL Compilation)","Permanent Neow","Quick Restart","Random Character Button","StSLib"],"gold_per_floor":[99,109,209,209,209,41,90,103,134,148,181,197,210,210,210,210],"floor_reached":14,"language":"ENG","playtime":798,"items_purged":[],"score":100,"play_id":"c4091de3-df22-4d29-ad47-f2f7c5d73026","local_time":"20210126222033","is_ascension_mode":false,"campfire_choices":[{"floor":1,"key":"RECALL"}],"circlet_count":0,"master_deck":["sneckomod:Strike","sneckomod:Strike+1","sneckomod:Defend+1","sneckomod:Defend","sneckomod:Defend","sneckomod:TailWhip","sneckomod:SnekBite","sneckomod:Unknown","sneckomod:CheapStock+1","downfall:Malfunctioning","Guardian:StasisField","sneckomod:UnknownCommonSkill","Guardian:TemporalStrike","Guardian:BodySlam+1","Guardian:SentryBeam+1"],"relics":["sneckomod:SneckoSoul","CaptainsWheel","PrismaticShard","Bronze Scales","MealTicket","Molten Egg 2"],"acts_visited":["Exordium"],"potions_floor_usage":[14,14],"damage_taken":[{"damage":0,"enemies":"2 Louse","floor":2,"turns":2},{"damage":5,"enemies":"downfall:FleeingMerchant","floor":6,"turns":4},{"damage":0,"enemies":"Jaw Worm","floor":8,"turns":5},{"damage":22,"enemies":"Gremlin Nob","floor":9,"turns":5},{"damage":0,"enemies":"Cultist","floor":10,"turns":4},{"damage":21,"enemies":"3 Sentries","floor":11,"turns":10},{"damage":2,"enemies":"Blue Slaver","floor":12,"turns":3},{"damage":13,"enemies":"3 Louse","floor":13,"turns":3},{"damage":11,"enemies":"Gremlin Nob","floor":14,"turns":2}],"seed_played":"1192969036325561512","potions_obtained":[{"floor":2,"key":"champ:CounterPotion"},{"floor":8,"key":"CultistPotion"},{"floor":12,"key":"PowerPotion"}],"is_trial":false,"path_per_floor":["R","M","?","?","?","$","T","M","E","M","E","M","M","E"],"character_chosen":"THE_SNECKO","items_purchased":["PrismaticShard"],"campfire_rested":0,"item_purchase_floors":[6],"current_hp_per_floor":[90,90,90,90,72,67,67,67,45,45,24,22,9,0,0,0],"gold":210,"neow_bonus":"TRANSFORM_CARD","is_daily":false,"chose_seed":false,"campfire_upgraded":0,"win_rate":0.0,"timestamp":1611721233,"path_taken":["R","M","?","?","?","?","T","M","E","M","E","M","M","E"],"items_purchased_type":["Relic"],"build_version":"2020-12-22","purchased_purges":0,"victory":false,"max_hp_per_floor":[90,90,90,90,90,90,90,90,90,90,90,90,90,90,90,90],"card_choices":[{"not_picked":["sneckomod:DiceBoulder","sneckomod:UnknownVulnerable"],"picked":"sneckomod:Memorize","floor":2},{"not_picked":["sneckomod:WideSting","sneckomod:DiceCrush"],"picked":"sneckomod:UnknownCommonSkill","floor":6},{"not_picked":["Catalyst","Power Through","Bloodletting"],"picked":"SKIP","floor":8},{"not_picked":["ClearTheMind","hexamod:PowerFromBeyond","bronze:Frontload"],"picked":"SKIP","floor":9},{"not_picked":["Shrug It Off","Underhanded Strike"],"picked":"Guardian:TemporalStrike","floor":10},{"not_picked":["champ:StanceDance","Thunderclap+1"],"picked":"Guardian:BodySlam+1","floor":11},{"not_picked":["Indignation","Terror"],"picked":"Guardian:SentryBeam+1","floor":12},{"not_picked":["sneckomod:UnknownClassPURPLE","EmptyMind","bronze:WhirlingStrike+1"],"picked":"SKIP","floor":13}],"player_experience":1006624,"relics_obtained":[{"floor":7,"key":"Bronze Scales"},{"floor":9,"key":"MealTicket"},{"floor":11,"key":"Molten Egg 2"}],"event_choices":[{"damage_healed":0,"gold_gain":0,"player_choice":"Success","damage_taken":18,"relics_obtained":["CaptainsWheel"],"max_hp_gain":0,"max_hp_loss":0,"event_name":"Scrap Ooze","floor":5,"gold_loss":0}],"is_beta":false,"boss_relics":[],"items_purged_floors":[],"is_endless":false,"potions_floor_spawned":[2,8,12],"killed_by":"Gremlin Nob","ascension_level":0}}