{"host":"b4vwm7jq6jdk6nca","time":1611756386,"event":{"mods":["Act Like it!","BaseMod","Hallownest","Minty Spire (QoL Compilation)","Quick Restart","StSLib"],"gold_per_floor":[113,113,127,143,143,143,163,194,194,194,0,12,38,55,55,55,55],"floor_reached":16,"language":"ZHS","playtime":804,"items_purged":["Strike_G"],"score":117,"play_id":"b9ca0dd4-0573-4dae-9ba0-691dbe4de21c","local_time":"20210127220626","is_ascension_mode":true,"campfire_choices":[{"data":"Neutralize","floor":6.0,"key":"SMITH"},{"floor":15,"key":"REST"}],"circlet_count":0,"master_deck":["Strike_G","Strike_G","Strike_G","Strike_G","Defend_G","Defend_G","Defend_G","Defend_G","Defend_G","Survivor","Neutralize+1","Riddle With Holes","Infinite Blades","Terror","Dash","Dagger Spray","Acrobatics","Noxious Fumes","Dagger Throw","Bane"],"relics":["Ring of the Snake","NeowsBlessing","Hallownest:DreamNailRelic","Bag of Marbles","Tiny Chest","Mercury Hourglass"],"acts_visited":["Exordium"],"potions_floor_usage":[16],"damage_taken":[{"damage":0.0,"enemies":"Hallownest:monsterHuskGuard","floor":1.0,"turns":1.0},{"damage":0.0,"enemies":"Hallownest:monsterHuskWarrior","floor":3.0,"turns":1.0},{"damage":0.0,"enemies":"Hallownest:2_MossCreeps","floor":4.0,"turns":1.0},{"damage":26.0,"enemies":"Hallownest:1_Ooma_and_2_Uuma","floor":7.0,"turns":7.0},{"damage":13.0,"enemies":"Hallownest:eliteVengeflyKing","floor":8.0,"turns":8.0},{"damage":0.0,"enemies":"Hallownest:monsterAspidMother","floor":10.0,"turns":4.0},{"damage":8.0,"enemies":"Hallownest:monsterFoolEater","floor":12.0,"turns":5.0},{"damage":6.0,"enemies":"Hallownest:eliteMossKnight","floor":13.0,"turns":7.0},{"damage":10,"enemies":"Hallownest:Guard_and_Warrior","floor":14,"turns":4},{"damage":37,"enemies":"Hallownest:BossFalseKnight","floor":16,"turns":6}],"seed_played":"175715062051871858","potions_obtained":[{"floor":3.0,"key":"BlessingOfTheForge"},{"floor":8.0,"key":"SkillPotion"},{"floor":12.0,"key":"DistilledChaos"},{"floor":13.0,"key":"Ancient Potion"},{"floor":14,"key":"Energy Potion"}],"is_trial":false,"path_per_floor":["M","?","M","M","?","R","M","E","T","M","$","M","E","?","R","B"],"character_chosen":"THE_SILENT","items_purchased":["Noxious Fumes","PowerPotion"],"campfire_rested":1,"item_purchase_floors":[11,11],"current_hp_per_floor":[70,70,70,70,70,70,44,31,31,31,31,23,17,7,28,0,0],"gold":55,"neow_bonus":"THREE_ENEMY_KILL","is_daily":false,"chose_seed":false,"campfire_upgraded":1,"win_rate":0.0,"timestamp":1611756386,"path_taken":["M","?","M","?","?","R","M","E","T","M","$","M","E","?","R","BOSS"],"items_purchased_type":["Card","Potion"],"build_version":"2020-12-22","purchased_purges":1,"victory":false,"max_hp_per_floor":[70,70,70,70,70,70,70,70,70,70,70,70,70,70,70,70,70],"card_choices":[{"not_picked":["Backflip","Bane"],"picked":"Riddle With Holes","floor":1.0},{"not_picked":["Slice","All Out Attack"],"picked":"Infinite Blades","floor":3.0},{"not_picked":["Concentrate","Calculated Gamble"],"picked":"Terror","floor":4.0},{"not_picked":["Distraction","Leg Sweep"],"picked":"Dash","floor":7.0},{"not_picked":["Flying Knee","Deadly Poison"],"picked":"Dagger Spray","floor":8.0},{"not_picked":["Bane","Quick Slash"],"picked":"Acrobatics","floor":10.0},{"not_picked":["Terror","Heel Hook","Acrobatics"],"picked":"SKIP","floor":12.0},{"not_picked":["Expertise","Tactician"],"picked":"Dagger Throw","floor":13.0},{"not_picked":["Catalyst","Poisoned Stab"],"picked":"Bane","floor":14}],"player_experience":305960,"relics_obtained":[{"floor":8.0,"key":"Bag of Marbles"},{"floor":9.0,"key":"Tiny Chest"},{"floor":13.0,"key":"Mercury Hourglass"}],"event_choices":[],"is_beta":false,"boss_relics":[],"items_purged_floors":[11],"is_endless":false,"potions_floor_spawned":[3,8,12,13,14],"killed_by":"Hallownest:BossFalseKnight","ascension_level":1}}