{"host":"h4qgcirtxz6qax9j","time":1611730750,"event":{"mods":["2.2 Compatiblity","AchievementEnabler","BaseMod","Colored Powertips","Custom Start","Hermit","Marisa£¨Ùöéë¡¡Øª×âÞÞ£©","Minty Spire (QoL Compilation)","Replay The Spire","StSLib","SuperFastMode","The Servant 0.9.4"],"gold_per_floor":[20,39,0,12,27,27,44,44,44,54,54,64,64,75,75,179,179,199,199,199],"floor_reached":19,"language":"KOR","playtime":459,"items_purged":[],"score":179,"play_id":"97c11fd9-19db-4651-ab0f-c3f19cc33599","local_time":"20210127155910","is_ascension_mode":true,"campfire_choices":[{"floor":6,"key":"REST"},{"floor":11,"key":"REST"},{"data":"MillisecondPulsars","floor":13,"key":"SMITH"},{"floor":15,"key":"REST"}],"circlet_count":0,"master_deck":["Strike_MRS","Strike_MRS","Strike_MRS","Strike_MRS","Defend_MRS","Defend_MRS","Defend_MRS","Defend_MRS","MasterSpark","UpSweep","MillisecondPulsars+1","SporeBomb","DC+1","RefractionSpark","EnergyFlow","Acceleration"],"relics":["MiniHakkero","Durian","Sozu"],"acts_visited":["Exordium","TheCity"],"potions_floor_usage":[],"damage_taken":[{"damage":1,"enemies":"2 Louse","floor":1,"turns":4},{"damage":7,"enemies":"Small Slimes","floor":2,"turns":3},{"damage":6,"enemies":"Cultist","floor":4,"turns":4},{"damage":13,"enemies":"Red Slaver","floor":5,"turns":3},{"damage":28,"enemies":"Exordium Thugs","floor":7,"turns":5},{"damage":2,"enemies":"Exordium Wildlife","floor":10,"turns":3},{"damage":8,"enemies":"Lots of Slimes","floor":12,"turns":5},{"damage":10,"enemies":"Blue Slaver","floor":14,"turns":3},{"damage":45,"enemies":"Fading Forest","floor":16,"turns":11},{"damage":54,"enemies":"Shell Parasite","floor":18,"turns":7}],"seed_played":"-5907160002422550845","potions_obtained":[{"floor":2,"key":"Regen Potion"},{"floor":4,"key":"PowerPotion"},{"floor":7,"key":"Energy Potion"}],"is_trial":false,"path_per_floor":["M","M","$","M","M","R","M","?","T","M","R","M","R","M","R","B",null,"M","?"],"character_chosen":"MARISA","items_purchased":["RefractionSpark"],"campfire_rested":3,"item_purchase_floors":[3],"current_hp_per_floor":[74,67,67,61,48,70,42,42,47,45,69,61,61,51,75,40,80,26,0,0],"gold":199,"neow_bonus":"THREE_RARE_CARDS","is_daily":false,"chose_seed":false,"campfire_upgraded":1,"win_rate":0.0,"timestamp":1611730750,"path_taken":["M","M","$","M","M","R","M","?","T","M","R","M","R","M","R","BOSS","M","?"],"items_purchased_type":["Card"],"build_version":"2020-12-22","purchased_purges":0,"victory":false,"max_hp_per_floor":[75,75,75,75,75,75,75,75,80,80,80,80,80,80,80,80,80,80,80,80],"card_choices":[{"not_picked":["TreasureHunter","EscapeVelocity"],"picked":"MillisecondPulsars","floor":0},{"not_picked":["MilkyWay","NonDirectionalLaser"],"picked":"SporeBomb","floor":1},{"not_picked":["LuminesStrike","EarthLightRay"],"picked":"DC","floor":2},{"not_picked":["AbsoluteMagnitude","MachineGunSpark","PowerUp"],"picked":"SKIP","floor":4},{"not_picked":["DarkMatter","WitchLeyline","SporeBomb"],"picked":"SKIP","floor":5},{"not_picked":["MilkyWay","EventHorizon","BlazeAway"],"picked":"SKIP","floor":7},{"not_picked":["SprinkleStarSeal","ShootTheMoon"],"picked":"EnergyFlow","floor":10},{"not_picked":["ManaConvection","ShootingEcho"],"picked":"Acceleration","floor":12},{"not_picked":["FairyDestructionRay","GrandCross","UnstableBomb"],"picked":"SKIP","floor":14},{"not_picked":["MysteriousBeam","GravityBeat","ChargingUp+1"],"picked":"SKIP","floor":18}],"player_experience":122836,"relics_obtained":[{"floor":9,"key":"Durian"}],"event_choices":[],"is_beta":false,"boss_relics":[{"not_picked":["Coffee Dripper","Astrolabe"],"picked":"Sozu"}],"items_purged_floors":[],"is_endless":false,"potions_floor_spawned":[2,4,7,12,16],"ascension_level":2}}