{"host":"gbsupkmj5cka9iw4","time":1611747770,"event":{"mods":["BaseMod","Better Note","BetterRewards","Minty Spire (QoL Compilation)","Say the Spire","Shop Mod","StSLib"],"gold_per_floor":[110,122,122,45,55,55,83,83,108,141,161,61,96,246,246,323,323,339,339,353,371,20,20,38,64,64,93,18,50,50,66,66,139,139,154,164,0,20,20,20,47,47,72,106,106,131,160,39,39,39],"floor_reached":51,"language":"ENG","playtime":3034,"items_purged":["Strike_R","Strike_R"],"score":1992,"play_id":"d8a82a7b-2406-4e68-b892-6933c9183935","local_time":"20210127204250","is_ascension_mode":true,"campfire_choices":[{"data":"Flex","floor":6.0,"key":"SMITH"},{"data":"Limit Break","floor":8.0,"key":"SMITH"},{"floor":15.0,"key":"DIG"},{"data":"Evolve","floor":23.0,"key":"SMITH"},{"floor":30.0,"key":"REST"},{"data":"Apotheosis","floor":32.0,"key":"SMITH"},{"floor":40,"key":"DIG"},{"floor":49,"key":"REST"}],"circlet_count":0,"master_deck":["AscendersBane","Defend_R","Defend_R","Defend_R","Defend_R","Bash","Parasite","Flex+1","Shrug It Off","Fire Breathing","Wild Strike","Fire Breathing","True Grit","Shrug It Off","Twin Strike","Limit Break+1","Limit Break","Flex","Ghostly Armor","Shrug It Off","Doubt","Offering","Reckless Charge","Evolve+1","Wild Strike+1","Apotheosis+1","Pummel","Pommel Strike","Second Wind+1","Shrug It Off+1","Havoc+1","Reaper","Dual Wield+1","Shockwave+1","Bloodletting+1","Parasite","Power Through+1","Blind+1","Trip+1","Deep Breath+1","Intimidate+1","Wild Strike+1","Evolve+1","Seeing Red+1"],"relics":["Burning Blood","Red Skull","Juzu Bracelet","Pocketwatch","Art of War","ClockworkSouvenir","StoneCalendar","Shovel","Vajra","Sundial","Strawberry","Turnip","Mark of Pain","Prayer Wheel","Toxic Egg 2","Thread and Needle","Frozen Egg 2","Runic Cube","Red Mask","Paper Frog","Lantern","Orichalcum","Regal Pillow","Bird Faced Urn","Toy Ornithopter"],"acts_visited":["Exordium","TheCity","TheBeyond"],"potions_floor_usage":[38],"damage_taken":[{"damage":10.0,"enemies":"Small Slimes","floor":1.0,"turns":3.0},{"damage":0.0,"enemies":"2 Louse","floor":2.0,"turns":1.0},{"damage":0.0,"enemies":"Jaw Worm","floor":5.0,"turns":3.0},{"damage":0.0,"enemies":"Lagavulin","floor":7.0,"turns":4.0},{"damage":10.0,"enemies":"3 Sentries","floor":10.0,"turns":4.0},{"damage":0.0,"enemies":"Exordium Wildlife","floor":11.0,"turns":2.0},{"damage":18.0,"enemies":"Gremlin Nob","floor":13.0,"turns":3.0},{"damage":8.0,"enemies":"The Guardian","floor":16.0,"turns":6.0},{"damage":6.0,"enemies":"Spheric Guardian","floor":18.0,"turns":3.0},{"damage":21.0,"enemies":"2 Thieves","floor":20.0,"turns":4.0},{"damage":19.0,"enemies":"Centurion and Healer","floor":21.0,"turns":5.0},{"damage":6.0,"enemies":"Snecko","floor":24.0,"turns":3.0},{"damage":23.0,"enemies":"Gremlin Leader","floor":25.0,"turns":4.0},{"damage":13.0,"enemies":"Book of Stabbing","floor":27.0,"turns":3.0},{"damage":12.0,"enemies":"Slavers","floor":29.0,"turns":3.0},{"damage":6.0,"enemies":"Sentry and Sphere","floor":31.0,"turns":3.0},{"damage":36,"enemies":"Automaton","floor":33,"turns":7},{"damage":0,"enemies":"3 Shapes","floor":35,"turns":3},{"damage":30,"enemies":"3 Darklings","floor":36,"turns":6},{"damage":13,"enemies":"Writhing Mass","floor":38,"turns":7},{"damage":29,"enemies":"Reptomancer","floor":41,"turns":5},{"damage":15,"enemies":"Giant Head","floor":44,"turns":6},{"damage":0,"enemies":"Mind Bloom Boss Battle","floor":46,"turns":3},{"damage":30,"enemies":"Reptomancer","floor":47,"turns":5},{"damage":65,"enemies":"Donu and Deca","floor":50,"turns":7}],"seed_played":"4278159316177026361","potions_obtained":[{"floor":5.0,"key":"Energy Potion"},{"floor":16.0,"key":"FearPotion"},{"floor":20.0,"key":"Swift Potion"},{"floor":27.0,"key":"SkillPotion"},{"floor":31.0,"key":"EssenceOfSteel"},{"floor":33,"key":"Block Potion"},{"floor":38,"key":"AttackPotion"},{"floor":41,"key":"Energy Potion"}],"is_trial":false,"path_per_floor":["M","M","?","$","M","R","E","R","T","E","M","$","E","?","R","B",null,"M","?","M","M","$","R","M","E","T","E","?","E","R","M","R","B",null,"M","M","?","M","?","R","E","?","T","E","?","?","E","$","R","B",null],"character_chosen":"IRONCLAD","items_purchased":["Shrug It Off","Fire Breathing","ClockworkSouvenir","DuplicationPotion","Explosive Potion","True Grit","Shrug It Off","Flex","Ghostly Armor","Apotheosis","Pummel","Evolve+1","Seeing Red+1"],"campfire_rested":2,"item_purchase_floors":[0,0,0,0,0,4,4,12,12,22,22,48,48],"current_hp_per_floor":[32,38,31,31,37,37,43,43,43,39,45,45,40,40,40,38,71,71,71,56,43,43,43,43,26,26,19,19,13,37,37,37,7,63,82,58,58,51,41,41,44,44,44,69,69,75,57,57,78,46],"gold":39,"neow_bonus":"","is_daily":false,"chose_seed":false,"campfire_upgraded":4,"win_rate":0.0,"timestamp":1611747770,"path_taken":["M","M","?","$","M","R","E","R","T","E","M","$","E","?","R","BOSS","M","?","M","M","$","R","M","E","T","E","?","E","R","M","R","BOSS","M","M","?","M","?","R","E","?","T","E","?","?","E","?","R","BOSS"],"items_purchased_type":["Card","Card","Relic","Potion","Potion","Card","Card","Card","Card","Card","Card","Card","Card"],"build_version":"2020-12-22","purchased_purges":2,"victory":true,"max_hp_per_floor":[75,75,75,75,75,75,75,75,75,75,75,75,82,82,82,82,82,82,82,82,82,82,82,82,82,82,82,82,82,82,82,82,82,82,82,82,82,82,82,82,82,78,78,78,78,78,78,78,78,78],"card_choices":[{"not_picked":["Second Wind","Dark Embrace"],"picked":"Wild Strike","floor":1.0},{"not_picked":["Entrench","Cleave"],"picked":"Fire Breathing","floor":2.0},{"not_picked":["Headbutt","Warcry"],"picked":"Twin Strike","floor":5.0},{"not_picked":["Warcry","Seeing Red"],"picked":"Limit Break","floor":7.0},{"not_picked":["Sentinel","True Grit"],"picked":"Limit Break","floor":10.0},{"not_picked":["Rupture","Dropkick","Entrench"],"picked":"SKIP","floor":11.0},{"not_picked":["Burning Pact","Rupture"],"picked":"Shrug It Off","floor":13.0},{"not_picked":["Exhume","Bludgeon"],"picked":"Offering","floor":16.0},{"not_picked":["Disarm","Thunderclap"],"picked":"Reckless Charge","floor":18.0},{"not_picked":["Body Slam","Havoc","Evolve"],"picked":"SKIP","floor":20.0},{"not_picked":["Rage+1","Sword Boomerang"],"picked":"Wild Strike+1","floor":21.0},{"not_picked":["Flame Barrier","Iron Wave","Body Slam+1"],"picked":"SKIP","floor":24.0},{"not_picked":["Armaments+1","Dropkick","Uppercut"],"picked":"SKIP","floor":25.0},{"not_picked":["Uppercut","Armaments+1"],"picked":"Pommel Strike","floor":27.0},{"not_picked":["Thunderclap","Blood for Blood"],"picked":"Second Wind+1","floor":29.0},{"not_picked":["Iron Wave","Rupture+1"],"picked":"Shrug It Off+1","floor":31.0},{"not_picked":["Clothesline","Wild Strike"],"picked":"Havoc+1","floor":31.0},{"not_picked":["Limit Break+1","Immolate"],"picked":"Reaper","floor":33},{"not_picked":["Uppercut+1","Anger"],"picked":"Dual Wield+1","floor":35},{"not_picked":["Havoc+1","Thunderclap","Searing Blow+1"],"picked":"SKIP","floor":35},{"not_picked":["True Grit+1","Headbutt"],"picked":"Shockwave+1","floor":36},{"not_picked":["Wild Strike+1","Anger"],"picked":"Bloodletting+1","floor":36},{"not_picked":["Intimidate+1","Flex+1"],"picked":"Power Through+1","floor":38},{"not_picked":["Body Slam","Armaments+1","Iron Wave"],"picked":"SKIP","floor":38},{"not_picked":["HandOfGreed","Impatience+1"],"picked":"Blind+1","floor":39},{"not_picked":["Impatience+1","Jack Of All Trades+1"],"picked":"Trip+1","floor":39},{"not_picked":["Swift Strike","Dramatic Entrance"],"picked":"Deep Breath+1","floor":39},{"not_picked":["Iron Wave","Rupture+1","Shockwave+1"],"picked":"SKIP","floor":41},{"not_picked":["Clothesline","Clash"],"picked":"Intimidate+1","floor":44},{"not_picked":["Fiend Fire","Perfected Strike"],"picked":"Wild Strike+1","floor":47}],"player_experience":760272,"relics_obtained":[{"floor":7.0,"key":"Shovel"},{"floor":9.0,"key":"Vajra"},{"floor":10.0,"key":"Sundial"},{"floor":13.0,"key":"Strawberry"},{"floor":15.0,"key":"Turnip"},{"floor":25.0,"key":"Prayer Wheel"},{"floor":26.0,"key":"Toxic Egg 2"},{"floor":27.0,"key":"Thread and Needle"},{"floor":29.0,"key":"Frozen Egg 2"},{"floor":40,"key":"Paper Frog"},{"floor":41,"key":"Lantern"},{"floor":43,"key":"Orichalcum"},{"floor":44,"key":"Regal Pillow"},{"floor":46,"key":"Bird Faced Urn"},{"floor":47,"key":"Toy Ornithopter"}],"event_choices":[{"cards_removed":["Strike_R"],"damage_healed":0.0,"max_hp_gain":0.0,"max_hp_loss":0.0,"gold_gain":0.0,"event_name":"Golden Wing","player_choice":"Card Removal","floor":3.0,"gold_loss":0.0,"damage_taken":7.0},{"damage_healed":0.0,"max_hp_gain":0.0,"max_hp_loss":0.0,"gold_gain":150.0,"event_name":"Liars Game","player_choice":"AGREE","floor":14.0,"gold_loss":0.0,"damage_taken":0.0,"cards_obtained":["Doubt"]},{"damage_healed":0.0,"max_hp_gain":0.0,"max_hp_loss":0.0,"gold_gain":0.0,"event_name":"The Library","player_choice":"Read","floor":19.0,"gold_loss":0.0,"damage_taken":0.0,"cards_obtained":["Evolve"]},{"cards_removed":["Strike_R"],"damage_healed":0.0,"max_hp_gain":0.0,"max_hp_loss":0.0,"gold_gain":0.0,"event_name":"Beggar","player_choice":"Gave Gold","floor":28.0,"gold_loss":75.0,"damage_taken":0.0},{"damage_healed":0,"gold_gain":0,"player_choice":"Paid","damage_taken":0,"relics_obtained":["Red Mask"],"max_hp_gain":0,"max_hp_loss":0,"event_name":"Tomb of Lord Red Mask","floor":37,"gold_loss":164},{"damage_healed":0,"gold_gain":0,"player_choice":"Memory 3","damage_taken":10,"max_hp_gain":0,"max_hp_loss":0,"event_name":"SensoryStone","floor":39,"gold_loss":0},{"damage_healed":0,"gold_gain":0,"player_choice":"Max HP","damage_taken":0,"max_hp_gain":0,"max_hp_loss":4,"event_name":"Winding Halls","floor":42,"gold_loss":0},{"cards_removed":["Strike_R"],"damage_healed":0,"gold_gain":0,"player_choice":"Removed Attack","damage_taken":0,"max_hp_gain":0,"max_hp_loss":0,"event_name":"Falling","floor":45,"gold_loss":0},{"damage_healed":0,"gold_gain":0,"player_choice":"Fight","damage_taken":0,"max_hp_gain":0,"max_hp_loss":0,"event_name":"MindBloom","floor":46,"gold_loss":0}],"is_beta":false,"boss_relics":[{"not_picked":["Black Blood","Pandora\u0027s Box"],"picked":"Mark of Pain"},{"not_picked":["Coffee Dripper","Philosopher\u0027s Stone"],"picked":"Runic Cube"}],"items_purged_floors":[0,22],"is_endless":false,"potions_floor_spawned":[5,10,16,20,24,27,31,33,35,38,41,47],"ascension_level":17}}