{"host":"szp1d6dso4pv7ddl","time":1611720886,"event":{"mods":["AchievementEnabler","Alarm Clock","BaseMod","Bestiary","Block Reminder","Colored Map","Colored Powertips","Curses Come First","Dark Map","Displayed Cursed Tome","Highlight Path","Minty Spire (QoL Compilation)","Permanent Neow","Quick Restart","Relic Sorter","Relic Stats","StSLib","Synergy Search"],"gold_per_floor":[116,191,191,2,2,2,81,156,180,195,227,254,291,327,327,423,423,456,182,216,255,255,255,289,289,289,289,42,61,61,104,104,199,199,242,242,315,331,331,331,342,342,342,400,400,419,429,448,448,448,448,448,11,44,44,44],"floor_reached":55,"language":"ENG","playtime":3944,"items_purged":["Vengeance","Shame","BattleHymn"],"score":927,"play_id":"b4d6fea6-3544-407f-8aad-d0fd74a78ffc","local_time":"20210126201446","is_ascension_mode":true,"campfire_choices":[{"data":"WheelKick","floor":6.0,"key":"SMITH"},{"floor":15.0,"key":"REST"},{"data":"Sanctity","floor":23.0,"key":"SMITH"},{"data":"HandOfGreed","floor":25.0,"key":"SMITH"},{"data":"Ragnarok","floor":30.0,"key":"SMITH"},{"floor":32.0,"key":"REST"},{"floor":40,"key":"REST"},{"floor":45,"key":"RECALL"},{"floor":49,"key":"REST"},{"data":"Vigilance","floor":52,"key":"SMITH"}],"circlet_count":0,"master_deck":["Eruption","Vigilance+1","WheelKick+1","HandOfGreed+1","Crescendo+1","ConjureBlade","Sanctity+1","Alpha+1","Wireheading+1","Wallop+1","LessonLearned+1","Conserve Battery+1","Ragnarok+1","DevaForm+1","True Grit+1","Leap+1","Acrobatics+1"],"relics":["Snecko Eye","Pen Nib","InkBottle","Shuriken","Velvet Choker","Blue Candle","Whetstone","Bag of Marbles","Pandora\u0027s Box","PrismaticShard","HornCleat","Frozen Egg 2","CloakClasp","Gambling Chip","Membership Card","Damaru"],"acts_visited":["TheCity","TheBeyond","TheEnding"],"potions_floor_usage":[47,48,55,55],"damage_taken":[{"damage":0.0,"enemies":"2 Louse","floor":1.0,"turns":2.0},{"damage":20.0,"enemies":"3 Sentries","floor":8.0,"turns":4.0},{"damage":0.0,"enemies":"Jaw Worm","floor":10.0,"turns":1.0},{"damage":0.0,"enemies":"Small Slimes","floor":11.0,"turns":1.0},{"damage":32.0,"enemies":"Gremlin Nob","floor":12.0,"turns":3.0},{"damage":2.0,"enemies":"Exordium Wildlife","floor":13.0,"turns":2.0},{"damage":0.0,"enemies":"2 Fungi Beasts","floor":14.0,"turns":2.0},{"damage":4.0,"enemies":"Hexaghost","floor":16.0,"turns":7.0},{"damage":16.0,"enemies":"Chosen","floor":18.0,"turns":4.0},{"damage":0.0,"enemies":"Shell Parasite","floor":20.0,"turns":1.0},{"damage":6.0,"enemies":"Shelled Parasite and Fungi","floor":21.0,"turns":3.0},{"damage":0.0,"enemies":"Gremlin Leader","floor":24.0,"turns":4.0},{"damage":0.0,"enemies":"Sentry and Sphere","floor":29.0,"turns":2.0},{"damage":4.0,"enemies":"Snake Plant","floor":31.0,"turns":3.0},{"damage":18.0,"enemies":"Collector","floor":33.0,"turns":6.0},{"damage":0,"enemies":"3 Shapes","floor":35,"turns":2},{"damage":33,"enemies":"2 Orb Walkers","floor":37,"turns":5},{"damage":0,"enemies":"Orb Walker","floor":38,"turns":1},{"damage":0,"enemies":"Maw","floor":41,"turns":4},{"damage":5,"enemies":"Giant Head","floor":44,"turns":6},{"damage":0,"enemies":"4 Shapes","floor":46,"turns":5},{"damage":0,"enemies":"Spire Growth","floor":47,"turns":5},{"damage":21,"enemies":"Maw","floor":48,"turns":3},{"damage":40,"enemies":"Time Eater","floor":50,"turns":7},{"damage":0,"enemies":"Shield and Spear","floor":54,"turns":4},{"damage":87,"enemies":"The Heart","floor":55,"turns":8}],"seed_played":"8856057785352154556","potions_obtained":[{"floor":10.0,"key":"FearPotion"},{"floor":12.0,"key":"LiquidMemories"},{"floor":13.0,"key":"Regen Potion"},{"floor":16.0,"key":"BottledMiracle"},{"floor":21.0,"key":"Block Potion"},{"floor":33.0,"key":"ColorlessPotion"},{"floor":35,"key":"BottledMiracle"},{"floor":37,"key":"Ancient Potion"},{"floor":48,"key":"AttackPotion"}],"is_trial":false,"path_per_floor":["M","?","$","$","?","R","?","E","T","M","M","E","M","M","R","B",null,"M","$","M","M","?","R","E","R","T","?","$","M","R","M","R","B",null,"M","?","?","M","?","R","M","?","T","E","R","M","M","M","R","B",null,"R","$","E","B"],"character_chosen":"WATCHER","items_purchased":["HandOfGreed","PrismaticShard","Swift Potion","Ragnarok","Membership Card","InkBottle","Pen Nib","Dexterity Potion"],"campfire_rested":4,"item_purchase_floors":[4,19,19,28,53,53,53,53],"current_hp_per_floor":[72,61,61,61,61,61,61,41,41,41,41,9,7,7,28,39,72,56,56,56,50,50,50,50,50,50,50,50,50,50,46,67,49,72,72,72,39,39,39,59,59,59,59,54,54,54,54,33,53,13,68,68,68,68,0,0],"gold":44,"neow_bonus":"BOSS_RELIC","is_daily":false,"chose_seed":false,"campfire_upgraded":5,"win_rate":0.0,"timestamp":1611720886,"path_taken":["M","?","?","$","?","R","?","E","T","M","M","E","?","M","R","BOSS","M","$","M","M","?","R","E","R","T","?","$","M","R","M","R","BOSS","M","?","?","M","?","R","M","?","T","E","R","M","M","?","R","BOSS","R","$","E","BOSS"],"items_purchased_type":["Card","Relic","Potion","Card","Relic","Relic","Relic","Potion"],"build_version":"2020-12-22","purchased_purges":3,"victory":false,"max_hp_per_floor":[72,72,72,72,72,72,72,72,72,72,72,72,72,72,72,72,72,72,72,72,72,72,72,72,72,72,72,72,72,72,72,72,72,72,72,72,72,72,68,68,68,68,68,68,68,68,68,68,68,68,68,68,68,68,68,68],"relic_stats":{"counters":[26,95],"Shuriken":[18],"Blue Candle":[0],"Gambling Chip":[7],"Snecko Eye":[183,204,182,190],"Pandora\u0027s Box":["Sanctity","Alpha","Indignation","Wireheading","Wallop","LessonLearned","BattleHymn","Vengeance"],"Pen Nib":[2],"CloakClasp":[208],"Whetstone":["Strike_P","Strike_P"],"obtain_stats":[{"Blue Candle":8,"Velvet Choker":34,"Damaru":54,"Pen Nib":53,"CloakClasp":37,"Whetstone":9,"Frozen Egg 2":27,"PrismaticShard":19,"HornCleat":24,"Shuriken":26,"Gambling Chip":44,"Snecko Eye":0,"Pandora\u0027s Box":17,"Bag of Marbles":12,"Membership Card":53,"PureWater":0,"InkBottle":53},{"Blue Candle":2,"Velvet Choker":15,"Damaru":25,"Pen Nib":24,"CloakClasp":17,"Whetstone":2,"Frozen Egg 2":12,"PrismaticShard":9,"HornCleat":12,"Shuriken":12,"Gambling Chip":20,"Snecko Eye":0,"Pandora\u0027s Box":8,"Bag of Marbles":5,"Membership Card":24,"PureWater":0,"InkBottle":24},{"Blue Candle":6,"Velvet Choker":45,"Damaru":87,"Pen Nib":83,"CloakClasp":52,"Whetstone":6,"Frozen Egg 2":34,"PrismaticShard":26,"HornCleat":34,"Shuriken":34,"Gambling Chip":63,"Snecko Eye":0,"Pandora\u0027s Box":22,"Bag of Marbles":11,"Membership Card":83,"PureWater":0,"InkBottle":83}],"InkBottle":[5]},"card_choices":[{"not_picked":["EmptyBody","CrushJoints"],"picked":"WheelKick","floor":1.0},{"not_picked":["LikeWater","Brilliance","ThirdEye"],"picked":"SKIP","floor":8.0},{"not_picked":["FollowUp","ForeignInfluence"],"picked":"Crescendo","floor":10.0},{"not_picked":["BowlingBash","CarveReality","ClearTheMind"],"picked":"SKIP","floor":11.0},{"not_picked":["Worship","EmptyBody","BowlingBash"],"picked":"SKIP","floor":12.0},{"not_picked":["Crescendo","BowlingBash","ClearTheMind"],"picked":"SKIP","floor":13.0},{"not_picked":["Weave","Halt","Wireheading"],"picked":"SKIP","floor":14.0},{"not_picked":["Alpha","Brilliance"],"picked":"ConjureBlade","floor":16.0},{"not_picked":["Prostrate+1","FollowUp+1","Wireheading"],"picked":"SKIP","floor":18.0},{"not_picked":["Leap","All Out Attack"],"picked":"Conserve Battery+1","floor":20.0},{"not_picked":["FlurryOfBlows","Cleave","LikeWater"],"picked":"SKIP","floor":21.0},{"not_picked":["Compile Driver+1","Reckless Charge+1"],"picked":"ThirdEye+1","floor":24.0},{"not_picked":["CrushJoints","Heavy Blade+1","Steam"],"picked":"SKIP","floor":29.0},{"not_picked":["Study+1","Underhanded Strike","Hologram"],"picked":"SKIP","floor":31.0},{"not_picked":["Reaper","Tools of the Trade+1"],"picked":"DevaForm+1","floor":33.0},{"not_picked":["All Out Attack+1","Cloak And Dagger+1"],"picked":"True Grit+1","floor":35},{"not_picked":["CutThroughFate+1","Rampage+1"],"picked":"Leap+1","floor":38},{"not_picked":["Quick Slash+1","Scrape+1","EmptyBody"],"picked":"SKIP","floor":41},{"not_picked":["Trip","Combust+1"],"picked":"Acrobatics+1","floor":44},{"not_picked":["Adaptation+1","Dodge and Roll+1","Armaments"],"picked":"SKIP","floor":46},{"not_picked":["Loop+1","Conserve Battery+1","Combust+1"],"picked":"SKIP","floor":47},{"not_picked":["Conserve Battery+1","Perfected Strike+1","Clash+1"],"picked":"SKIP","floor":48},{"not_picked":["Compile Driver","Hello World+1","Stack+1"],"picked":"SKIP","floor":54}],"player_experience":1289639,"relics_obtained":[{"floor":8.0,"key":"Blue Candle"},{"floor":9.0,"key":"Whetstone"},{"floor":12.0,"key":"Bag of Marbles"},{"floor":24.0,"key":"HornCleat"},{"floor":26.0,"key":"Shuriken"},{"floor":37,"key":"CloakClasp"},{"floor":44,"key":"Gambling Chip"},{"floor":54,"key":"Damaru"}],"event_choices":[{"damage_healed":0.0,"max_hp_gain":0.0,"max_hp_loss":0.0,"gold_gain":75.0,"event_name":"World of Goop","player_choice":"Gather Gold","floor":2.0,"gold_loss":0.0,"damage_taken":11.0},{"damage_healed":0.0,"max_hp_gain":0.0,"max_hp_loss":0.0,"gold_gain":0.0,"event_name":"Liars Game","player_choice":"Ignored","floor":5.0,"gold_loss":0.0,"damage_taken":0.0},{"damage_healed":0.0,"max_hp_gain":0.0,"max_hp_loss":0.0,"gold_gain":79.0,"event_name":"Golden Wing","player_choice":"Gained Gold","floor":7.0,"gold_loss":0.0,"damage_taken":0.0},{"cards_removed":["Indignation"],"damage_healed":0.0,"max_hp_gain":0.0,"max_hp_loss":0.0,"gold_gain":0.0,"event_name":"Back to Basics","player_choice":"Elegance","floor":22.0,"gold_loss":0.0,"damage_taken":0.0},{"damage_healed":0.0,"max_hp_gain":0.0,"max_hp_loss":0.0,"gold_gain":0.0,"event_name":"Addict","player_choice":"Stole Relic","floor":27.0,"gold_loss":0.0,"damage_taken":0.0,"relics_obtained":["Frozen Egg 2"],"cards_obtained":["Shame"]},{"cards_removed":["ThirdEye"],"damage_healed":0,"gold_gain":0,"player_choice":"Removed Skill","damage_taken":0,"max_hp_gain":0,"max_hp_loss":0,"event_name":"Falling","floor":36,"gold_loss":0},{"damage_healed":0,"gold_gain":0,"player_choice":"Fight","damage_taken":0,"max_hp_gain":0,"max_hp_loss":0,"event_name":"Mysterious Sphere","floor":37,"gold_loss":0},{"damage_healed":0,"gold_gain":0,"player_choice":"Max HP","damage_taken":0,"max_hp_gain":0,"max_hp_loss":4,"event_name":"Winding Halls","floor":39,"gold_loss":0},{"damage_healed":0,"gold_gain":0,"player_choice":"Ignored","damage_taken":0,"max_hp_gain":0,"max_hp_loss":0,"event_name":"Tomb of Lord Red Mask","floor":42,"gold_loss":0}],"is_beta":false,"boss_relics":[{"not_picked":["Tiny House","Black Star"],"picked":"Pandora\u0027s Box"},{"not_picked":["Runic Pyramid","Cursed Key"],"picked":"Velvet Choker"}],"items_purged_floors":[19,28,53],"is_endless":false,"potions_floor_spawned":[10,12,13,16,20,21,33,35,37,44,48],"killed_by":"The Heart","ascension_level":4}}