{"host":"0fro2zsghd18gsf6","time":1611756470,"event":{"mods":["Act Like it!","Arknights The Spire","BaseMod","Better Third Choice","CapriCore","Gensokyo","Minty Spire (QoL Compilation)","StSLib"],"gold_per_floor":[110,130,130,140,41,74,74,74,374,71,87,87,104,124,124,222,222,233,246,260,279,296,324,324,324],"floor_reached":24,"language":"ZHS","playtime":1190,"items_purged":["ats:Strike S"],"score":222,"play_id":"3b5a38c5-a341-4fac-83b2-07ed3ea49d4b","local_time":"20210127220750","is_ascension_mode":false,"campfire_choices":[{"data":"ats:Emotion Absorption","floor":8,"key":"SMITH"},{"data":"ats:Assault Order","floor":12,"key":"SMITH"},{"data":"ats:Part Time Job","floor":15,"key":"SMITH"}],"circlet_count":0,"master_deck":["ats:Strike C","ats:Strike G","ats:Strike V","ats:Armor Crushing Shot","ats:Defend","ats:Defend","ats:Defend","ats:Defend","ats:Emotion Absorption+1","ats:Powerful Strike","ats:Explosion Area Strengthen","ats:Directed Diagnosis","Apotheosis+1","ats:Assault Order+1","ats:Powerful Strike","Regret","ats:Defend Order","ats:True Silver Slash","ats:Part Time Job+1","ats:Soul Rend","ats:Flexible Camouflage+1","ats:Curse Doll+1","ats:Part Time Job+1","ats:Powerful Strike","ats:Sashimi Platter"],"relics":["ats:Sanity","ats:Originium","Peace Pipe","Question Card","Old Coin","Dead Branch","Coffee Dripper","Sundial"],"acts_visited":["Exordium","TheCity"],"potions_floor_usage":[6,16,16,22],"damage_taken":[{"damage":1,"enemies":"2 Louse","floor":1,"turns":2},{"damage":7,"enemies":"Small Slimes","floor":2,"turns":3},{"damage":6,"enemies":"Jaw Worm","floor":4,"turns":3},{"damage":10,"enemies":"Lagavulin","floor":6,"turns":5},{"damage":13,"enemies":"Lots of Slimes","floor":11,"turns":3},{"damage":21,"enemies":"Large Slime","floor":13,"turns":6},{"damage":0,"enemies":"3 Louse","floor":14,"turns":1},{"damage":37,"enemies":"Hexaghost","floor":16,"turns":6},{"damage":16,"enemies":"3 Byrds","floor":18,"turns":4},{"damage":12,"enemies":"Chosen","floor":19,"turns":3},{"damage":31,"enemies":"Centurion and Healer","floor":20,"turns":9},{"damage":25,"enemies":"Snecko","floor":21,"turns":5},{"damage":41,"enemies":"Shelled Parasite and Fungi","floor":22,"turns":6},{"damage":22,"enemies":"Gremlin Leader","floor":23,"turns":6}],"seed_played":"-4349795112371756243","potions_obtained":[{"floor":2,"key":"Block Potion"},{"floor":6,"key":"GamblersBrew"},{"floor":14,"key":"ColorlessPotion"},{"floor":16,"key":"Ancient Potion"},{"floor":21,"key":"EssenceOfSteel"},{"floor":22,"key":"Weak Potion"}],"is_trial":false,"path_per_floor":["M","M","?","M","$","E","?","R","T","$","M","R","M","M","R","B",null,"M","M","M","M","M","E","?"],"character_chosen":"DOCTOR_CLASS","items_purchased":["ats:Assault Order","Dead Branch"],"campfire_rested":0,"item_purchase_floors":[5,10],"current_hp_per_floor":[71,64,64,63,63,58,58,58,58,58,50,50,38,38,38,20,72,72,60,59,42,15,10,0,0],"gold":324,"neow_bonus":"THREE_CARDS","is_daily":false,"chose_seed":false,"campfire_upgraded":3,"win_rate":0.0,"timestamp":1611756470,"path_taken":["M","M","?","M","$","E","?","R","T","?","?","R","M","M","R","BOSS","M","M","M","M","M","E","?"],"items_purchased_type":["Card","Relic"],"build_version":"2020-12-22","purchased_purges":1,"victory":false,"max_hp_per_floor":[72,72,72,72,72,72,72,72,72,72,72,72,72,72,72,72,72,72,72,72,72,72,72,77,77],"card_choices":[{"not_picked":["ats:Shadow Raid","ats:Explosion Area Strengthen"],"picked":"ats:Powerful Strike","floor":0},{"not_picked":["ats:Shell Defense","ats:Ignite"],"picked":"ats:Explosion Area Strengthen","floor":1},{"not_picked":["ats:Ignite","ats:Automatic Cover"],"picked":"ats:Directed Diagnosis","floor":2},{"not_picked":["ats:Mental Burst","ats:Ignite","ats:Poison Spread"],"picked":"SKIP","floor":4},{"not_picked":["ats:Assault Order","ats:Flexible Camouflage"],"picked":"ats:Powerful Strike","floor":6},{"not_picked":["ats:Soul Absorption","ats:Mental Burst","ats:Curse Doll"],"picked":"ats:Defend Order","floor":11},{"not_picked":["ats:Curse Doll","ats:Soul Absorption","ats:Poison Spread"],"picked":"ats:True Silver Slash","floor":13},{"not_picked":["ats:Neurotoxin","ats:Burning Ground","ats:Ignite"],"picked":"ats:Part Time Job","floor":14},{"not_picked":["ats:True Silver Slash","ats:Ambush","ats:Dogmatic Field"],"picked":"ats:Soul Rend","floor":16},{"not_picked":["ats:Powerful Strike+1","ats:Guard Mode+1","ats:Shadow Raid+1"],"picked":"ats:Flexible Camouflage+1","floor":18},{"not_picked":["ats:Assault Order+1","ats:Flexible Camouflage+1","ats:Closed Bolt Burst Fire"],"picked":"ats:Curse Doll+1","floor":19},{"not_picked":["ats:Guard Mode","ats:Echo Reverb","ats:Very Hot Blade","ats:Beaten Up+1"],"picked":"SKIP","floor":20},{"not_picked":["ats:Consecutive Shot Auto","ats:Sunburst","ats:Blood Oath"],"picked":"ats:Part Time Job+1","floor":21},{"not_picked":["ats:Consecutive Shot Auto","ats:Part Time Job","ats:Poison Spread"],"picked":"ats:Powerful Strike","floor":22},{"not_picked":["ats:Assault Order+1","ats:Mental Burst","ats:Absolute Focus+1"],"picked":"ats:Sashimi Platter","floor":23}],"player_experience":192720,"relics_obtained":[{"floor":6,"key":"ats:Originium"},{"floor":6,"key":"Peace Pipe"},{"floor":9,"key":"Old Coin"},{"floor":23,"key":"ats:Originium"},{"floor":23,"key":"Sundial"}],"event_choices":[{"damage_healed":64,"gold_gain":0,"player_choice":"Embrace","damage_taken":0,"max_hp_gain":0,"max_hp_loss":72,"event_name":"betterThird:BetterShining","floor":3,"gold_loss":0},{"damage_healed":0,"gold_gain":0,"player_choice":"Box","damage_taken":0,"relics_obtained":["Question Card"],"max_hp_gain":0,"max_hp_loss":0,"event_name":"Big Fish","floor":7,"gold_loss":0,"cards_obtained":["Regret"]}],"is_beta":false,"boss_relics":[{"not_picked":["Philosopher\u0027s Stone","Runic Dome"],"picked":"Coffee Dripper"}],"items_purged_floors":[5],"is_endless":false,"potions_floor_spawned":[2,6,14,16,21,22],"ascension_level":0}}