{"host":"gqhy17d1xpb1p3ki","time":1611710879,"event":{"mods":["2.2 Compatiblity","AchievementEnabler","Arknights The Spire","BaseMod","Bestiary","BetterRewards","Colored Map","Colored Powertips","Conspire","Curses Come First","Custom Start","DeckTracker","Downfall","Duelist Mod","Hermit","Highlight Path","Hubris","Infinite Spire","Jorbs\u0027s Wanderer Trilogy","Marisa????????","Minty Spire (QoL Compilation)","Quick Restart","Rare Cards Sparkle","Relic Stats","Remilia??????","Robot Space Explorer","Shop Mod","StSLib","Td1madao Mod","The Animator","The Bug Knight","The Cursed","The Disciple","The Hierophant","The Jungle","The Marked","The Mystic","The Necromancer","The Runesmith","The Senshi","The Servant 0.9.4","TheBandit","WarShipGirlsR/????R mod","Yuri Mod"],"gold_per_floor":[99,116,116,128,145,172,223,223,235,107,107,121,121,139,159,159,159],"floor_reached":16,"language":"ENG","playtime":875,"items_purged":[],"score":104,"play_id":"5728b2b5-6f43-4cac-b4f9-09f0ef01dca6","local_time":"20210126202759","is_ascension_mode":false,"campfire_choices":[{"data":"RobotSpaceExplorer:MiniLasers","floor":1,"key":"SMITH"},{"data":"RobotSpaceExplorer:PowerCollector","floor":11,"key":"SMITH"},{"data":"RobotSpaceExplorer:StarLightning","floor":13,"key":"SMITH"}],"circlet_count":0,"master_deck":["RobotSpaceExplorer:Strike+1","RobotSpaceExplorer:Strike","RobotSpaceExplorer:Strike","RobotSpaceExplorer:Strike+1","RobotSpaceExplorer:Defend","RobotSpaceExplorer:Defend","RobotSpaceExplorer:Defend","RobotSpaceExplorer:Defend","RobotSpaceExplorer:Scan","RobotSpaceExplorer:MiniLasers+1","RobotSpaceExplorer:StarLightning+1","RobotSpaceExplorer:FreezeRay","RobotSpaceExplorer:ToxicBomb","RobotSpaceExplorer:IronShell","RobotSpaceExplorer:ShovelStrike","RobotSpaceExplorer:ShovelStrike","RobotSpaceExplorer:PowerCollector+1","RobotSpaceExplorer:ScrapToss","RobotSpaceExplorer:SurgingShield","RobotSpaceExplorer:SurgingStrike","RobotSpaceExplorer:Counterblock"],"relics":["RobotSpaceExplorer:RoboCore","Whetstone","Runesmith:AutoHammer","hubris:Towel"],"acts_visited":["Exordium"],"potions_floor_usage":[16],"damage_taken":[{"damage":0,"enemies":"2 Louse","floor":2,"turns":2},{"damage":0,"enemies":"Cultist","floor":4,"turns":3},{"damage":2,"enemies":"Small Slimes","floor":5,"turns":3},{"damage":29,"enemies":"Gremlin Nob","floor":6,"turns":4},{"damage":2,"enemies":"Blue Slaver","floor":9,"turns":3},{"damage":0,"enemies":"downfall:FleeingMerchant","floor":10,"turns":4},{"damage":11,"enemies":"Exordium Thugs","floor":12,"turns":3},{"damage":1,"enemies":"2 Fungi Beasts","floor":14,"turns":3},{"damage":9,"enemies":"Gremlin Gang","floor":15,"turns":3},{"damage":33,"enemies":"SI_SHIV_ARCHETYPE","floor":16,"turns":8}],"seed_played":"3269131199508350024","potions_obtained":[{"floor":2,"key":"BlessingOfTheForge"},{"floor":6,"key":"DistilledChaos"},{"floor":9,"key":"FearPotion"},{"floor":14,"key":"RobotSpaceExplorer:RecyclePotion"}],"is_trial":false,"path_per_floor":["R","M","?","M","M","E","T","?","M","$","R","M","R","M","M","B"],"character_chosen":"RobotSpaceExplorer","items_purchased":["RobotSpaceExplorer:PowerCollector","RobotSpaceExplorer:ScrapToss"],"campfire_rested":0,"item_purchase_floors":[10,10],"current_hp_per_floor":[82,82,82,82,80,51,51,51,49,49,49,38,38,37,28,0,0],"gold":159,"neow_bonus":"TEN_PERCENT_HP_BONUS","is_daily":false,"chose_seed":false,"campfire_upgraded":3,"win_rate":0.0,"timestamp":1611710879,"path_taken":["R","M","?","?","?","E","T","?","M","$","R","M","R","M","M","BOSS"],"items_purchased_type":["Card","Card"],"build_version":"2020-12-22","purchased_purges":0,"victory":false,"max_hp_per_floor":[82,82,82,82,82,82,82,82,82,82,82,82,82,82,82,82,82],"relic_stats":{"counters":[10,36],"Whetstone":["RobotSpaceExplorer:Strike","RobotSpaceExplorer:Strike"],"obtain_stats":[{"RobotSpaceExplorer:RoboCore":0,"Whetstone":6,"Runesmith:AutoHammer":7,"hubris:Towel":8},{"RobotSpaceExplorer:RoboCore":0,"Whetstone":4,"Runesmith:AutoHammer":4,"hubris:Towel":4},{"RobotSpaceExplorer:RoboCore":0,"Whetstone":12,"Runesmith:AutoHammer":12,"hubris:Towel":12}]},"card_choices":[{"not_picked":["RobotSpaceExplorer:ShockKick","RobotSpaceExplorer:Pulsar"],"picked":"RobotSpaceExplorer:StarLightning","floor":2},{"not_picked":["RobotSpaceExplorer:GlueSpray","RobotSpaceExplorer:MiniDrones"],"picked":"RobotSpaceExplorer:FreezeRay","floor":4},{"not_picked":["RobotSpaceExplorer:ImprovisedAttack","RobotSpaceExplorer:GlueShot"],"picked":"RobotSpaceExplorer:ToxicBomb","floor":5},{"not_picked":["RobotSpaceExplorer:StarLightning","RobotSpaceExplorer:Probe"],"picked":"RobotSpaceExplorer:IronShell","floor":6},{"not_picked":["RobotSpaceExplorer:DroneSwarm","RobotSpaceExplorer:Electroshield"],"picked":"RobotSpaceExplorer:ShovelStrike","floor":9},{"not_picked":["RobotSpaceExplorer:ScrapMissile","RobotSpaceExplorer:FreezeRay"],"picked":"RobotSpaceExplorer:ShovelStrike","floor":10},{"not_picked":["RobotSpaceExplorer:Electroshield","RobotSpaceExplorer:Blitz"],"picked":"RobotSpaceExplorer:SurgingShield","floor":12},{"not_picked":["RobotSpaceExplorer:ShovelStrike","RobotSpaceExplorer:Electroshield"],"picked":"RobotSpaceExplorer:SurgingStrike","floor":14},{"not_picked":["RobotSpaceExplorer:Ammunition","RobotSpaceExplorer:Calculate"],"picked":"RobotSpaceExplorer:Counterblock","floor":15}],"player_experience":448130,"relics_obtained":[{"floor":6,"key":"Whetstone"},{"floor":7,"key":"Runesmith:AutoHammer"}],"event_choices":[{"damage_healed":0,"gold_gain":0,"player_choice":"Ignored","damage_taken":0,"max_hp_gain":0,"max_hp_loss":0,"event_name":"NoteForYourself","floor":3,"gold_loss":0}],"is_beta":false,"boss_relics":[],"items_purged_floors":[],"is_endless":false,"potions_floor_spawned":[2,6,9,14],"killed_by":"SI_SHIV_ARCHETYPE","ascension_level":0}}