{"host":"JIN","time":1611757147,"event":{"mods":["BaseMod","Custom Start","DeckTracker","Minty Spire (QoL Compilation)","Shop Mod","StSLib","SuperFastMode"],"gold_per_floor":[417,65,176,226,289,332,332,373,373,414,136,176,176,215,215,314,314,337,20,70,120,189,228,272,303,303,338,376,407,443,481,481,576,576,600,242,323,53,162,193,226,266,266,305,343,17,83,124,124,124,124,124,124,79,119,119],"floor_reached":57,"language":"KOR","playtime":2836,"items_purged":[],"score":3899,"play_id":"80136c4d-4e01-4c1f-ae89-46ae6fa5d1c4","local_time":"20210127231907","daily_mods":["SealedDeck","Heirloom","Flight","DeadlyEvents","Elite Swarm"],"is_ascension_mode":true,"campfire_choices":[{"data":"Echo Form","floor":7,"key":"SMITH"},{"data":"Buffer","floor":13,"key":"SMITH"},{"data":"Defragment","floor":15,"key":"SMITH"},{"floor":32,"key":"RECALL"},{"data":"Rainbow","floor":49,"key":"SMITH"},{"data":"Undo","floor":53,"key":"PURGE"}],"circlet_count":0,"master_deck":["Leap","FTL+1","Leap","Self Repair","Coolheaded","Beam Cell","Gash","Streamline+1","Defragment+1","Glacier","Apotheosis+1","Echo Form+1","Buffer+1","Machine Learning","All For One","Rainbow+1","Buffer","Core Surge","Seek+1","Reboot+1","Master of Strategy+1","Buffer+1","Loop+1","Fission+1","Defragment+1","Creative AI+1"],"relics":["FrozenCore","Golden Idol","SsserpentHead","Old Coin","Medical Kit","Question Card","InkBottle","Bag of Preparation","Shuriken","Bottled Lightning","Unceasing Top","Coffee Dripper","PreservedInsect","Sling","Enchiridion","Pocketwatch","Pear","Du-Vu Doll","Toxic Egg 2","Singing Bowl","Emotion Chip","Frozen Egg 2","DataDisk","Lizard Tail","Mercury Hourglass","Mango","Peace Pipe","Dream Catcher","CaptainsWheel","MealTicket","Bronze Scales","MawBank","Gambling Chip","Whetstone","Centennial Puzzle"],"acts_visited":["Exordium","TheCity","TheBeyond","TheEnding"],"potions_floor_usage":[24,27,29],"damage_taken":[{"damage":0,"enemies":"Jaw Worm","floor":1,"turns":4},{"damage":0,"enemies":"2 Louse","floor":5,"turns":3},{"damage":7,"enemies":"3 Sentries","floor":6,"turns":10},{"damage":0,"enemies":"Lagavulin","floor":8,"turns":4},{"damage":0,"enemies":"Gremlin Nob","floor":10,"turns":4},{"damage":12,"enemies":"3 Sentries","floor":12,"turns":8},{"damage":0,"enemies":"Gremlin Nob","floor":14,"turns":3},{"damage":10,"enemies":"The Guardian","floor":16,"turns":8},{"damage":0,"enemies":"Chosen","floor":18,"turns":3},{"damage":11,"enemies":"2 Thieves","floor":22,"turns":3},{"damage":23,"enemies":"Book of Stabbing","floor":23,"turns":3},{"damage":0,"enemies":"Slavers","floor":24,"turns":6},{"damage":2,"enemies":"Gremlin Leader","floor":25,"turns":3},{"damage":5,"enemies":"Slavers","floor":27,"turns":4},{"damage":0,"enemies":"Gremlin Leader","floor":28,"turns":5},{"damage":34,"enemies":"Slavers","floor":29,"turns":4},{"damage":2,"enemies":"Gremlin Leader","floor":30,"turns":4},{"damage":37,"enemies":"Slavers","floor":31,"turns":5},{"damage":0,"enemies":"Collector","floor":33,"turns":8},{"damage":0,"enemies":"Orb Walker","floor":35,"turns":4},{"damage":0,"enemies":"Mind Bloom Boss Battle","floor":37,"turns":4},{"damage":12,"enemies":"2 Orb Walkers","floor":39,"turns":5},{"damage":0,"enemies":"Giant Head","floor":40,"turns":5},{"damage":0,"enemies":"Reptomancer","floor":41,"turns":5},{"damage":0,"enemies":"Nemesis","floor":42,"turns":7},{"damage":26,"enemies":"Reptomancer","floor":44,"turns":6},{"damage":0,"enemies":"Nemesis","floor":45,"turns":5},{"damage":0,"enemies":"3 Shapes","floor":47,"turns":5},{"damage":0,"enemies":"Giant Head","floor":48,"turns":7},{"damage":24,"enemies":"Awakened One","floor":50,"turns":10},{"damage":14,"enemies":"Donu and Deca","floor":51,"turns":9},{"damage":30,"enemies":"Shield and Spear","floor":55,"turns":7},{"damage":77,"enemies":"The Heart","floor":56,"turns":10}],"seed_played":"278570960786520566","potions_obtained":[{"floor":8,"key":"DistilledChaos"},{"floor":10,"key":"EssenceOfSteel"},{"floor":12,"key":"EntropicBrew"},{"floor":24,"key":"DistilledChaos"},{"floor":27,"key":"Fruit Juice"},{"floor":44,"key":"FairyPotion"}],"is_trial":true,"path_per_floor":["M","$","?","?","M","E","R","E","T","E","$","E","R","E","R","B",null,"M","$","?","?","M","E","E","E","T","E","E","E","E","E","R","B",null,"M","$","?","$","?","E","E","E","T","E","E","$","M","E","R","B","B",null,"R","$","E","B",null],"character_chosen":"DEFECT","items_purchased":["Apotheosis","Medical Kit","Shuriken","PreservedInsect","Sling","DataDisk","Master of Strategy+1","Mercury Hourglass","Gambling Chip","Defragment+1"],"campfire_rested":0,"item_purchase_floors":[2,2,11,19,19,36,36,38,46,54],"current_hp_per_floor":[71,71,71,71,71,71,71,71,71,71,71,71,71,71,71,71,71,71,71,50,64,63,40,50,68,78,86,86,72,72,45,45,57,82,92,92,94,94,110,112,112,114,114,100,112,118,118,118,118,114,118,118,118,118,108,41],"gold":119,"neow_bonus":"","is_daily":false,"chose_seed":false,"campfire_upgraded":4,"win_rate":0.0,"timestamp":1611757147,"path_taken":["M","$","?","?","?","E","R","E","T","E","$","E","R","E","R","BOSS","M","$","?","?","?","E","E","E","T","E","E","E","E","E","R","BOSS","M","$","?","$","?","E","E","E","T","E","E","$","?","E","R","BOSS","BOSS","R","$","E","BOSS"],"items_purchased_type":["Card","Relic","Relic","Relic","Relic","Relic","Card","Relic","Relic","Card"],"build_version":"2020-12-18","purchased_purges":0,"victory":true,"max_hp_per_floor":[71,71,71,71,71,71,71,71,71,71,71,71,71,71,71,71,71,71,71,71,71,71,71,71,71,81,86,86,86,88,88,88,90,90,92,92,94,94,110,112,112,114,114,116,118,118,118,118,118,118,118,118,118,118,118,118],"card_choices":[{"not_picked":["Cold Snap","Tempest","Reprogram"],"picked":"SKIP","floor":1},{"not_picked":["Sweeping Beam","Cold Snap","Stack"],"picked":"SKIP","floor":5},{"not_picked":["Machine Learning","Rainbow"],"picked":"Echo Form","floor":6},{"not_picked":["Thunder Strike","Reboot","Multi-Cast"],"picked":"Buffer","floor":8},{"not_picked":["Multi-Cast","Reboot","Hyperbeam"],"picked":"Machine Learning","floor":10},{"not_picked":["Hyperbeam","Multi-Cast","Biased Cognition"],"picked":"All For One","floor":12},{"not_picked":["Electrodynamics","Machine Learning","Biased Cognition"],"picked":"Rainbow","floor":14},{"not_picked":["Machine Learning","Electrodynamics","Thunder Strike"],"picked":"Buffer","floor":16},{"not_picked":["Sweeping Beam","Leap","Ball Lightning+1","Stack"],"picked":"SKIP","floor":18},{"not_picked":["Reprogram","Turbo","Beam Cell"],"picked":"Undo","floor":22},{"not_picked":["Reboot","Creative AI","Meteor Strike","Echo Form"],"picked":"SKIP","floor":23},{"not_picked":["Multi-Cast","Electrodynamics","Creative AI","Echo Form"],"picked":"SKIP","floor":24},{"not_picked":["Creative AI","Machine Learning","Hyperbeam","Echo Form"],"picked":"SKIP","floor":25},{"not_picked":["Echo Form","Hyperbeam","Meteor Strike","All For One"],"picked":"SKIP","floor":27},{"not_picked":["All For One","Buffer","Hyperbeam"],"picked":"Core Surge","floor":28},{"not_picked":["Reboot+1","Creative AI","Thunder Strike"],"picked":"Seek+1","floor":29},{"not_picked":["Hyperbeam","Amplify+1","Creative AI","Buffer"],"picked":"Singing Bowl","floor":30},{"not_picked":["Rainbow+1","Buffer+1","Core Surge"],"picked":"Reboot+1","floor":31},{"not_picked":["Core Surge","Buffer+1","Thunder Strike","All For One"],"picked":"Singing Bowl","floor":33},{"not_picked":["Leap+1","Coolheaded+1","Streamline+1","Barrage+1"],"picked":"Singing Bowl","floor":35},{"not_picked":["Rebound","Darkness+1","Barrage+1","Loop+1"],"picked":"Singing Bowl","floor":37},{"not_picked":["Ball Lightning","Storm+1","Stack+1","Genetic Algorithm+1"],"picked":"Singing Bowl","floor":39},{"not_picked":["Machine Learning+1","Creative AI+1","Amplify+1","Reboot+1"],"picked":"Singing Bowl","floor":40},{"not_picked":["Fission+1","All For One","Machine Learning+1"],"picked":"Buffer+1","floor":41},{"not_picked":["All For One","Hyperbeam","Meteor Strike","Core Surge"],"picked":"Singing Bowl","floor":42},{"not_picked":["Reboot+1","Thunder Strike","Seek+1","Electrodynamics+1"],"picked":"Singing Bowl","floor":44},{"not_picked":["All For One","Reboot+1","Rainbow+1","Buffer+1"],"picked":"Singing Bowl","floor":45},{"not_picked":["Aggregate+1","Barrage","Doom and Gloom+1"],"picked":"Loop+1","floor":47},{"not_picked":["Creative AI+1","Hyperbeam","Core Surge"],"picked":"Fission+1","floor":48},{"not_picked":["Meteor Strike","All For One","Core Surge"],"picked":"Creative AI+1","floor":55}],"player_experience":1214831,"relics_obtained":[{"floor":6,"key":"Question Card"},{"floor":8,"key":"InkBottle"},{"floor":10,"key":"Bag of Preparation"},{"floor":12,"key":"Bottled Lightning"},{"floor":14,"key":"Unceasing Top"},{"floor":20,"key":"Enchiridion"},{"floor":23,"key":"Pocketwatch"},{"floor":26,"key":"Pear"},{"floor":27,"key":"Du-Vu Doll"},{"floor":28,"key":"Toxic Egg 2"},{"floor":29,"key":"Singing Bowl"},{"floor":30,"key":"Emotion Chip"},{"floor":31,"key":"Frozen Egg 2"},{"floor":37,"key":"Lizard Tail"},{"floor":39,"key":"Mango"},{"floor":40,"key":"Peace Pipe"},{"floor":41,"key":"Dream Catcher"},{"floor":42,"key":"CaptainsWheel"},{"floor":43,"key":"MealTicket"},{"floor":44,"key":"Bronze Scales"},{"floor":45,"key":"MawBank"},{"floor":48,"key":"Whetstone"},{"floor":55,"key":"Centennial Puzzle"}],"event_choices":[{"damage_healed":0,"gold_gain":61,"player_choice":"Gained Gold","damage_taken":0,"max_hp_gain":0,"max_hp_loss":0,"event_name":"Golden Wing","floor":3,"gold_loss":0},{"damage_healed":0,"gold_gain":0,"player_choice":"Forge","damage_taken":0,"max_hp_gain":0,"max_hp_loss":0,"event_name":"Accursed Blacksmith","floor":4,"gold_loss":0,"cards_upgraded":["Apotheosis"]},{"damage_healed":0,"gold_gain":0,"player_choice":"Obtained Book","damage_taken":21,"max_hp_gain":0,"max_hp_loss":0,"event_name":"Cursed Tome","floor":20,"gold_loss":0},{"damage_healed":14,"gold_gain":0,"player_choice":"Heal","damage_taken":0,"max_hp_gain":0,"max_hp_loss":0,"event_name":"The Library","floor":21,"gold_loss":0},{"damage_healed":0,"gold_gain":0,"player_choice":"Fight","damage_taken":0,"max_hp_gain":0,"max_hp_loss":0,"event_name":"MindBloom","floor":37,"gold_loss":0},{"damage_healed":0,"gold_gain":0,"player_choice":"Fight","damage_taken":0,"max_hp_gain":0,"max_hp_loss":0,"event_name":"Mysterious Sphere","floor":39,"gold_loss":0}],"is_beta":true,"boss_relics":[{"not_picked":["SacredBark","Runic Pyramid"],"picked":"Coffee Dripper"},{"not_picked":["Runic Dome","Empty Cage"],"picked":"FrozenCore"}],"items_purged_floors":[],"is_endless":false,"potions_floor_spawned":[8,10,12,16,22,24,27,30,33,37,40,41,42,44],"ascension_level":20}}