{"host":"2hlhnd4tei6r1t0s","time":1611752604,"event":{"mods":["100% Spire Juice","ATMod(阿瑾Mod)","Act Like it!","Arknights The Spire","Aspiration","Astrologer","Bard","BaseMod","Chen","Conspire","Downfall","Energized Spire","Evolution","Gensokyo","Gremlin Mod","GungeonMod","Hallownest","HololiveMod","HumanHunterMod(怪物杀人mod)","Jedi Mod","Jorbs\u0027s Wanderer Trilogy","KinomotoSakuraMod(木之本樱)","Koishi","Lobotomy","LobotomyExtend","Luminous","Mari Mod (Legacy)","Mari\u0027s V1 Patch","Minty Spire (QoL Compilation)","MostiFishMod","Pale of the Ancients","Potionbrewer","Prisma Mod","Quick Restart","Reimu（博丽灵梦）","Reliquary","Replay The Spire","Robot Space Explorer","RumiaBox-露米娅的神秘盒子","Slay the StarCraft II Mod","StSLib","TestMod","The Administrix","The Alterego","The Animator","The Blackbeard","The Construct","The Cursed","The Forsaken","The Gatherer","The Hayseed","The Jungle","The Mystic","The Runesmith","The Saiyan","The Senshi","The Showman","TheHeartMod","TheWitcher","Uncapped","WarShipGirlsR/战舰少女R mod","Yakumo Yukari mod","Yuyuko","[GremlinLeader]The Maniac","[IsaacMod]以撒尖塔","noobMod","【功能Mod】混沌之环修复补丁","【功能Mod】聪明的最终Boss","【遗物卡牌】REMEMod","残留之物","篝火指南"],"gold_per_floor":[10000000,10000000,10000013,10000033,10000015,10000030,9999001,9997944,9997944,9997962,9997981,9997058,9997158,9997171,9995919,9996017,9996017,9996037,9996062,9996080,9996080,9996080],"floor_reached":21,"language":"ZHS","playtime":2253,"items_purged":["PrismaMod:IllyaUncommonDefend","PrismaMod:IllyaDetonatingBlow","PrismaMod:IllyaCommonAttack","Runesmith:Overpower","PrismaMod:IllyaCheapChannelPoison"],"score":325,"play_id":"50bbcb7b-7def-42f3-b01e-dd40e9fe8a76","local_time":"20210127210324","is_ascension_mode":false,"campfire_choices":[],"circlet_count":0,"master_deck":["PrismaMod:IllyaBerserCAR","PrismaMod:IllyaFriendMaker+1","EpicFetus","construct:HammerDown+1","PrismaMod:IllyaFriendMaker+1","PrismaMod:IllyaGrail","PrismaMod:IllyaGrail+1","PrismaMod:IllyaCheapAttack","PrismaMod:IllyaUncommonAttack+1","testmod-AutoReboundSystem+1","Panache","testmod-PerfectCombo","PrismaMod:IllyaPoisonTippedWeapons","PrismaMod:IllyaDevil","Madness+1","PrismaMod:IllyaPoisonTippedWeapons+1","PrismaMod:IllyaUncommonAOEAttack","PrismaMod:IllyaBride","PrismaMod:IllyaTestament","PrismaMod:IllyaInstallLancer","testmod-ShutDown","construct:HammerDown+1","PrismaMod:IllyaDetonatingBlow","PrismaMod:IllyaCarnivalAttack","Gatherer:OddSpoils+1","construct:SyphonStrike"],"relics":["PrismaMod:PrismaRuby","EVO:Axolotl","ice","testmod-TestBox","DaveBox","REME_ComplimentaryCards","HushsDoor","AT_ATBox","Leech","DSteel32","testmod-Temperance","aspiration:Nostalgia","SlaytheStarCraft2Mod:HeartofProtoss","SynthV:TestCard","LetterFromLob","Tiny Chest","Art of War","Frozen Eye","DemoMod:GnawedKey","Anchor","reliquary:Firecrackers","Lee\u0027s Waffle","testmod-Justice","AT_TimeSand","TuHaoJin","PrismaticShard","testmod-HeartOfStrike","Lantern","potionbrewer:BoosterPack","GreenFoldingFan","reliquary:TatteredRug","DemoMod:GlassGuonStoneRelic","ShedSkin_r"],"acts_visited":["Exordium","Exordium"],"potions_floor_usage":[14,16],"damage_taken":[{"damage":6,"enemies":"Cultist","floor":1,"turns":3},{"damage":54,"enemies":"Jaw Worm","floor":3,"turns":7},{"damage":49,"enemies":"Small Slimes","floor":4,"turns":15},{"damage":28,"enemies":"Exordium Thugs","floor":5,"turns":9},{"damage":144,"enemies":"Lots of Slimes","floor":6,"turns":12},{"damage":16,"enemies":"Blue Slaver","floor":10,"turns":4},{"damage":25,"enemies":"2 Fungi Beasts","floor":11,"turns":3},{"damage":26,"enemies":"Exordium Thugs","floor":14,"turns":5},{"damage":49,"enemies":"Slime Boss","floor":16,"turns":8},{"damage":63,"enemies":"Shell Parasite","floor":18,"turns":6},{"damage":0,"enemies":"theJungle:MUSHROOMGANG","floor":20,"turns":1}],"seed_played":"-8774338691310403031","potions_obtained":[{"floor":3,"key":"Ancient Potion"},{"floor":5,"key":"ColorlessPotion"},{"floor":10,"key":"Swift Potion"},{"floor":14,"key":"PowerPotion"}],"is_trial":false,"path_per_floor":["M","?","M","M","M","M","R","$","T","M","M","$","?","M","R","B",null,"M","T","M","M"],"character_chosen":"ILLYA","items_purchased":["Tiny Chest","Art of War","Frozen Eye","DemoMod:GnawedKey","PrismaMod:IllyaGrail","PrismaMod:IllyaCheapAttack","PrismaMod:IllyaUncommonAttack","testmod-AutoReboundSystem","Anchor","reliquary:Firecrackers","Lee\u0027s Waffle","Panache","testmod-PerfectCombo","PrismaMod:IllyaPoisonTippedWeapons","PrismaMod:IllyaDetonatingBlow","AT_TimeSand","TuHaoJin","PrismaticShard","Madness","PrismaMod:IllyaPoisonTippedWeapons","testmod-HeartOfStrike","Lantern","potionbrewer:BoosterPack","PrismaMod:IllyaUncommonAOEAttack","PrismaMod:IllyaBride","PrismaMod:IllyaTestament","PrismaMod:IllyaInstallLancer","PrismaMod:IllyaCheapChannelPoison","testmod-ShutDown","PrismaMod:IllyaDetonatingBlow","PrismaMod:IllyaCarnivalAttack"],"campfire_rested":0,"item_purchase_floors":[7,7,7,7,7,7,7,7,8,8,8,8,8,8,8,12,12,12,12,12,15,15,15,15,15,15,15,15,15,17,17],"current_hp_per_floor":[70,70,22,51,29,149,149,156,156,216,236,236,236,358,358,465,453,814,814,814,0,0],"gold":9996080,"neow_bonus":"NOSTALGIA","is_daily":false,"chose_seed":false,"campfire_upgraded":0,"win_rate":0.0,"timestamp":1611752604,"path_taken":["M","?","M","M","?","M","R","$","T","M","?","$","?","?","R","BOSS","M","?","M","M"],"items_purchased_type":["Relic","Relic","Relic","Relic","Card","Card","Card","Card","Relic","Relic","Relic","Card","Card","Card","Card","Relic","Relic","Relic","Card","Card","Relic","Card","Relic","Card","Card","Card","Card","Card","Card","Card","Card"],"build_version":"2020-12-22","purchased_purges":5,"victory":false,"max_hp_per_floor":[75,75,75,78,86,149,149,156,156,216,236,236,236,358,358,465,453,814,814,814,814,814],"card_choices":[{"not_picked":[],"picked":"EpicFetus","floor":0},{"not_picked":["PrismaMod:IllyaSaphire","PrismaMod:IllyaDevil"],"picked":"PrismaMod:IllyaFriendMaker","floor":1},{"not_picked":["PrismaMod:IllyaBoysLove","PrismaMod:IllyaUpgradeOrbs","PrismaMod:IllyaAssassinRevenge","PrismaMod:IllyaCheapChannelAttack","PrismaMod:IllyaGrailKun"],"picked":"SKIP","floor":3},{"not_picked":["PrismaMod:IllyaUberPoisonChannel","PrismaMod:IllyaRubysPotion","PrismaMod:IllyaDetonatingBlow","PrismaMod:IllyaAOECommonAttack"],"picked":"PrismaMod:IllyaGrail","floor":4},{"not_picked":["PrismaMod:IllyaMinorZwei","PrismaMod:IllyaDualEvoke","PrismaMod:IllyaGrailKun","PrismaMod:IllyaFriendMaker"],"picked":"Bomb","floor":5},{"not_picked":["PrismaMod:IllyaBerserCAR","PrismaMod:IllyaUncommonEvoke","PrismaMod:IllyaUberChannel","PrismaMod:IllyaBlindPoisonToss"],"picked":"PrismaMod:IllyaGrail","floor":6},{"not_picked":["PrismaMod:IllyaUberPoisonBlock","PrismaMod:IllyaMaid","PrismaMod:IllyaStunPoison","PrismaMod:IllyaBoysLove","PrismaMod:IllyaCheapChannelDefend"],"picked":"SKIP","floor":10},{"not_picked":["PrismaMod:IllyaCheapChannelDefend","PrismaMod:IllyaUberPoisonBlock","PrismaMod:IllyaFriendMaker","PrismaMod:IllyaInstallAvenger"],"picked":"PrismaMod:IllyaDevil","floor":11},{"not_picked":["Gatherer:Liquidism","blackbeard:GoldenCannonball","bronze:NullPointer","Slimebound:SplitAcid","SnafuTest:CalculatingAmbition"],"picked":"SKIP","floor":14},{"not_picked":["REME_PuzzleBox","PrismaMod:IllyaInstallRuler","expansioncontent:StudyTheSpire","MariMod:Mari_Undying_Spark"],"picked":"construct:HammerDown","floor":16},{"not_picked":["hexamod:GhostLash","animator:ElricAlphonse","ats:Curse Doll","DemoMod:BoxingGlove"],"picked":"Gatherer:OddSpoils+1","floor":18},{"not_picked":["TheSimpletonMod:CloseScrape","Unpaved Way","theShowman:CrashingLights","SolemnVow"],"picked":"construct:SyphonStrike","floor":20}],"player_experience":171794,"relics_obtained":[{"floor":1,"key":"SynthV:TestCard"},{"floor":1,"key":"LetterFromLob"},{"floor":9,"key":"testmod-Justice"},{"floor":19,"key":"reliquary:TatteredRug"}],"event_choices":[{"damage_healed":0,"gold_gain":0,"player_choice":"Ignored","damage_taken":0,"max_hp_gain":0,"max_hp_loss":0,"event_name":"Liars Game","floor":2,"gold_loss":0}],"is_beta":false,"boss_relics":[{"not_picked":["Replay:Grab Bag","Philosopher\u0027s Stone"],"picked":"GreenFoldingFan"},{"not_picked":[]}],"items_purged_floors":[7,8,12,15,17],"is_endless":false,"potions_floor_spawned":[3,5,10,14],"ascension_level":0}}