{"host":"rb2p2z6v6vieend5","time":1611790967,"event":{"mods":["BaseMod","Block Reminder","Colored Map","DeckTracker","Highlight Path","Minty Spire (QoL Compilation)","Random Character Button","Relic Stats"],"gold_per_floor":[115,115,115,115,134,167,167,45,71,71,99,120,70,114,114,225,225,253,271,196,295,36,75,75,96,123,140,140,140],"floor_reached":28,"language":"ENG","playtime":1047,"items_purged":["Pain","Strike_G"],"score":404,"play_id":"f5041f9c-5f22-4f51-b53f-ae721388e9e9","local_time":"20210128004247","is_ascension_mode":true,"campfire_choices":[{"data":"Neutralize","floor":7,"key":"SMITH"},{"floor":15,"key":"REST"}],"circlet_count":0,"master_deck":["AscendersBane","Strike_G","Defend_G+1","Defend_G+1","Defend_G+1","Defend_G","Defend_G","Survivor","Neutralize+1","Backflip+1","Sucker Punch","Infinite Blades","Dagger Spray","Dagger Spray","Backstab","Bouncing Flask","Envenom","Footwork","Skewer","Tools of the Trade","Deflect+1","Dash+1"],"relics":["Ring of the Snake","NeowsBlessing","Boot","WarpedTongs","Happy Flower","Smiling Mask","CeramicFish","Ornamental Fan","SacredBark","White Beast Statue","Kunai","The Courier","War Paint"],"acts_visited":["Exordium","TheCity"],"potions_floor_usage":[18,23,25],"damage_taken":[{"damage":0,"enemies":"2 Louse","floor":1,"turns":1},{"damage":0,"enemies":"Jaw Worm","floor":5,"turns":1},{"damage":3,"enemies":"3 Sentries","floor":6,"turns":1},{"damage":0,"enemies":"Small Slimes","floor":11,"turns":2},{"damage":0,"enemies":"Red Slaver","floor":12,"turns":4},{"damage":7,"enemies":"Lagavulin","floor":14,"turns":6},{"damage":9,"enemies":"The Guardian","floor":16,"turns":10},{"damage":0,"enemies":"Chosen","floor":18,"turns":6},{"damage":57,"enemies":"Slavers","floor":23,"turns":8},{"damage":0,"enemies":"3 Byrds","floor":25,"turns":1},{"damage":1,"enemies":"Snecko","floor":27,"turns":6},{"damage":6,"enemies":"Sentry and Sphere","floor":28,"turns":3}],"seed_played":"-6995234144723290042","potions_obtained":[{"floor":5,"key":"Ancient Potion"},{"floor":11,"key":"SpeedPotion"},{"floor":12,"key":"Weak Potion"},{"floor":18,"key":"PowerPotion"},{"floor":23,"key":"ColorlessPotion"},{"floor":25,"key":"SpeedPotion"}],"is_trial":false,"path_per_floor":["M","?","T","?","M","E","R","$","T","?","M","M","$","E","R","B",null,"M","?","?","?","$","E","T","M","T","M","M"],"character_chosen":"THE_SILENT","items_purchased":["Dagger Spray","White Beast Statue"],"campfire_rested":1,"item_purchase_floors":[8,22],"current_hp_per_floor":[63,49,49,49,49,46,46,46,46,39,39,39,39,32,53,44,64,64,64,64,64,64,7,7,7,7,6,0,0],"gold":140,"neow_bonus":"THREE_ENEMY_KILL","is_daily":false,"chose_seed":false,"campfire_upgraded":1,"win_rate":0.0,"timestamp":1611790967,"path_taken":["M","?","?","?","?","E","R","$","T","?","M","M","?","E","R","BOSS","M","?","?","?","$","E","?","M","T","M","?"],"items_purchased_type":["Card","Relic"],"build_version":"2020-12-22","purchased_purges":2,"victory":false,"max_hp_per_floor":[70,70,70,70,70,70,70,70,70,70,70,70,70,70,70,70,70,70,70,70,70,70,70,70,70,70,70,70,70],"relic_stats":{"Happy Flower":[15],"counters":[12,49],"Ornamental Fan":[24],"CeramicFish":81,"Kunai":[2],"War Paint":["Backflip","Defend_G"],"Boot":[89],"Smiling Mask":50,"obtain_stats":[{"NeowsBlessing":0,"Happy Flower":6,"CeramicFish":10,"SacredBark":17,"The Courier":24,"War Paint":26,"Boot":3,"Smiling Mask":9,"White Beast Statue":22,"WarpedTongs":4,"Ornamental Fan":14,"Kunai":23,"Ring of the Snake":0},{"NeowsBlessing":0,"Happy Flower":3,"CeramicFish":3,"SacredBark":7,"The Courier":9,"War Paint":10,"Boot":1,"Smiling Mask":3,"White Beast Statue":8,"WarpedTongs":1,"Ornamental Fan":6,"Kunai":9,"Ring of the Snake":0},{"NeowsBlessing":0,"Happy Flower":3,"CeramicFish":3,"SacredBark":25,"The Courier":39,"War Paint":40,"Boot":1,"Smiling Mask":3,"White Beast Statue":31,"WarpedTongs":1,"Ornamental Fan":15,"Kunai":39,"Ring of the Snake":0}],"Ring of the Snake":[24],"WarpedTongs":[48]},"card_choices":[{"not_picked":["Dodge and Roll","Outmaneuver"],"picked":"Backflip","floor":1},{"not_picked":["Eviscerate","Cloak And Dagger"],"picked":"Sucker Punch","floor":5},{"not_picked":["Sucker Punch","Slice"],"picked":"Infinite Blades","floor":6},{"not_picked":["Expertise","Flechettes"],"picked":"Dagger Spray","floor":11},{"not_picked":["Unload","Slice"],"picked":"Backstab","floor":12},{"not_picked":["Bane","Expertise"],"picked":"Bouncing Flask","floor":14},{"not_picked":["Adrenaline","Doppelganger"],"picked":"Envenom","floor":16},{"not_picked":["Accuracy","Bouncing Flask"],"picked":"Footwork","floor":18},{"not_picked":["Outmaneuver+1","Heel Hook+1"],"picked":"Deflect+1","floor":23},{"not_picked":["PiercingWail+1","Masterful Stab+1"],"picked":"Dash+1","floor":25},{"not_picked":["Dodge and Roll+1","Backflip+1","Underhanded Strike+1"],"picked":"SKIP","floor":27}],"player_experience":636098,"relics_obtained":[{"floor":3,"key":"Boot"},{"floor":6,"key":"Happy Flower"},{"floor":9,"key":"Smiling Mask"},{"floor":14,"key":"Ornamental Fan"},{"floor":23,"key":"Kunai"},{"floor":24,"key":"The Courier"},{"floor":26,"key":"War Paint"}],"event_choices":[{"damage_healed":0,"gold_gain":0,"player_choice":"Entered Light","damage_taken":14,"max_hp_gain":0,"max_hp_loss":0,"event_name":"Shining Light","floor":2,"gold_loss":0,"cards_upgraded":["Defend_G","Defend_G"]},{"damage_healed":0,"gold_gain":0,"player_choice":"Rummage","damage_taken":0,"relics_obtained":["WarpedTongs"],"max_hp_gain":0,"max_hp_loss":0,"event_name":"Accursed Blacksmith","floor":4,"gold_loss":0,"cards_obtained":["Pain"]},{"damage_healed":0,"gold_gain":0,"player_choice":"Success","damage_taken":7,"relics_obtained":["CeramicFish"],"max_hp_gain":0,"max_hp_loss":0,"event_name":"Scrap Ooze","floor":10,"gold_loss":0},{"damage_healed":0,"gold_gain":0,"cards_transformed":["Strike_G","Strike_G"],"player_choice":"Became Test Subject","damage_taken":0,"max_hp_gain":0,"max_hp_loss":0,"event_name":"Drug Dealer","floor":19,"gold_loss":0,"cards_obtained":["Skewer","Tools of the Trade"]},{"cards_removed":["Strike_G"],"damage_healed":0,"gold_gain":0,"player_choice":"Gave Gold","damage_taken":0,"max_hp_gain":0,"max_hp_loss":0,"event_name":"Beggar","floor":20,"gold_loss":75},{"damage_healed":0,"gold_gain":99,"player_choice":"Stole From Cult","damage_taken":0,"max_hp_gain":0,"max_hp_loss":0,"event_name":"Nest","floor":21,"gold_loss":0}],"is_beta":false,"boss_relics":[{"not_picked":["HoveringKite","Pandora\u0027s Box"],"picked":"SacredBark"}],"items_purged_floors":[8,13],"is_endless":false,"potions_floor_spawned":[5,11,12,18,23,25,27],"killed_by":"Sentry and Sphere","ascension_level":10}}