{"host":"qsusua7l529r8z9k","time":1611730478,"event":{"mods":["BaseMod","Minty Spire (QoL Compilation)","StSLib"],"gold_per_floor":[111,45,56,56,56,99,99,180,180,7,7,22,22,22,22,113,113,126,167,92,452,473,473,473,492,519,540,540,583,583,599,599,599,599],"floor_reached":33,"language":"ZHS","playtime":891,"items_purged":[],"score":606,"play_id":"a5b24171-d0f8-44af-8ca7-a8ebebcf15d9","local_time":"20210127145438","is_ascension_mode":true,"campfire_choices":[{"data":"Bouncing Flask","floor":7.0,"key":"SMITH"},{"floor":11.0,"key":"REST"},{"data":"Strike_G","floor":13.0,"key":"PURGE"},{"data":"Strike_G","floor":15.0,"key":"PURGE"},{"floor":23.0,"key":"REST"},{"floor":28.0,"key":"REST"},{"floor":30,"key":"REST"},{"data":"Crippling Poison","floor":32,"key":"SMITH"}],"circlet_count":0,"master_deck":["AscendersBane","Strike_G","Defend_G","Defend_G","Defend_G","Defend_G","Defend_G","Survivor","Neutralize","Bouncing Flask+1","Expertise","Bane","Corpse Explosion","Backflip","Writhe","Malaise","Tactician+1","Crippling Poison+1"],"relics":["Ring of the Snake","NeowsBlessing","Gremlin Horn","Golden Idol","Peace Pipe","Calipers","Incense Burner","Lantern","Snecko Eye","Red Mask","Anchor","Tiny Chest","Dream Catcher"],"acts_visited":["Exordium","TheCity"],"potions_floor_usage":[],"damage_taken":[{"damage":0.0,"enemies":"Small Slimes","floor":1.0,"turns":1.0},{"damage":0.0,"enemies":"Cultist","floor":3.0,"turns":1.0},{"damage":0.0,"enemies":"3 Sentries","floor":6.0,"turns":1.0},{"damage":34.0,"enemies":"Gremlin Nob","floor":8.0,"turns":4.0},{"damage":0.0,"enemies":"2 Louse","floor":12.0,"turns":2.0},{"damage":11.0,"enemies":"The Guardian","floor":16.0,"turns":8.0},{"damage":4.0,"enemies":"2 Thieves","floor":18.0,"turns":2.0},{"damage":4.0,"enemies":"Masked Bandits","floor":19.0,"turns":2.0},{"damage":6.0,"enemies":"Chosen","floor":22.0,"turns":4.0},{"damage":0.0,"enemies":"3 Cultists","floor":25.0,"turns":2.0},{"damage":4.0,"enemies":"Centurion and Healer","floor":27.0,"turns":3.0},{"damage":15,"enemies":"Book of Stabbing","floor":29,"turns":7},{"damage":3,"enemies":"Snecko","floor":31,"turns":4},{"damage":44,"enemies":"Champ","floor":33,"turns":11}],"seed_played":"6148775207971921649","potions_obtained":[{"floor":3.0,"key":"Swift Potion"},{"floor":12.0,"key":"SpeedPotion"},{"floor":19.0,"key":"PowerPotion"},{"floor":22.0,"key":"GamblersBrew"},{"floor":25.0,"key":"Fire Potion"}],"is_trial":false,"path_per_floor":["M","?","M","?","?","E","R","?","T","$","R","M","R","$","R","B",null,"M","?","?","?","M","R","?","M","T","M","R","E","R","M","R","B"],"character_chosen":"THE_SILENT","items_purchased":["Lantern"],"campfire_rested":4,"item_purchase_floors":[10],"current_hp_per_floor":[59,59,59,52,52,52,52,18,18,18,36,36,36,36,36,25,51,47,43,43,7,1,19,19,19,19,15,33,18,36,33,33,0,0],"gold":599,"neow_bonus":"THREE_ENEMY_KILL","is_daily":false,"chose_seed":false,"campfire_upgraded":2,"win_rate":0.0,"timestamp":1611730478,"path_taken":["M","?","?","?","?","E","R","?","T","$","R","M","R","?","R","BOSS","M","?","?","?","?","R","?","M","T","M","R","E","R","M","R","BOSS"],"items_purchased_type":["Relic"],"build_version":"2020-12-22","purchased_purges":0,"victory":false,"max_hp_per_floor":[66,66,66,66,60,60,60,60,60,60,60,60,60,60,60,60,60,60,60,60,60,60,60,60,60,60,60,60,60,60,60,60,60,60],"card_choices":[{"not_picked":["Sucker Punch","Flying Knee","Dagger Throw"],"picked":"SKIP","floor":1.0},{"not_picked":["Footwork","Tactician"],"picked":"Bouncing Flask","floor":3.0},{"not_picked":["Outmaneuver","Heel Hook","Blur"],"picked":"SKIP","floor":6.0},{"not_picked":["Outmaneuver","Heel Hook","Blur"],"picked":"SKIP","floor":6.0},{"not_picked":["Blade Dance","Finisher"],"picked":"Expertise","floor":8.0},{"not_picked":["PiercingWail","Reflex"],"picked":"Bane","floor":12.0},{"not_picked":["Envenom","Adrenaline"],"picked":"Corpse Explosion","floor":16.0},{"not_picked":["Eviscerate","Finisher"],"picked":"Backflip","floor":18.0},{"not_picked":["Dagger Spray","Bane+1","Quick Slash"],"picked":"SKIP","floor":22.0},{"not_picked":["Backflip+1","Underhanded Strike"],"picked":"Malaise","floor":25.0},{"not_picked":["Underhanded Strike","Dagger Throw","Expertise"],"picked":"SKIP","floor":27.0},{"not_picked":["Underhanded Strike","Backflip"],"picked":"Tactician+1","floor":29},{"not_picked":["Choke","Slice"],"picked":"Crippling Poison","floor":30},{"not_picked":["Bane","Dodge and Roll","Dagger Throw+1"],"picked":"SKIP","floor":31}],"player_experience":499554,"relics_obtained":[{"floor":6.0,"key":"Peace Pipe"},{"floor":8.0,"key":"Calipers"},{"floor":9.0,"key":"Incense Burner"},{"floor":19.0,"key":"Red Mask"},{"floor":26.0,"key":"Tiny Chest"},{"floor":29,"key":"Dream Catcher"}],"event_choices":[{"damage_healed":0.0,"max_hp_gain":0.0,"max_hp_loss":0.0,"gold_gain":0.0,"event_name":"WeMeetAgain","player_choice":"Paid Gold","floor":2.0,"gold_loss":66.0,"damage_taken":0.0,"relics_obtained":["Gremlin Horn"]},{"cards_removed":["Strike_G"],"damage_healed":0.0,"max_hp_gain":0.0,"max_hp_loss":0.0,"gold_gain":0.0,"event_name":"Golden Wing","player_choice":"Card Removal","floor":4.0,"gold_loss":0.0,"damage_taken":7.0},{"damage_healed":0.0,"max_hp_gain":0.0,"max_hp_loss":6.0,"gold_gain":0.0,"event_name":"Golden Idol","player_choice":"Lose Max HP","floor":5.0,"gold_loss":0.0,"damage_taken":0.0,"relics_obtained":["Golden Idol"]},{"damage_healed":0.0,"max_hp_gain":0.0,"max_hp_loss":0.0,"gold_gain":0.0,"event_name":"Dead Adventurer","player_choice":"Searched \u00271\u0027 times","floor":8.0,"gold_loss":0.0,"damage_taken":0.0},{"damage_healed":0.0,"max_hp_gain":0.0,"max_hp_loss":0.0,"gold_gain":0.0,"event_name":"Masked Bandits","player_choice":"Fought Bandits","floor":19.0,"gold_loss":0.0,"damage_taken":0.0},{"cards_removed":["Strike_G"],"damage_healed":0.0,"max_hp_gain":0.0,"max_hp_loss":0.0,"gold_gain":0.0,"event_name":"Beggar","player_choice":"Gave Gold","floor":20.0,"gold_loss":75.0,"damage_taken":0.0},{"damage_healed":0.0,"max_hp_gain":0.0,"max_hp_loss":0.0,"gold_gain":360.0,"event_name":"Knowing Skull","player_choice":"GOLD GOLD GOLD GOLD ","floor":21.0,"potions_obtained":[],"gold_loss":0.0,"damage_taken":36.0,"cards_obtained":[]},{"damage_healed":0.0,"max_hp_gain":0.0,"max_hp_loss":0.0,"gold_gain":0.0,"event_name":"The Mausoleum","player_choice":"Opened","floor":24.0,"gold_loss":0.0,"damage_taken":0.0,"relics_obtained":["Anchor"],"cards_obtained":["Writhe"]}],"is_beta":false,"boss_relics":[{"not_picked":["HoveringKite","Sozu"],"picked":"Snecko Eye"}],"items_purged_floors":[],"is_endless":false,"potions_floor_spawned":[3,12,19,22,25],"killed_by":"Champ","ascension_level":19}}