{"host":"fevvm7bbzuh4s1jc","time":1611719754,"event":{"mods":["BaseMod","Highlight Path","Minty Spire (QoL Compilation)","Relic Stats"],"gold_per_floor":[17,28,46,65,10,10,36,36,60,60,78,112,130,55,55,134,134,151,151,164,174,99,127,144,144,144],"floor_reached":25,"language":"ENG","playtime":1032,"items_purged":[],"score":520,"play_id":"9486f696-4542-40a4-afd1-124cbcbfb864","local_time":"20210126225554","is_ascension_mode":true,"campfire_choices":[{"data":"Bash","floor":6.0,"key":"SMITH"},{"data":"Pommel Strike","floor":8.0,"key":"SMITH"},{"floor":10.0,"key":"REST"},{"data":"Hemokinesis","floor":15.0,"key":"SMITH"}],"circlet_count":0,"master_deck":["AscendersBane","Strike_R","Strike_R","Strike_R","Defend_R","Defend_R","Defend_R+1","Defend_R+1","Bash+1","Secret Weapon","Fire Breathing","Thunderclap","Twin Strike","Pommel Strike+1","Corruption","True Grit","Hemokinesis+1","Clothesline","Feed","Shrug It Off","Power Through","Armaments"],"relics":["Burning Blood","War Paint","Pen Nib","Blood Vial","Fusion Hammer","Oddly Smooth Stone"],"acts_visited":["Exordium","TheCity"],"potions_floor_usage":[],"damage_taken":[{"damage":12.0,"enemies":"Cultist","floor":1.0,"turns":5.0},{"damage":15.0,"enemies":"Small Slimes","floor":2.0,"turns":4.0},{"damage":11.0,"enemies":"2 Louse","floor":3.0,"turns":4.0},{"damage":25.0,"enemies":"Red Slaver","floor":4.0,"turns":4.0},{"damage":20.0,"enemies":"3 Sentries","floor":7.0,"turns":4.0},{"damage":13.0,"enemies":"Exordium Wildlife","floor":11.0,"turns":6.0},{"damage":15.0,"enemies":"Lagavulin","floor":12.0,"turns":6.0},{"damage":8.0,"enemies":"2 Fungi Beasts","floor":13.0,"turns":4.0},{"damage":32.0,"enemies":"Slime Boss","floor":16.0,"turns":7.0},{"damage":2.0,"enemies":"Spheric Guardian","floor":18.0,"turns":1.0},{"damage":14.0,"enemies":"Chosen","floor":20.0,"turns":4.0},{"damage":21.0,"enemies":"Centurion and Healer","floor":21.0,"turns":7.0},{"damage":4.0,"enemies":"Gremlin Leader","floor":23.0,"turns":10.0},{"damage":15.0,"enemies":"Snecko","floor":24.0,"turns":4.0},{"damage":0,"enemies":"Book of Stabbing","floor":25,"turns":1}],"seed_played":"-458994705506789669","potions_obtained":[{"floor":4.0,"key":"BlessingOfTheForge"},{"floor":7.0,"key":"SkillPotion"},{"floor":16.0,"key":"CultistPotion"},{"floor":19.0,"key":"SpeedPotion"},{"floor":20.0,"key":"AttackPotion"}],"is_trial":false,"path_per_floor":["M","M","M","M","$","R","E","R","T","R","M","E","M","?","R","B",null,"M","?","M","M","?","E","M","E"],"character_chosen":"IRONCLAD","items_purchased":["BloodPotion"],"campfire_rested":1,"item_purchase_floors":[5],"current_hp_per_floor":[62,53,48,29,29,29,15,15,15,37,30,21,21,21,21,12,59,65,65,62,52,52,59,52,54,54],"gold":144,"neow_bonus":"RANDOM_COLORLESS_2","is_daily":false,"chose_seed":false,"campfire_upgraded":3,"win_rate":0.0,"timestamp":1611719754,"path_taken":["M","M","M","?","$","R","E","R","T","R","M","E","?","?","R","BOSS","M","?","?","M","?","E","M","E"],"items_purchased_type":["Potion"],"build_version":"2020-12-22","purchased_purges":0,"victory":false,"max_hp_per_floor":[75,75,75,75,75,75,75,75,75,75,75,75,75,75,75,75,75,75,75,78,81,81,84,84,84,84],"relic_stats":{"Blood Vial":16,"counters":[15,70],"Pen Nib":[10],"War Paint":["Defend_R","Defend_R"],"obtain_stats":[{"Blood Vial":12,"Oddly Smooth Stone":23,"Pen Nib":9,"Fusion Hammer":17,"War Paint":7,"Burning Blood":0},{"Blood Vial":7,"Oddly Smooth Stone":13,"Pen Nib":5,"Fusion Hammer":9,"War Paint":5,"Burning Blood":0},{"Blood Vial":33,"Oddly Smooth Stone":66,"Pen Nib":21,"Fusion Hammer":44,"War Paint":21,"Burning Blood":0}],"Burning Blood":84},"card_choices":[{"not_picked":["Chrysalis","Panache"],"picked":"Secret Weapon","floor":0.0},{"not_picked":["Seeing Red","Pummel"],"picked":"Fire Breathing","floor":1.0},{"not_picked":["Second Wind","Inflame"],"picked":"Thunderclap","floor":2.0},{"not_picked":["Headbutt","Sword Boomerang"],"picked":"Twin Strike","floor":3.0},{"not_picked":["Iron Wave","Sentinel"],"picked":"Pommel Strike","floor":4.0},{"not_picked":["Combust","Twin Strike"],"picked":"Corruption","floor":7.0},{"not_picked":["Shrug It Off","Bloodletting"],"picked":"True Grit","floor":11.0},{"not_picked":["Pommel Strike","Uppercut"],"picked":"Hemokinesis","floor":12.0},{"not_picked":["Heavy Blade","Twin Strike"],"picked":"Clothesline","floor":13.0},{"not_picked":["Reaper","Double Tap"],"picked":"Feed","floor":16.0},{"not_picked":["Headbutt","Fire Breathing","Warcry"],"picked":"SKIP","floor":18.0},{"not_picked":["Sever Soul","Clash","Twin Strike"],"picked":"SKIP","floor":20.0},{"not_picked":["Sword Boomerang","Battle Trance"],"picked":"Shrug It Off","floor":21.0},{"not_picked":["Inflame","Iron Wave"],"picked":"Power Through","floor":23.0},{"not_picked":["Anger","Warcry"],"picked":"Armaments","floor":24.0}],"player_experience":2751804,"relics_obtained":[{"floor":7.0,"key":"War Paint"},{"floor":9.0,"key":"Pen Nib"},{"floor":12.0,"key":"Blood Vial"},{"floor":23.0,"key":"Oddly Smooth Stone"}],"event_choices":[{"cards_removed":["Strike_R"],"damage_healed":0.0,"max_hp_gain":0.0,"max_hp_loss":0.0,"gold_gain":0.0,"event_name":"The Cleric","player_choice":"Card Removal","floor":14.0,"gold_loss":75.0,"damage_taken":0.0},{"damage_healed":0.0,"max_hp_gain":0.0,"max_hp_loss":0.0,"gold_gain":0.0,"event_name":"Lab","player_choice":"Got Potions","floor":19.0,"gold_loss":0.0,"damage_taken":0.0},{"cards_removed":["Strike_R"],"damage_healed":0.0,"max_hp_gain":0.0,"max_hp_loss":0.0,"gold_gain":0.0,"event_name":"Beggar","player_choice":"Gave Gold","floor":22.0,"gold_loss":75.0,"damage_taken":0.0}],"is_beta":false,"boss_relics":[{"not_picked":["Busted Crown","Velvet Choker"],"picked":"Fusion Hammer"}],"items_purged_floors":[],"is_endless":false,"potions_floor_spawned":[4,7,16,20],"killed_by":"Book of Stabbing","ascension_level":20}}