{"host":"684z1xpuwaoqmmh1","time":1611757507,"event":{"mods":["BaseMod","Downfall","Hermit","Jorbs\u0027s Wanderer Trilogy","Marisa????????","Minty Spire (QoL Compilation)","Robot Space Explorer","Shade Mod","StSLib","The Bug Knight","The Cursed","The Dragon Tamer","The Hayseed","The Hierophant","The Marked","The Mystic","The Runesmith","The Senshi"],"gold_per_floor":[109,109,121,139,156,156,187,187,242,242,259,259,288,288,288,389,389,399,410,424,13,29,63,63,92,115,30,55,55,83,101,101,197,197,209,228,228,228,243,243,24,54,79,131,159,172,185,212,212,212,212,212,13,42,42],"floor_reached":56,"language":"ENG","playtime":4457,"items_purged":["TheSimpletonMod:Strike_TheSimpleton","Pain","TheSimpletonMod:Defend_TheSimpleton"],"score":1659,"play_id":"110e43f1-7cc9-440a-ac8c-f50dad781455","local_time":"20210127162507","is_ascension_mode":true,"campfire_choices":[{"data":"TheSimpletonMod:ReapAndSow","floor":6,"key":"SMITH"},{"data":"TheSimpletonMod:Haymaker","floor":8,"key":"SMITH"},{"data":"TheSimpletonMod:StockTheCellar","floor":10,"key":"SMITH"},{"floor":12,"key":"REST"},{"data":"TheSimpletonMod:Thresh","floor":15,"key":"SMITH"},{"data":"TheSimpletonMod:TakeHeart","floor":24,"key":"SMITH"},{"data":"TheSimpletonMod:Pruning","floor":32,"key":"SMITH"},{"floor":40,"key":"RECALL"},{"floor":49,"key":"REST"},{"floor":52,"key":"REST"}],"circlet_count":0,"master_deck":["TheSimpletonMod:Strike_TheSimpleton","TheSimpletonMod:Strike_TheSimpleton","TheSimpletonMod:Strike_TheSimpleton+1","TheSimpletonMod:Defend_TheSimpleton+1","TheSimpletonMod:Defend_TheSimpleton","TheSimpletonMod:Defend_TheSimpleton","TheSimpletonMod:Haymaker+1","TheSimpletonMod:ReapAndSow+1","TheSimpletonMod:StockTheCellar+1","TheSimpletonMod:RootDown","TheSimpletonMod:PestManagement","TheSimpletonMod:VolatileFumes","TheSimpletonMod:Thresh+1","TheSimpletonMod:BumperCrop","TheSimpletonMod:VolatileFumes","TheSimpletonMod:TakeHeart+1","TheSimpletonMod:Aerate+1","TheSimpletonMod:CloseScrape","TheSimpletonMod:Squash+1","TheSimpletonMod:Squash+1","TheSimpletonMod:RootDown","TheSimpletonMod:Pruning+1","TheSimpletonMod:TakeHeart","TheSimpletonMod:Pruning+1","TheSimpletonMod:Rake+1","Parasite","TheSimpletonMod:Artichokes+1","TheSimpletonMod:Swelter","TheSimpletonMod:Sunseed","TheSimpletonMod:VineRipen+1","TheSimpletonMod:OnionBloom+1","TheSimpletonMod:GoToMarket+1","TheSimpletonMod:Swelter","TheSimpletonMod:Squash+1","TheSimpletonMod:Swelter"],"relics":["TheSimpletonMod:SpudOfTheInnocent","TheSimpletonMod:NightSoil","TheSimpletonMod:TheHarvester","TheSimpletonMod:PicklingJar","Toy Ornithopter","Pen Nib","Frozen Egg 2","WristBlade","Guardian:GemstoneGun","Runesmith:Locket","Pantograph","Anchor","bronze:BronzeIdol","champ:DuelingGlove","MutagenicStrength","TheSimpletonMod:PlanterBox","Fusion Hammer","WarpedTongs","theSenshi:SpiralHeartMoonRodRelic","Ginger","Omamori","FossilizedHelix","Art of War"],"acts_visited":["Exordium","TheCity","TheBeyond","TheEnding"],"potions_floor_usage":[7,23,28,44,50,55,55],"damage_taken":[{"damage":7,"enemies":"2 Louse","floor":1,"turns":4},{"damage":12,"enemies":"Small Slimes","floor":3,"turns":5},{"damage":1,"enemies":"Cultist","floor":4,"turns":4},{"damage":11,"enemies":"2 Fungi Beasts","floor":5,"turns":4},{"damage":8,"enemies":"3 Sentries","floor":7,"turns":5},{"damage":15,"enemies":"Large Slime","floor":11,"turns":5},{"damage":32,"enemies":"Gremlin Nob","floor":13,"turns":4},{"damage":25,"enemies":"Slime Boss","floor":16,"turns":5},{"damage":21,"enemies":"Spheric Guardian","floor":18,"turns":5},{"damage":6,"enemies":"Chosen","floor":19,"turns":7},{"damage":18,"enemies":"Shelled Parasite and Fungi","floor":20,"turns":6},{"damage":15,"enemies":"3 Cultists","floor":22,"turns":5},{"damage":24,"enemies":"Book of Stabbing","floor":23,"turns":5},{"damage":17,"enemies":"Gremlin Leader","floor":25,"turns":9},{"damage":3,"enemies":"Slavers","floor":28,"turns":5},{"damage":14,"enemies":"Gremlin Leader","floor":30,"turns":3},{"damage":14,"enemies":"Snake Plant","floor":31,"turns":3},{"damage":25,"enemies":"Champ","floor":33,"turns":9},{"damage":0,"enemies":"Orb Walker","floor":35,"turns":2},{"damage":0,"enemies":"3 Darklings","floor":36,"turns":3},{"damage":8,"enemies":"Writhing Mass","floor":39,"turns":4},{"damage":39,"enemies":"Nemesis","floor":42,"turns":5},{"damage":6,"enemies":"2 Orb Walkers","floor":44,"turns":2},{"damage":40,"enemies":"Giant Head","floor":45,"turns":7},{"damage":0,"enemies":"4 Shapes","floor":46,"turns":1},{"damage":5,"enemies":"Spire Growth","floor":47,"turns":5},{"damage":23,"enemies":"Nemesis","floor":48,"turns":5},{"damage":71,"enemies":"Awakened One","floor":50,"turns":13},{"damage":51,"enemies":"Shield and Spear","floor":54,"turns":6},{"damage":93,"enemies":"The Heart","floor":55,"turns":9}],"seed_played":"5591616862346367673","potions_obtained":[{"floor":1,"key":"champ:CounterPotion"},{"floor":3,"key":"Strength Potion"},{"floor":16,"key":"FairyPotion"},{"floor":18,"key":"SteroidPotion"},{"floor":25,"key":"SpeedPotion"},{"floor":28,"key":"hexamod:SoulburnPotion"},{"floor":33,"key":"Ancient Potion"},{"floor":45,"key":"Weak Potion"}],"is_trial":false,"path_per_floor":["M","?","M","M","M","R","E","R","T","R","M","R","E","?","R","B",null,"M","M","M","$","M","E","R","E","T","?","E","?","E","M","R","B",null,"M","M","?","?","M","R","$","E","T","?","E","M","M","E","R","B",null,"R","$","E","B",null],"character_chosen":"THE_SIMPLETON","items_purchased":["TheSimpletonMod:Squash+1","Guardian:GemstoneGun","TheSimpletonMod:Artichokes+1","TheSimpletonMod:Swelter","TheSimpletonMod:Swelter","TheSimpletonMod:Squash+1"],"campfire_rested":3,"item_purchase_floors":[21,21,41,41,53,53],"current_hp_per_floor":[72,56,48,47,40,40,36,36,36,36,27,51,25,25,25,10,64,54,59,56,56,57,49,49,52,52,52,59,59,50,46,46,61,77,77,82,78,78,75,75,75,46,46,55,28,44,51,41,64,32,67,78,78,46,10],"gold":42,"neow_bonus":"TEN_PERCENT_HP_BONUS","is_daily":false,"chose_seed":false,"campfire_upgraded":6,"win_rate":0.0,"timestamp":1611757507,"path_taken":["M","?","M","M","M","R","E","R","T","R","M","R","E","?","R","BOSS","M","M","M","$","M","E","R","E","T","?","E","?","E","M","R","BOSS","M","M","?","?","?","R","$","E","T","?","E","M","M","E","R","BOSS","R","$","E","BOSS"],"items_purchased_type":["Card","Relic","Card","Card","Card","Card"],"build_version":"2020-12-22","purchased_purges":3,"victory":true,"max_hp_per_floor":[82,82,82,82,82,82,82,82,82,82,82,82,82,82,82,82,82,82,82,82,82,82,82,82,82,82,82,82,82,82,82,82,82,82,82,82,78,78,78,78,78,78,78,78,78,78,78,78,78,78,78,78,78,78,78],"card_choices":[{"not_picked":["TheSimpletonMod:SpiceUp","TheSimpletonMod:Ferment"],"picked":"TheSimpletonMod:StockTheCellar","floor":1},{"not_picked":["TheSimpletonMod:Rototilling","TheSimpletonMod:StockTheCellar"],"picked":"TheSimpletonMod:RootDown","floor":3},{"not_picked":["TheSimpletonMod:Polyculture","TheSimpletonMod:BumperCrop"],"picked":"TheSimpletonMod:PestManagement","floor":4},{"not_picked":["TheSimpletonMod:SaladShooter","TheSimpletonMod:OnionBloom"],"picked":"TheSimpletonMod:VolatileFumes","floor":5},{"not_picked":["TheSimpletonMod:GoToMarket","TheSimpletonMod:ToughenUp"],"picked":"TheSimpletonMod:Thresh","floor":7},{"not_picked":["TheSimpletonMod:Rototilling","TheSimpletonMod:Aerate"],"picked":"TheSimpletonMod:BumperCrop","floor":11},{"not_picked":["TheSimpletonMod:BumperCrop","TheSimpletonMod:Thresh"],"picked":"TheSimpletonMod:VolatileFumes","floor":13},{"not_picked":["TheSimpletonMod:FlashPasteurize","TheSimpletonMod:ErosionControl"],"picked":"TheSimpletonMod:TakeHeart","floor":16},{"not_picked":["TheSimpletonMod:Fertilaser","TheSimpletonMod:OnionBloom"],"picked":"TheSimpletonMod:Aerate+1","floor":18},{"not_picked":["TheSimpletonMod:OnionBloom","TheSimpletonMod:ToughenUp"],"picked":"TheSimpletonMod:CloseScrape","floor":19},{"not_picked":["TheSimpletonMod:SaltTheEarth","TheSimpletonMod:CullingStrike"],"picked":"TheSimpletonMod:Squash+1","floor":20},{"not_picked":["TheSimpletonMod:SlashAndBurn","TheSimpletonMod:Rototilling","TheSimpletonMod:Thresh+1"],"picked":"SKIP","floor":22},{"not_picked":["TheSimpletonMod:SlashAndBurn","TheSimpletonMod:KeenEdge","TheSimpletonMod:SoilSample"],"picked":"SKIP","floor":23},{"not_picked":["TheSimpletonMod:Fertilaser","TheSimpletonMod:StockTheCellar"],"picked":"TheSimpletonMod:RootDown","floor":25},{"not_picked":["TheSimpletonMod:GoToMarket","TheSimpletonMod:Germinate","TheSimpletonMod:BumperCrop"],"picked":"SKIP","floor":28},{"not_picked":["TheSimpletonMod:Rototilling","TheSimpletonMod:ControlledBurn"],"picked":"TheSimpletonMod:Pruning","floor":30},{"not_picked":["TheSimpletonMod:SlashAndBurn","TheSimpletonMod:SpiceUp+1","TheSimpletonMod:CropRotation"],"picked":"SKIP","floor":31},{"not_picked":["TheSimpletonMod:Surplus","TheSimpletonMod:Barnstorm"],"picked":"TheSimpletonMod:TakeHeart","floor":33},{"not_picked":["TheSimpletonMod:CullingStrike+1","TheSimpletonMod:Mulch+1"],"picked":"TheSimpletonMod:Pruning+1","floor":35},{"not_picked":["TheSimpletonMod:ToughenUp+1","TheSimpletonMod:SpiceUp"],"picked":"TheSimpletonMod:Rake+1","floor":36},{"not_picked":["TheSimpletonMod:Fertilaser","TheSimpletonMod:Squash+1","TheSimpletonMod:Ferment+1"],"picked":"SKIP","floor":39},{"not_picked":["TheSimpletonMod:SoilSample+1","TheSimpletonMod:DoubleBarrel"],"picked":"TheSimpletonMod:Sunseed","floor":42},{"not_picked":["TheSimpletonMod:Polyculture","TheSimpletonMod:Germinate+1"],"picked":"TheSimpletonMod:VineRipen+1","floor":44},{"not_picked":["TheSimpletonMod:GoToMarket","TheSimpletonMod:RootDown","TheSimpletonMod:Innovate+1"],"picked":"SKIP","floor":45},{"not_picked":["TheSimpletonMod:VineRipen+1","TheSimpletonMod:Squash+1","TheSimpletonMod:SeedCoat"],"picked":"SKIP","floor":46},{"not_picked":["TheSimpletonMod:Ferment","TheSimpletonMod:KeenEdge"],"picked":"TheSimpletonMod:OnionBloom+1","floor":47},{"not_picked":["TheSimpletonMod:Sunseed","TheSimpletonMod:DigIn+1"],"picked":"TheSimpletonMod:GoToMarket+1","floor":48},{"not_picked":["TheSimpletonMod:Thresh","TheSimpletonMod:Aerate"],"picked":"TheSimpletonMod:Swelter","floor":54}],"player_experience":2965399,"relics_obtained":[{"floor":7,"key":"TheSimpletonMod:PicklingJar"},{"floor":9,"key":"Toy Ornithopter"},{"floor":13,"key":"Pen Nib"},{"floor":23,"key":"Runesmith:Locket"},{"floor":25,"key":"Pantograph"},{"floor":26,"key":"Anchor"},{"floor":28,"key":"champ:DuelingGlove"},{"floor":30,"key":"TheSimpletonMod:PlanterBox"},{"floor":42,"key":"theSenshi:SpiralHeartMoonRodRelic"},{"floor":44,"key":"Ginger"},{"floor":45,"key":"Omamori"},{"floor":48,"key":"FossilizedHelix"},{"floor":54,"key":"Art of War"}],"event_choices":[{"damage_healed":0,"gold_gain":0,"player_choice":"Entered Light","damage_taken":16,"max_hp_gain":0,"max_hp_loss":0,"event_name":"Shining Light","floor":2,"gold_loss":0,"cards_upgraded":["TheSimpletonMod:Strike_TheSimpleton","TheSimpletonMod:Defend_TheSimpleton"]},{"damage_healed":0,"gold_gain":0,"player_choice":"Obtained Relic","damage_taken":0,"relics_obtained":["bronze:BronzeIdol"],"max_hp_gain":0,"max_hp_loss":0,"event_name":"Addict","floor":27,"gold_loss":85},{"damage_healed":0,"gold_gain":0,"player_choice":"Inject Mutagens","damage_taken":0,"relics_obtained":["MutagenicStrength"],"max_hp_gain":0,"max_hp_loss":0,"event_name":"Drug Dealer","floor":29,"gold_loss":0},{"damage_healed":0,"gold_gain":0,"player_choice":"Max HP","damage_taken":0,"max_hp_gain":0,"max_hp_loss":4,"event_name":"Winding Halls","floor":37,"gold_loss":0},{"damage_healed":0,"gold_gain":0,"player_choice":"Rummage","damage_taken":0,"relics_obtained":["WarpedTongs"],"max_hp_gain":0,"max_hp_loss":0,"event_name":"Accursed Blacksmith","floor":38,"gold_loss":0,"cards_obtained":["Pain"]},{"damage_healed":0,"gold_gain":0,"player_choice":"Fight","damage_taken":0,"max_hp_gain":0,"max_hp_loss":0,"event_name":"Mysterious Sphere","floor":44,"gold_loss":0}],"is_beta":false,"boss_relics":[{"not_picked":["Sozu","Snecko Eye"],"picked":"WristBlade"},{"not_picked":["Runic Pyramid","TheSimpletonMod:GourdCharm"],"picked":"Fusion Hammer"}],"items_purged_floors":[21,41,53],"is_endless":false,"potions_floor_spawned":[1,3,16,18,25,28,33,35,36,39,45],"ascension_level":7}}