{"host":"lehz9p79pih88cc3","time":1611708637,"event":{"mods":["AchievementEnabler","Act Like it!","Ascension Reborn","Aspiration","BaseMod","Better Note","Better Skull","Better Third Choice","CapriCore","Disable Question Mark Monsters","Downfall","GungeonMod","Halation","Infinite Spire","Marisa????????","Minty Spire (QoL Compilation)","Permanent Neow","Quick Restart","Reimu??????","Relic Stats","Replay The Spire","SacredBarkPlus","Shop Mod","StSLib","The Administrix","The Bladedancer","The Construct","The Runesmith","The Servant 0.9.4","Transform Curses","Uncapped"],"gold_per_floor":[99,114,125,144,144,155,155,175,175,189,189,207,207,66,82,183,183,183,194,194,211,121,121,121,121],"floor_reached":23,"language":"ENG","playtime":1166,"items_purged":["hexamod:Strike"],"score":185,"play_id":"6e8b76cd-43cc-4304-9df8-ede10f45d844","local_time":"20210126195037","is_ascension_mode":true,"campfire_choices":[{"floor":1,"key":"DIG"},{"floor":13,"key":"REST"},{"data":"hexamod:ExtraCrispy","floor":18,"key":"SMITH"}],"circlet_count":0,"master_deck":["hexamod:Strike","hexamod:Strike","hexamod:Strike","hexamod:Defend+1","hexamod:Defend","hexamod:Defend+1","hexamod:Defend","hexamod:Sear","hexamod:Float","hexamod:InspiringFlames+1","hexamod:ExtraCrispy+1","hexamod:SpectersWail","hexamod:GhostLash+1","hexamod:RadiantFlame+1","hexamod:RadiantFlame+1","hexamod:Incineration+1","hexamod:ThirdSeal","hexamod:SixthSeal","hexamod:ForkedFlame+1","hexamod:RadiantFlame","hexamod:ThirdSeal","hexamod:ThirdSeal","hexamod:SecondSeal","hexamod:HeatCrush+1"],"relics":["Ring of Chaos","Golden Egg","aspiration:BabyByrd","DemoMod:PinkGuonStone","Cursed Key"],"acts_visited":["Exordium","TheCity"],"potions_floor_usage":[16,16],"damage_taken":[{"damage":1,"enemies":"Cultist","floor":2,"turns":3},{"damage":0,"enemies":"2 Louse","floor":3,"turns":3},{"damage":3,"enemies":"Small Slimes","floor":4,"turns":3},{"damage":12,"enemies":"Gremlin Gang","floor":6,"turns":5},{"damage":9,"enemies":"3 Louse","floor":8,"turns":4},{"damage":12,"enemies":"Exordium Thugs","floor":10,"turns":7},{"damage":0,"enemies":"Large Slime","floor":12,"turns":5},{"damage":0,"enemies":"downfall:FleeingMerchant","floor":14,"turns":4},{"damage":0,"enemies":"Blue Slaver","floor":15,"turns":3},{"damage":33,"enemies":"WA_ARCHETYPE_RETAIN","floor":16,"turns":13},{"damage":8,"enemies":"Chosen","floor":19,"turns":4},{"damage":53,"enemies":"Cultist and Chosen","floor":21,"turns":9},{"damage":4,"enemies":"downfall:FleeingMerchant","floor":22,"turns":4},{"damage":13,"enemies":"SI_SHIV_ARCHETYPE","floor":23,"turns":5}],"seed_played":"-3971603122256476584","potions_obtained":[{"floor":3,"key":"DemoMod:LeadSkinPotion"},{"floor":8,"key":"hexamod:SoulburnPotion"},{"floor":10,"key":"Weak Potion"}],"is_trial":false,"path_per_floor":["R","M","M","M","?","M","T","M","?","M","?","M","R","$","M","B",null,"R","M","?","M","$","?"],"character_chosen":"THE_SPIRIT","items_purchased":["hexamod:RadiantFlame","hexamod:Incineration"],"campfire_rested":1,"item_purchase_floors":[14,14],"current_hp_per_floor":[70,69,69,66,66,54,61,52,52,40,40,40,63,63,63,30,77,77,69,69,16,12,0,0,0],"gold":121,"neow_bonus":"BOSS_RELIC","is_daily":false,"chose_seed":false,"campfire_upgraded":1,"win_rate":0.0,"timestamp":1611708637,"path_taken":["R","M","M","M","?","M","T","M","?","M","?","M","R","$","M","BOSS","R","M","?","M","$","?"],"items_purchased_type":["Card","Card"],"build_version":"2020-12-22","purchased_purges":1,"victory":false,"max_hp_per_floor":[70,70,70,70,70,70,77,77,77,77,77,77,77,77,77,77,77,77,77,77,77,77,77,77,77],"relic_stats":{"counters":[14,72],"Cursed Key":0,"obtain_stats":[{"Golden Egg":1,"aspiration:BabyByrd":5,"Ring of Chaos":0,"DemoMod:GlassGuonStoneRelic":4,"DemoMod:PinkGuonStone":7,"Cursed Key":17,"hexamod:SpiritBrand":0},{"Golden Egg":0,"aspiration:BabyByrd":3,"Ring of Chaos":0,"DemoMod:GlassGuonStoneRelic":3,"DemoMod:PinkGuonStone":4,"Cursed Key":10,"hexamod:SpiritBrand":0},{"Golden Egg":0,"aspiration:BabyByrd":9,"Ring of Chaos":0,"DemoMod:GlassGuonStoneRelic":9,"DemoMod:PinkGuonStone":14,"Cursed Key":50,"hexamod:SpiritBrand":0}]},"card_choices":[{"not_picked":["hexamod:BacktrackSmack","hexamod:NightmareGuise","hexamod:Hexaguard"],"picked":"SKIP","floor":2},{"not_picked":["hexamod:SpectralAdrenaline","hexamod:GhostLash","hexamod:SwordOfDarkness"],"picked":"SKIP","floor":3},{"not_picked":["hexamod:SpectralAdrenaline","hexamod:GhostShield"],"picked":"hexamod:InspiringFlames","floor":4},{"not_picked":["hexamod:GhostShield","hexamod:BacktrackSmack"],"picked":"hexamod:ExtraCrispy","floor":6},{"not_picked":["hexamod:UnlimitedPower","hexamod:Again","hexamod:RetreatToShadows"],"picked":"SKIP","floor":8},{"not_picked":["hexamod:PhantomFireball","hexamod:SpectralAdrenaline"],"picked":"hexamod:SpectersWail","floor":10},{"not_picked":["hexamod:GhostLash","hexamod:InspiringFlames","hexamod:AdvancingGuard"],"picked":"SKIP","floor":12},{"not_picked":["hexamod:ShieldOfDarkness","hexamod:ParanormalForm"],"picked":"hexamod:GhostLash","floor":14},{"not_picked":["hexamod:DynamicBlow","hexamod:PhantomFireball"],"picked":"hexamod:ThirdSeal","floor":15},{"not_picked":["hexamod:GhostflameInferno","hexamod:TurnItUp"],"picked":"hexamod:SixthSeal","floor":16},{"not_picked":["hexamod:SearingWound","hexamod:TurnItUp"],"picked":"hexamod:ForkedFlame","floor":16},{"not_picked":["hexamod:HeatMetal","hexamod:NightmareGuise"],"picked":"hexamod:RadiantFlame","floor":19},{"not_picked":["hexamod:HauntingEcho","hexamod:GhostOfSpireFuture","hexamod:HeatShield"],"picked":"SKIP","floor":19},{"not_picked":["hexamod:BacktrackSmack+1","hexamod:HeatShield"],"picked":"hexamod:ThirdSeal","floor":21},{"not_picked":["hexamod:HauntingEcho","hexamod:GhostOfSpirePresent"],"picked":"hexamod:ThirdSeal","floor":21},{"not_picked":["hexamod:InspiringFlames","hexamod:EtherealExpedition"],"picked":"hexamod:SecondSeal","floor":22},{"not_picked":["hexamod:PhantomFireball","hexamod:BurningTouch"],"picked":"hexamod:HeatCrush+1","floor":22},{"not_picked":["hexamod:SwordOfDarkness","hexamod:GhostLash+1","hexamod:BurningTouch"],"picked":"SKIP","floor":22},{"not_picked":["hexamod:Incineration","hexamod:PhantomFireball","hexamod:ParanormalForm"],"picked":"SKIP","floor":22}],"player_experience":218241,"relics_obtained":[{"floor":1,"key":"Golden Egg"},{"floor":7,"key":"DemoMod:PinkGuonStone"}],"event_choices":[{"damage_healed":0,"gold_gain":0,"player_choice":"Ignored","damage_taken":0,"max_hp_gain":0,"max_hp_loss":0,"event_name":"betterNote:BetterNote","floor":20,"gold_loss":0,"cards_obtained":["DevaForm"]}],"is_beta":false,"boss_relics":[{"not_picked":["ReplayTheSpireMod:DimensionalGlitch","RedLine:ReiMu"],"picked":"Cursed Key"}],"items_purged_floors":[22],"is_endless":false,"potions_floor_spawned":[3,8,10,15,21],"killed_by":"SI_SHIV_ARCHETYPE","ascension_level":0}}