{"host":"0p0n41frih4f9rxw","time":1611724338,"event":{"mods":["Act Like it!","BaseMod","Downfall","Hubris","Minty Spire (QoL Compilation)","Replay The Spire","StSLib","The Animator","The Servant 0.9.4"],"gold_per_floor":[112,112,112,287,303,331,331,359,359,377,407,407,419,444,444,546,546,561,573,199,199,139,171,171,182,209,56,102,102,128,162,162,184,184],"floor_reached":33,"language":"ENG","playtime":1437,"items_purged":["Doubt"],"score":338,"play_id":"6f9b81d0-232e-48ae-8612-ccf35481bfb5","local_time":"20210127051218","is_ascension_mode":false,"campfire_choices":[{"data":"Terror","floor":7.0,"key":"SMITH"},{"floor":15.0,"key":"REST"},{"data":"Phantasmal Killer","floor":24.0,"key":"SMITH"},{"floor":32.0,"key":"REST"}],"circlet_count":0,"master_deck":["Strike_G+1","Strike_G","Strike_G+1","Strike_G","Defend_G","Defend_G","Defend_G","Defend_G","Defend_G","Survivor+1","Neutralize","Flying Knee","Terror+1","Toxin Wave","Accuracy","Slice","Cloak And Dagger","Phantasmal Killer+1","Backflip+1","Blade Dance","ReplayTheSpireMod:Exploit Weakness","Cloak And Dagger","Quick Slash+1","hubris:Sloth","hubris:SlightOfHand+1","hubris:Wrath","Corpse Explosion","Poisoned Stab"],"relics":["Ring of the Snake","NeowsBlessing","Meat on the Bone","Pocketwatch","Anchor","Centennial Puzzle","Cursed Key","Sling","Boot","hubris:Towel","hubris:SlimyHat","Replay:Bandana","Whetstone","Replay:Rubber Ducky","The Specimen"],"acts_visited":["Exordium","TheCity"],"potions_floor_usage":[33],"damage_taken":[{"damage":0.0,"enemies":"Cultist","floor":1.0,"turns":1.0},{"damage":0.0,"enemies":"2 Louse","floor":5.0,"turns":1.0},{"damage":0.0,"enemies":"Gremlin Nob","floor":6.0,"turns":1.0},{"damage":20.0,"enemies":"Lagavulin","floor":8.0,"turns":10.0},{"damage":0.0,"enemies":"Small Slimes","floor":10.0,"turns":2.0},{"damage":12.0,"enemies":"Gremlin Nob","floor":11.0,"turns":4.0},{"damage":0.0,"enemies":"Exordium Wildlife","floor":13.0,"turns":4.0},{"damage":10.0,"enemies":"Lagavulin","floor":14.0,"turns":6.0},{"damage":42.0,"enemies":"Fading Forest","floor":16.0,"turns":11.0},{"damage":5.0,"enemies":"3 Byrds","floor":18.0,"turns":6.0},{"damage":0.0,"enemies":"Chosen","floor":19.0,"turns":3.0},{"damage":21.0,"enemies":"Slavers","floor":23.0,"turns":4.0},{"damage":10.0,"enemies":"Snake Plant","floor":25.0,"turns":5.0},{"damage":19.0,"enemies":"Replay:Snechameleon","floor":28.0,"turns":4.0},{"damage":22.0,"enemies":"Centurion and Healer","floor":30.0,"turns":11.0},{"damage":27.0,"enemies":"Cultist and Chosen","floor":31.0,"turns":5.0},{"damage":53,"enemies":"Champ","floor":33,"turns":5}],"seed_played":"775316825521598336","potions_obtained":[{"floor":1.0,"key":"BlessingOfTheForge"},{"floor":10.0,"key":"CunningPotion"},{"floor":11.0,"key":"Poison Potion"},{"floor":16.0,"key":"hexamod:SoulburnPotion"},{"floor":18.0,"key":"hexamod:SoulburnPotion"},{"floor":31.0,"key":"CunningPotion"}],"is_trial":false,"path_per_floor":["M","?","$","?","M","E","R","E","T","M","E","?","M","E","R","B",null,"M","M","$","?","?","E","R","M","T","$","E","?","M","M","R","B"],"character_chosen":"THE_SILENT","items_purchased":["Sling","Boot","Whetstone"],"campfire_rested":2,"item_purchase_floors":[20,20,27],"current_hp_per_floor":[70,70,70,70,70,70,70,50,50,50,38,38,38,40,61,41,70,65,65,65,65,65,44,44,46,46,46,39,39,29,14,35,0,0],"gold":184,"neow_bonus":"THREE_ENEMY_KILL","is_daily":false,"chose_seed":false,"campfire_upgraded":2,"win_rate":0.0,"timestamp":1611724338,"path_taken":["M","?","$","?","M","E","R","E","T","M","E","?","?","E","R","BOSS","M","M","$","?","?","E","R","?","T","$","E","?","?","M","R","BOSS"],"items_purchased_type":["Relic","Relic","Relic"],"build_version":"2020-12-22","purchased_purges":1,"victory":false,"max_hp_per_floor":[70,70,70,70,70,70,70,70,70,70,70,70,70,70,70,70,70,70,70,70,70,70,70,70,70,70,70,70,70,70,70,70,70,70],"card_choices":[{"not_picked":["Choke","Underhanded Strike"],"picked":"Flying Knee","floor":1.0},{"not_picked":["Bane","Expertise","Underhanded Strike"],"picked":"SKIP","floor":5.0},{"not_picked":["Replay:Poison Smokescreen","Quick Slash"],"picked":"Terror","floor":6.0},{"not_picked":["Skewer","Noxious Fumes"],"picked":"Toxin Wave","floor":8.0},{"not_picked":["Distraction","Crippling Poison"],"picked":"Accuracy","floor":10.0},{"not_picked":["Acrobatics","Deadly Poison"],"picked":"Slice","floor":11.0},{"not_picked":["Dagger Throw","Draining Mist"],"picked":"Cloak And Dagger","floor":13.0},{"not_picked":["Underhanded Strike","Crippling Poison"],"picked":"Phantasmal Killer","floor":14.0},{"not_picked":["Night Terror","A Thousand Cuts"],"picked":"Grand Finale","floor":16.0},{"not_picked":["Prepared","Sucker Punch"],"picked":"Backflip+1","floor":18.0},{"not_picked":["Sucker Punch","Bane+1","Deadly Poison"],"picked":"SKIP","floor":19.0},{"not_picked":["ReplayTheSpireMod:The Works","Choke"],"picked":"Cloak And Dagger","floor":23.0},{"not_picked":["Slice","Blade Dance"],"picked":"Quick Slash+1","floor":25.0},{"not_picked":["Infinite Blades","Deflect"],"picked":"hubris:SlightOfHand+1","floor":28.0},{"not_picked":["Sucker Punch","Blade Dance"],"picked":"Corpse Explosion","floor":30.0},{"not_picked":["Cloak And Dagger","hubris:SlightOfHand"],"picked":"Poisoned Stab","floor":31.0}],"player_experience":137740,"relics_obtained":[{"floor":6.0,"key":"Meat on the Bone"},{"floor":8.0,"key":"Pocketwatch"},{"floor":11.0,"key":"Anchor"},{"floor":14.0,"key":"Centennial Puzzle"},{"floor":23.0,"key":"hubris:SlimyHat"},{"floor":26.0,"key":"Replay:Bandana"},{"floor":28.0,"key":"Replay:Rubber Ducky"}],"event_choices":[{"damage_healed":0.0,"max_hp_gain":0.0,"max_hp_loss":0.0,"gold_gain":0.0,"event_name":"The Cleric","player_choice":"Leave","floor":2.0,"gold_loss":0.0,"damage_taken":0.0},{"damage_healed":0.0,"max_hp_gain":0.0,"max_hp_loss":0.0,"gold_gain":175.0,"event_name":"Liars Game","player_choice":"AGREE","floor":4.0,"gold_loss":0.0,"damage_taken":0.0,"cards_obtained":["Doubt"]},{"damage_healed":0.0,"max_hp_gain":0.0,"max_hp_loss":0.0,"gold_gain":0.0,"cards_transformed":["Grand Finale","Strike_G"],"event_name":"Designer","player_choice":"Transformed Cards","floor":22.0,"gold_loss":60.0,"damage_taken":0.0,"cards_obtained":["Blade Dance","ReplayTheSpireMod:Exploit Weakness"]}],"is_beta":false,"boss_relics":[{"not_picked":["WristBlade","hubris:RunicObelisk"],"picked":"Cursed Key"}],"items_purged_floors":[20],"is_endless":false,"potions_floor_spawned":[1,10,11,16,18,31],"killed_by":"Champ","ascension_level":0}}