{"host":"vhvubw4jk4f204qs","time":1611716257,"event":{"mods":["AchievementEnabler","BaseMod","DeckTracker","GifTheSpireLib","Minty Spire (QoL Compilation)","Permanent Neow","Quick Restart","StSLib","SuperFastMode","The IronCluck","slay the spire mod where everything is the same but ironclad has a cowboy hat"],"gold_per_floor":[114,124,142,162,181,214,214,239,263,188,218,41,54,79,79,156,156,174,192,192,210,222,222,254,267,267,267,267],"floor_reached":27,"language":"ENG","playtime":1346,"items_purged":["Strike_G","Strike_G"],"score":784,"play_id":"0cd1efe7-b351-4cd3-94de-5c2b9816ce2c","local_time":"20210126215737","is_ascension_mode":true,"campfire_choices":[{"floor":7,"key":"REST"},{"data":"Crippling Poison","floor":15,"key":"SMITH"},{"data":"Leg Sweep","floor":23,"key":"SMITH"}],"circlet_count":0,"master_deck":["AscendersBane","Strike_G","Strike_G","Strike_G","Defend_G","Defend_G","Defend_G","Defend_G","Defend_G","Survivor","Neutralize","Skewer","Quick Slash","Choke","Eviscerate","Corpse Explosion","Eviscerate","Crippling Poison+1","Leg Sweep+1","Underhanded Strike","Night Terror","Night Terror","Footwork+1"],"relics":["Snecko Eye","FossilizedHelix","Bag of Marbles","Centennial Puzzle","Ancient Tea Set","Boot","Sozu","StoneCalendar"],"acts_visited":["Exordium","TheCity"],"potions_floor_usage":[6,6,8,14],"damage_taken":[{"damage":18,"enemies":"Cultist","floor":1,"turns":6},{"damage":7,"enemies":"Jaw Worm","floor":2,"turns":3},{"damage":5,"enemies":"Small Slimes","floor":3,"turns":3},{"damage":8,"enemies":"Blue Slaver","floor":4,"turns":3},{"damage":2,"enemies":"3 Louse","floor":5,"turns":3},{"damage":19,"enemies":"Lagavulin","floor":6,"turns":7},{"damage":0,"enemies":"3 Sentries","floor":8,"turns":3},{"damage":0,"enemies":"Lagavulin","floor":11,"turns":3},{"damage":0,"enemies":"Large Slime","floor":13,"turns":2},{"damage":0,"enemies":"Gremlin Nob","floor":14,"turns":2},{"damage":0,"enemies":"Slime Boss","floor":16,"turns":5},{"damage":0,"enemies":"3 Byrds","floor":18,"turns":1},{"damage":0,"enemies":"Spheric Guardian","floor":19,"turns":4},{"damage":0,"enemies":"Snecko","floor":21,"turns":3},{"damage":0,"enemies":"Sentry and Sphere","floor":22,"turns":3},{"damage":14,"enemies":"Slavers","floor":24,"turns":2},{"damage":12,"enemies":"Snake Plant","floor":25,"turns":3},{"damage":33,"enemies":"Gremlin Leader","floor":27,"turns":4}],"seed_played":"-4060726120489727490","potions_obtained":[{"floor":1,"key":"SmokeBomb"},{"floor":3,"key":"PowerPotion"},{"floor":5,"key":"Regen Potion"},{"floor":6,"key":"DistilledChaos"},{"floor":13,"key":"LiquidMemories"}],"is_trial":false,"path_per_floor":["M","M","M","M","M","E","R","E","T","$","E","$","M","E","R","B",null,"M","M","?","M","M","R","E","M","T","E"],"character_chosen":"THE_SILENT","items_purchased":["Crippling Poison"],"campfire_rested":1,"item_purchase_floors":[12],"current_hp_per_floor":[41,34,29,21,19,15,34,34,34,34,34,34,34,34,34,34,58,58,58,58,58,58,58,44,32,32,0,0],"gold":267,"neow_bonus":"BOSS_RELIC","is_daily":false,"chose_seed":false,"campfire_upgraded":2,"win_rate":0.0,"timestamp":1611716257,"path_taken":["M","M","M","M","M","E","R","E","T","$","E","?","M","E","R","BOSS","M","M","?","?","M","R","E","M","T","E"],"items_purchased_type":["Card"],"build_version":"2020-12-22","purchased_purges":2,"victory":false,"max_hp_per_floor":[66,66,66,66,66,66,66,66,66,66,66,66,66,66,66,66,66,66,66,66,66,66,66,66,66,66,66,66],"card_choices":[{"not_picked":["Dagger Throw","Deflect"],"picked":"Skewer","floor":1},{"not_picked":["Flying Knee","Setup"],"picked":"Quick Slash","floor":2},{"not_picked":["Dagger Throw","Escape Plan","Concentrate"],"picked":"SKIP","floor":3},{"not_picked":["Catalyst","Prepared"],"picked":"Choke","floor":4},{"not_picked":["Outmaneuver","Dagger Spray"],"picked":"Eviscerate","floor":5},{"not_picked":["Accuracy","Prepared"],"picked":"Corpse Explosion","floor":6},{"not_picked":["Flying Knee","Deadly Poison"],"picked":"Eviscerate","floor":8},{"not_picked":["Blur","Slice","Cloak And Dagger"],"picked":"SKIP","floor":11},{"not_picked":["Bane","Accuracy"],"picked":"Leg Sweep","floor":13},{"not_picked":["Riddle With Holes","Bane"],"picked":"Underhanded Strike","floor":14},{"not_picked":["Corpse Explosion","Venomology"],"picked":"Night Terror","floor":16},{"not_picked":["Underhanded Strike+1","Deadly Poison","Dagger Throw"],"picked":"SKIP","floor":18},{"not_picked":["Deflect","Blade Dance","Masterful Stab"],"picked":"SKIP","floor":19},{"not_picked":["Terror","Quick Slash","Well Laid Plans"],"picked":"SKIP","floor":21},{"not_picked":["Expertise","Underhanded Strike","Tools of the Trade"],"picked":"SKIP","floor":22},{"not_picked":["Backflip+1","All Out Attack","Distraction"],"picked":"SKIP","floor":24},{"not_picked":["Sucker Punch","Choke"],"picked":"Footwork+1","floor":25}],"player_experience":732584,"relics_obtained":[{"floor":6,"key":"FossilizedHelix"},{"floor":8,"key":"Bag of Marbles"},{"floor":9,"key":"Centennial Puzzle"},{"floor":11,"key":"Ancient Tea Set"},{"floor":14,"key":"Boot"},{"floor":24,"key":"StoneCalendar"}],"event_choices":[{"damage_healed":0,"gold_gain":0,"player_choice":"Copied","damage_taken":0,"max_hp_gain":0,"max_hp_loss":0,"event_name":"Duplicator","floor":20,"gold_loss":0,"cards_obtained":["Night Terror"]}],"is_beta":false,"boss_relics":[{"not_picked":["Empty Cage","WristBlade"],"picked":"Sozu"}],"items_purged_floors":[10,12],"is_endless":false,"potions_floor_spawned":[1,3,5,6,13,19,22],"killed_by":"Gremlin Leader","ascension_level":20}}