{"host":"ds3v42j7tpaaz1mg","time":1611777338,"event":{"mods":["AchievementEnabler","Aspiration","BaseMod","Bestiary","Better Altar","Better Note","Better Sensory Stone","BetterRewards","Block Reminder","Colored Powertips","Conspire","Downfall","Energized Spire","Halation","Hermit","Highlight Path","Hubris","Infinite Spire","Jorbs\u0027s Wanderer Trilogy","Minty Spire (QoL Compilation)","Relic Stats","Replay The Spire","StSLib","The Elementalist","The Servant 0.9.4"],"gold_per_floor":[111,111,111,111,14,14,33,66,66,66,79,106,106,130,130,228,228,246,246,246,23,36,36,62,81,105,139,139,139,54,71,71,172,172,201,201,233,266,295,342,342,342,342,12,30,65,36,70,70,70],"floor_reached":51,"language":"ENG","playtime":1485,"items_purged":["Headbutt+1","Strike_R"],"score":1731,"play_id":"463b8e6c-252e-4d8e-af78-d9aaed0166e5","local_time":"20210127145538","is_ascension_mode":true,"campfire_choices":[{"data":"Replay:Bootleg Shield Generator","floor":6,"key":"SMITH"},{"data":"1","floor":13,"key":"LIFT"},{"data":"infinitespire:SevenWalls","floor":15,"key":"SMITH"},{"data":"2","floor":15,"key":"LIFT"},{"data":"Demon Form","floor":23,"key":"SMITH"},{"data":"infinitespire:Collect","floor":23,"key":"SMITH"},{"floor":32,"key":"REST"},{"data":"Massacre","floor":42,"key":"SMITH"},{"data":"3","floor":42,"key":"LIFT"},{"data":"Double Tap","floor":49,"key":"SMITH"},{"data":"Uppercut","floor":49,"key":"SMITH"}],"circlet_count":0,"master_deck":["AscendersBane","Strike_R","Strike_R","Strike_R+1","Strike_R","Defend_R","Defend_R","Defend_R","Defend_R","Bash","Inflame","Replay:Bootleg Shield Generator+1","Sword Boomerang","Spot Weakness","infinitespire:SevenWalls+1","Uppercut+1","Cleave","Demon Form+1","Iron Wave","infinitespire:Collect+1","infinitespire:SevenWalls+1","conspire:ExplosiveBarrier","Massacre+1","Inflame+1","Pommel Strike+1","Feed","AbeCurse","Shrug It Off+1","Double Tap+1","Twin Strike+1","ReplayTheSpireMod:IOU"],"relics":["Burning Blood","NeowsBlessing","halation:RedSoulGem","hubris:Towel","Happy Flower","halation:PenCase","hubris:FruitBowl","hubris:KleinBottle","Strawberry","Girya","Vajra","Blood Vial","Replay:Baseball","Ring of Chaos","Akabeko","Centennial Puzzle","Tiny Chest","aspiration:TomeofQuesting","conspire:SpecialSausage","halation:WeightlessCrab","Lizard Tail","infinitespire:EvilPickle","Abe\u0027s Treasure","halation:EternalFortune","Replay:Wax Seal","Ornamental Fan","Darkstone Periapt","conspire:BottledYoYo","hubris:MedicalManual","halation:WeightlessCrab"],"acts_visited":["Exordium","TheCity","TheBeyond"],"potions_floor_usage":[12,12,16,24,27,33,40,46,48,48,48,50],"damage_taken":[{"damage":0,"enemies":"Cultist","floor":1,"turns":1},{"damage":0,"enemies":"Jaw Worm","floor":7,"turns":1},{"damage":0,"enemies":"3 Sentries","floor":8,"turns":2},{"damage":0,"enemies":"2 Louse","floor":11,"turns":3},{"damage":12,"enemies":"Gremlin Nob","floor":12,"turns":3},{"damage":0,"enemies":"Hexaghost","floor":16,"turns":6},{"damage":22,"enemies":"conspire:FuzzyDice","floor":18,"turns":6},{"damage":7,"enemies":"Chosen","floor":22,"turns":2},{"damage":23,"enemies":"Book of Stabbing","floor":24,"turns":4},{"damage":11,"enemies":"conspire:HollyBat","floor":25,"turns":6},{"damage":20,"enemies":"conspire:SneckoGhost","floor":27,"turns":4},{"damage":0,"enemies":"Shelled Parasite and Fungi","floor":31,"turns":1},{"damage":12,"enemies":"Pondfish","floor":33,"turns":8},{"damage":8,"enemies":"3 Shapes","floor":35,"turns":1},{"damage":0,"enemies":"Orb Walker","floor":37,"turns":1},{"damage":0,"enemies":"3 Darklings","floor":38,"turns":1},{"damage":0,"enemies":"Maw","floor":39,"turns":8},{"damage":52,"enemies":"Nemesis","floor":40,"turns":6},{"damage":0,"enemies":"Spire Growth","floor":45,"turns":3},{"damage":0,"enemies":"Giant Head","floor":46,"turns":5},{"damage":25,"enemies":"Nightmare","floor":48,"turns":5},{"damage":21,"enemies":"Donu and Deca","floor":50,"turns":6}],"seed_played":"1208905384445312356","potions_obtained":[{"floor":7,"key":"Adrenaline Potion"},{"floor":11,"key":"PowerPotion"},{"floor":12,"key":"LifebloodPotion"},{"floor":24,"key":"SteroidPotion"},{"floor":27,"key":"Languid Potion"},{"floor":33,"key":"conspire:TimeTravelPotion"},{"floor":39,"key":"SkillPotion"},{"floor":40,"key":"Adrenaline Potion"},{"floor":48,"key":"SpeedPotion"}],"is_trial":false,"path_per_floor":["M","?","?","?","$","R","M","E","T","$","M","E","R","T","R","B",null,"M","?","?","$","M","R","E","M","T","E","?","AVR","?","M","R","B",null,"M","?","M","M","M","E","T","R","T","$","M","E","$","NM","R","B",null],"character_chosen":"IRONCLAD","items_purchased":["Replay:Bootleg Shield Generator","hubris:FruitBowl","hubris:KleinBottle","Strawberry","Girya","Vajra","Akabeko","DuplicationPotion","conspire:BottledYoYo","DuplicationPotion","BloodPotion"],"campfire_rested":1,"item_purchase_floors":[5,10,10,10,10,10,21,21,44,47,47],"current_hp_per_floor":[78,78,78,78,78,78,80,80,80,13,19,13,13,13,13,21,73,59,37,37,37,38,38,23,20,20,8,38,38,38,46,73,69,85,85,89,94,98,98,84,84,84,84,84,92,98,107,107,107,92],"gold":70,"neow_bonus":"THREE_ENEMY_KILL","is_daily":false,"chose_seed":false,"campfire_upgraded":7,"win_rate":0.0,"timestamp":1611777338,"path_taken":["M","?","?","?","$","R","M","E","T","?","?","E","R","?","R","BOSS","M","?","?","$","?","R","E","M","T","E","?","AVR","?","M","R","BOSS","M","?","M","M","M","E","?","R","T","?","?","E","$","NM","R","BOSS"],"items_purchased_type":["Card","Relic","Relic","Relic","Relic","Relic","Relic","Potion","Relic","Potion","Potion"],"build_version":"2020-12-22","purchased_purges":2,"victory":true,"max_hp_per_floor":[80,80,80,80,80,80,80,80,80,90,90,90,90,90,90,90,90,90,90,90,90,90,90,90,90,90,90,90,90,90,90,90,90,90,90,94,94,98,98,98,98,98,98,98,98,98,107,107,107,107],"relic_stats":{"Blood Vial":24,"Darkstone Periapt":6,"Centennial Puzzle":[21],"Lizard Tail":0,"Happy Flower":[26],"counters":[22,83],"Ornamental Fan":[44],"Tiny Chest":1,"obtain_stats":[{"Darkstone Periapt":43,"Vajra":10,"aspiration:TomeofQuesting":27,"conspire:SpecialSausage":29,"halation:WeightlessCrab":29,"Burning Blood":0,"halation:RedSoulGem":2,"Blood Vial":12,"Centennial Puzzle":24,"Lizard Tail":30,"Strawberry":10,"Tiny Chest":26,"Replay:Wax Seal":40,"hubris:KleinBottle":10,"Girya":10,"NeowsBlessing":0,"Happy Flower":8,"hubris:FruitBowl":10,"Ring of Chaos":17,"hubris:MedicalManual":46,"hubris:Towel":4,"Akabeko":21,"infinitespire:EvilPickle":33,"Replay:Baseball":14,"Ornamental Fan":41,"halation:PenCase":9,"halation:EternalFortune":36,"conspire:BottledYoYo":44,"Abe\u0027s Treasure":34},{"Darkstone Periapt":18,"Vajra":3,"aspiration:TomeofQuesting":11,"conspire:SpecialSausage":11,"halation:WeightlessCrab":11,"Burning Blood":0,"halation:RedSoulGem":1,"Blood Vial":5,"Centennial Puzzle":9,"Lizard Tail":11,"Strawberry":3,"Tiny Chest":10,"Replay:Wax Seal":18,"hubris:KleinBottle":3,"Girya":3,"NeowsBlessing":0,"Happy Flower":3,"hubris:FruitBowl":3,"Ring of Chaos":6,"hubris:MedicalManual":20,"hubris:Towel":1,"Akabeko":7,"infinitespire:EvilPickle":13,"Replay:Baseball":5,"Ornamental Fan":18,"halation:PenCase":3,"halation:EternalFortune":14,"conspire:BottledYoYo":18,"Abe\u0027s Treasure":13},{"Darkstone Periapt":64,"Vajra":4,"aspiration:TomeofQuesting":38,"conspire:SpecialSausage":38,"halation:WeightlessCrab":38,"Burning Blood":0,"halation:RedSoulGem":1,"Blood Vial":10,"Centennial Puzzle":28,"Lizard Tail":38,"Strawberry":4,"Tiny Chest":34,"Replay:Wax Seal":64,"hubris:KleinBottle":4,"Girya":4,"NeowsBlessing":0,"Happy Flower":4,"hubris:FruitBowl":4,"Ring of Chaos":16,"hubris:MedicalManual":72,"hubris:Towel":1,"Akabeko":22,"infinitespire:EvilPickle":47,"Replay:Baseball":10,"Ornamental Fan":64,"halation:PenCase":4,"halation:EternalFortune":48,"conspire:BottledYoYo":64,"Abe\u0027s Treasure":47}],"Burning Blood":103},"card_choices":[{"not_picked":["Anger","Uppercut"],"picked":"Inflame","floor":1},{"not_picked":["Havoc","True Grit"],"picked":"Sword Boomerang","floor":7},{"not_picked":["ReplayReversal","ReplayTheSpireMod:Strike From Hell"],"picked":"Spot Weakness","floor":8},{"not_picked":["hubris:Fate","infinitespire:Gouge"],"picked":"infinitespire:SevenWalls","floor":10},{"not_picked":["Sword Boomerang","True Grit"],"picked":"Uppercut","floor":11},{"not_picked":["Defy Death","ReplayTheSpireMod:Corrosion Curse"],"picked":"Cleave","floor":12},{"not_picked":["conspire:Purge","Double Tap"],"picked":"Demon Form","floor":16},{"not_picked":["hubris:CleavingFinish","Whirlwind+1"],"picked":"Iron Wave","floor":18},{"not_picked":["ReplayTheSpireMod:Haul","Replay:Fractal Strike"],"picked":"infinitespire:Collect","floor":19},{"not_picked":["Perfected Strike","Thunderclap"],"picked":"Headbutt+1","floor":22},{"not_picked":["Thunderclap","hubris:ReadiedAction"],"picked":"conspire:ExplosiveBarrier","floor":24},{"not_picked":["Entrench","Shrug It Off"],"picked":"Massacre","floor":25},{"not_picked":["Replay:Undeath\u0027s Touch","Feel No Pain"],"picked":"Inflame+1","floor":27},{"not_picked":["Body Slam","Flex"],"picked":"Pommel Strike+1","floor":31},{"not_picked":["Berserk","Demonic Infusion"],"picked":"Feed","floor":33},{"not_picked":["Flex+1","Perfected Strike","True Grit"],"picked":"SKIP","floor":35},{"not_picked":["Iron Wave+1","Warcry","Second Wind+1"],"picked":"SKIP","floor":37},{"not_picked":["Headbutt+1","Thunderclap","Anger"],"picked":"SKIP","floor":38},{"not_picked":["Cleave","Clash"],"picked":"Shrug It Off+1","floor":39},{"not_picked":["Rage+1","Massacre"],"picked":"Double Tap","floor":40},{"not_picked":["hubris:ReadiedAction+1","Entrench+1"],"picked":"Twin Strike+1","floor":45},{"not_picked":["Power Through","Rage","Spot Weakness+1"],"picked":"SKIP","floor":46},{"not_picked":["Replay:Undeath\u0027s Touch+1","Fire Breathing","Sentinel+1"],"picked":"SKIP","floor":48}],"player_experience":655756,"relics_obtained":[{"floor":8,"key":"Happy Flower"},{"floor":9,"key":"halation:PenCase"},{"floor":12,"key":"Blood Vial"},{"floor":14,"key":"Replay:Baseball"},{"floor":24,"key":"Centennial Puzzle"},{"floor":26,"key":"Tiny Chest"},{"floor":27,"key":"aspiration:TomeofQuesting"},{"floor":38,"key":"halation:EternalFortune"},{"floor":40,"key":"Replay:Wax Seal"},{"floor":41,"key":"Ornamental Fan"},{"floor":43,"key":"Darkstone Periapt"},{"floor":46,"key":"hubris:MedicalManual"},{"floor":48,"key":"halation:WeightlessCrab"}],"event_choices":[{"damage_healed":0,"gold_gain":0,"player_choice":"Copied","damage_taken":0,"max_hp_gain":0,"max_hp_loss":0,"event_name":"Duplicator","floor":20,"gold_loss":0,"cards_obtained":["infinitespire:SevenWalls"]},{"damage_healed":30,"gold_gain":0,"player_choice":"Heal","damage_taken":0,"max_hp_gain":0,"max_hp_loss":0,"event_name":"The Library","floor":28,"gold_loss":0},{"damage_healed":0,"gold_gain":0,"player_choice":"Obtained Relic","damage_taken":0,"relics_obtained":["Lizard Tail"],"max_hp_gain":0,"max_hp_loss":0,"event_name":"Addict","floor":30,"gold_loss":85}],"is_beta":false,"boss_relics":[{"not_picked":["halation:PinkAlligatorPlush","conspire:SeveredTorchhead"],"picked":"Ring of Chaos"},{"not_picked":["infinitespire:Cupcake","Cursed Key"],"picked":"Abe\u0027s Treasure"}],"items_purged_floors":[29,44],"is_endless":false,"potions_floor_spawned":[7,11,12,24,27,33,39,40,48],"ascension_level":10}}