{"host":"lnnm69al9x392px5","time":1611727145,"event":{"mods":["BaseMod","Downfall","Minty Spire (QoL Compilation)","Replay The Spire","StSLib"],"gold_per_floor":[99,115,126,126,226,237,261,261,277,288,288,316,11,26,40,40,40,40],"floor_reached":16,"language":"ENG","playtime":841,"items_purged":[],"score":104,"play_id":"12326914-9c0d-4bc4-8f07-03467efec202","local_time":"20210126215905","is_ascension_mode":false,"campfire_choices":[{"data":"sneckomod:TailWhip","floor":1,"key":"SMITH"},{"data":"sneckomod:UnknownBoss","floor":11,"key":"SMITH"}],"circlet_count":0,"master_deck":["sneckomod:Strike","sneckomod:Strike","sneckomod:Strike","sneckomod:Defend","sneckomod:Defend","sneckomod:Defend+1","sneckomod:TailWhip+1","sneckomod:SnekBite","sneckomod:Unknown","sneckomod:Unknown","sneckomod:DiceCrush","sneckomod:UnknownUncommonSkill+1","sneckomod:UnknownUncommonPower","Metallicize","sneckomod:Unknown2Cost","sneckomod:UnknownBoss+1","sneckomod:QuickMove","sneckomod:Unknown1Cost","sneckomod:UnknownCommonAttack+1","sneckomod:UnknownRarePower+1"],"relics":["Honey Jar","PreservedInsect","War Paint","sneckomod:UnknownEgg"],"acts_visited":["Exordium"],"potions_floor_usage":[10],"damage_taken":[{"damage":0,"enemies":"2 Louse","floor":2,"turns":2},{"damage":1,"enemies":"Jaw Worm","floor":3,"turns":3},{"damage":3,"enemies":"Small Slimes","floor":6,"turns":4},{"damage":36,"enemies":"Gremlin Gang","floor":9,"turns":6},{"damage":12,"enemies":"Exordium Thugs","floor":10,"turns":5},{"damage":6,"enemies":"Replay:BlueRogue","floor":12,"turns":4},{"damage":0,"enemies":"downfall:FleeingMerchant","floor":13,"turns":4},{"damage":1,"enemies":"Exordium Wildlife","floor":14,"turns":4},{"damage":13,"enemies":"Large Slime","floor":15,"turns":2},{"damage":29,"enemies":"WA_ARCHETYPE_RETAIN","floor":16,"turns":8}],"seed_played":"-9164032136672672289","potions_obtained":[{"floor":9,"key":"Fire Potion"},{"floor":10,"key":"Cursed Concoction"},{"floor":14,"key":"sneckomod:MuddlingPotion"},{"floor":15,"key":"GamblersBrew"}],"is_trial":false,"path_per_floor":["R","M","M","?","?","M","T","?","M","M","R","E","$","M","M","B"],"character_chosen":"THE_SNECKO","items_purchased":["sneckomod:UnknownEgg"],"campfire_rested":0,"item_purchase_floors":[13],"current_hp_per_floor":[90,90,89,94,94,91,91,91,55,47,47,41,41,40,27,0,0,0],"gold":40,"neow_bonus":"BOSS_RELIC","is_daily":false,"chose_seed":false,"campfire_upgraded":2,"win_rate":0.0,"timestamp":1611727145,"path_taken":["R","M","M","?","?","?","T","?","M","M","R","E","$","?","M","BOSS"],"items_purchased_type":["Relic"],"build_version":"2020-12-22","purchased_purges":0,"victory":false,"max_hp_per_floor":[90,90,90,95,95,95,95,95,95,95,95,95,95,95,95,95,95,95],"card_choices":[{"not_picked":["sneckomod:UnknownWeak","sneckomod:RainOfDice","sneckomod:DiceBlock"],"picked":"sneckomod:DiceCrush","floor":2},{"not_picked":["sneckomod:RainOfDice","sneckomod:PureSnecko","sneckomod:Nope"],"picked":"sneckomod:UnknownUncommonSkill","floor":3},{"not_picked":["sneckomod:Nope","sneckomod:UnknownUncommonAttack","sneckomod:DiceBlock"],"picked":"sneckomod:UnknownUncommonPower","floor":6},{"not_picked":["sneckomod:UnknownCommonSkill","sneckomod:SoulRoll","sneckomod:WideSting"],"picked":"sneckomod:Unknown2Cost","floor":9},{"not_picked":["sneckomod:UnknownUncommonSkill","sneckomod:WideSting","sneckomod:DiceBoulder"],"picked":"sneckomod:UnknownBoss","floor":10},{"not_picked":["sneckomod:TrashToTreasure","sneckomod:Memorize","sneckomod:UnknownUncommonSkill"],"picked":"sneckomod:QuickMove","floor":12},{"not_picked":["sneckomod:DiceBlock","sneckomod:Rotation","sneckomod:UnknownVulnerable"],"picked":"sneckomod:Unknown1Cost","floor":13},{"not_picked":["sneckomod:UnknownDraw+1","sneckomod:SnakeSap","sneckomod:SoulRoll"],"picked":"sneckomod:UnknownCommonAttack+1","floor":14},{"not_picked":["sneckomod:SoulDraw","sneckomod:UnknownCommonSkill+1","sneckomod:QuickBite"],"picked":"sneckomod:UnknownRarePower+1","floor":15}],"player_experience":262765,"relics_obtained":[{"floor":7,"key":"PreservedInsect"},{"floor":12,"key":"War Paint"}],"event_choices":[{"damage_healed":0,"gold_gain":0,"player_choice":"Donut","damage_taken":0,"max_hp_gain":5,"max_hp_loss":0,"event_name":"Big Fish","floor":4,"gold_loss":0}],"is_beta":false,"boss_relics":[],"items_purged_floors":[],"is_endless":false,"potions_floor_spawned":[9,10,14,15],"killed_by":"WA_ARCHETYPE_RETAIN","ascension_level":0}}