{"host":"hw9lt6p3yhr90vz0","time":1611721736,"event":{"mods":["BaseMod","DeckTracker","Minty Spire (QoL Compilation)","Relic Stats"],"gold_per_floor":[112,112,122,122,134,134,169,183,208,158,177,177,191,204,204,304,304,321,420,435,435,710,710,726,726,726,726,745,758,758,537,537,640,640,656,656,656,672,672,672,692,707,784,796,813,813,823,823,823,823,823],"floor_reached":50,"language":"ENG","playtime":2941,"items_purged":["Strike_R"],"score":657,"play_id":"89a7e0a9-c5b9-4b87-8e84-0d2d20b97394","local_time":"20210126232856","is_ascension_mode":true,"campfire_choices":[{"floor":6.0,"key":"REST"},{"floor":12.0,"key":"REST"},{"floor":15.0,"key":"RECALL"},{"data":"Double Tap","floor":23.0,"key":"SMITH"},{"data":"Double Tap","floor":30.0,"key":"SMITH"},{"data":"Anger","floor":32.0,"key":"SMITH"},{"floor":40.0,"key":"REST"},{"floor":49,"key":"REST"}],"circlet_count":0,"master_deck":["Strike_R","Strike_R","Strike_R","Defend_R+1","Defend_R","Defend_R","Defend_R+1","Bash","Shrug It Off","Flex","Anger+1","Double Tap+1","Flame Barrier","Double Tap+1","Battle Trance","Immolate","Spot Weakness+1","Disarm","Armaments+1","Reaper","CurseOfTheBell","Anger+1","Discovery","Trip","Trip","Battle Trance","Parasite","Entrench+1"],"relics":["Burning Blood","Happy Flower","Oddly Smooth Stone","Sozu","Singing Bowl","Red Skull","Boot","Calling Bell","PreservedInsect","Meat on the Bone","Unceasing Top","StrikeDummy","Bottled Flame"],"acts_visited":["Exordium","TheCity","TheBeyond"],"potions_floor_usage":[50],"damage_taken":[{"damage":6.0,"enemies":"Jaw Worm","floor":1.0,"turns":5.0},{"damage":5.0,"enemies":"Small Slimes","floor":3.0,"turns":4.0},{"damage":0.0,"enemies":"2 Louse","floor":5.0,"turns":3.0},{"damage":30.0,"enemies":"Lagavulin","floor":7.0,"turns":7.0},{"damage":17.0,"enemies":"Exordium Thugs","floor":8.0,"turns":6.0},{"damage":0.0,"enemies":"Looter","floor":11.0,"turns":3.0},{"damage":0.0,"enemies":"3 Louse","floor":13.0,"turns":3.0},{"damage":13.0,"enemies":"Exordium Thugs","floor":14.0,"turns":6.0},{"damage":21.0,"enemies":"Hexaghost","floor":16.0,"turns":8.0},{"damage":3.0,"enemies":"3 Byrds","floor":18.0,"turns":4.0},{"damage":13.0,"enemies":"2 Thieves","floor":20.0,"turns":3.0},{"damage":34.0,"enemies":"Snecko","floor":24.0,"turns":7.0},{"damage":11.0,"enemies":"Shelled Parasite and Fungi","floor":28.0,"turns":6.0},{"damage":12.0,"enemies":"Snake Plant","floor":29.0,"turns":5.0},{"damage":79.0,"enemies":"Collector","floor":33.0,"turns":10.0},{"damage":23.0,"enemies":"3 Darklings","floor":35.0,"turns":4.0},{"damage":16.0,"enemies":"Orb Walker","floor":38.0,"turns":3.0},{"damage":42.0,"enemies":"Spire Growth","floor":41.0,"turns":5.0},{"damage":34,"enemies":"Jaw Worm Horde","floor":42,"turns":6},{"damage":53,"enemies":"Transient","floor":44,"turns":5},{"damage":57,"enemies":"Writhing Mass","floor":45,"turns":4},{"damage":43,"enemies":"Sphere and 2 Shapes","floor":47,"turns":4},{"damage":123,"enemies":"Donu and Deca","floor":50,"turns":6}],"seed_played":"7150264602635434300","potions_obtained":[{"floor":1.0,"key":"Dexterity Potion"},{"floor":3.0,"key":"BloodPotion"},{"floor":13.0,"key":"PowerPotion"},{"floor":16.0,"key":"Explosive Potion"}],"is_trial":false,"path_per_floor":["M","?","M","?","M","R","E","M","T","?","M","R","M","M","R","B",null,"M","?","M","?","?","R","M","?","T","?","M","M","R","$","R","B",null,"M","?","?","M","?","R","M","M","T","M","M","$","M","T","R","B"],"character_chosen":"IRONCLAD","items_purchased":["Boot"],"campfire_rested":4,"item_purchase_floors":[31],"current_hp_per_floor":[67,48,49,46,52,80,56,45,45,45,51,79,85,78,78,63,88,91,91,84,84,84,84,56,88,88,88,85,81,81,81,81,8,77,60,60,50,62,62,92,82,75,75,54,46,46,59,59,91,0,0],"gold":823,"neow_bonus":"TWENTY_PERCENT_HP_BONUS","is_daily":false,"chose_seed":false,"campfire_upgraded":3,"win_rate":0.0,"timestamp":1611721736,"path_taken":["M","?","M","?","M","R","E","M","T","?","M","R","M","M","R","BOSS","M","?","M","?","?","R","?","?","T","?","M","?","R","$","R","BOSS","M","?","?","M","?","R","M","?","T","M","M","$","M","?","R","BOSS"],"items_purchased_type":["Relic"],"build_version":"2020-12-22","purchased_purges":1,"victory":false,"max_hp_per_floor":[96,96,96,96,96,96,96,96,96,96,96,96,96,96,96,96,96,96,96,96,96,96,96,96,96,96,96,98,100,100,100,100,100,100,100,100,100,100,100,100,102,104,104,106,108,108,108,108,108,108,108],"relic_stats":{"Sozu":5,"Happy Flower":[36],"Singing Bowl":12,"counters":[23,117],"PreservedInsect":0,"Boot":[3],"obtain_stats":[{"Happy Flower":4,"Singing Bowl":21,"Oddly Smooth Stone":7,"PreservedInsect":34,"Boot":31,"Burning Blood":0,"Sozu":17,"Calling Bell":34,"Bottled Flame":48,"StrikeDummy":43,"Red Skull":26,"Unceasing Top":34,"Meat on the Bone":34},{"Happy Flower":2,"Singing Bowl":11,"Oddly Smooth Stone":4,"PreservedInsect":15,"Boot":14,"Burning Blood":0,"Sozu":9,"Calling Bell":15,"Bottled Flame":22,"StrikeDummy":19,"Red Skull":12,"Unceasing Top":15,"Meat on the Bone":15},{"Happy Flower":9,"Singing Bowl":52,"Oddly Smooth Stone":19,"PreservedInsect":80,"Boot":70,"Burning Blood":0,"Sozu":45,"Calling Bell":80,"Bottled Flame":111,"StrikeDummy":98,"Red Skull":59,"Unceasing Top":80,"Meat on the Bone":80}],"Burning Blood":132,"Unceasing Top":[10],"Meat on the Bone":48},"card_choices":[{"not_picked":["Feel No Pain","Wild Strike"],"picked":"Shrug It Off","floor":1.0},{"not_picked":["Clash","Havoc"],"picked":"Flex","floor":3.0},{"not_picked":["Heavy Blade","Wild Strike"],"picked":"Anger","floor":5.0},{"not_picked":["Perfected Strike","Heavy Blade"],"picked":"Double Tap","floor":7.0},{"not_picked":["Body Slam","Intimidate"],"picked":"Ghostly Armor","floor":8.0},{"not_picked":["Perfected Strike","Body Slam"],"picked":"Flame Barrier","floor":11.0},{"not_picked":["Pommel Strike","Spot Weakness"],"picked":"Double Tap","floor":13.0},{"not_picked":["Havoc","Iron Wave"],"picked":"Battle Trance","floor":14.0},{"not_picked":["Juggernaut","Brutality"],"picked":"Immolate","floor":16.0},{"not_picked":["Inflame","Rupture+1"],"picked":"Spot Weakness+1","floor":18.0},{"not_picked":["Wild Strike","Feel No Pain"],"picked":"Disarm","floor":20.0},{"not_picked":["Uppercut","True Grit"],"picked":"Armaments+1","floor":24.0},{"not_picked":["Sword Boomerang","Heavy Blade+1","Cleave"],"picked":"Singing Bowl","floor":28.0},{"not_picked":["Sentinel","Twin Strike","Fire Breathing"],"picked":"Singing Bowl","floor":29.0},{"not_picked":["Fiend Fire","Brutality"],"picked":"Reaper","floor":33.0},{"not_picked":["Wild Strike+1","Perfected Strike"],"picked":"Anger+1","floor":35.0},{"not_picked":["Dramatic Entrance","Blind"],"picked":"Discovery","floor":37.0},{"not_picked":["PanicButton","Sadistic Nature"],"picked":"Trip","floor":37.0},{"not_picked":["Dramatic Entrance","Master of Strategy"],"picked":"Trip","floor":37.0},{"not_picked":["Twin Strike+1","Warcry"],"picked":"Battle Trance","floor":38.0},{"not_picked":["Wild Strike+1","Sever Soul","Thunderclap+1"],"picked":"Singing Bowl","floor":41.0},{"not_picked":["Feel No Pain","Cleave+1","Warcry"],"picked":"Singing Bowl","floor":42},{"not_picked":["Armaments","Warcry+1","Anger"],"picked":"Singing Bowl","floor":44},{"not_picked":["Headbutt","Sword Boomerang","Entrench+1"],"picked":"Singing Bowl","floor":45},{"not_picked":["Twin Strike+1","Clash"],"picked":"Entrench+1","floor":47}],"player_experience":1287418,"relics_obtained":[{"floor":7.0,"key":"Oddly Smooth Stone"},{"floor":26.0,"key":"Red Skull"},{"floor":34.0,"key":"PreservedInsect"},{"floor":34.0,"key":"Meat on the Bone"},{"floor":34.0,"key":"Unceasing Top"},{"floor":43,"key":"StrikeDummy"},{"floor":48,"key":"Bottled Flame"}],"event_choices":[{"damage_healed":0.0,"max_hp_gain":0.0,"max_hp_loss":0.0,"gold_gain":0.0,"event_name":"Shining Light","player_choice":"Entered Light","floor":2.0,"gold_loss":0.0,"damage_taken":19.0,"cards_upgraded":["Defend_R","Defend_R"]},{"damage_healed":0.0,"max_hp_gain":0.0,"max_hp_loss":0.0,"gold_gain":0.0,"event_name":"Scrap Ooze","player_choice":"Success","floor":4.0,"gold_loss":0.0,"damage_taken":3.0,"relics_obtained":["Happy Flower"]},{"cards_removed":["Strike_R"],"damage_healed":0.0,"max_hp_gain":0.0,"max_hp_loss":0.0,"gold_gain":0.0,"event_name":"The Cleric","player_choice":"Card Removal","floor":10.0,"gold_loss":50.0,"damage_taken":0.0},{"damage_healed":0.0,"max_hp_gain":0.0,"max_hp_loss":0.0,"gold_gain":99.0,"event_name":"Nest","player_choice":"Stole From Cult","floor":19.0,"gold_loss":0.0,"damage_taken":0.0},{"damage_healed":0.0,"max_hp_gain":0.0,"max_hp_loss":0.0,"gold_gain":0.0,"event_name":"The Mausoleum","player_choice":"Opened","floor":21.0,"gold_loss":0.0,"damage_taken":0.0,"relics_obtained":["Singing Bowl"]},{"damage_healed":0.0,"max_hp_gain":0.0,"max_hp_loss":0.0,"gold_gain":275.0,"event_name":"Golden Shrine","player_choice":"Desecrate","floor":22.0,"gold_loss":0.0,"damage_taken":0.0,"cards_obtained":["Regret"]},{"damage_healed":32.0,"max_hp_gain":0.0,"max_hp_loss":0.0,"gold_gain":0.0,"event_name":"The Library","player_choice":"Heal","floor":25.0,"gold_loss":0.0,"damage_taken":0.0},{"cards_removed":["Regret"],"damage_healed":0.0,"max_hp_gain":0.0,"max_hp_loss":0.0,"gold_gain":0.0,"event_name":"Fountain of Cleansing","player_choice":"Removed Curses","floor":27.0,"gold_loss":0.0,"damage_taken":0.0},{"cards_removed":["Ghostly Armor"],"damage_healed":0.0,"max_hp_gain":0.0,"max_hp_loss":0.0,"gold_gain":0.0,"event_name":"Falling","player_choice":"Removed Skill","floor":36.0,"gold_loss":0.0,"damage_taken":0.0},{"damage_healed":0.0,"max_hp_gain":0.0,"max_hp_loss":0.0,"gold_gain":0.0,"event_name":"SensoryStone","player_choice":"Memory 3","floor":37.0,"gold_loss":0.0,"damage_taken":10.0},{"damage_healed":0.0,"max_hp_gain":0.0,"max_hp_loss":0.0,"gold_gain":0.0,"event_name":"Tomb of Lord Red Mask","player_choice":"Ignored","floor":39.0,"gold_loss":0.0,"damage_taken":0.0}],"is_beta":false,"boss_relics":[{"not_picked":["Coffee Dripper","Mark of Pain"],"picked":"Sozu"},{"not_picked":["Runic Cube","SlaversCollar"],"picked":"Calling Bell"}],"items_purged_floors":[31],"is_endless":false,"potions_floor_spawned":[1,3,13,16,20,24,42,44,47],"killed_by":"Donu and Deca","ascension_level":6}}