{"host":"q0qnzbgdx8oqogg9","time":1611712607,"event":{"mods":["BaseMod","Minty Spire (QoL Compilation)","StSLib"],"gold_per_floor":[109,128,53,65,83,83,113,130,130,146,157,170,170,196,196,299,299,316,335,5,23,23,53,53,53,53,88,108,108],"floor_reached":28,"language":"ENG","playtime":1130,"items_purged":["Strike_G"],"score":486,"play_id":"17508d53-eaaf-42d2-8cbe-da3c5ac075bd","local_time":"20210126205647","is_ascension_mode":true,"campfire_choices":[{"data":"Noxious Fumes","floor":6.0,"key":"SMITH"},{"floor":13.0,"key":"REST"},{"data":"Leg Sweep","floor":15.0,"key":"SMITH"},{"data":"Corpse Explosion","floor":25.0,"key":"SMITH"}],"circlet_count":0,"master_deck":["AscendersBane","Strike_G","Strike_G","Strike_G","Strike_G","Defend_G","Defend_G","Defend_G","Defend_G","Defend_G","Survivor","Neutralize+1","Noxious Fumes+1","Cloak And Dagger","Quick Slash","Leg Sweep+1","Slice","Bane","Deadly Poison","PiercingWail","Corpse Explosion+1","Night Terror","Calculated Gamble+1","HandOfGreed","Well Laid Plans+1","Malaise"],"relics":["Ring of the Snake","Centennial Puzzle","Pen Nib","Bag of Marbles","Snecko Eye","TwistedFunnel","Ninja Scroll","Mercury Hourglass"],"acts_visited":["Exordium","TheCity"],"potions_floor_usage":[],"damage_taken":[{"damage":0.0,"enemies":"Cultist","floor":1.0,"turns":4.0},{"damage":7.0,"enemies":"Small Slimes","floor":2.0,"turns":4.0},{"damage":1.0,"enemies":"Jaw Worm","floor":4.0,"turns":6.0},{"damage":15.0,"enemies":"Exordium Thugs","floor":5.0,"turns":6.0},{"damage":12.0,"enemies":"3 Sentries","floor":7.0,"turns":8.0},{"damage":4.0,"enemies":"Large Slime","floor":8.0,"turns":6.0},{"damage":0.0,"enemies":"Looter","floor":10.0,"turns":4.0},{"damage":6.0,"enemies":"Gremlin Gang","floor":11.0,"turns":5.0},{"damage":1.0,"enemies":"Exordium Thugs","floor":12.0,"turns":5.0},{"damage":10.0,"enemies":"Lagavulin","floor":14.0,"turns":8.0},{"damage":4.0,"enemies":"Hexaghost","floor":16.0,"turns":9.0},{"damage":0.0,"enemies":"2 Thieves","floor":18.0,"turns":3.0},{"damage":0.0,"enemies":"Chosen","floor":19.0,"turns":6.0},{"damage":10.0,"enemies":"Centurion and Healer","floor":21.0,"turns":4.0},{"damage":0.0,"enemies":"Slavers","floor":23.0,"turns":2.0},{"damage":24,"enemies":"Snake Plant","floor":27,"turns":3},{"damage":34,"enemies":"Shelled Parasite and Fungi","floor":28,"turns":6}],"seed_played":"-8629362070194305097","potions_obtained":[{"floor":1.0,"key":"SkillPotion"},{"floor":5.0,"key":"CultistPotion"},{"floor":7.0,"key":"Poison Potion"},{"floor":11.0,"key":"FearPotion"},{"floor":12.0,"key":"AttackPotion"},{"floor":18.0,"key":"DuplicationPotion"}],"is_trial":false,"path_per_floor":["M","M","$","M","M","R","E","M","T","M","M","M","R","E","R","B",null,"M","M","$","M","?","E","?","R","T","M","M"],"character_chosen":"THE_SILENT","items_purchased":["TwistedFunnel","HandOfGreed"],"campfire_rested":1,"item_purchase_floors":[20,20],"current_hp_per_floor":[63,56,56,55,40,40,28,24,24,24,18,17,38,28,28,24,59,59,59,59,49,49,49,49,49,49,25,0,0],"gold":108,"neow_bonus":"UPGRADE_CARD","is_daily":false,"chose_seed":false,"campfire_upgraded":3,"win_rate":0.0,"timestamp":1611712607,"path_taken":["M","M","?","M","M","R","E","M","T","M","?","M","R","E","R","BOSS","M","M","$","M","?","E","?","R","T","M","M"],"items_purchased_type":["Relic","Card"],"build_version":"2020-12-22","purchased_purges":1,"victory":false,"max_hp_per_floor":[70,70,70,70,70,70,70,70,70,70,70,70,70,70,70,70,70,70,70,70,70,70,70,70,70,70,70,70,70],"card_choices":[{"not_picked":["Reflex","Setup"],"picked":"Noxious Fumes","floor":1.0},{"not_picked":["Outmaneuver","Backflip"],"picked":"Cloak And Dagger","floor":2.0},{"not_picked":["Dodge and Roll","Masterful Stab"],"picked":"Quick Slash","floor":4.0},{"not_picked":["PiercingWail","Dagger Throw"],"picked":"Leg Sweep","floor":5.0},{"not_picked":["A Thousand Cuts","Sucker Punch"],"picked":"Slice","floor":7.0},{"not_picked":["Underhanded Strike","Quick Slash"],"picked":"Bane","floor":8.0},{"not_picked":["Dodge and Roll","Backstab","Underhanded Strike"],"picked":"SKIP","floor":10.0},{"not_picked":["Blade Dance","Bane"],"picked":"Deadly Poison","floor":11.0},{"not_picked":["Acrobatics","Leg Sweep"],"picked":"PiercingWail","floor":12.0},{"not_picked":["Concentrate","Footwork"],"picked":"Corpse Explosion","floor":14.0},{"not_picked":["Grand Finale","Storm of Steel"],"picked":"Night Terror","floor":16.0},{"not_picked":["Quick Slash+1","Masterful Stab"],"picked":"Calculated Gamble","floor":18.0},{"not_picked":["Masterful Stab","Acrobatics","Dodge and Roll"],"picked":"SKIP","floor":19.0},{"not_picked":["Tactician","Dagger Throw"],"picked":"Well Laid Plans+1","floor":21.0},{"not_picked":["Cloak And Dagger","Deflect","Blade Dance"],"picked":"SKIP","floor":23.0},{"not_picked":["Underhanded Strike","Deadly Poison"],"picked":"Malaise","floor":27}],"player_experience":302459,"relics_obtained":[{"floor":7.0,"key":"Centennial Puzzle"},{"floor":9.0,"key":"Pen Nib"},{"floor":14.0,"key":"Bag of Marbles"},{"floor":23.0,"key":"Ninja Scroll"},{"floor":26.0,"key":"Mercury Hourglass"}],"event_choices":[{"damage_healed":0.0,"max_hp_gain":0.0,"max_hp_loss":0.0,"gold_gain":0.0,"event_name":"Ghosts","player_choice":"Ignored","floor":22.0,"gold_loss":0.0,"damage_taken":0.0},{"damage_healed":0.0,"max_hp_gain":0.0,"max_hp_loss":0.0,"gold_gain":0.0,"event_name":"Upgrade Shrine","player_choice":"Upgraded","floor":24.0,"gold_loss":0.0,"damage_taken":0.0,"cards_upgraded":["Calculated Gamble"]}],"is_beta":false,"boss_relics":[{"not_picked":["Ring of the Serpent","Black Star"],"picked":"Snecko Eye"}],"items_purged_floors":[3],"is_endless":false,"potions_floor_spawned":[1,5,7,11,12,16,18],"killed_by":"Shelled Parasite and Fungi","ascension_level":12}}