{"host":"1tl36azeqm6yhdgj","time":1611746997,"event":{"mods":["AchievementEnabler","BaseMod","Minty Spire (QoL Compilation)","StSLib","The IronCluck","everything is the same but u backflip on backflip"],"gold_per_floor":[119,119,34,47,61,86,86,117,197,217,217,217],"floor_reached":11,"language":"ENG","playtime":283,"items_purged":[],"score":166,"play_id":"35c7c352-b2de-4f51-8caa-9f7b6b8a992e","local_time":"20210127062957","is_ascension_mode":true,"campfire_choices":[{"floor":7.0,"key":"REST"}],"circlet_count":0,"master_deck":["AscendersBane","Strike_R","Strike_R","Strike_R","Strike_R","Defend_R","Defend_R","Defend_R","Defend_R","Bash","Clash","Inflame","Thunderclap","Dark Embrace","Demon Form","Whirlwind"],"relics":["Burning Blood","NeowsBlessing","CaptainsWheel","Regal Pillow","Kunai"],"acts_visited":["Exordium"],"potions_floor_usage":[],"damage_taken":[{"damage":0.0,"enemies":"Jaw Worm","floor":1.0,"turns":1.0},{"damage":0.0,"enemies":"Cultist","floor":4.0,"turns":1.0},{"damage":0.0,"enemies":"Small Slimes","floor":5.0,"turns":1.0},{"damage":34.0,"enemies":"3 Sentries","floor":6.0,"turns":10.0},{"damage":66.0,"enemies":"Gremlin Nob","floor":8.0,"turns":6.0},{"damage":6.0,"enemies":"Looter","floor":10.0,"turns":3.0},{"damage":20,"enemies":"Lagavulin","floor":11,"turns":2}],"seed_played":"2657724547185053229","potions_obtained":[{"floor":4.0,"key":"EssenceOfSteel"},{"floor":5.0,"key":"Weak Potion"},{"floor":6.0,"key":"Fruit Juice"},{"floor":8.0,"key":"Weak Potion"}],"is_trial":false,"path_per_floor":["M","?","$","M","M","E","R","E","T","M","E"],"character_chosen":"IRONCLAD","items_purchased":["Inflame"],"campfire_rested":1,"item_purchase_floors":[3],"current_hp_per_floor":[74,74,74,75,75,47,69,14,14,14,0,0],"gold":217,"neow_bonus":"THREE_ENEMY_KILL","is_daily":false,"chose_seed":false,"campfire_upgraded":0,"win_rate":0.0,"timestamp":1611746997,"path_taken":["M","?","$","M","M","E","R","E","T","?","E"],"items_purchased_type":["Card"],"build_version":"2020-12-22","purchased_purges":0,"victory":false,"max_hp_per_floor":[75,75,75,75,75,75,75,80,80,80,80,80],"card_choices":[{"not_picked":["Power Through","Pummel"],"picked":"Clash","floor":1.0},{"not_picked":["Sever Soul","Hemokinesis"],"picked":"Thunderclap","floor":4.0},{"not_picked":["Armaments","Dark Embrace","Iron Wave"],"picked":"SKIP","floor":5.0},{"not_picked":["Armaments","Iron Wave"],"picked":"Dark Embrace","floor":5.0},{"not_picked":["Burning Pact","Clash"],"picked":"Demon Form","floor":6.0},{"not_picked":["Thunderclap","Heavy Blade"],"picked":"Whirlwind","floor":8.0},{"not_picked":["Iron Wave","Havoc","Heavy Blade"],"picked":"SKIP","floor":10.0}],"player_experience":2076296,"relics_obtained":[{"floor":6.0,"key":"CaptainsWheel"},{"floor":8.0,"key":"Regal Pillow"},{"floor":9.0,"key":"Kunai"}],"event_choices":[{"cards_removed":["Strike_R"],"damage_healed":0.0,"max_hp_gain":0.0,"max_hp_loss":0.0,"gold_gain":0.0,"event_name":"Bonfire Elementals","player_choice":"Offered Basic","floor":2.0,"gold_loss":0.0,"damage_taken":0.0}],"is_beta":false,"boss_relics":[],"items_purged_floors":[],"is_endless":false,"potions_floor_spawned":[4,5,6,8],"killed_by":"Lagavulin","ascension_level":20}}