{"host":"yjeq27nqd9iczda7","time":1611749614,"event":{"mods":["Arknights The Spire","BaseMod","Colored Map","Colored Powertips","Duelist Mod","GifTheSpireLib","HololiveMod","Lobotomy","LobotomyExtend","Marisa£¨Ùöéë¡¡Øª×âÞÞ£©","Minty Spire (QoL Compilation)","Prisma Mod","StSLib","The Alterego","Waifu the Spire"],"gold_per_floor":[112,12,23,38,38,70,70,103,103,103,103,121,154,169,169,264,564,564,74,74,88,101,131,148,58,111,124,124,144,0,26,26,130,130,146,146,146],"floor_reached":36,"language":"KOR","playtime":2878,"items_purged":["ats:Defend"],"score":447,"play_id":"5b875de6-185b-4e90-9811-a60db02785c0","local_time":"20210127211334","is_ascension_mode":false,"campfire_choices":[{"floor":7.0,"key":"RECALL"},{"floor":11.0,"key":"REST"},{"floor":15.0,"key":"REST"},{"floor":28.0,"key":"REST"},{"data":"ats:Absolute Focus","floor":32.0,"key":"SMITH"}],"circlet_count":0,"master_deck":["ats:Strike C","ats:Strike G","ats:Strike V","ats:Armor Crushing Shot+1","ats:Defend","ats:Defend","ats:Defend","ats:Emotion Absorption","ats:Cat Scratch","ats:Overload","ats:Assault Order","ats:Apocalypse","ats:Chain Hook","ats:Red Shift+1","ats:Support Order","ats:Literary Storm","ats:Phantom","ats:Part Time Job","ats:Counter Healing Mode","ats:Shadow Assault","CurseOfTheBell","ats:Absolute Focus+1","ats:Shadow Raid+1","ats:Healing Strengthening","ats:Ignite","ats:Hammer On","ats:Shell Defense+1","ats:Blood Oath+1","ats:Rat Pack","ats:Revitalization","ats:Charging Defense","ats:Curse Doll","ats:Sunburst","ats:Leaping Hammer+1","ats:Cat Scratch","ats:Shell Defense","ats:Flexible Camouflage","ats:Apocalypse+1","ats:Nebulous Foxfire","ats:Leaping Hammer+1","ats:Explosion Area Strengthen+1"],"relics":["ats:Sanity","Vajra","LetterFromLob","ats:Originium","Bird Faced Urn","ats:Industrial Water Cannon","Prayer Wheel","Calling Bell","Juzu Bracelet","Letter Opener","Old Coin","ats:Ability Aura","Enchiridion","Whetstone","Bag of Marbles","Membership Card","InkBottle"],"acts_visited":["Exordium","TheCity","TheBeyond"],"potions_floor_usage":[36,36],"damage_taken":[{"damage":5.0,"enemies":"Small Slimes","floor":1.0,"turns":4.0},{"damage":3.0,"enemies":"Jaw Worm","floor":3.0,"turns":3.0},{"damage":4.0,"enemies":"2 Louse","floor":4.0,"turns":2.0},{"damage":4.0,"enemies":"Gremlin Nob","floor":6.0,"turns":3.0},{"damage":26.0,"enemies":"3 Sentries","floor":8.0,"turns":7.0},{"damage":4.0,"enemies":"Exordium Thugs","floor":12.0,"turns":3.0},{"damage":44.0,"enemies":"Lagavulin","floor":13.0,"turns":7.0},{"damage":24.0,"enemies":"Large Slime","floor":14.0,"turns":4.0},{"damage":59.0,"enemies":"Hexaghost","floor":16.0,"turns":11.0},{"damage":48.0,"enemies":"3 Byrds","floor":21.0,"turns":5.0},{"damage":15.0,"enemies":"Chosen","floor":22.0,"turns":5.0},{"damage":42.0,"enemies":"Slavers","floor":23.0,"turns":4.0},{"damage":32.0,"enemies":"Sentry and Sphere","floor":24.0,"turns":6.0},{"damage":28.0,"enemies":"Shelled Parasite and Fungi","floor":27.0,"turns":7.0},{"damage":0.0,"enemies":"Snecko","floor":29.0,"turns":2.0},{"damage":27.0,"enemies":"theDuelist:KaibaA2","floor":31.0,"turns":5.0},{"damage":95.0,"enemies":"Collector","floor":33.0,"turns":11.0},{"damage":80.0,"enemies":"3 Darklings","floor":35.0,"turns":9.0},{"damage":29,"enemies":"2 Orb Walkers","floor":36,"turns":2}],"seed_played":"4525311140735107098","potions_obtained":[{"floor":3.0,"key":"Energy Potion"},{"floor":4.0,"key":"Energy Potion"},{"floor":6.0,"key":"ats:Top Emergency Sanity Potion"},{"floor":24.0,"key":"Block Potion"},{"floor":29.0,"key":"FearPotion"},{"floor":31.0,"key":"LiquidMemories"},{"floor":35.0,"key":"EssenceOfSteel"}],"is_trial":false,"path_per_floor":["M","$","M","M","?","E","R","E","T","?","R","M","E","M","R","B",null,"M","$","?","M","M","E","M","?","T","M","R","M","$","E","R","B",null,"M","?"],"character_chosen":"DOCTOR_CLASS","items_purchased":["ats:Overload","ats:Assault Order","ats:Ability Aura","ats:Absolute Focus","ats:Shadow Raid","ats:Healing Strengthening","ats:Ignite","ats:Hammer On","Membership Card"],"campfire_rested":3,"item_purchase_floors":[2,2,19,19,19,19,19,19,30],"current_hp_per_floor":[67,67,64,65,69,68,68,47,47,47,68,68,33,16,37,10,72,72,72,56,25,34,16,29,29,29,34,55,57,57,61,61,30,72,16,0,0],"gold":146,"neow_bonus":"RANDOM_COMMON_RELIC","is_daily":false,"chose_seed":false,"campfire_upgraded":1,"win_rate":0.0,"timestamp":1611749614,"path_taken":["M","$","M","M","?","E","R","E","T","?","R","M","E","M","R","BOSS","M","$","?","M","M","E","M","?","T","M","R","M","$","E","R","BOSS","M","?"],"items_purchased_type":["Card","Card","Relic","Card","Card","Card","Card","Card","Relic"],"build_version":"2020-12-22","purchased_purges":1,"victory":false,"max_hp_per_floor":[72,72,72,72,72,72,72,72,72,72,72,72,72,72,72,72,72,72,72,72,72,72,72,72,72,72,72,72,72,72,72,72,72,72,72,72,72],"card_choices":[{"not_picked":["ats:Burning Ground","ats:LN2 Cannon"],"picked":"ats:Cat Scratch","floor":1.0},{"not_picked":["ats:Curse Doll","ats:Magnetic Hammer"],"picked":"ats:Apocalypse","floor":3.0},{"not_picked":["ats:Red Shift","ats:Hammer On"],"picked":"ats:Chain Hook","floor":4.0},{"not_picked":["ats:Explosion Area Strengthen","ats:Disruption Kick"],"picked":"ats:Red Shift","floor":6.0},{"not_picked":["ats:Very Hot Blade","ats:Neurotoxin"],"picked":"ats:Support Order","floor":8.0},{"not_picked":["ats:Absolute Focus","ats:Serious Mode"],"picked":"ats:Literary Storm","floor":12.0},{"not_picked":["ats:Assault Order","ats:Curse Doll"],"picked":"ats:Phantom","floor":13.0},{"not_picked":["ats:Revitalization","ats:Guardian Obelisk"],"picked":"ats:Part Time Job","floor":14.0},{"not_picked":["ats:Revitalization","ats:Assault Order"],"picked":"ats:Counter Healing Mode","floor":14.0},{"not_picked":["ats:Ambush","ats:Disruption Kick"],"picked":"ats:Shadow Assault","floor":16.0},{"not_picked":["ats:Apocalypse","ats:Beaten Up"],"picked":"ats:Shell Defense+1","floor":21.0},{"not_picked":["ats:Cat Scratch+1","ats:Poison Spread"],"picked":"ats:Blood Oath+1","floor":21.0},{"not_picked":["ats:Explosion Area Strengthen","ats:Red Shift+1"],"picked":"ats:Rat Pack","floor":22.0},{"not_picked":["ats:Blood Oath","ats:Curse Doll+1"],"picked":"ats:Revitalization","floor":22.0},{"not_picked":["ats:Very Hot Blade","ats:Red Shift"],"picked":"ats:Charging Defense","floor":23.0},{"not_picked":["ats:Ignite","ats:LN2 Cannon"],"picked":"ats:Curse Doll","floor":24.0},{"not_picked":["ats:LN2 Cannon","ats:Chain Hook+1"],"picked":"ats:Sunburst","floor":24.0},{"not_picked":["ats:Apocalypse","ats:Mental Burst"],"picked":"ats:Leaping Hammer+1","floor":27.0},{"not_picked":["ats:Steam Pump+1","ats:Powerful Strike"],"picked":"ats:Cat Scratch","floor":27.0},{"not_picked":["ats:Flame Of Heaven","ats:LN2 Cannon"],"picked":"ats:Shell Defense","floor":29.0},{"not_picked":["ats:Healing Strengthening","ats:Revitalization"],"picked":"ats:Flexible Camouflage","floor":29.0},{"not_picked":["ats:Poison Spread+1","ats:Flexible Camouflage+1"],"picked":"ats:Apocalypse+1","floor":31.0},{"not_picked":["ats:Rat Pack","ats:Dogmatic Field"],"picked":"ats:Nebulous Foxfire","floor":33.0},{"not_picked":["ats:Curse Doll","ats:Flexible Camouflage+1"],"picked":"ats:Leaping Hammer+1","floor":35.0},{"not_picked":["ats:Hammer On+1","ats:Red Shift"],"picked":"ats:Explosion Area Strengthen+1","floor":35.0}],"player_experience":53070,"relics_obtained":[{"floor":1.0,"key":"LetterFromLob"},{"floor":6.0,"key":"ats:Originium"},{"floor":6.0,"key":"Bird Faced Urn"},{"floor":8.0,"key":"ats:Originium"},{"floor":8.0,"key":"ats:Industrial Water Cannon"},{"floor":13.0,"key":"ats:Originium"},{"floor":13.0,"key":"Prayer Wheel"},{"floor":17.0,"key":"Juzu Bracelet"},{"floor":17.0,"key":"Letter Opener"},{"floor":17.0,"key":"Old Coin"},{"floor":20.0,"key":"Enchiridion"},{"floor":23.0,"key":"ats:Originium"},{"floor":23.0,"key":"Whetstone"},{"floor":26.0,"key":"Bag of Marbles"},{"floor":31.0,"key":"InkBottle"}],"event_choices":[{"damage_healed":0.0,"max_hp_gain":0.0,"max_hp_loss":0.0,"gold_gain":0.0,"event_name":"Liars Game","player_choice":"Ignored","floor":10.0,"gold_loss":0.0,"damage_taken":0.0},{"damage_healed":0.0,"max_hp_gain":0.0,"max_hp_loss":0.0,"gold_gain":0.0,"event_name":"Cursed Tome","player_choice":"Obtained Book","floor":20.0,"gold_loss":0.0,"damage_taken":16.0},{"cards_removed":["ats:Strike S"],"damage_healed":0.0,"max_hp_gain":0.0,"max_hp_loss":0.0,"gold_gain":0.0,"event_name":"Designer","player_choice":"Upgrade and Remove","floor":25.0,"gold_loss":90.0,"damage_taken":0.0,"cards_upgraded":["ats:Shadow Raid"]},{"damage_healed":0,"gold_gain":0,"player_choice":"Fight","damage_taken":0,"max_hp_gain":0,"max_hp_loss":0,"event_name":"Mysterious Sphere","floor":36,"gold_loss":0}],"is_beta":false,"boss_relics":[{"not_picked":["ats:Omniscience","SlaversCollar"],"picked":"Calling Bell"},{"not_picked":["Hololive_Finger","Runic Dome","Velvet Choker"]}],"items_purged_floors":[19],"is_endless":false,"potions_floor_spawned":[3,4,6,14,24,29,31,35],"killed_by":"2 Orb Walkers","ascension_level":0}}