{"host":"hw9lt6p3yhr90vz0","time":1611723476,"event":{"mods":["BaseMod","DeckTracker","Minty Spire (QoL Compilation)","Relic Stats"],"gold_per_floor":[109,119,134,58,71,103,103,73,73,73,84,97,97,47,47,142,142,160,160,176,176,176],"floor_reached":21,"language":"ENG","playtime":1564,"items_purged":[],"score":244,"play_id":"433e6e36-48ae-4a9f-9fff-01e383c8e405","local_time":"20210126235756","is_ascension_mode":true,"campfire_choices":[{"floor":7.0,"key":"REST"},{"floor":10.0,"key":"REST"},{"floor":15.0,"key":"REST"}],"circlet_count":0,"master_deck":["Strike_G+1","Strike_G","Strike_G","Strike_G","Defend_G","Defend_G","Defend_G+1","Defend_G","Defend_G","Survivor","Neutralize","Accuracy","Crippling Poison","Accuracy","Slice","Noxious Fumes","All Out Attack","Blade Dance","Tactician","Poisoned Stab","Envenom","Terror","Flechettes+1"],"relics":["Ring of the Snake","Centennial Puzzle","Question Card","Sozu"],"acts_visited":["Exordium","TheCity"],"potions_floor_usage":[20,20],"damage_taken":[{"damage":3.0,"enemies":"Cultist","floor":1.0,"turns":5.0},{"damage":4.0,"enemies":"Jaw Worm","floor":2.0,"turns":7.0},{"damage":5.0,"enemies":"Small Slimes","floor":3.0,"turns":4.0},{"damage":3.0,"enemies":"Looter","floor":5.0,"turns":5.0},{"damage":48.0,"enemies":"Gremlin Nob","floor":6.0,"turns":6.0},{"damage":11.0,"enemies":"Exordium Wildlife","floor":11.0,"turns":4.0},{"damage":0.0,"enemies":"3 Louse","floor":12.0,"turns":1.0},{"damage":4.0,"enemies":"The Guardian","floor":16.0,"turns":9.0},{"damage":24.0,"enemies":"2 Thieves","floor":18.0,"turns":4.0},{"damage":28,"enemies":"Shell Parasite","floor":20,"turns":5}],"seed_played":"-9087761641370709978","potions_obtained":[{"floor":1.0,"key":"Fruit Juice"},{"floor":2.0,"key":"Swift Potion"},{"floor":6.0,"key":"DuplicationPotion"},{"floor":11.0,"key":"Weak Potion"}],"is_trial":false,"path_per_floor":["M","M","M","$","M","E","R","?","T","R","M","M","?","?","R","B",null,"M","?","M","?"],"character_chosen":"THE_SILENT","items_purchased":["Noxious Fumes"],"campfire_rested":3,"item_purchase_floors":[4],"current_hp_per_floor":[65,61,56,56,53,5,27,27,27,49,38,38,23,23,45,41,67,43,29,1,0,0],"gold":176,"neow_bonus":"THREE_CARDS","is_daily":false,"chose_seed":false,"campfire_upgraded":0,"win_rate":0.0,"timestamp":1611723476,"path_taken":["M","M","M","$","M","E","R","?","T","R","M","M","?","?","R","BOSS","M","?","M","?"],"items_purchased_type":["Card"],"build_version":"2020-12-22","purchased_purges":0,"victory":false,"max_hp_per_floor":[75,75,75,75,75,75,75,75,75,75,75,75,75,75,75,75,75,75,80,80,80,80],"relic_stats":{"Sozu":1,"Centennial Puzzle":[12],"counters":[10,50],"Question Card":5,"obtain_stats":[{"Sozu":17,"Centennial Puzzle":6,"Question Card":9,"Ring of the Snake":0},{"Sozu":8,"Centennial Puzzle":5,"Question Card":5,"Ring of the Snake":0},{"Sozu":41,"Centennial Puzzle":27,"Question Card":27,"Ring of the Snake":0}],"Ring of the Snake":[20]},"card_choices":[{"not_picked":["Concentrate","Slice"],"picked":"Accuracy","floor":0.0},{"not_picked":["Tactician","PiercingWail"],"picked":"Crippling Poison","floor":1.0},{"not_picked":["Crippling Poison","Prepared"],"picked":"Accuracy","floor":2.0},{"not_picked":["Expertise","Dagger Throw"],"picked":"Slice","floor":3.0},{"not_picked":["Masterful Stab","Riddle With Holes"],"picked":"All Out Attack","floor":5.0},{"not_picked":["Concentrate","Infinite Blades"],"picked":"Blade Dance","floor":6.0},{"not_picked":["Dodge and Roll","Prepared","Deflect"],"picked":"Tactician","floor":11.0},{"not_picked":["Crippling Poison","Doppelganger","Outmaneuver"],"picked":"Poisoned Stab","floor":12.0},{"not_picked":["Malaise","Corpse Explosion","Tools of the Trade"],"picked":"Envenom","floor":16.0},{"not_picked":["Prepared","Deadly Poison","Sucker Punch"],"picked":"Terror","floor":18.0},{"not_picked":["Well Laid Plans","Bane+1","Blur"],"picked":"Flechettes+1","floor":20}],"player_experience":1290359,"relics_obtained":[{"floor":6.0,"key":"Centennial Puzzle"},{"floor":9.0,"key":"Question Card"}],"event_choices":[{"damage_healed":0.0,"max_hp_gain":0.0,"max_hp_loss":0.0,"gold_gain":0.0,"event_name":"World of Goop","player_choice":"Left Gold","floor":8.0,"gold_loss":30.0,"damage_taken":0.0},{"damage_healed":0.0,"max_hp_gain":0.0,"max_hp_loss":0.0,"gold_gain":0.0,"event_name":"Shining Light","player_choice":"Entered Light","floor":13.0,"gold_loss":0.0,"damage_taken":15.0,"cards_upgraded":["Strike_G","Defend_G"]},{"cards_removed":["Strike_G"],"damage_healed":0.0,"max_hp_gain":0.0,"max_hp_loss":0.0,"gold_gain":0.0,"event_name":"The Cleric","player_choice":"Card Removal","floor":14.0,"gold_loss":50.0,"damage_taken":0.0},{"damage_healed":0.0,"max_hp_gain":5.0,"max_hp_loss":0.0,"gold_gain":0.0,"event_name":"Forgotten Altar","player_choice":"Shed Blood","floor":19.0,"gold_loss":0.0,"damage_taken":19.0}],"is_beta":false,"boss_relics":[{"not_picked":["Coffee Dripper","Snecko Eye"],"picked":"Sozu"}],"items_purged_floors":[],"is_endless":false,"potions_floor_spawned":[1,2,6,11,20],"ascension_level":7}}