{"host":"2eswhqk6sgfpt1j1","time":1611746966,"event":{"mods":["Act Like it!","BaseMod","Colored Powertips","Hallownest","Lobotomy","Minty Spire (QoL Compilation)","Replay The Spire","StSLib","The Bug Knight","The Cursed","The Hierophant","The Servant 0.9.4"],"gold_per_floor":[112,112,37,37,53,53,64,76,76,76,89,101,117,117,117,117,117],"floor_reached":16,"language":"ZHS","playtime":739,"items_purged":[],"score":94,"play_id":"a8c73bb7-6549-445b-b1bf-536ac270ef41","local_time":"20210127192926","is_ascension_mode":false,"campfire_choices":[{"data":"HollowMod:InfectedAttack","floor":6,"key":"SMITH"},{"data":"HollowMod:NewInfectedGuardian","floor":10,"key":"SMITH"},{"floor":15,"key":"REST"}],"circlet_count":0,"master_deck":["HollowMod:NailStrikeStart","HollowMod:NailStrikeStart","HollowMod:NailStrikeStart","HollowMod:QuickDashStart","HollowMod:QuickDashStart","HollowMod:QuickDashStart","HollowMod:QuickDashStart","HollowMod:FocusHealStart","HollowMod:PogoStrike","HollowMod:DesolateDive","HollowMod:NewInfectedGuardian+1","Hallownest:skillGreenpathMap","HollowMod:InfectedAttack+1","HollowMod:InfectedCysts"],"relics":["HollowMod:VesselMask","ReplayFunnel","Hallownest:DreamNailRelic","Omamori"],"acts_visited":["Hallownest:Greenpath"],"potions_floor_usage":[13],"damage_taken":[{"damage":1,"enemies":"2_ Uuma","floor":1,"turns":5},{"damage":2,"enemies":"Hallownest:2_Baldur","floor":5,"turns":4},{"damage":8,"enemies":"Hallownest:2_MossCreeps","floor":7,"turns":5},{"damage":16,"enemies":"Hallownest:1_Baldur_1_Crawlid_1_Warrior","floor":8,"turns":4},{"damage":2,"enemies":"Hallownest:MossCreep_and_Mosskin","floor":11,"turns":5},{"damage":6,"enemies":"Hallownest:2_Tiktiks_1_Baldur_1_Crawlid","floor":12,"turns":5},{"damage":15,"enemies":"Hallownest:1_Ooma_and_2_Uuma","floor":13,"turns":5},{"damage":0,"enemies":"Hallownest:BossFalseKnight","floor":16,"turns":1}],"seed_played":"7431256664216763351","potions_obtained":[{"floor":8,"key":"SpeedPotion"},{"floor":12,"key":"SmokeBomb"},{"floor":13,"key":"Venom Potion"}],"is_trial":false,"path_per_floor":["M","?","?","?","M","R","M","M","T","R","M","M","M","?","R","B"],"character_chosen":"THE_BUGKNIGHT","items_purchased":[],"campfire_rested":1,"item_purchase_floors":[],"current_hp_per_floor":[75,75,75,75,73,73,75,59,59,59,57,51,36,36,58,58,58],"gold":117,"neow_bonus":"RANDOM_COMMON_RELIC","is_daily":false,"chose_seed":false,"campfire_upgraded":2,"win_rate":0.0,"timestamp":1611746966,"path_taken":["M","?","?","?","M","R","M","?","T","R","M","?","M","?","R","BOSS"],"items_purchased_type":[],"build_version":"2020-12-22","purchased_purges":0,"victory":false,"max_hp_per_floor":[75,75,75,75,75,75,75,75,75,75,75,75,75,75,75,75,75],"card_choices":[{"not_picked":["HollowMod:WraithStrike","HollowMod:CornifersMapStart"],"picked":"HollowMod:DesolateDive","floor":1},{"not_picked":["HollowMod:SharpenedNail","HollowMod:NewGlowingWomb"],"picked":"HollowMod:InfectedAttack","floor":5},{"not_picked":["HollowMod:LifebloodCocoon","HollowMod:DoubleDash","HollowMod:ZotesMagnificence"],"picked":"SKIP","floor":7},{"not_picked":["HollowMod:CycloneSlash","HollowMod:ChannelNail","HollowMod:HeavyBlow"],"picked":"SKIP","floor":8},{"not_picked":["HollowMod:FastStrike","HollowMod:LifebloodCocoon","HollowMod:HowlingWraiths"],"picked":"SKIP","floor":11},{"not_picked":["HollowMod:Grubsong","HollowMod:HowlingWraiths"],"picked":"HollowMod:InfectedCysts","floor":12},{"not_picked":["HollowMod:GrimmsGift","HollowMod:SharpenedShadows","HollowMod:BlackTendrils"],"picked":"SKIP","floor":13}],"player_experience":415920,"relics_obtained":[{"floor":9,"key":"Omamori"}],"event_choices":[],"is_beta":false,"boss_relics":[],"items_purged_floors":[],"is_endless":false,"potions_floor_spawned":[8,12,13],"killed_by":"Hallownest:BossFalseKnight","ascension_level":0}}