{"host":"cijhj3091wf4aho3","time":1611722997,"event":{"mods":["BaseMod","Colored Map","Colored Powertips","Downfall","Friendly Minions","GifTheSpireLib","Highlight Path","Minty Spire (QoL Compilation)","Permanent Neow","Random Character Button","Relic Sorter","Relic Stats","StSLib","everything is the same but u backflip on backflip","slay the spire mod where everything is the same but ironclad has a cowboy hat"],"gold_per_floor":[99,116,116,26,26,26,26,11,11,46,57,57,69,89,100,202,202,102,115,115,62,78,78,78,108,108,142,42,52,86,97,115,222,222,222,234,253,253,312,312,312,349,108,8,58,58,94,123,142,142,142,181,67,67,67,67],"floor_reached":57,"language":"ENG","playtime":10952,"items_purged":["Regret","bronze:Defend"],"score":1471,"play_id":"5ff39cdb-302b-473f-89e7-6ecaa10f7616","local_time":"20210126204957","is_ascension_mode":true,"campfire_choices":[{"data":"Apotheosis","floor":1,"key":"SMITH"},{"data":"bronze:Break","floor":9,"key":"SMITH"},{"data":"bronze:Goto","floor":12,"key":"SMITH"},{"data":"bronze:MaxOutput","floor":18,"key":"SMITH"},{"data":"bronze:InfiniteBeams","floor":23,"key":"SMITH"},{"data":"bronze:BurnOut","floor":28,"key":"SMITH"},{"data":"bronze:Mutator","floor":35,"key":"SMITH"},{"floor":40,"key":"RECALL"},{"data":"bronze:Repulsor","floor":44,"key":"SMITH"},{"data":"bronze:Repulsor","floor":46,"key":"SMITH"},{"data":"bronze:Refactor","floor":54,"key":"PURGE"}],"circlet_count":0,"master_deck":["bronze:Strike","bronze:Strike","bronze:Strike","bronze:Defend","bronze:Defend","bronze:Defend","bronze:Replicate","bronze:Goto+1","Apotheosis+1","bronze:Deprecate+1","bronze:Break+1","bronze:Shield+1","bronze:MaxOutput+1","bronze:Repulsor+1","bronze:Repulsor+1","bronze:BurnOut+1","bronze:BuggyMess+1","bronze:SpaghettiCode+1","bronze:InfiniteBeams+1","bronze:Shield+1","bronze:BuggyMess+1","bronze:Mutator+1","bronze:MaxOutput+1","bronze:Boost+1","bronze:ItsAFeature","bronze:MaxOutput","bronze:Shield+1"],"relics":["bronze:BronzeCore","Toxic Egg 2","Orichalcum","Matryoshka","Black Star","downfall:HeartBlessingBlue","Mummified Hand","Bird Faced Urn","Akabeko","bronze:CableSpool","Mango","hexamod:Sixitude","Pear","Ice Cream","downfall:HeartBlessingGreen","The Courier","CeramicFish","Sozu","bronze:BottledCode","Shuriken","hexamod:BolsterEngine","Peace Pipe","Strawberry","Guardian:BottledAnomaly","Bag of Preparation","downfall:HeartBlessingRed","Torii","hexamod:CandleOfCauterizing","White Beast Statue","Ornamental Fan","Bottled Flame","Nunchaku"],"acts_visited":["Exordium","TheCity","TheBeyond","TheEnding"],"potions_floor_usage":[16,21,27,33,50],"damage_taken":[{"damage":0,"enemies":"Small Slimes","floor":2,"turns":3},{"damage":10,"enemies":"downfall:FleeingMerchant","floor":4,"turns":4},{"damage":4,"enemies":"downfall:FleeingMerchant","floor":8,"turns":4},{"damage":0,"enemies":"3 Sentries","floor":10,"turns":8},{"damage":3,"enemies":"Jaw Worm","floor":11,"turns":2},{"damage":0,"enemies":"Cultist","floor":13,"turns":3},{"damage":0,"enemies":"Exordium Thugs","floor":14,"turns":5},{"damage":0,"enemies":"3 Louse","floor":15,"turns":3},{"damage":28,"enemies":"DF_ARCHETYPE_STREAMLINE","floor":16,"turns":14},{"damage":17,"enemies":"3 Byrds","floor":19,"turns":11},{"damage":14,"enemies":"downfall:FleeingMerchant","floor":21,"turns":4},{"damage":0,"enemies":"Cultist and Chosen","floor":22,"turns":6},{"damage":27,"enemies":"Book of Stabbing","floor":25,"turns":6},{"damage":1,"enemies":"Gremlin Leader","floor":27,"turns":7},{"damage":0,"enemies":"Snake Plant","floor":29,"turns":3},{"damage":12,"enemies":"Book of Stabbing","floor":30,"turns":2},{"damage":0,"enemies":"Centurion and Healer","floor":31,"turns":5},{"damage":0,"enemies":"3 Cultists","floor":32,"turns":3},{"damage":48,"enemies":"IC_MUSHROOM_ARCHETYPE","floor":33,"turns":9},{"damage":0,"enemies":"3 Shapes","floor":36,"turns":3},{"damage":0,"enemies":"Orb Walker","floor":37,"turns":3},{"damage":16,"enemies":"downfall:FleeingMerchant","floor":39,"turns":4},{"damage":1,"enemies":"Giant Head","floor":42,"turns":5},{"damage":0,"enemies":"Giant Head","floor":45,"turns":2},{"damage":0,"enemies":"Nemesis","floor":47,"turns":1},{"damage":0,"enemies":"Maw","floor":48,"turns":4},{"damage":0,"enemies":"Jaw Worm Horde","floor":49,"turns":3},{"damage":11,"enemies":"SI_POISON_ARCHETYPE","floor":50,"turns":5},{"damage":0,"enemies":"downfall:CharBossMerchant","floor":52,"turns":5},{"damage":0,"enemies":"downfall:NeowBoss","floor":55,"turns":8},{"damage":45,"enemies":"downfall:NeowBossFinal","floor":56,"turns":9}],"seed_played":"3915077387163209419","potions_obtained":[{"floor":2,"key":"BlessingOfTheForge"},{"floor":13,"key":"ColorlessPotion"},{"floor":16,"key":"SteroidPotion"},{"floor":19,"key":"PowerPotion"},{"floor":25,"key":"champ:CounterPotion"},{"floor":26,"key":"Guardian:BlockOnCardUsePotion"},{"floor":26,"key":"Energy Potion"},{"floor":29,"key":"Regen Potion"}],"is_trial":false,"path_per_floor":["R","M","?","$","?","T","T","$","R","E","M","R","M","M","M","B",null,"R","M","T","$","M","R","T","E","?","E","R","M","E","M","M","B",null,"R","M","M","?","$","R","T","E","$","R","?","R","E","M","M","B",null,"E","$","R","B","B",null],"character_chosen":"THE_AUTOMATON","items_purchased":["bronze:InfiniteBeams","Shuriken","Guardian:BottledAnomaly","Bag of Preparation","Nunchaku"],"campfire_rested":0,"item_purchase_floors":[21,39,43,43,53],"current_hp_per_floor":[63,63,63,53,53,53,53,49,49,49,46,46,46,46,46,18,63,73,56,56,50,58,58,58,53,53,70,70,76,66,72,78,38,97,97,97,97,87,81,81,81,94,94,94,94,94,94,94,94,94,94,94,94,94,94,63],"gold":67,"neow_bonus":"RANDOM_COLORLESS_2","is_daily":false,"chose_seed":false,"campfire_upgraded":9,"win_rate":0.0,"timestamp":1611722997,"path_taken":["R","M","?","$","?","?","T","$","R","E","M","R","M","M","M","BOSS","R","M","?","$","M","R","T","E","?","E","R","?","E","M","M","BOSS","R","M","M","?","$","R","T","E","$","R","?","R","E","M","M","BOSS","E","$","R","BOSS","BOSS"],"items_purchased_type":["Card","Relic","Relic","Relic","Relic"],"build_version":"2020-12-22","purchased_purges":2,"victory":true,"max_hp_per_floor":[63,63,63,63,63,63,63,63,63,63,63,63,63,63,63,63,63,73,73,73,73,73,73,73,87,87,97,97,97,97,97,97,97,97,97,97,97,87,87,87,87,94,94,94,94,94,94,94,94,94,94,94,94,94,94,94],"relic_stats":{"Torii":0,"counters":[31,154],"CeramicFish":54,"Bag of Preparation":[16],"Orichalcum":[174],"Sozu":7,"Peace Pipe":1,"Nunchaku":[4],"Mummified Hand":[134],"Shuriken":[28],"Ornamental Fan":[40],"Bird Faced Urn":[98],"Black Star":6,"obtain_stats":[{"Ice Cream":27,"bronze:BronzeCore":0,"Torii":45,"CeramicFish":30,"Mango":25,"downfall:HeartBlessingGreen":28,"Bag of Preparation":43,"bronze:CableSpool":24,"Sozu":34,"Nunchaku":53,"Matryoshka":10,"downfall:HeartBlessingBlue":18,"Mummified Hand":20,"Strawberry":42,"Toxic Egg 2":3,"Guardian:BottledAnomaly":43,"hexamod:CandleOfCauterizing":47,"Pear":27,"downfall:HeartBlessingRed":44,"hexamod:Sixitude":25,"The Courier":30,"Orichalcum":7,"Akabeko":24,"White Beast Statue":47,"bronze:BottledCode":38,"Peace Pipe":42,"Bottled Flame":52,"Shuriken":39,"Ornamental Fan":52,"Bird Faced Urn":20,"Black Star":17,"hexamod:BolsterEngine":41},{"Ice Cream":14,"bronze:BronzeCore":0,"Torii":24,"CeramicFish":16,"Mango":13,"downfall:HeartBlessingGreen":14,"Bag of Preparation":23,"bronze:CableSpool":12,"Sozu":19,"Nunchaku":29,"Matryoshka":4,"downfall:HeartBlessingBlue":9,"Mummified Hand":10,"Strawberry":23,"Toxic Egg 2":1,"Guardian:BottledAnomaly":23,"hexamod:CandleOfCauterizing":25,"Pear":14,"downfall:HeartBlessingRed":23,"hexamod:Sixitude":13,"The Courier":16,"Orichalcum":2,"Akabeko":12,"White Beast Statue":25,"bronze:BottledCode":21,"Peace Pipe":23,"Bottled Flame":29,"Shuriken":22,"Ornamental Fan":29,"Bird Faced Urn":10,"Black Star":9,"hexamod:BolsterEngine":22},{"Ice Cream":80,"bronze:BronzeCore":0,"Torii":119,"CeramicFish":85,"Mango":73,"downfall:HeartBlessingGreen":80,"Bag of Preparation":117,"bronze:CableSpool":67,"Sozu":102,"Nunchaku":137,"Matryoshka":19,"downfall:HeartBlessingBlue":46,"Mummified Hand":57,"Strawberry":117,"Toxic Egg 2":3,"Guardian:BottledAnomaly":117,"hexamod:CandleOfCauterizing":120,"Pear":80,"downfall:HeartBlessingRed":117,"hexamod:Sixitude":73,"The Courier":85,"Orichalcum":7,"Akabeko":67,"White Beast Statue":120,"bronze:BottledCode":108,"Peace Pipe":117,"Bottled Flame":137,"Shuriken":112,"Ornamental Fan":137,"Bird Faced Urn":57,"Black Star":46,"hexamod:BolsterEngine":112}]},"card_choices":[{"not_picked":["Sadistic Nature","Secret Technique"],"picked":"Apotheosis","floor":0},{"not_picked":["bronze:BuggyMess","bronze:Overload"],"picked":"bronze:Refactor","floor":2},{"not_picked":["bronze:BronzeArmor+1","bronze:Repulsor"],"picked":"bronze:Deprecate+1","floor":4},{"not_picked":["bronze:Constructor+1","bronze:CutThrough"],"picked":"bronze:Break","floor":8},{"not_picked":["bronze:Deprecate+1","bronze:Backtrace","bronze:ClassDefault"],"picked":"SKIP","floor":10},{"not_picked":["bronze:Invalidate+1","bronze:WhirlingStrike"],"picked":"bronze:Shield+1","floor":11},{"not_picked":["bronze:CutThrough","bronze:WildBeam"],"picked":"bronze:MaxOutput","floor":13},{"not_picked":["bronze:OilSpill","bronze:DelayedSlice"],"picked":"bronze:Repulsor","floor":14},{"not_picked":["bronze:BuggyMess+1","bronze:WhirlingStrike"],"picked":"bronze:Repulsor","floor":15},{"not_picked":["bronze:Break","bronze:SpaghettiCode+1"],"picked":"bronze:BurnOut","floor":16},{"not_picked":["bronze:CutThrough","bronze:BitShift+1"],"picked":"bronze:BuggyMess+1","floor":19},{"not_picked":["bronze:Separator","bronze:OilSpill+1"],"picked":"bronze:SpaghettiCode+1","floor":21},{"not_picked":["bronze:Optimize","bronze:Iterate","bronze:DelayedSlice"],"picked":"SKIP","floor":22},{"not_picked":["bronze:BronzeOrb+1","bronze:Separator","bronze:DelayedGuard+1"],"picked":"SKIP","floor":25},{"not_picked":["bronze:BugBarrage","bronze:ForceShield+1"],"picked":"bronze:Shield+1","floor":27},{"not_picked":["bronze:ForLoop+1","bronze:Branch"],"picked":"bronze:BuggyMess+1","floor":29},{"not_picked":["bronze:DigitalCarnage","bronze:BitShift+1","bronze:DelayedGuard+1"],"picked":"SKIP","floor":30},{"not_picked":["bronze:OilSpill+1","bronze:Frontload+1","bronze:Constructor+1"],"picked":"SKIP","floor":31},{"not_picked":["bronze:BugBarrage","bronze:DelayedGuard+1","bronze:ForLoop+1"],"picked":"SKIP","floor":32},{"not_picked":["bronze:BurnOut","bronze:SpaghettiCode+1"],"picked":"bronze:Mutator","floor":33},{"not_picked":["bronze:BitShift+1","bronze:CutThrough","bronze:BugBarrage"],"picked":"SKIP","floor":36},{"not_picked":["bronze:BuggyMess+1","bronze:Constructor+1"],"picked":"bronze:MaxOutput+1","floor":37},{"not_picked":["bronze:Iterate","bronze:Overload+1","bronze:ForLoop+1"],"picked":"SKIP","floor":39},{"not_picked":["bronze:BronzeArmor+1","bronze:Deprecate+1"],"picked":"bronze:Boost+1","floor":42},{"not_picked":["bronze:BugBarrage+1","bronze:Frontload+1"],"picked":"bronze:ItsAFeature","floor":47},{"not_picked":["bronze:NullPointer+1","bronze:Deprecate+1"],"picked":"bronze:MaxOutput","floor":48},{"not_picked":["bronze:ForceShield+1","bronze:CutThrough","bronze:Mutator"],"picked":"SKIP","floor":49},{"not_picked":["bronze:BitShift+1","bronze:Overload+1"],"picked":"bronze:Shield+1","floor":52}],"player_experience":508219,"relics_obtained":[{"floor":7,"key":"Orichalcum"},{"floor":10,"key":"Matryoshka"},{"floor":20,"key":"Mummified Hand"},{"floor":20,"key":"Bird Faced Urn"},{"floor":24,"key":"Akabeko"},{"floor":24,"key":"bronze:CableSpool"},{"floor":25,"key":"Mango"},{"floor":25,"key":"hexamod:Sixitude"},{"floor":27,"key":"Pear"},{"floor":27,"key":"Ice Cream"},{"floor":30,"key":"The Courier"},{"floor":30,"key":"CeramicFish"},{"floor":41,"key":"hexamod:BolsterEngine"},{"floor":42,"key":"Peace Pipe"},{"floor":42,"key":"Strawberry"},{"floor":45,"key":"Torii"},{"floor":47,"key":"hexamod:CandleOfCauterizing"},{"floor":47,"key":"White Beast Statue"},{"floor":52,"key":"Ornamental Fan"},{"floor":52,"key":"Bottled Flame"}],"event_choices":[{"damage_healed":0,"gold_gain":0,"player_choice":"Box","damage_taken":0,"relics_obtained":["Toxic Egg 2"],"max_hp_gain":0,"max_hp_loss":0,"event_name":"Big Fish","floor":3,"gold_loss":0,"cards_obtained":["Regret"]},{"cards_removed":["bronze:Strike"],"damage_healed":0,"gold_gain":0,"player_choice":"Card Removal","damage_taken":0,"max_hp_gain":0,"max_hp_loss":0,"event_name":"The Cleric","floor":5,"gold_loss":0},{"damage_healed":0,"gold_gain":0,"player_choice":"Got Potions","damage_taken":0,"max_hp_gain":0,"max_hp_loss":0,"event_name":"Lab","floor":26,"gold_loss":0}],"is_beta":false,"boss_relics":[{"not_picked":["Fusion Hammer","Calling Bell"],"picked":"Black Star"},{"not_picked":["Snecko Eye","Cursed Key"],"picked":"Sozu"}],"items_purged_floors":[4,39],"is_endless":false,"potions_floor_spawned":[2,13,16,19,25,29,37,42,45,47,48,49,52],"ascension_level":1}}