{"host":"hjajo0rafoe1e6c4","time":1611709831,"event":{"mods":["AchievementEnabler","BaseMod","Colored Map","Highlight Path","Minty Spire (QoL Compilation)","Relic Stats"],"gold_per_floor":[117,117,131,142,142,175,175,191,216,241,11,11,11,27,27,27,27],"floor_reached":16,"language":"ENG","playtime":662,"items_purged":["Strike_G"],"score":127,"play_id":"8f6d811a-b834-44b4-8b70-8af3ac12ebc9","local_time":"20210126201030","is_ascension_mode":true,"campfire_choices":[{"data":"Deadly Poison","floor":7,"key":"SMITH"},{"data":"Leg Sweep","floor":15,"key":"SMITH"}],"circlet_count":0,"master_deck":["Strike_G","Strike_G+1","Strike_G","Defend_G","Defend_G","Defend_G","Defend_G","Defend_G","Survivor","Neutralize","Blade Dance+1","Catalyst+1","Deadly Poison+1","Deadly Poison","Leg Sweep+1","Dodge and Roll","After Image","Finesse","Malaise"],"relics":["Ring of the Snake","NeowsBlessing","Meat on the Bone","Boot","Orichalcum","Bag of Preparation"],"acts_visited":["Exordium"],"potions_floor_usage":[16,16],"damage_taken":[{"damage":0,"enemies":"2 Louse","floor":1,"turns":1},{"damage":0,"enemies":"Jaw Worm","floor":3,"turns":1},{"damage":0,"enemies":"Cultist","floor":4,"turns":1},{"damage":48,"enemies":"Lagavulin","floor":6,"turns":7},{"damage":3,"enemies":"Blue Slaver","floor":8,"turns":4},{"damage":6,"enemies":"Gremlin Nob","floor":10,"turns":3},{"damage":0,"enemies":"Red Slaver","floor":14,"turns":3},{"damage":28,"enemies":"Slime Boss","floor":16,"turns":9}],"seed_played":"-6294797699169948446","potions_obtained":[{"floor":8,"key":"SpeedPotion"},{"floor":10,"key":"Poison Potion"}],"is_trial":false,"path_per_floor":["M","?","M","M","T","E","R","M","T","E","$","?","?","M","R","B"],"character_chosen":"THE_SILENT","items_purchased":["After Image","Finesse"],"campfire_rested":0,"item_purchase_floors":[11,11],"current_hp_per_floor":[70,70,70,70,70,34,34,43,43,37,37,30,16,28,28,0,0],"gold":27,"neow_bonus":"THREE_ENEMY_KILL","is_daily":false,"chose_seed":false,"campfire_upgraded":2,"win_rate":0.0,"timestamp":1611709830,"path_taken":["M","?","M","M","?","E","R","M","T","E","$","?","?","M","R","BOSS"],"items_purchased_type":["Card","Card"],"build_version":"2020-12-22","purchased_purges":1,"victory":false,"max_hp_per_floor":[70,70,70,70,70,70,70,70,70,70,70,70,70,70,70,70,70],"relic_stats":{"counters":[8,29],"Bag of Preparation":[4],"Orichalcum":[24],"Boot":[28],"obtain_stats":[{"NeowsBlessing":0,"Bag of Preparation":10,"Orichalcum":9,"Boot":6,"Ring of the Snake":0,"Meat on the Bone":5},{"NeowsBlessing":0,"Bag of Preparation":6,"Orichalcum":5,"Boot":4,"Ring of the Snake":0,"Meat on the Bone":3},{"NeowsBlessing":0,"Bag of Preparation":17,"Orichalcum":14,"Boot":10,"Ring of the Snake":0,"Meat on the Bone":3}],"Ring of the Snake":[16],"Meat on the Bone":36},"card_choices":[{"not_picked":["Bane","Backflip"],"picked":"Blade Dance","floor":1},{"not_picked":["Poisoned Stab","Terror"],"picked":"Catalyst","floor":3},{"not_picked":["Acrobatics","Sucker Punch"],"picked":"Deadly Poison","floor":4},{"not_picked":["PiercingWail","Finisher"],"picked":"Deadly Poison","floor":6},{"not_picked":["Flechettes","Backflip"],"picked":"Leg Sweep","floor":8},{"not_picked":["Poisoned Stab","Deflect"],"picked":"Dodge and Roll","floor":10},{"not_picked":["Slice","Skewer"],"picked":"Malaise","floor":14}],"player_experience":171882,"relics_obtained":[{"floor":5,"key":"Meat on the Bone"},{"floor":6,"key":"Boot"},{"floor":9,"key":"Orichalcum"},{"floor":10,"key":"Bag of Preparation"}],"event_choices":[{"damage_healed":0,"gold_gain":0,"player_choice":"Grow","damage_taken":0,"max_hp_gain":0,"max_hp_loss":0,"event_name":"Living Wall","floor":2,"gold_loss":0,"cards_upgraded":["Blade Dance"]},{"cards_removed":["Strike_G"],"damage_healed":0,"gold_gain":0,"player_choice":"Card Removal","damage_taken":7,"max_hp_gain":0,"max_hp_loss":0,"event_name":"Golden Wing","floor":12,"gold_loss":0},{"damage_healed":0,"gold_gain":0,"player_choice":"Entered Light","damage_taken":14,"max_hp_gain":0,"max_hp_loss":0,"event_name":"Shining Light","floor":13,"gold_loss":0,"cards_upgraded":["Catalyst","Strike_G"]}],"is_beta":false,"boss_relics":[],"items_purged_floors":[11],"is_endless":false,"potions_floor_spawned":[8,10],"killed_by":"Slime Boss","ascension_level":3}}