{"host":"itbqv4oobgse7q4n","time":1611790507,"event":{"mods":["100% Spire Juice","2.2 Compatiblity","Act Like it!","Aspiration","BaseMod","Bestiary","CapriCore","Card Forge","Colored Powertips","Evolution","Friendly Minions","FutureSeer","Gensokyo","GifTheSpireLib","Hero for Fun","Highlight Path","HololiveMod","Hubris","LagranYue(???·?)","Minty Spire (QoL Compilation)","Prisma Mod","Relic Filter","Reliquary","Remilia??????","Replay The Spire","Shop Mod","Small Relic Pack","StSLib","Td1madao Mod","The Alterego","The Animator","The Immortal","The Necromancer","The Sage","The Servant 0.9.4","The Wild Card","Wandering Minibosses","Yakumo Yukari mod"],"gold_per_floor":[112,126,156,156,193,28,45,116,116,193,300,354,354,827,827,1062,1062,1148,1287,1287,158,158,158,158,158,653,754,779,863,976,1275,1373,1724,1724,1961,1961,2086,2086,1996,2067,1223,1223,1323,1323,1323,1758,1758,1804,1914,1914,1914,1914,2009,2149],"floor_reached":55,"language":"RUS","playtime":7045,"items_purged":[],"score":1923,"play_id":"44ee2194-9430-427e-ad0a-6c852ddd5de6","local_time":"20210128023507","is_ascension_mode":true,"campfire_choices":[{"floor":34,"key":"RECALL"},{"floor":42,"key":"REST"},{"floor":51,"key":"REST"}],"circlet_count":0,"master_deck":["Strike_RM+1","Strike_RM+1","Strike_RM+1","Strike_RM+1","Defend_RM+1","Defend_RM+1","Defend_RM+1","Defend_RM+1","RedMoon+1","ScarletShoot+1","ScarletDream+1","UnstableMagic+1","BombardNight+1","GlobalNightmare+1","FavorOfDestiny+1","ScarletCoffin+1","BombardNight+1","HunterOfTheNight+1","ScarletSymphony+1","ScarletImprint+1","VampireClaw+1","EndlessAdversity+1","ScarletMeister+1","ReincarnationDial+1","UnstableMagic+1","Gensokyo:Kunekune+1","Gensokyo:SevenSchoolMysteries+1","Gensokyo:SlitMouthedWoman+1","ScarletCoffin+1","hubris:NaturalOne","RedNightlessCastle+1","Stigmanizer+1","BloodyMagicSquare+1","MastersStateliness+1","Forethought+1","Secret Weapon+1","MillenniumVampire+1","UnstableMagic+1","CurseOfVladTepes+1","Septette+1","UnstableMagic+1","BloodAndWine+1","TricksterDevil+1","MillenniumVampire+1","QueenOfMidnight+1","EquivalentExchange+1","BloodyHallows+1","ScarletMeister+1","Gensokyo:CustomPotion","TwelveNightmare+1","Gensokyo:Shovel","Gensokyo:Kunekune+1","BloodyMagicSquare+1","MiserableFate+1","MastersStateliness+1","ScarletMeister+1","TricksterDevil+1","FavorOfDestiny+1","Gensokyo:MedicineKit","BloodyMagicSquare+1","DiffusionOfMisfortune+1"],"relics":["ScarletHat","Hammer of Thor","Seething Fire","Anvil of the Gods","EVO:Axolotl","reliquary:TuningFork","Replay:Bandana","aspiration:ChemicalBlood","Blood Vial","Singing Bowl","Gensokyo:Companionship","Gensokyo:YoukaiFlower","LagranYue:RareGoldArmorRelic","ChewingGum","hubris:MedicalManual","Chemical X","Strange Spoon","DollysMirror","Medical Kit","hubris:Icosahedron","Toy Ornithopter","hubris:NiceRug","hubris:TenFootPole","hubris:Potato","TheAbacus","Oddly Smooth Stone","reliquary:SharkskinSheath","Replay:PocketPolymizer","Lantern","Mercury Hourglass","ScarletDevilRocket","Shuriken","Bottled Lightning","Replay:Rubber Ducky","LagranYue:SoulBurningRelic","Mango","reliquary:Knoch","Bag of Marbles","Sling","aspiration:Nostalgia","LagranYue:ArmsProficiencyRelics","Orrery","ReplayTheSpireMod:Lightbulb","Blue Doll","Boot","Garlic","reliquary:PorcupineQuills","wanderingMiniBosses:OtherGremlinHorn","Art of War"],"acts_visited":["Gensokyo:Gensokyo","Gensokyo:Gensokyoer","Gensokyo:Gensokyoest","TheEnding"],"potions_floor_usage":[10,11,11,16,18,19,26,26,26,26,26,26,26,30,33,46,53,54],"damage_taken":[{"damage":0.0,"enemies":"Gensokyo:3_Fairies","floor":1.0,"turns":4.0},{"damage":0,"enemies":"Gensokyo:Python","floor":2,"turns":3},{"damage":0,"enemies":"Gensokyo:Mamizou","floor":3,"turns":8},{"damage":5,"enemies":"Gensokyo:Gryphon","floor":5,"turns":3},{"damage":30,"enemies":"Gensokyo:Kitsune","floor":7,"turns":5},{"damage":11,"enemies":"Gensokyo:Mamizou","floor":8,"turns":8},{"damage":0,"enemies":"Gensokyo:Python_and_Kodama","floor":10,"turns":4},{"damage":56,"enemies":"Gensokyo:Aya","floor":11,"turns":8},{"damage":0,"enemies":"Gensokyo:2_Rabbits","floor":12,"turns":1},{"damage":0,"enemies":"Gensokyo:Cirno","floor":14,"turns":6},{"damage":21,"enemies":"Gensokyo:Yukari","floor":16,"turns":11},{"damage":30,"enemies":"Gensokyo:CosmicMonolith","floor":18,"turns":10},{"damage":15,"enemies":"Gensokyo:3_Dogs","floor":19,"turns":6},{"damage":92,"enemies":"hubris:Merchant","floor":26,"turns":7},{"damage":0,"enemies":"Gensokyo:Koishi","floor":27,"turns":6},{"damage":0,"enemies":"Gensokyo:3_Gloops","floor":29,"turns":2},{"damage":0,"enemies":"Gensokyo:Reisen","floor":30,"turns":7},{"damage":0,"enemies":"Gensokyo:Monolith_and_Dog","floor":31,"turns":9},{"damage":0,"enemies":"Gensokyo:Tenshi","floor":32,"turns":3},{"damage":0,"enemies":"Gensokyo:Chomper_and_Gloop","floor":33,"turns":6},{"damage":0,"enemies":"Gensokyo:Kaguya","floor":35,"turns":8},{"damage":0,"enemies":"Gensokyo:AncientGuardian","floor":37,"turns":7},{"damage":0,"enemies":"Gensokyo:3_Boulders","floor":40,"turns":9},{"damage":0,"enemies":"Gensokyo:Doremy","floor":43,"turns":6},{"damage":0,"enemies":"Gensokyo:Kasen","floor":46,"turns":9},{"damage":0,"enemies":"Gensokyo:4_Bats","floor":48,"turns":4},{"damage":0,"enemies":"Gensokyo:Shinki","floor":49,"turns":7},{"damage":0,"enemies":"Shield and Spear","floor":53,"turns":6},{"damage":0,"enemies":"The Heart","floor":54,"turns":5}],"seed_played":"1008739055555095420","potions_obtained":[{"floor":2,"key":"PanachePotion"},{"floor":7,"key":"Swift Potion"},{"floor":8,"key":"Energy Potion"},{"floor":18,"key":"Ancient Potion"},{"floor":19,"key":"ColorlessPotion"},{"floor":26,"key":"Weak Potion"},{"floor":27,"key":"Adrenaline Potion"},{"floor":29,"key":"SkillPotion"},{"floor":33,"key":"PowerPotion"},{"floor":40,"key":"Energy Potion"},{"floor":48,"key":"Fire Potion"}],"is_trial":false,"path_per_floor":["M","M","?","T","M","COS","M","E","T","M","E","M","?","E","R","B",null,"M","M","?","COS","?","T","PTL","PTL","$","E","T","M","E","M","E","M","R","B",null,"M","$","?","M","COS","R","E","?","T","E","?","M","B",null,"R","$","E","B",null],"character_chosen":"REMILIA","items_purchased":[],"campfire_rested":2,"item_purchase_floors":[],"current_hp_per_floor":[75,75,75,75,70,70,47,41,41,43,6,8,8,15,37,27,75,65,68,68,68,68,68,68,68,33,47,47,51,63,83,87,89,89,89,89,89,89,89,103,104,107,106,106,106,107,107,109,110,111,111,111,112,114],"gold":2149,"neow_bonus":"RANDOM_COLORLESS_2","is_daily":false,"chose_seed":false,"campfire_upgraded":0,"win_rate":0.0,"timestamp":1611790507,"path_taken":["M","M","?","?","?","COS","M","E","T","M","E","M","?","E","R","BOSS","M","M","?","COS","?","?","PTL","PTL","?","E","T","M","E","M","E","M","R","BOSS","M","$","?","M","COS","R","E","?","T","E","?","M","BOSS","R","$","E","BOSS"],"items_purchased_type":[],"build_version":"2020-12-22","purchased_purges":0,"victory":true,"max_hp_per_floor":[75,75,75,75,75,75,75,75,75,75,75,75,75,75,75,75,75,75,81,73,73,73,73,73,73,81,81,81,83,85,87,87,89,89,89,89,91,91,91,105,107,107,107,107,107,109,109,111,111,111,111,111,115,115],"card_choices":[{"not_picked":["Secret Technique","Master of Strategy"],"picked":"HandOfGreed","floor":0.0},{"not_picked":["ScarletGensokyo","NightDance"],"picked":"ScarletDream","floor":1},{"not_picked":["BombardNight","DevilSight"],"picked":"UnstableMagic","floor":2},{"not_picked":["BadLadyScramble","CharismaGuard"],"picked":"BombardNight","floor":3},{"not_picked":["ScarletImprint","VampireSweep"],"picked":"GlobalNightmare","floor":5},{"not_picked":["UnderTheZenith","CharismaGuard"],"picked":"FavorOfDestiny","floor":7},{"not_picked":["QueenOfMidnight","CeilingFear"],"picked":"ScarletCoffin","floor":8},{"not_picked":["BloodHunter","BloodyTrap"],"picked":"BombardNight","floor":8},{"not_picked":["BadLadyScramble","TransientEternity"],"picked":"HunterOfTheNight","floor":10},{"not_picked":["DiffusionOfMisfortune","RedNightlessCastle"],"picked":"ScarletSymphony","floor":11},{"not_picked":["UnderTheZenith","DevilSight"],"picked":"ScarletImprint","floor":12},{"not_picked":["MastersStateliness","GlobalNightmare"],"picked":"VampireClaw","floor":14},{"not_picked":["HellCatastrophe","BombardNight"],"picked":"EndlessAdversity","floor":16},{"not_picked":["HellCatastrophe","HeartBreak"],"picked":"ScarletMeister","floor":16},{"not_picked":["ChainGang+1","NightDance"],"picked":"ReincarnationDial","floor":18},{"not_picked":["ScarletDevilSign","CharismaGuard"],"picked":"UnstableMagic","floor":19},{"not_picked":["BombardNight+1","NightDance","MastersStateliness+1"],"picked":"Singing Bowl","floor":19},{"not_picked":["Gensokyo:TekeTeke","Gensokyo:HAARP"],"picked":"Gensokyo:Kunekune","floor":20},{"not_picked":[],"picked":"RedNightlessCastle","floor":26},{"not_picked":[],"picked":"Stigmanizer","floor":26},{"not_picked":[],"picked":"EternalNight","floor":26},{"not_picked":[],"picked":"BloodyMagicSquare","floor":26},{"not_picked":[],"picked":"MastersStateliness","floor":26},{"not_picked":[],"picked":"Forethought","floor":26},{"not_picked":[],"picked":"Secret Weapon","floor":26},{"not_picked":["BloodHunter","NightLord"],"picked":"MillenniumVampire","floor":26},{"not_picked":["DevilSight","ScarletImprint"],"picked":"UnstableMagic+1","floor":27},{"not_picked":["ScarletDream","RedRainbow"],"picked":"CurseOfVladTepes","floor":27},{"not_picked":["StarOfDavid","EndlessAdversity+1","Stigmanizer"],"picked":"Singing Bowl","floor":29},{"not_picked":["EternalNight","UnderTheZenith"],"picked":"Septette+1","floor":29},{"not_picked":["RedRainbow+1","UltimateOffering+1"],"picked":"UnstableMagic+1","floor":30},{"not_picked":["StarOfDavid","Stigmanizer","DiffusionOfMisfortune"],"picked":"Singing Bowl","floor":30},{"not_picked":["ScarletImprint","ScarletDevil"],"picked":"BloodAndWine+1","floor":30},{"not_picked":["ScarletDream+1","AfternoonTea","ScarletGensokyo"],"picked":"Singing Bowl","floor":31},{"not_picked":["FavorOfDestiny","RedRainbow"],"picked":"TricksterDevil","floor":32},{"not_picked":["EternalNight+1","StarOfDavid"],"picked":"MillenniumVampire","floor":32},{"not_picked":["BloodySeventeenLaser","MastersStateliness"],"picked":"QueenOfMidnight","floor":33},{"not_picked":["CharismaGuard","Maim","BombardNight"],"picked":"Singing Bowl","floor":33},{"not_picked":["BombardNight","Stigmanizer"],"picked":"EquivalentExchange","floor":35},{"not_picked":["EquivalentExchange","QueenOfMidnight"],"picked":"BloodyHallows","floor":35},{"not_picked":["ReincarnationDial","VampireClaw"],"picked":"ScarletMeister","floor":37},{"not_picked":["ScarletDevil+1","BlasphemousPunishment","RedRainbow+1"],"picked":"Singing Bowl","floor":37},{"not_picked":["BlasphemousPunishment","BloodySeventeenLaser"],"picked":"TwelveNightmare","floor":40},{"not_picked":["SuperhumanBloodyKnife","ScarletImprint"],"picked":"BloodyMagicSquare+1","floor":41},{"not_picked":["VampireKiss","ScarletGensokyo"],"picked":"MiserableFate+1","floor":41},{"not_picked":["ScarletDevil+1","RedRainbow+1","UnderTheZenith"],"picked":"Singing Bowl","floor":41},{"not_picked":["ScarletDevil+1","ScarletGensokyo+1"],"picked":"MastersStateliness+1","floor":41},{"not_picked":["BloodHunter","FavorOfDestiny+1"],"picked":"ScarletMeister","floor":41},{"not_picked":["RedRainbow","AfternoonTea"],"picked":"TricksterDevil+1","floor":43},{"not_picked":["UnderTheZenith","CurseOfVladTepes"],"picked":"FavorOfDestiny","floor":43},{"not_picked":["ScarletDevil","ChainGang","EndlessAdversity+1"],"picked":"Singing Bowl","floor":46},{"not_picked":["RedRainbow","Ultimatum"],"picked":"BloodyMagicSquare+1","floor":46},{"not_picked":["ScarletCoffin","BombardNight","EndlessAdversity+1"],"picked":"Singing Bowl","floor":48},{"not_picked":["EndlessAdversity+1","EmergencyRegeneration+1"],"picked":"DiffusionOfMisfortune","floor":48},{"not_picked":["UnderTheZenith","CharismaGuard","AfternoonTea"],"picked":"Singing Bowl","floor":53},{"not_picked":["VampireClaw","NightDance","ScarletImprint"],"picked":"Singing Bowl","floor":53}],"player_experience":208363,"relics_obtained":[{"floor":3,"key":"reliquary:TuningFork"},{"floor":8,"key":"aspiration:ChemicalBlood"},{"floor":9,"key":"Blood Vial"},{"floor":11,"key":"Singing Bowl"},{"floor":14,"key":"LagranYue:RareGoldArmorRelic"},{"floor":19,"key":"hubris:MedicalManual"},{"floor":23,"key":"Toy Ornithopter"},{"floor":26,"key":"hubris:TenFootPole"},{"floor":26,"key":"hubris:Potato"},{"floor":26,"key":"TheAbacus"},{"floor":27,"key":"reliquary:SharkskinSheath"},{"floor":27,"key":"Replay:PocketPolymizer"},{"floor":28,"key":"Lantern"},{"floor":30,"key":"ScarletDevilRocket"},{"floor":31,"key":"Shuriken"},{"floor":31,"key":"Bottled Lightning"},{"floor":32,"key":"Replay:Rubber Ducky"},{"floor":40,"key":"Mango"},{"floor":40,"key":"reliquary:Knoch"},{"floor":40,"key":"Bag of Marbles"},{"floor":43,"key":"ReplayTheSpireMod:Lightbulb"},{"floor":43,"key":"Blue Doll"},{"floor":45,"key":"Boot"},{"floor":46,"key":"Garlic"},{"floor":46,"key":"reliquary:PorcupineQuills"},{"floor":48,"key":"wanderingMiniBosses:OtherGremlinHorn"},{"floor":53,"key":"Art of War"}],"event_choices":[],"is_beta":false,"boss_relics":[{"not_picked":["hubris:Stopwatch","sagemod:Falmels_Amulet"],"picked":"ChewingGum"},{"not_picked":["aspiration:RunicSpoon","hubris:ScarierMask"],"picked":"LagranYue:SoulBurningRelic"}],"items_purged_floors":[],"is_endless":false,"potions_floor_spawned":[2,7,8,14,16,19,27,29,33,40,48,53],"ascension_level":1}}