{"host":"gbsupkmj5cka9iw4","time":1611762234,"event":{"mods":["BaseMod","Better Note","BetterRewards","Minty Spire (QoL Compilation)","Say the Spire","Shop Mod","StSLib"],"gold_per_floor":[111,111,3,3,20,48,48,75,75,36,56,90,90,105,105,210,210,220,220,63,63,78,103,103,136,213,213,213,213],"floor_reached":28,"language":"ENG","playtime":1499,"items_purged":["Defend_B"],"score":721,"play_id":"dd4e2e81-2e3e-4048-9459-14e1921c86a0","local_time":"20210128004354","is_ascension_mode":true,"campfire_choices":[{"floor":7.0,"key":"REST"},{"floor":13.0,"key":"REST"},{"data":"Hyperbeam","floor":15.0,"key":"SMITH"},{"data":"Streamline","floor":24,"key":"SMITH"},{"data":"Rip and Tear","floor":27,"key":"SMITH"}],"circlet_count":0,"master_deck":["AscendersBane","Defend_B","Defend_B","Defend_B+1","Zap","Dualcast","Rip and Tear+1","Reprogram+1","Master of Strategy+1","Gash","Conserve Battery+1","Double Energy+1","Stack+1","Leap+1","Zap+1","Discovery+1","Beam Cell","Good Instincts+1","Stack+1","FTL","Steam+1","Conserve Battery+1","Capacitor","Hyperbeam+1","Genetic Algorithm+1","Streamline+1","Reboot+1","Hologram+1","Bite","Bite","Bite","Bite","Bite","Trip+1","Double Energy+1","Skim+1","Tempest+1"],"relics":["Cracked Core","Toxic Egg 2","HornCleat","Dead Branch","Mercury Hourglass","Ornamental Fan","Shuriken","SacredBark","StoneCalendar","MealTicket","StrikeDummy"],"acts_visited":["Exordium","TheCity"],"potions_floor_usage":[23],"damage_taken":[{"damage":0.0,"enemies":"Small Slimes","floor":1.0,"turns":2.0},{"damage":0.0,"enemies":"Cultist","floor":5.0,"turns":4.0},{"damage":13.0,"enemies":"3 Sentries","floor":6.0,"turns":7.0},{"damage":0.0,"enemies":"Lagavulin","floor":8.0,"turns":5.0},{"damage":0.0,"enemies":"2 Louse","floor":11.0,"turns":2.0},{"damage":12.0,"enemies":"Gremlin Nob","floor":12.0,"turns":5.0},{"damage":3.0,"enemies":"Blue Slaver","floor":14.0,"turns":2.0},{"damage":17.0,"enemies":"Hexaghost","floor":16.0,"turns":11.0},{"damage":1.0,"enemies":"Chosen","floor":18.0,"turns":6.0},{"damage":0.0,"enemies":"3 Byrds","floor":22.0,"turns":1.0},{"damage":16,"enemies":"Slavers","floor":23,"turns":5},{"damage":0,"enemies":"Book of Stabbing","floor":25,"turns":4},{"damage":8,"enemies":"Centurion and Healer","floor":28,"turns":2}],"seed_played":"2128711095995358632","potions_obtained":[{"floor":1.0,"key":"DistilledChaos"},{"floor":5.0,"key":"FearPotion"},{"floor":14.0,"key":"FocusPotion"},{"floor":16.0,"key":"Dexterity Potion"}],"is_trial":false,"path_per_floor":["M","?","$","?","M","E","R","E","T","$","M","E","R","M","R","B",null,"M","?","$","?","M","E","R","E","T","R","M"],"character_chosen":"DEFECT","items_purchased":["Toxic Egg 2","Master of Strategy+1","Gash","Conserve Battery+1","Double Energy+1","Stack+1","Good Instincts+1","Stack+1","Capacitor","Trip+1"],"campfire_rested":2,"item_purchase_floors":[0,0,0,0,0,0,3,3,10,20],"current_hp_per_floor":[44,44,44,29,29,16,38,38,38,38,38,26,48,45,45,28,63,62,52,52,52,52,37,37,43,43,43,37,37],"gold":213,"neow_bonus":"","is_daily":false,"chose_seed":false,"campfire_upgraded":3,"win_rate":0.0,"timestamp":1611762234,"path_taken":["M","?","?","?","M","E","R","E","T","?","M","E","R","M","R","BOSS","M","?","$","?","M","E","R","E","T","R","M"],"items_purchased_type":["Relic","Card","Card","Card","Card","Card","Card","Card","Card","Card"],"build_version":"2020-12-22","purchased_purges":1,"victory":false,"max_hp_per_floor":[75,75,75,75,75,75,75,75,75,75,75,75,75,75,75,75,75,75,52,52,52,52,52,52,52,52,52,52,52],"card_choices":[{"not_picked":["Auto Shields+1","Redo+1"],"picked":"Leap+1","floor":1.0},{"not_picked":["Static Discharge","Lockon"],"picked":"FTL","floor":5.0},{"not_picked":["Barrage","Darkness+1"],"picked":"Steam+1","floor":6.0},{"not_picked":["Stack+1","Sweeping Beam"],"picked":"Conserve Battery+1","floor":8.0},{"not_picked":["Chill+1","Double Energy+1"],"picked":"Hyperbeam","floor":11.0},{"not_picked":["Loop","Sweeping Beam"],"picked":"Genetic Algorithm+1","floor":12.0},{"not_picked":["Sweeping Beam","Barrage"],"picked":"Streamline","floor":14.0},{"not_picked":["Biased Cognition","Machine Learning"],"picked":"Reboot+1","floor":16.0},{"not_picked":["Lockon","Ball Lightning"],"picked":"Hologram+1","floor":18.0},{"not_picked":["Redo+1","Genetic Algorithm+1"],"picked":"Double Energy+1","floor":22.0},{"not_picked":["Doom and Gloom+1","Ball Lightning+1"],"picked":"Skim+1","floor":23},{"not_picked":["Sweeping Beam","Cold Snap"],"picked":"Tempest+1","floor":25}],"player_experience":775549,"relics_obtained":[{"floor":6.0,"key":"Dead Branch"},{"floor":8.0,"key":"Mercury Hourglass"},{"floor":9.0,"key":"Ornamental Fan"},{"floor":12.0,"key":"Shuriken"},{"floor":23,"key":"StoneCalendar"},{"floor":25,"key":"MealTicket"},{"floor":26,"key":"StrikeDummy"}],"event_choices":[{"damage_healed":0.0,"max_hp_gain":0.0,"max_hp_loss":0.0,"gold_gain":0.0,"event_name":"Match and Keep!","player_choice":"3 cards matched","floor":2.0,"gold_loss":0.0,"damage_taken":0.0,"cards_obtained":["Zap","Discovery","Beam Cell"]},{"damage_healed":0.0,"max_hp_gain":0.0,"max_hp_loss":0.0,"gold_gain":0.0,"event_name":"Shining Light","player_choice":"Entered Light","floor":4.0,"gold_loss":0.0,"damage_taken":15.0,"cards_upgraded":["Defend_B","Strike_B"]},{"damage_healed":0.0,"max_hp_gain":0.0,"max_hp_loss":23.0,"gold_gain":0.0,"event_name":"Vampires","player_choice":"Became a vampire","floor":19.0,"gold_loss":0.0,"damage_taken":0.0,"cards_obtained":["Bite","Bite","Bite","Bite","Bite"]}],"is_beta":false,"boss_relics":[{"not_picked":["Busted Crown","Velvet Choker"],"picked":"SacredBark"}],"items_purged_floors":[20],"is_endless":false,"potions_floor_spawned":[1,5,14,16],"killed_by":"Centurion and Healer","ascension_level":10}}