{"host":"kydqlojjt9mno5rv","time":1611772260,"event":{"mods":["AchievementEnabler","BaseMod","Colored Powertips","DeckTracker","Minty Spire (QoL Compilation)","Spicy Shops","StSLib","SuperFastMode","Synergy Search","Weighted Paths"],"gold_per_floor":[112,112,112,122,122,151,164,190,190,190,202,227,8,19,19,123,123,136,136,61,61,81,81,92,125,151,151,176,176,91,108,108,206,206,223,223,239,254,264,264,264],"floor_reached":40,"language":"ENG","playtime":1620,"items_purged":[],"score":495,"play_id":"7763b3be-53ad-4464-8926-7c559405df01","local_time":"20210127133100","is_ascension_mode":true,"campfire_choices":[{"floor":10,"key":"REST"},{"floor":15,"key":"REST"},{"floor":23,"key":"RECALL"},{"floor":27,"key":"REST"},{"data":"Accuracy","floor":29,"key":"SMITH"},{"floor":32,"key":"REST"}],"circlet_count":0,"master_deck":["Strike_G","Strike_G","Strike_G","Strike_G","Strike_G","Defend_G","Defend_G","Defend_G","Defend_G","Survivor","Neutralize","Poisoned Stab","Backflip","Bane","Accuracy","Flying Knee+1","Blade Dance","Accuracy+1","Blade Dance","Doppelganger","CurseOfTheBell","Dagger Throw+1","Flying Knee+1","Backflip","Accuracy","Quick Slash+1","Corpse Explosion","Calculated Gamble+1","Cloak And Dagger","Outmaneuver","Parasite","Finisher+1"],"relics":["Ring of the Snake","NeowsBlessing","InkBottle","Letter Opener","Ninja Scroll","Molten Egg 2","Bottled Tornado","Blue Candle","Calling Bell","Bronze Scales","Sundial","CaptainsWheel","Gremlin Horn","Kunai","Frozen Egg 2","Meat on the Bone","WristBlade"],"acts_visited":["Exordium","TheCity","TheBeyond"],"potions_floor_usage":[28,28,33,40],"damage_taken":[{"damage":0,"enemies":"Jaw Worm","floor":1,"turns":1},{"damage":0,"enemies":"Small Slimes","floor":4,"turns":1},{"damage":0,"enemies":"3 Sentries","floor":6,"turns":2},{"damage":0,"enemies":"2 Louse","floor":7,"turns":1},{"damage":28,"enemies":"Lagavulin","floor":8,"turns":6},{"damage":13,"enemies":"Red Slaver","floor":11,"turns":2},{"damage":14,"enemies":"Gremlin Nob","floor":12,"turns":4},{"damage":0,"enemies":"Large Slime","floor":14,"turns":3},{"damage":35,"enemies":"The Guardian","floor":16,"turns":10},{"damage":2,"enemies":"3 Byrds","floor":18,"turns":3},{"damage":20,"enemies":"2 Thieves","floor":22,"turns":2},{"damage":0,"enemies":"Centurion and Healer","floor":24,"turns":2},{"damage":18,"enemies":"Gremlin Leader","floor":25,"turns":3},{"damage":8,"enemies":"Slavers","floor":28,"turns":2},{"damage":15,"enemies":"Snecko","floor":31,"turns":4},{"damage":26,"enemies":"Automaton","floor":33,"turns":6},{"damage":31,"enemies":"3 Darklings","floor":35,"turns":3},{"damage":19,"enemies":"3 Shapes","floor":37,"turns":2},{"damage":0,"enemies":"Jaw Worm Horde","floor":38,"turns":1},{"damage":24,"enemies":"Writhing Mass","floor":39,"turns":3},{"damage":38,"enemies":"Nemesis","floor":40,"turns":2}],"seed_played":"8395122626379570352","potions_obtained":[{"floor":6,"key":"SteroidPotion"},{"floor":8,"key":"Block Potion"},{"floor":14,"key":"LiquidMemories"},{"floor":28,"key":"LiquidMemories"},{"floor":39,"key":"SkillPotion"}],"is_trial":false,"path_per_floor":["M","?","?","M","?","E","M","E","T","R","M","E","$","M","R","B",null,"M","?","?","$","M","R","M","E","T","R","E","R","?","M","R","B",null,"M","?","M","M","M","E"],"character_chosen":"THE_SILENT","items_purchased":["Accuracy"],"campfire_rested":4,"item_purchase_floors":[13],"current_hp_per_floor":[70,70,70,70,52,52,52,24,24,45,32,18,18,18,39,4,70,68,68,68,68,48,48,48,30,30,51,43,43,43,40,61,47,70,39,39,32,44,32,0,0],"gold":264,"neow_bonus":"THREE_ENEMY_KILL","is_daily":false,"chose_seed":false,"campfire_upgraded":1,"win_rate":0.0,"timestamp":1611772260,"path_taken":["M","?","?","M","?","E","?","E","T","R","M","E","$","M","R","BOSS","M","?","?","$","M","R","M","E","T","R","E","R","?","M","R","BOSS","M","?","M","M","?","E"],"items_purchased_type":["Card"],"build_version":"2020-12-22","purchased_purges":0,"victory":false,"max_hp_per_floor":[70,70,70,70,70,70,70,70,70,70,70,70,70,70,70,70,70,70,70,70,70,70,70,70,70,70,70,70,70,70,70,70,70,70,70,70,70,70,70,70,70],"card_choices":[{"not_picked":["Concentrate","Eviscerate"],"picked":"Poisoned Stab","floor":1},{"not_picked":["PiercingWail","Acrobatics"],"picked":"Backflip","floor":4},{"not_picked":["Prepared","Underhanded Strike"],"picked":"Bane","floor":6},{"not_picked":["Caltrops","Well Laid Plans","Masterful Stab"],"picked":"SKIP","floor":7},{"not_picked":["Doppelganger","Footwork"],"picked":"Accuracy","floor":8},{"not_picked":["Catalyst","Acrobatics"],"picked":"Flying Knee+1","floor":11},{"not_picked":["Acrobatics","Footwork"],"picked":"Blade Dance","floor":12},{"not_picked":["Deflect","Dodge and Roll"],"picked":"Blade Dance","floor":14},{"not_picked":["Envenom","Venomology"],"picked":"Doppelganger","floor":16},{"not_picked":["Crippling Poison+1","Quick Slash+1"],"picked":"Dagger Throw+1","floor":18},{"not_picked":["Prepared","Acrobatics"],"picked":"Flying Knee+1","floor":22},{"not_picked":["Endless Agony+1","Quick Slash+1"],"picked":"Backflip","floor":24},{"not_picked":["Infinite Blades+1","Eviscerate+1"],"picked":"Accuracy","floor":25},{"not_picked":["Deadly Poison","Catalyst","Predator+1"],"picked":"SKIP","floor":28},{"not_picked":["Dodge and Roll","Riddle With Holes+1"],"picked":"Quick Slash+1","floor":31},{"not_picked":["Malaise","Envenom+1"],"picked":"Corpse Explosion","floor":33},{"not_picked":["Distraction","Backflip+1"],"picked":"Calculated Gamble+1","floor":35},{"not_picked":["Endless Agony+1","Heel Hook+1"],"picked":"Cloak And Dagger","floor":37},{"not_picked":["Sucker Punch+1","Prepared"],"picked":"Outmaneuver","floor":38},{"not_picked":["Calculated Gamble","Crippling Poison+1"],"picked":"Finisher+1","floor":39}],"player_experience":137398,"relics_obtained":[{"floor":6,"key":"Ninja Scroll"},{"floor":8,"key":"Molten Egg 2"},{"floor":9,"key":"Bottled Tornado"},{"floor":12,"key":"Blue Candle"},{"floor":17,"key":"Bronze Scales"},{"floor":17,"key":"Sundial"},{"floor":17,"key":"CaptainsWheel"},{"floor":25,"key":"Kunai"},{"floor":28,"key":"Frozen Egg 2"}],"event_choices":[{"damage_healed":0,"gold_gain":0,"player_choice":"Box","damage_taken":0,"relics_obtained":["InkBottle"],"max_hp_gain":0,"max_hp_loss":0,"event_name":"Big Fish","floor":2,"gold_loss":0,"cards_obtained":["Regret"]},{"cards_removed":["Regret"],"damage_healed":0,"gold_gain":0,"player_choice":"Forget","damage_taken":0,"max_hp_gain":0,"max_hp_loss":0,"event_name":"Living Wall","floor":3,"gold_loss":0},{"damage_healed":0,"gold_gain":0,"player_choice":"Success","damage_taken":18,"relics_obtained":["Letter Opener"],"max_hp_gain":0,"max_hp_loss":0,"event_name":"Scrap Ooze","floor":5,"gold_loss":0},{"damage_healed":0,"gold_gain":0,"player_choice":"Opened","damage_taken":0,"relics_obtained":["Gremlin Horn"],"max_hp_gain":0,"max_hp_loss":0,"event_name":"The Mausoleum","floor":19,"gold_loss":0,"cards_obtained":["Writhe"]},{"cards_removed":["Writhe"],"damage_healed":0,"gold_gain":0,"player_choice":"Gave Gold","damage_taken":0,"max_hp_gain":0,"max_hp_loss":0,"event_name":"Beggar","floor":20,"gold_loss":75},{"damage_healed":0,"gold_gain":0,"player_choice":"Obtained Relic","damage_taken":0,"relics_obtained":["Meat on the Bone"],"max_hp_gain":0,"max_hp_loss":0,"event_name":"Addict","floor":30,"gold_loss":85},{"cards_removed":["Defend_G"],"damage_healed":0,"gold_gain":0,"player_choice":"Purged","damage_taken":0,"max_hp_gain":0,"max_hp_loss":0,"event_name":"Purifier","floor":36,"gold_loss":0}],"is_beta":false,"boss_relics":[{"not_picked":["SlaversCollar","Velvet Choker"],"picked":"Calling Bell"},{"not_picked":["Fusion Hammer","Astrolabe"],"picked":"WristBlade"}],"items_purged_floors":[],"is_endless":false,"potions_floor_spawned":[6,8,14,16,18,25,28,39],"killed_by":"Nemesis","ascension_level":1}}