{"host":"6r74n87by7n2az0t","time":1611748576,"event":{"mods":["AchievementEnabler","BaseMod","Colored Map","Colored Powertips","Downfall","Highlight Path","Minty Spire (QoL Compilation)","Rare Cards Sparkle","StSLib"],"gold_per_floor":[99,115,126,143,143,170,170,170,182,182,195,12,12,39,50,153,153,153,173,183,183,199,199,199],"floor_reached":23,"language":"ENG","playtime":1677,"items_purged":["Slimebound:Strike_Slimebound"],"score":203,"play_id":"5aaf3d0f-43fa-487f-84a2-e7456fa75fdd","local_time":"20210127195616","is_ascension_mode":false,"campfire_choices":[{"data":"Slimebound:Split","floor":1.0,"key":"SMITH"},{"floor":8.0,"key":"REST"},{"data":"expansioncontent:PolyBeam","floor":13,"key":"SMITH"},{"data":"Slimebound:RallyTheTroops","floor":18,"key":"SMITH"}],"circlet_count":0,"master_deck":["Slimebound:Tackle","Slimebound:Defend_Slimebound","Slimebound:Defend_Slimebound","Slimebound:Defend_Slimebound","Slimebound:Defend_Slimebound","Slimebound:Split+1","Slimebound:CorrosiveSpit","Slimebound:Equalize","Slimebound:LeechEnergy","Slimebound:SlimeSpikes","Slimebound:SplitAcid","Slimebound:GoopTackle","Slimebound:DouseInSlime","Slimebound:SlimeBrawl","expansioncontent:PolyBeam+1","Slimebound:ViciousTackle","Slimebound:FormOfPuddle","Slimebound:RallyTheTroops+1","Slimebound:ComboTackle","Slimebound:PrepareCrush"],"relics":["Slimebound:AbsorbEndCombat","Ice Cream","Singing Bowl","WingedGreaves","SlaversCollar"],"acts_visited":["Exordium","TheCity"],"potions_floor_usage":[14,16,16,22,22],"damage_taken":[{"damage":3.0,"enemies":"2 Louse","floor":2.0,"turns":3.0},{"damage":0.0,"enemies":"Small Slimes","floor":3.0,"turns":3.0},{"damage":0.0,"enemies":"Cultist","floor":4.0,"turns":3.0},{"damage":51.0,"enemies":"3 Sentries","floor":6.0,"turns":9.0},{"damage":3.0,"enemies":"Large Slime","floor":9.0,"turns":4.0},{"damage":9.0,"enemies":"3 Louse","floor":11.0,"turns":2.0},{"damage":3.0,"enemies":"downfall:FleeingMerchant","floor":12.0,"turns":4.0},{"damage":15,"enemies":"Gremlin Nob","floor":14,"turns":3},{"damage":12,"enemies":"Blue Slaver","floor":15,"turns":3},{"damage":25,"enemies":"IC_STATUS_ARCHETYPE","floor":16,"turns":5},{"damage":12,"enemies":"Spheric Guardian","floor":19,"turns":4},{"damage":6,"enemies":"Chosen","floor":20,"turns":4},{"damage":9,"enemies":"Snecko","floor":22,"turns":2},{"damage":64,"enemies":"Gremlin Leader","floor":23,"turns":3}],"seed_played":"-116159936584980173","potions_obtained":[{"floor":2.0,"key":"Guardian:BlockOnCardUsePotion"},{"floor":6.0,"key":"GamblersBrew"},{"floor":14,"key":"Weak Potion"},{"floor":15,"key":"FearPotion"},{"floor":16,"key":"SneckoOil"},{"floor":20,"key":"GamblersBrew"}],"is_trial":false,"path_per_floor":["R","M","M","M","?","E","T","R","M","?","M","$","R","E","M","B",null,"R","M","M","?","M","E"],"character_chosen":"SLIMEBOUND","items_purchased":["expansioncontent:PolyBeam"],"campfire_rested":1,"item_purchase_floors":[12],"current_hp_per_floor":[71,68,71,71,71,26,26,47,60,60,51,62,62,58,48,31,71,71,71,69,69,64,0,0,0],"gold":199,"neow_bonus":"TEN_PERCENT_HP_BONUS","is_daily":false,"chose_seed":false,"campfire_upgraded":3,"win_rate":0.0,"timestamp":1611748576,"path_taken":["R","M","M","M","?","E","T","R","M","?","M","$","R","E","M","BOSS","R","M","M","?","M","E"],"items_purchased_type":["Card"],"build_version":"2020-12-22","purchased_purges":1,"victory":false,"max_hp_per_floor":[71,71,71,71,71,71,71,71,71,71,71,71,71,71,71,71,71,71,73,73,73,73,73,73,73],"card_choices":[{"not_picked":["Slimebound:FinishingTackle","Slimebound:GoopSpray"],"picked":"Slimebound:Equalize","floor":2.0},{"not_picked":["Slimebound:TongueLash","Slimebound:SplitAcid"],"picked":"Slimebound:LeechEnergy","floor":3.0},{"not_picked":["Slimebound:LivingWall","Slimebound:ViciousTackle"],"picked":"Slimebound:SlimeSpikes","floor":4.0},{"not_picked":["Slimebound:GoopSpray","Slimebound:Replication"],"picked":"Slimebound:SplitAcid","floor":6.0},{"not_picked":["Slimebound:Prepare","Slimebound:LeadByExample"],"picked":"Slimebound:GoopTackle","floor":9.0},{"not_picked":["Slimebound:SlimeBrawl","Slimebound:SplitMire"],"picked":"Slimebound:DouseInSlime","floor":11.0},{"not_picked":["Slimebound:LivingWall","Slimebound:SlimeTap"],"picked":"Slimebound:SlimeBrawl","floor":12},{"not_picked":["Slimebound:BestDefense","Slimebound:GoopSpray"],"picked":"Slimebound:ViciousTackle","floor":14},{"not_picked":["Slimebound:BestDefense","Slimebound:SplitAcid"],"picked":"Slimebound:FormOfPuddle","floor":15},{"not_picked":["Slimebound:Overexert","Slimebound:LeechLife"],"picked":"Slimebound:RallyTheTroops","floor":16},{"not_picked":["Slimebound:FlameTackle","Slimebound:GrowthPunch","Slimebound:SlimeBrawl"],"picked":"Singing Bowl","floor":19},{"not_picked":["Slimebound:SlimeSpikes","Slimebound:SamplingLick"],"picked":"Slimebound:ComboTackle","floor":20},{"not_picked":["Slimebound:PressTheAttack","Slimebound:ItLooksTasty"],"picked":"Slimebound:PrepareCrush","floor":22}],"player_experience":161671,"relics_obtained":[{"floor":6.0,"key":"Ice Cream"},{"floor":7.0,"key":"Singing Bowl"},{"floor":14,"key":"WingedGreaves"}],"event_choices":[{"cards_removed":["Slimebound:Strike_Slimebound"],"damage_healed":0.0,"max_hp_gain":0.0,"max_hp_loss":0.0,"gold_gain":0.0,"event_name":"Living Wall","player_choice":"Forget","floor":5.0,"gold_loss":0.0,"damage_taken":0.0}],"is_beta":false,"boss_relics":[{"not_picked":["Coffee Dripper","Calling Bell"],"picked":"SlaversCollar"}],"items_purged_floors":[12],"is_endless":false,"potions_floor_spawned":[2,6,14,15,16,20],"killed_by":"Gremlin Leader","ascension_level":0}}