{"host":"qvl114e0jmbc6yhm","time":1611781342,"event":{"mods":["Act Like it!","BaseMod","Hermit","Highlight Path","Hubris","Jedi Mod","Marisa????????","Marked Mod","Minty Spire (QoL Compilation)","Permanent Neow","Random Character Button","Relic Sorter","Relic Stats","Replay The Spire","Shop Mod","Spicy Shops","StSLib","The Jungle","The Runesmith"],"gold_per_floor":[362,374,13,29,39,39,68,68,121,133,133,166,166,176,176,248,248,264,179,199,43,43,43,60,90,90,116,133,163,181,193,193,269,269,287,298,312,25,25,25,36,61,129,129,154,154,188,207,207,207],"floor_reached":51,"language":"ENG","playtime":2990,"items_purged":["Strike_G","Strike_G"],"score":2028,"play_id":"97cbcb71-9f40-4f65-825a-f7d3339bb195","local_time":"20210127160222","is_ascension_mode":true,"campfire_choices":[{"data":"Skewer","floor":6,"key":"SMITH"},{"floor":8,"key":"REST"},{"data":"jedi:pocketpoison","floor":11,"key":"SMITH"},{"data":"Bouncing Flask","floor":15,"key":"SMITH"},{"data":"Bullet Time","floor":23,"key":"SMITH"},{"floor":32,"key":"REST"},{"data":"Draining Mist","floor":40,"key":"SMITH"},{"data":"Poison Darts","floor":44,"key":"SMITH"},{"data":"jedi:studypoison","floor":49,"key":"SMITH"}],"circlet_count":0,"master_deck":["AscendersBane","Strike_G","Strike_G+1","Defend_G","Defend_G+1","Defend_G","Defend_G+1","Defend_G","Survivor","Neutralize","Quick Slash+1","Catalyst","Skewer+1","Bouncing Flask+1","jedi:pocketpoison+1","Venomology","Malaise","Backflip","Bullet Time+1","Hidden Blade","Draining Mist+1","Blade Dance","Poison Darts+1","Cloak And Dagger","Burst","Cloak And Dagger+1","Envenom","jedi:studypoison+1","Catalyst+1","Cloak And Dagger+1"],"relics":["Ring of the Snake","Chemical X","Regal Pillow","hubris:AncientText","Whetstone","Mango","Charon\u0027s Ashes","Paper Crane","hubris:EmptyBottle","jedi:matchstick","Mummified Hand","Replay:Mystery Machine","jedi:paperlyon","hubris:RunicObelisk","SacredBark","Membership Card","MerchantsRug","Potion Belt","Oddly Smooth Stone","hubris:GlazedTorus","hubris:Towel","Snake Skull","ReplayTheSpireMod:Shallot","InkBottle","hubris:MedicalManual"],"acts_visited":["Exordium","TheCity","TheBeyond"],"potions_floor_usage":[4,7,12,14,18,24,24,25,25,27,27,27,27,29,29,31,31,31,33,33,36,36,42,50,50,50,50,50,50,50,50,50,50,50],"damage_taken":[{"damage":3.0,"enemies":"2 Louse","floor":1.0,"turns":3.0},{"damage":4,"enemies":"Small Slimes","floor":2,"turns":5},{"damage":0,"enemies":"Cultist","floor":4,"turns":4},{"damage":32,"enemies":"Gremlin Gang","floor":5,"turns":8},{"damage":3,"enemies":"Replay:BlueRogue","floor":7,"turns":4},{"damage":5,"enemies":"Lots of Slimes","floor":10,"turns":7},{"damage":12,"enemies":"Gremlin Nob","floor":12,"turns":4},{"damage":6,"enemies":"3 Louse","floor":14,"turns":3},{"damage":16,"enemies":"Hexaghost","floor":16,"turns":7},{"damage":7,"enemies":"Shell Parasite","floor":18,"turns":6},{"damage":3,"enemies":"3 Byrds","floor":20,"turns":5},{"damage":10,"enemies":"Centurion and Healer","floor":24,"turns":8},{"damage":3,"enemies":"Book of Stabbing","floor":25,"turns":5},{"damage":9,"enemies":"Gremlin Leader","floor":27,"turns":4},{"damage":6,"enemies":"3 Cultists","floor":28,"turns":6},{"damage":0,"enemies":"Book of Stabbing","floor":29,"turns":5},{"damage":0,"enemies":"Cultist and Chosen","floor":30,"turns":4},{"damage":1,"enemies":"Centurion and Healer","floor":31,"turns":6},{"damage":24,"enemies":"Pondfish","floor":33,"turns":15},{"damage":0,"enemies":"3 Shapes","floor":35,"turns":3},{"damage":0,"enemies":"Orb Walker","floor":36,"turns":2},{"damage":0,"enemies":"Sphere and 2 Shapes","floor":37,"turns":3},{"damage":0,"enemies":"Transient","floor":41,"turns":5},{"damage":0,"enemies":"Reptomancer","floor":42,"turns":1},{"damage":0,"enemies":"R_Hoarder","floor":45,"turns":7},{"damage":0,"enemies":"Giant Head","floor":47,"turns":4},{"damage":0,"enemies":"3 Darklings","floor":48,"turns":4},{"damage":0,"enemies":"hubris:GrandSnecko","floor":50,"turns":3}],"seed_played":"-2823692489679510164","potions_obtained":[{"floor":1.0,"key":"Languid Potion"},{"floor":4,"key":"Dexterity Potion"},{"floor":7,"key":"Flashbang"},{"floor":28,"key":"jedi:StrikingPotion"},{"floor":31,"key":"Strength Potion"},{"floor":41,"key":"Milkshake"}],"is_trial":false,"path_per_floor":["M","M","$","M","M","R","E","R","T","M","R","E","?","M","R","B",null,"M","?","M","$","?","R","M","E","T","E","M","E","M","M","R","B",null,"M","M","M","$","?","R","M","E","T","R","E","?","E","M","R","B",null],"character_chosen":"THE_SILENT","items_purchased":["Chemical X","Skewer","Fruit Juice","hubris:EmptyBottle","Membership Card","MerchantsRug","Potion Belt","Oddly Smooth Stone","hubris:GlazedTorus"],"campfire_rested":2,"item_purchase_floors":[3,3,3,21,38,38,38,38,38],"current_hp_per_floor":[56,52,52,57,25,25,22,56,56,51,51,39,53,47,47,31,67,60,60,57,57,57,57,47,44,44,35,29,29,29,28,66,42,70,70,70,70,70,70,70,70,70,70,70,74,74,74,74,74,74],"gold":207,"neow_bonus":"TWO_FIFTY_GOLD","is_daily":false,"chose_seed":false,"campfire_upgraded":7,"win_rate":0.0,"timestamp":1611781342,"path_taken":["M","M","$","M","M","R","E","R","T","M","R","E","?","M","R","BOSS","M","?","M","$","?","R","?","E","T","E","M","E","?","M","R","BOSS","M","M","?","$","?","R","M","E","T","R","E","?","E","M","R","BOSS"],"items_purchased_type":["Relic","Card","Potion","Relic","Relic","Relic","Relic","Relic","Relic"],"build_version":"2020-12-22","purchased_purges":2,"victory":true,"max_hp_per_floor":[60,60,60,65,65,65,65,65,65,65,65,65,79,79,79,79,79,79,79,79,79,79,79,79,79,79,79,79,79,79,79,79,79,79,79,79,79,79,79,79,79,79,79,79,79,79,79,79,79,79],"relic_stats":{"Regal Pillow":30,"counters":[28,141],"Mummified Hand":[8],"Charon\u0027s Ashes":[594],"Snake Skull":[65],"Chemical X":[67],"Whetstone":["Strike_G","Quick Slash"],"obtain_stats":[{"Regal Pillow":7,"SacredBark":34,"Mango":13,"Snake Skull":42,"Whetstone":12,"hubris:EmptyBottle":21,"Replay:Mystery Machine":27,"hubris:RunicObelisk":34,"hubris:Backtick":17,"Mummified Hand":26,"jedi:paperlyon":34,"jedi:matchstick":25,"Chemical X":3,"InkBottle":45,"Ring of the Snake":0,"hubris:GlazedTorus":38,"Potion Belt":38,"MerchantsRug":38,"Replay:Grab Bag":34,"Oddly Smooth Stone":38,"Charon\u0027s Ashes":17,"hubris:MedicalManual":47,"Paper Crane":19,"hubris:Towel":39,"ReplayTheSpireMod:Shallot":43,"Simple Rune":29,"Membership Card":38,"hubris:AncientText":9},{"Regal Pillow":5,"SacredBark":19,"Mango":7,"Snake Skull":24,"Whetstone":7,"hubris:EmptyBottle":11,"Replay:Mystery Machine":14,"hubris:RunicObelisk":19,"hubris:Backtick":9,"Mummified Hand":13,"jedi:paperlyon":19,"jedi:matchstick":13,"Chemical X":2,"InkBottle":25,"Ring of the Snake":0,"hubris:GlazedTorus":22,"Potion Belt":22,"MerchantsRug":22,"Replay:Grab Bag":19,"Oddly Smooth Stone":22,"Charon\u0027s Ashes":9,"hubris:MedicalManual":26,"Paper Crane":10,"hubris:Towel":22,"ReplayTheSpireMod:Shallot":24,"Simple Rune":16,"Membership Card":22,"hubris:AncientText":5},{"Regal Pillow":24,"SacredBark":109,"Mango":35,"Snake Skull":123,"Whetstone":35,"hubris:EmptyBottle":56,"Replay:Mystery Machine":73,"hubris:RunicObelisk":109,"hubris:Backtick":45,"Mummified Hand":69,"jedi:paperlyon":109,"jedi:matchstick":69,"Chemical X":8,"InkBottle":130,"Ring of the Snake":0,"hubris:GlazedTorus":117,"Potion Belt":117,"MerchantsRug":117,"Replay:Grab Bag":109,"Oddly Smooth Stone":117,"Charon\u0027s Ashes":45,"hubris:MedicalManual":134,"Paper Crane":51,"hubris:Towel":117,"ReplayTheSpireMod:Shallot":123,"Simple Rune":84,"Membership Card":117,"hubris:AncientText":24}],"InkBottle":[5],"Ring of the Snake":[56]},"card_choices":[{"not_picked":["jedi:pocketpoison","Bane"],"picked":"Quick Slash","floor":1.0},{"not_picked":["Eviscerate","Underhanded Strike"],"picked":"Catalyst","floor":2},{"not_picked":["jedi:pocketpoison","Flechettes"],"picked":"Bouncing Flask","floor":4},{"not_picked":["PiercingWail","Dagger Throw"],"picked":"jedi:pocketpoison","floor":5},{"not_picked":["Sucker Punch","Underhanded Strike"],"picked":"Venomology","floor":7},{"not_picked":["jedi:acidrain","Outmaneuver","Underhanded Strike"],"picked":"SKIP","floor":10},{"not_picked":["Acrobatics","Concentrate","Hidden Blade"],"picked":"SKIP","floor":12},{"not_picked":["Dagger Throw","Sucker Punch","Prepared"],"picked":"SKIP","floor":14},{"not_picked":["Doppelganger","Die Die Die"],"picked":"Malaise","floor":16},{"not_picked":["Deadly Poison","jedi:pocketpoison","Replay:Poison Smokescreen"],"picked":"SKIP","floor":18},{"not_picked":["Prepared","Flying Knee+1"],"picked":"Backflip","floor":20},{"not_picked":["Finisher","Dash"],"picked":"Hidden Blade","floor":24},{"not_picked":["Accuracy","Choke+1","Backflip"],"picked":"SKIP","floor":25},{"not_picked":["Dodge and Roll","Flying Knee","Dagger Throw"],"picked":"SKIP","floor":27},{"not_picked":["Escape Plan","Dagger Spray"],"picked":"Draining Mist","floor":28},{"not_picked":["Tools of the Trade","Acrobatics","Reflex"],"picked":"SKIP","floor":29},{"not_picked":["Underhanded Strike","Sucker Punch","Backflip"],"picked":"SKIP","floor":30},{"not_picked":["Finisher+1","jedi:collectorvenom"],"picked":"Blade Dance","floor":31},{"not_picked":["Atom Bomb","Die Die Die"],"picked":"Poison Darts","floor":33},{"not_picked":["Bane","Dodge and Roll"],"picked":"Cloak And Dagger","floor":35},{"not_picked":["Dash+1","PiercingWail","jedi:acidrain"],"picked":"SKIP","floor":36},{"not_picked":["jedi:pocketpoison","Sucker Punch","Prepared+1"],"picked":"SKIP","floor":37},{"not_picked":["Poisoned Stab","Bane"],"picked":"Burst","floor":41},{"not_picked":["ReplayTheSpireMod:The Works","Terror"],"picked":"Cloak And Dagger+1","floor":42},{"not_picked":["PiercingWail+1","Terror"],"picked":"Envenom","floor":45},{"not_picked":["Riddle With Holes","Dodge and Roll"],"picked":"Catalyst+1","floor":47},{"not_picked":["Dagger Spray+1","Bane"],"picked":"Cloak And Dagger+1","floor":48}],"player_experience":2462057,"relics_obtained":[{"floor":7,"key":"Regal Pillow"},{"floor":9,"key":"hubris:AncientText"},{"floor":12,"key":"Whetstone"},{"floor":25,"key":"jedi:matchstick"},{"floor":26,"key":"Mummified Hand"},{"floor":27,"key":"Replay:Mystery Machine"},{"floor":29,"key":"Simple Rune"},{"floor":42,"key":"Snake Skull"},{"floor":43,"key":"ReplayTheSpireMod:Shallot"},{"floor":45,"key":"InkBottle"},{"floor":47,"key":"hubris:MedicalManual"}],"event_choices":[{"damage_healed":0,"gold_gain":0,"player_choice":"Searched \u00271\u0027 times","damage_taken":0,"relics_obtained":["Mango"],"max_hp_gain":0,"max_hp_loss":0,"event_name":"Dead Adventurer","floor":13,"gold_loss":0},{"damage_healed":0,"gold_gain":0,"player_choice":"Obtained Relic","damage_taken":0,"relics_obtained":["Paper Crane"],"max_hp_gain":0,"max_hp_loss":0,"event_name":"Addict","floor":19,"gold_loss":85},{"damage_healed":0,"gold_gain":0,"cards_transformed":["Strike_G"],"player_choice":"Transformed","damage_taken":0,"max_hp_gain":0,"max_hp_loss":0,"event_name":"Transmorgrifier","floor":22,"gold_loss":0,"cards_obtained":["Bullet Time"]},{"damage_healed":0,"gold_gain":0,"player_choice":"1 cards matched","damage_taken":0,"max_hp_gain":0,"max_hp_loss":0,"event_name":"Match and Keep!","floor":46,"gold_loss":0,"cards_obtained":["jedi:studypoison"]}],"is_beta":false,"boss_relics":[{"not_picked":["Kintsugi","Replay:Bronze Core"],"picked":"hubris:Backtick"},{"not_picked":["Calling Bell","hubris:GrandSneckoEye"],"picked":"Replay:Grab Bag"},{"not_picked":["Fusion Hammer","Painkiller Herb"],"picked":"jedi:paperlyon"},{"not_picked":["jedi:battlestandard","Runesmith:UraniumAnvil"],"picked":"hubris:RunicObelisk"},{"not_picked":["Pandora\u0027s Box","hubris:HollowSoul"],"picked":"SacredBark"}],"items_purged_floors":[3,38],"is_endless":false,"potions_floor_spawned":[1,4,7,16,20,24,28,29,31,36,41,48],"ascension_level":14}}