{"host":"6ayekdpky30mcb5q","time":1611711141,"event":{"mods":["Act Like it!","BaseMod","Colored Map","Downfall","GifTheSpireLib","Highlight Path","Minty Spire (QoL Compilation)","StSLib","WoW Paladin Mod"],"gold_per_floor":[113,130,130,151,326,326,302,321,321,365,18,18,18,41,41,169,169,183,172,172,193,193,193,212,64,64,64,104,4,4,4,4,133,133,151,4,4,4,4,4,35,59,59,59,72,72,116,130,130,130],"floor_reached":51,"language":"ENG","playtime":4718,"items_purged":["Doubt","WoWPaladin:TemplarsVerdict","WoWPaladin:DefendPaladin"],"score":678,"play_id":"ad3d80a5-9394-4515-89cf-5f8f0f2f4ba4","local_time":"20210126193221","is_ascension_mode":false,"campfire_choices":[{"data":"WoWPaladin:HolySmite","floor":6.0,"key":"SMITH"},{"floor":12.0,"key":"REST"},{"data":"WoWPaladin:BlindingLight","floor":15.0,"key":"SMITH"},{"data":"RitualDagger","floor":23.0,"key":"SMITH"},{"data":"WoWPaladin:DivineBulwark","floor":27.0,"key":"SMITH"},{"floor":32.0,"key":"REST"},{"data":"WoWPaladin:OathOfChains","floor":40,"key":"SMITH"},{"data":"1","floor":46,"key":"LIFT"},{"data":"2","floor":49,"key":"LIFT"}],"circlet_count":0,"master_deck":["WoWPaladin:StrikePaladin","WoWPaladin:StrikePaladin","WoWPaladin:StrikePaladin","WoWPaladin:StrikePaladin","WoWPaladin:DefendPaladin","WoWPaladin:DefendPaladin","WoWPaladin:DefendPaladin","WoWPaladin:DefendPaladin+1","WoWPaladin:HolySmite+1","WoWPaladin:DivineBulwark+1","WoWPaladin:DivineBulwark","WoWPaladin:BlindingLight+1","WoWPaladin:DivineBulwark","WoWPaladin:ArdentDefense+1","WoWPaladin:SeraphStrike","WoWPaladin:OathOfPiety","WoWPaladin:OathOfVigilance","WoWPaladin:LayOnHands","WoWPaladin:HammerOfWrath","RitualDagger+1","WoWPaladin:HammerOfWrath+1","WoWPaladin:OathOfChains+1","WoWPaladin:Thorns","Madness","Madness","WoWPaladin:CondemnHeresy+1","WoWPaladin:OathOfPiety+1","WoWPaladin:FaithInTheLight+1","WoWPaladin:RapturousCharge","WoWPaladin:BlindingLight"],"relics":["WoWPaladin:AshbringerRelic","Golden Idol","Incense Burner","Pantograph","Oddly Smooth Stone","Velvet Choker","War Paint","Bottled Lightning","Red Mask","Girya","Bird Faced Urn","Juzu Bracelet"],"acts_visited":["Exordium","TheCity","TheBeyond"],"potions_floor_usage":[],"damage_taken":[{"damage":0.0,"enemies":"Small Slimes","floor":1.0,"turns":3.0},{"damage":0.0,"enemies":"2 Louse","floor":2.0,"turns":2.0},{"damage":4.0,"enemies":"Cultist","floor":4.0,"turns":4.0},{"damage":15.0,"enemies":"Exordium Thugs","floor":7.0,"turns":7.0},{"damage":10.0,"enemies":"Looter","floor":8.0,"turns":5.0},{"damage":13.0,"enemies":"3 Sentries","floor":10.0,"turns":24.0},{"damage":1.0,"enemies":"3 Louse","floor":14.0,"turns":7.0},{"damage":29.0,"enemies":"Hexaghost","floor":16.0,"turns":15.0},{"damage":0.0,"enemies":"Chosen","floor":18.0,"turns":11.0},{"damage":18.0,"enemies":"2 Thieves","floor":19.0,"turns":4.0},{"damage":5.0,"enemies":"3 Cultists","floor":21.0,"turns":9.0},{"damage":4.0,"enemies":"Centurion and Healer","floor":24.0,"turns":10.0},{"damage":47.0,"enemies":"Masked Bandits","floor":28.0,"turns":11.0},{"damage":38.0,"enemies":"Automaton","floor":33.0,"turns":17.0},{"damage":39,"enemies":"3 Shapes","floor":35,"turns":13},{"damage":0,"enemies":"Giant Head","floor":41,"turns":18},{"damage":5,"enemies":"3 Darklings","floor":42,"turns":10},{"damage":18,"enemies":"Transient","floor":45,"turns":5},{"damage":40,"enemies":"Nemesis","floor":47,"turns":13},{"damage":8,"enemies":"Maw","floor":48,"turns":14},{"damage":64,"enemies":"Donu and Deca","floor":50,"turns":25}],"seed_played":"-8484184987341485565","potions_obtained":[{"floor":1.0,"key":"SmokeBomb"},{"floor":8.0,"key":"SpeedPotion"},{"floor":14.0,"key":"Ancient Potion"},{"floor":47,"key":"WoWPaladin:PlaceholderPotion"}],"is_trial":false,"path_per_floor":["M","M","?","M","?","R","M","M","T","E","$","R","?","M","R","B",null,"M","M","?","M","?","R","M","$","T","R","?","$","?","$","R","B",null,"M","$","?","$","?","R","E","M","T","?","M","R","E","M","R","B",null],"character_chosen":"THE_PALADIN","items_purchased":["WoWPaladin:SeraphStrike","WoWPaladin:OathOfPiety","Oddly Smooth Stone","War Paint","WoWPaladin:Thorns"],"campfire_rested":2,"item_purchase_floors":[11,11,11,25,36],"current_hp_per_floor":[88,88,66,62,62,62,47,37,37,24,24,50,50,49,49,45,88,88,70,64,69,69,69,75,75,75,75,38,38,38,38,64,50,88,49,49,49,49,38,38,48,53,53,53,37,37,26,88,88,88],"gold":130,"neow_bonus":"TEN_PERCENT_HP_BONUS","is_daily":false,"chose_seed":false,"campfire_upgraded":5,"win_rate":0.0,"timestamp":1611711141,"path_taken":["M","M","?","M","?","R","M","M","T","E","$","R","?","M","R","BOSS","M","M","?","M","?","R","M","$","T","R","?","$","?","$","R","BOSS","M","$","?","?","?","R","E","M","T","?","M","R","E","M","R","BOSS"],"items_purchased_type":["Card","Card","Relic","Relic","Card"],"build_version":"2020-12-22","purchased_purges":3,"victory":true,"max_hp_per_floor":[88,88,88,88,88,88,88,88,88,88,88,88,88,88,88,88,88,88,88,88,88,88,88,88,88,88,88,88,88,88,88,88,88,88,88,88,88,88,88,88,88,88,88,88,88,88,88,88,88,88],"card_choices":[{"not_picked":["WoWPaladin:Consecration","WoWPaladin:Prayer"],"picked":"WoWPaladin:DivineBulwark","floor":1.0},{"not_picked":["WoWPaladin:Resolve","WoWPaladin:CrusaderStrike"],"picked":"WoWPaladin:DivineBulwark","floor":2.0},{"not_picked":["WoWPaladin:SacredCross","WoWPaladin:RapturousCharge"],"picked":"WoWPaladin:BlindingLight","floor":4.0},{"not_picked":["WoWPaladin:Zeal","WoWPaladin:FistOfTheHeavens"],"picked":"WoWPaladin:DivineBulwark","floor":7.0},{"not_picked":["WoWPaladin:GuidingStrike","WoWPaladin:EstablishmentPaladin"],"picked":"WoWPaladin:ArdentDefense","floor":8.0},{"not_picked":["WoWPaladin:OathOfVigilance","WoWPaladin:HandOfReckoning"],"picked":"WoWPaladin:CrusaderStrike","floor":10.0},{"not_picked":["WoWPaladin:EqualizingSwath","WoWPaladin:JusticeDemandsRetribution"],"picked":"WoWPaladin:OathOfVigilance","floor":14.0},{"not_picked":["WoWPaladin:ZealousPersecution","WoWPaladin:Aegis"],"picked":"WoWPaladin:LayOnHands","floor":16.0},{"not_picked":["WoWPaladin:ValiantCharge","WoWPaladin:DivineBulwark","WoWPaladin:Prayer+1"],"picked":"SKIP","floor":18.0},{"not_picked":["WoWPaladin:Judgement+1","WoWPaladin:FistOfTheHeavens"],"picked":"WoWPaladin:HammerOfWrath","floor":19.0},{"not_picked":["WoWPaladin:OathOfVigilance","WoWPaladin:RighteousAnger","WoWPaladin:Zeal"],"picked":"SKIP","floor":21.0},{"not_picked":["WoWPaladin:Brace","WoWPaladin:EqualizingSwath","WoWPaladin:RighteousAnger"],"picked":"SKIP","floor":24.0},{"not_picked":["WoWPaladin:RighteousAnger","WoWPaladin:CondemnHeresy"],"picked":"WoWPaladin:HammerOfWrath+1","floor":28.0},{"not_picked":["WoWPaladin:LayOnHands","WoWPaladin:HammerOfJustice"],"picked":"WoWPaladin:OathOfChains","floor":33.0},{"not_picked":["WoWPaladin:OathOfVigilance+1","WoWPaladin:SentinelStance","WoWPaladin:RighteousDuty"],"picked":"SKIP","floor":35},{"not_picked":["WoWPaladin:OathOfVigilance+1","WoWPaladin:SentinelStance","WoWPaladin:RighteousDuty"],"picked":"SKIP","floor":35},{"not_picked":["WoWPaladin:Rebuke+1","WoWPaladin:CrusadersJudgement+1"],"picked":"WoWPaladin:CondemnHeresy+1","floor":41},{"not_picked":["WoWPaladin:JusticeForAll","WoWPaladin:Zeal+1"],"picked":"WoWPaladin:OathOfPiety+1","floor":42},{"not_picked":["WoWPaladin:Prayer+1","WoWPaladin:Consecration"],"picked":"WoWPaladin:FaithInTheLight+1","floor":45},{"not_picked":["WoWPaladin:Repentance","WoWPaladin:GrandCrusader"],"picked":"WoWPaladin:RapturousCharge","floor":47},{"not_picked":["WoWPaladin:ValiantCharge","WoWPaladin:Prayer+1"],"picked":"WoWPaladin:BlindingLight","floor":48}],"player_experience":598413,"relics_obtained":[{"floor":9.0,"key":"Incense Burner"},{"floor":10.0,"key":"Pantograph"},{"floor":26.0,"key":"Bottled Lightning"},{"floor":28.0,"key":"Red Mask"},{"floor":41,"key":"Girya"},{"floor":43,"key":"Bird Faced Urn"},{"floor":47,"key":"Juzu Bracelet"}],"event_choices":[{"damage_healed":0.0,"max_hp_gain":0.0,"max_hp_loss":0.0,"gold_gain":0.0,"event_name":"Golden Idol","player_choice":"Take Damage","floor":3.0,"gold_loss":0.0,"damage_taken":22.0,"relics_obtained":["Golden Idol"]},{"damage_healed":0.0,"max_hp_gain":0.0,"max_hp_loss":0.0,"gold_gain":175.0,"event_name":"Liars Game","player_choice":"AGREE","floor":5.0,"gold_loss":0.0,"damage_taken":0.0,"cards_obtained":["Doubt"]},{"damage_healed":0.0,"max_hp_gain":0.0,"max_hp_loss":0.0,"gold_gain":0.0,"event_name":"Dead Adventurer","player_choice":"Searched \u00271\u0027 times","floor":13.0,"gold_loss":0.0,"damage_taken":0.0},{"damage_healed":0.0,"max_hp_gain":0.0,"max_hp_loss":0.0,"gold_gain":0.0,"event_name":"Nest","player_choice":"Joined the Cult","floor":20.0,"gold_loss":0.0,"damage_taken":6.0,"cards_obtained":["RitualDagger"]},{"damage_healed":0.0,"max_hp_gain":0.0,"max_hp_loss":0.0,"gold_gain":0.0,"event_name":"Vampires","player_choice":"Ignored","floor":22.0,"gold_loss":0.0,"damage_taken":0.0},{"damage_healed":0.0,"max_hp_gain":0.0,"max_hp_loss":0.0,"gold_gain":0.0,"event_name":"Masked Bandits","player_choice":"Fought Bandits","floor":28.0,"gold_loss":0.0,"damage_taken":0.0},{"cards_removed":["WoWPaladin:StrikePaladin"],"damage_healed":0.0,"max_hp_gain":0.0,"max_hp_loss":0.0,"gold_gain":0.0,"event_name":"Purifier","player_choice":"Purged","floor":30.0,"gold_loss":0.0,"damage_taken":0.0},{"damage_healed":0,"gold_gain":0,"player_choice":"Ignored","damage_taken":0,"max_hp_gain":0,"max_hp_loss":0,"event_name":"Mysterious Sphere","floor":37,"gold_loss":0},{"damage_healed":0,"gold_gain":0,"player_choice":"Embrace Madness","damage_taken":11,"max_hp_gain":0,"max_hp_loss":0,"event_name":"Winding Halls","floor":39,"gold_loss":0,"cards_obtained":["Madness","Madness"]},{"cards_removed":["WoWPaladin:CrusaderStrike"],"damage_healed":0,"gold_gain":0,"player_choice":"Removed Attack","damage_taken":0,"max_hp_gain":0,"max_hp_loss":0,"event_name":"Falling","floor":44,"gold_loss":0}],"is_beta":false,"boss_relics":[{"not_picked":["Black Star","Fusion Hammer"],"picked":"Velvet Choker"},{"not_picked":["Runic Dome","Coffee Dripper","Snecko Eye"]}],"items_purged_floors":[11,29,36],"is_endless":false,"potions_floor_spawned":[1,8,14,19,28,33,45,47],"ascension_level":0}}