{"host":"vpcwwncyo54nsck6","time":1611709450,"event":{"mods":["BaseMod","Downfall","Minty Spire (QoL Compilation)","StSLib"],"gold_per_floor":[99,109,21,40,56,56,111,122,139,39,50,69,109,128,140,140,140,140],"floor_reached":16,"language":"ENG","playtime":1609,"items_purged":[],"score":108,"play_id":"f5a4daed-09ed-44cc-801b-052fc2f96dab","local_time":"20210126170410","is_ascension_mode":false,"campfire_choices":[{"floor":1,"key":"RECALL"},{"data":"Seek","floor":10,"key":"SMITH"}],"circlet_count":0,"master_deck":["sneckomod:Strike","sneckomod:Strike","sneckomod:Strike","sneckomod:Defend","sneckomod:Defend","sneckomod:Defend","sneckomod:TailWhip","sneckomod:SnekBite","sneckomod:Unknown","sneckomod:Rotation","sneckomod:SoulDraw+1","sneckomod:MasterEye","sneckomod:UnknownX","sneckomod:QuickMove","Seek+1","sneckomod:Unknown2Cost","sneckomod:UnknownCommonAttack","sneckomod:WideSting","sneckomod:RainOfDice","sneckomod:WideSting","sneckomod:UnknownRareAttack","sneckomod:RainOfDice"],"relics":["sneckomod:SneckoSoul","downfall:HeartBlessingRed","Slimebound:PreparedRelic"],"acts_visited":["Exordium"],"potions_floor_usage":[16,16,16],"damage_taken":[{"damage":0,"enemies":"Cultist","floor":2,"turns":2},{"damage":0,"enemies":"downfall:FleeingMerchant","floor":3,"turns":4},{"damage":0,"enemies":"Small Slimes","floor":4,"turns":4},{"damage":1,"enemies":"Jaw Worm","floor":5,"turns":3},{"damage":0,"enemies":"2 Fungi Beasts","floor":8,"turns":2},{"damage":13,"enemies":"Large Slime","floor":9,"turns":8},{"damage":19,"enemies":"Blue Slaver","floor":11,"turns":5},{"damage":5,"enemies":"2 Fungi Beasts","floor":12,"turns":3},{"damage":46,"enemies":"Lagavulin","floor":13,"turns":7},{"damage":8,"enemies":"Large Slime","floor":14,"turns":4},{"damage":0,"enemies":"Exordium Wildlife","floor":15,"turns":3},{"damage":24,"enemies":"DF_ARCHETYPE_STREAMLINE","floor":16,"turns":3}],"seed_played":"6492544367230464516","potions_obtained":[{"floor":8,"key":"SteroidPotion"},{"floor":9,"key":"sneckomod:CheatPotion"},{"floor":11,"key":"hexamod:SoulburnPotion"},{"floor":13,"key":"sneckomod:DiceRollPotion"},{"floor":14,"key":"EntropicBrew"}],"is_trial":false,"path_per_floor":["R","M","$","M","M","R","T","M","M","R","M","M","E","M","M","B"],"character_chosen":"THE_SNECKO","items_purchased":["sneckomod:MasterEye"],"campfire_rested":0,"item_purchase_floors":[3],"current_hp_per_floor":[99,99,99,99,98,98,98,98,85,85,66,61,15,7,7,0,0,0],"gold":140,"neow_bonus":"TEN_PERCENT_HP_BONUS","is_daily":false,"chose_seed":false,"campfire_upgraded":1,"win_rate":0.0,"timestamp":1611709450,"path_taken":["R","M","$","M","M","R","T","M","?","R","M","M","E","M","M","BOSS"],"items_purchased_type":["Card"],"build_version":"2020-12-22","purchased_purges":0,"victory":false,"max_hp_per_floor":[99,99,99,99,99,99,99,99,99,99,99,99,99,99,99,99,99,99],"card_choices":[{"not_picked":["sneckomod:UnknownStrike","sneckomod:UnknownUncommonPower"],"picked":"sneckomod:Rotation","floor":2},{"not_picked":["sneckomod:Nope","sneckomod:Unknown1Cost"],"picked":"sneckomod:SoulDraw","floor":3},{"not_picked":["sneckomod:UnknownBlock","sneckomod:Nope"],"picked":"sneckomod:UnknownX","floor":4},{"not_picked":["sneckomod:SnekBeam","sneckomod:UnknownCommonSkill"],"picked":"sneckomod:QuickMove","floor":5},{"not_picked":["sneckomod:TrashToTreasure","sneckomod:UnknownStrike"],"picked":"sneckomod:Unknown2Cost","floor":8},{"not_picked":["sneckomod:Nope","sneckomod:DiceBlock"],"picked":"sneckomod:UnknownCommonAttack","floor":9},{"not_picked":["sneckomod:Memorize","sneckomod:Transmogrify"],"picked":"sneckomod:WideSting","floor":11},{"not_picked":["sneckomod:MixItUp","sneckomod:SoulRoll"],"picked":"sneckomod:RainOfDice","floor":12},{"not_picked":["sneckomod:SoulDraw","sneckomod:DiceBlock"],"picked":"sneckomod:WideSting","floor":13},{"not_picked":["sneckomod:UnknownBlock","sneckomod:RainOfDice"],"picked":"sneckomod:UnknownRareAttack","floor":14},{"not_picked":["sneckomod:QuickBite","sneckomod:DiceBlock"],"picked":"sneckomod:RainOfDice","floor":15}],"player_experience":2485540,"relics_obtained":[{"floor":13,"key":"Slimebound:PreparedRelic"}],"event_choices":[],"is_beta":false,"boss_relics":[],"items_purged_floors":[],"is_endless":false,"potions_floor_spawned":[8,9,11,13,14,15],"killed_by":"DF_ARCHETYPE_STREAMLINE","ascension_level":0}}