{"host":"vqs1j3qalc1cciyt","time":1611706437,"event":{"mods":["2.2 Compatiblity","AchievementEnabler","Aspiration","Bard","BaseMod","Beaked The Cultist","Better Altar","Better Match","Better Note","Better Sensory Stone","Better Skull","Better Third Choice","Clockwork Mod","Colored Map","Conspire","Downfall","Friendly Minions","GifTheSpireLib","Glutton Mod","Halation","Highlight Path","Hubris","Infinite Spire","Minty Spire (QoL Compilation)","RRrroohrrRGHHhhh!!","Replay The Spire","Spicy Shops","StSLib","Stuff the Spire","The Construct","The Cursed","The Disciple","The Hierophant"],"gold_per_floor":[99,99,99,99,549,574,574,589,605,634,647,657,17,35,52,52,52,52],"floor_reached":16,"language":"ENG","playtime":846,"items_purged":["downfall:Icky","downfall:Icky"],"score":151,"play_id":"4682fdad-17ee-4b2d-94d6-734fe1ac9ed0","local_time":"20210126161357","is_ascension_mode":true,"campfire_choices":[{"data":"Guardian:TwinSlam","floor":1,"key":"SMITH"}],"circlet_count":0,"master_deck":["Guardian:Strike_Guardian","Guardian:Strike_Guardian","Guardian:Strike_Guardian","Guardian:Strike_Guardian","Guardian:Defend_Guardian","Guardian:Defend_Guardian","Guardian:Defend_Guardian","Guardian:Defend_Guardian","Guardian:CurlUp","Guardian:TwinSlam+1","Guardian:Gem_Green","Guardian:RollAttack","downfall:Icky","Guardian:ChargeCore","Guardian:Gem_Red","Guardian:Gem_Purple","Guardian:PiercingHide","Guardian:ChargeCore","Guardian:TemporalShield","Guardian:AncientConstruct","Guardian:FuturePlans","Guardian:Gem_White","Guardian:EvasiveProtocol"],"relics":["Guardian:ModeShifter","downfall:HeartsMalice","Bronze Scales","hubris:ToyBattleship","Omamori","Replay:Baseball","ReplayTheSpireMod:TigerMarble"],"acts_visited":["Exordium"],"potions_floor_usage":[12,15,16,16],"damage_taken":[{"damage":0,"enemies":"Jaw Worm","floor":2,"turns":1},{"damage":0,"enemies":"2 Louse","floor":3,"turns":1},{"damage":0,"enemies":"Gremlin Nob","floor":6,"turns":1},{"damage":4,"enemies":"Small Slimes","floor":8,"turns":5},{"damage":13,"enemies":"Blue Slaver","floor":9,"turns":3},{"damage":37,"enemies":"Lagavulin","floor":10,"turns":8},{"damage":7,"enemies":"3 Louse","floor":11,"turns":1},{"damage":7,"enemies":"Red Slaver","floor":12,"turns":3},{"damage":0,"enemies":"downfall:FleeingMerchant","floor":13,"turns":4},{"damage":0,"enemies":"Gremlin Gang","floor":14,"turns":4},{"damage":0,"enemies":"Large Slime","floor":15,"turns":5},{"damage":17,"enemies":"DF_ARCHETYPE_STREAMLINE","floor":16,"turns":3}],"seed_played":"5394324259621687864","potions_obtained":[{"floor":8,"key":"Guardian:AcceleratePotion"},{"floor":9,"key":"Milkshake"},{"floor":10,"key":"SpeedPotion"},{"floor":12,"key":"BlessingOfTheForge"},{"floor":14,"key":"DistilledChaos"},{"floor":15,"key":"Explosive Potion"}],"is_trial":false,"path_per_floor":["R","M","M","?","?","E","T","M","M","E","M","M","$","M","M","B"],"character_chosen":"GUARDIAN","items_purchased":["Guardian:FuturePlans","Guardian:Gem_White","Replay:Baseball","ReplayTheSpireMod:TigerMarble"],"campfire_rested":0,"item_purchase_floors":[13,13,13,13],"current_hp_per_floor":[80,80,80,80,80,80,80,76,63,26,19,12,12,13,13,0,0,0],"gold":52,"neow_bonus":"THREE_ENEMY_KILL","is_daily":false,"chose_seed":false,"campfire_upgraded":1,"win_rate":0.0,"timestamp":1611706437,"path_taken":["R","M","M","?","?","E","T","M","M","E","M","M","$","M","M","BOSS"],"items_purchased_type":["Card","Card","Relic","Relic"],"build_version":"2020-12-22","purchased_purges":2,"victory":false,"max_hp_per_floor":[80,80,80,80,80,80,80,80,80,80,80,80,80,81,81,81,81,81],"card_choices":[{"not_picked":["Guardian:PiercingHide","Guardian:TemporalStrike"],"picked":"Guardian:Gem_Green","floor":2},{"not_picked":["Guardian:Planning","Guardian:PiercingHide"],"picked":"Guardian:RollAttack","floor":3},{"not_picked":["Guardian:Gem_Yellow","Guardian:CrystalBeam"],"picked":"Guardian:ChargeCore","floor":6},{"not_picked":["Guardian:WalkerClaw","Guardian:Gem_Green"],"picked":"Guardian:Gem_Red","floor":8},{"not_picked":["Guardian:RollAttack","Guardian:Gem_Lightblue"],"picked":"Guardian:Gem_Purple","floor":9},{"not_picked":["Guardian:Incinerate","Guardian:GemFire"],"picked":"Guardian:PiercingHide","floor":10},{"not_picked":["Guardian:BodySlam","Guardian:RollAttack"],"picked":"Guardian:ChargeCore","floor":11},{"not_picked":["Guardian:ArmoredProtocol","Guardian:CrystalBeam"],"picked":"Guardian:TemporalShield","floor":12},{"not_picked":["Guardian:Reroute","Guardian:Emergency"],"picked":"Guardian:AncientConstruct","floor":13},{"not_picked":["Guardian:RollAttack","Guardian:VentSteam"],"picked":"Guardian:EvasiveProtocol","floor":14},{"not_picked":["Guardian:TemporalShield","Guardian:GemFinder","Guardian:WalkerClaw"],"picked":"SKIP","floor":15}],"player_experience":919325,"relics_obtained":[{"floor":4,"key":"Bronze Scales"},{"floor":6,"key":"hubris:ToyBattleship"},{"floor":10,"key":"Omamori"}],"event_choices":[],"is_beta":false,"boss_relics":[],"items_purged_floors":[13,13],"is_endless":false,"potions_floor_spawned":[8,9,10,12,14,15],"killed_by":"DF_ARCHETYPE_STREAMLINE","ascension_level":2}}