{"host":"fortuna","time":1611759761,"event":{"mods":["100% Spire Juice","Act Like it!","Arknights The Spire","BaseMod","Downfall","Gensokyo","Hallownest","Luminous","Minty Spire (QoL Compilation)","Reimu£®≤©¿ˆ¡È√Œ£©","Relic Stats","StSLib","The Administrix","Waifu the Spire","WarShipGirlsR/’ΩΩ¢…Ÿ≈ÆR mod","Yakumo Yukari mod"],"gold_per_floor":[133,84,84,101,101,132,132,175,175,204,204,227,255,79,79,188,188,212,783,809,832,495,539,539,551,575,610,569,569,598,165,165,272,272,295,307,307,307,327,363,363,379,403,403,84,117,117,137,137,137,137],"floor_reached":50,"language":"ZHS","playtime":3154,"items_purged":["AT_purpleEX","AT_purpleEX","AT_purpleEX"],"score":873,"play_id":"3e50d6c9-48ef-422a-873c-08d521919c80","local_time":"20210127230241","is_ascension_mode":false,"campfire_choices":[{"data":"Observe_purple_2","floor":7.0,"key":"SMITH"},{"data":"SharpContractionReality_purple","floor":15.0,"key":"SMITH"},{"data":"WasteWire_Metro_purple","floor":24.0,"key":"SMITH"},{"data":"Know_ledgeAbilityRealm_purple","floor":29.0,"key":"SMITH"},{"data":"StretchesForeverDream_purple","floor":32.0,"key":"SMITH"},{"data":"WangLiang_OokamiKakushi_purple","floor":41.0,"key":"SMITH"},{"data":"Charmbait_purple","floor":47,"key":"SMITH"},{"floor":49,"key":"RECALL"}],"circlet_count":0,"master_deck":["AT_purpleEX+1","Defend_purpleEX","Defend_purpleEX","Defend_purpleEX","Defend_purpleEX","Observe_purple_1","Observe_purple_2+1","Fantasy_PerpetualMotionMachine_purple","Shallow_ocean_purpleEX+1","Fantasy_PerpetualMotionMachine_purple","Boundary_LifeAndDeath_purple","Erosivefilter_purple","ExternalForce_HighSpeedFlying_purple","SharpContractionReality_purple+1","MNeedle_purple","CommonSense_AntiCommonSense_purple","WasteWire_Metro_purple+1","ExistenceContinue_purple","Charmbait_purple+1","Bait_Toxicbait_purple","EighthInstrument_OneDividesIntoTwo_purple","Line_surface_state_purple","Boundary_DreamRealityDamnation_purple","WorldDissolvedintheRealm_purple","Know_ledgeAbilityRealm_purple+1","StretchesForeverDream_purple+1","WangLiang_OokamiKakushi_purple+1","AdvanceAttack_purple+1","Nest_LightFlightworm_purple+1","Master of Strategy","WingOfChimera_purple+1"],"relics":["Boundary_crack","Memoryfragments_purpleEX","NeowsBlessing","Torii","CeramicFish","FossilizedHelix","Hallownest:DreamNailRelic","Art of War","Akabeko","Lantern","MealTicket","PreservedInsect","Strange Spoon","Busted Crown","Blue Candle","Pear","Centennial Puzzle","Hallownest:KingsIdolRelic","ClockworkSouvenir","Incense Burner"],"acts_visited":["Hallownest:Greenpath","Hallownest:CityofTears","Hallownest:KingdomsEdge"],"potions_floor_usage":[],"damage_taken":[{"damage":0.0,"enemies":"Hallownest:2_Baldur","floor":1.0,"turns":2.0},{"damage":0.0,"enemies":"Hallownest:monsterHuskGuard","floor":4.0,"turns":1.0},{"damage":21.0,"enemies":"Hallownest:eliteVengeflyKing","floor":6.0,"turns":1.0},{"damage":15.0,"enemies":"Hallownest:eliteMossKnight","floor":8.0,"turns":8.0},{"damage":1.0,"enemies":"2_ Uuma","floor":10.0,"turns":6.0},{"damage":0.0,"enemies":"Hallownest:MossCreep_and_Mosskin","floor":13.0,"turns":4.0},{"damage":27.0,"enemies":"Hallownest:BossHornet","floor":16.0,"turns":6.0},{"damage":0.0,"enemies":"Hallownest:Flukemon_and_Top","floor":18.0,"turns":4.0},{"damage":2.0,"enemies":"Hallownest:3_Youths","floor":20.0,"turns":5.0},{"damage":2.0,"enemies":"Hallownest:2_Husk_Sentries","floor":21.0,"turns":5.0},{"damage":21.0,"enemies":"Hallownest:eliteSoulWarrior","floor":23.0,"turns":10.0},{"damage":0.0,"enemies":"Hallownest:Master_and_Novice","floor":25.0,"turns":3.0},{"damage":25.0,"enemies":"Hallownest:eliteWatcherKnight","floor":27.0,"turns":7.0},{"damage":0.0,"enemies":"Hallownest:Warrior_and_Youth","floor":30.0,"turns":3.0},{"damage":0.0,"enemies":"Hallownest:BossSoulMaster","floor":33.0,"turns":6.0},{"damage":11.0,"enemies":"Hallownest:2_Littles","floor":35.0,"turns":3.0},{"damage":0.0,"enemies":"Hallownest:Shield_Heavy","floor":36.0,"turns":2.0},{"damage":10.0,"enemies":"Hallownest:2_Wing_and_1_Kings","floor":39.0,"turns":4.0},{"damage":1.0,"enemies":"Hallownest:eliteHiveKnight","floor":40.0,"turns":3.0},{"damage":0.0,"enemies":"Hallownest:2_Great","floor":42.0,"turns":4.0},{"damage":0,"enemies":"Hallownest:eliteCollector","floor":46,"turns":3},{"damage":0,"enemies":"Hallownest:2_Soldiers_and_1_Guardian","floor":48,"turns":3}],"seed_played":"1844847501001139607","potions_obtained":[{"floor":1.0,"key":"Strength Potion"},{"floor":8.0,"key":"Block Potion"},{"floor":21.0,"key":"Swift Potion"},{"floor":27.0,"key":"DistilledChaos"}],"is_trial":false,"path_per_floor":["M","$","?","M","?","E","R","E","T","M","?","T","M","$","R","B",null,"M","?","M","M","$","E","R","M","T","E","?","R","M","$","R","B",null,"M","M","?","?","M","E","R","M","T","?","$","E","R","M","R","B"],"character_chosen":"Youkari","items_purchased":["Shallow_ocean_purpleEX","MNeedle_purple","CommonSense_AntiCommonSense_purple","EighthInstrument_OneDividesIntoTwo_purple","Line_surface_state_purple","Art of War","PreservedInsect","Strange Spoon","ClockworkSouvenir","Master of Strategy"],"campfire_rested":0,"item_purchase_floors":[2,14,14,22,22,22,31,31,45,45],"current_hp_per_floor":[70,70,70,70,70,49,49,39,39,40,40,40,42,42,42,17,70,70,70,70,70,70,51,51,52,52,30,30,30,35,50,50,55,70,61,61,70,65,55,64,64,67,67,67,80,80,80,80,80,0,0],"gold":137,"neow_bonus":"THREE_ENEMY_KILL","is_daily":false,"chose_seed":false,"campfire_upgraded":7,"win_rate":0.0,"timestamp":1611759761,"path_taken":["M","$","?","M","?","E","R","E","T","M","?","?","M","$","R","BOSS","M","?","M","M","$","E","R","M","T","E","?","R","M","?","R","BOSS","M","M","?","?","M","E","R","M","T","?","?","E","R","M","R","BOSS"],"items_purchased_type":["Card","Card","Card","Card","Card","Relic","Relic","Relic","Relic","Card"],"build_version":"2020-12-18","purchased_purges":3,"victory":false,"max_hp_per_floor":[70,70,70,70,70,70,70,70,70,70,70,70,70,70,70,70,70,70,70,70,70,70,70,70,70,70,70,70,70,70,70,70,70,70,70,70,70,70,70,80,80,80,80,80,80,80,80,80,80,80,80],"relic_stats":{"Strange Spoon":[6],"Centennial Puzzle":[3],"Busted Crown":14,"Torii":19,"counters":[23,98],"CeramicFish":180,"Blue Candle":[0],"MealTicket":28,"PreservedInsect":127,"Art of War":[4],"obtain_stats":[{"Lantern":26,"Pear":40,"NeowsBlessing":0,"Torii":6,"CeramicFish":8,"Blue Candle":38,"PreservedInsect":31,"Hallownest:DreamNailRelic":11,"Incense Burner":46,"Boundary_crack":0,"Hallownest:KingsIdolRelic":44,"Akabeko":23,"RedLine:ReiMu":17,"ClockworkSouvenir":45,"Strange Spoon":31,"Centennial Puzzle":43,"Busted Crown":34,"MealTicket":27,"Art of War":22,"FossilizedHelix":9,"Memoryfragments_purpleEX":0},{"Lantern":12,"Pear":19,"NeowsBlessing":0,"Torii":3,"CeramicFish":4,"Blue Candle":17,"PreservedInsect":14,"Hallownest:DreamNailRelic":5,"Incense Burner":21,"Boundary_crack":0,"Hallownest:KingsIdolRelic":20,"Akabeko":11,"RedLine:ReiMu":7,"ClockworkSouvenir":20,"Strange Spoon":14,"Centennial Puzzle":20,"Busted Crown":15,"MealTicket":13,"Art of War":10,"FossilizedHelix":4,"Memoryfragments_purpleEX":0},{"Lantern":55,"Pear":83,"NeowsBlessing":0,"Torii":4,"CeramicFish":12,"Blue Candle":76,"PreservedInsect":65,"Hallownest:DreamNailRelic":18,"Incense Burner":90,"Boundary_crack":0,"Hallownest:KingsIdolRelic":87,"Akabeko":52,"RedLine:ReiMu":28,"ClockworkSouvenir":87,"Strange Spoon":65,"Centennial Puzzle":87,"Busted Crown":71,"MealTicket":62,"Art of War":42,"FossilizedHelix":12,"Memoryfragments_purpleEX":0}]},"card_choices":[{"not_picked":["Umbrella_purple","Charmbait_purple"],"picked":"Fantasy_PerpetualMotionMachine_purple","floor":1.0},{"not_picked":["Shallow_ocean_purpleEX","MeetDecomposer_purple"],"picked":"Fantasy_PerpetualMotionMachine_purple","floor":4.0},{"not_picked":["Shallow_ocean_purpleEX","Boundary_LightAndDark_purple"],"picked":"Boundary_LifeAndDeath_purple","floor":6.0},{"not_picked":["Mirror_WaveAndshot_purple","Price_of_realm_purpleEX"],"picked":"Erosivefilter_purple","floor":8.0},{"not_picked":["Mirror_FormAndEmptin_purple","SfantasyHide_purple"],"picked":"ExternalForce_HighSpeedFlying_purple","floor":10.0},{"not_picked":["RuleDissolution_purple","ExistenceContinue_purple"],"picked":"SharpContractionReality_purple","floor":13.0},{"not_picked":["Computing_the_future_purpleEX","MagicEyes_LaplaceDemon_purple"],"picked":"WasteWire_Metro_purple","floor":16.0},{"not_picked":["PositiveMatter_Antimatter_Universe_purple+1","Yakumo_Ran_purple"],"picked":"ExistenceContinue_purple","floor":18.0},{"not_picked":["RuleDissolution_purple+1","StateErode_purple"],"picked":"Charmbait_purple","floor":20.0},{"not_picked":["Boundary_of_Extermination_purpleEX","Charmbait_purple"],"picked":"Bait_Toxicbait_purple","floor":21.0},{"not_picked":["Umbrella_purple+1","DimensionStaggered_purple"],"picked":"Boundary_DreamRealityDamnation_purple","floor":23.0},{"not_picked":["StateErode_purple","Umbrella_purple+1","SharpContractionReality_purple"],"picked":"SKIP","floor":25.0},{"not_picked":["Realm_recovery_purpleEX","Boundary_LightAndDark_purple+1"],"picked":"WorldDissolvedintheRealm_purple","floor":27.0},{"not_picked":[],"picked":"Know_ledgeAbilityRealm_purple","floor":28.0},{"not_picked":["Boundary_LightAndDark_purple","MonsterNeedle_purple"],"picked":"StretchesForeverDream_purple","floor":30.0},{"not_picked":["Boundary_LifeAndDeath_purple","Know_ledgeAbilityRealm_purple"],"picked":"WangLiang_OokamiKakushi_purple","floor":33.0},{"not_picked":[],"picked":"AdvanceAttack_purple+1","floor":35.0},{"not_picked":["SfantasyHide_purple"],"picked":"SKIP","floor":36.0},{"not_picked":["AdvanceAttack_purple+1"],"picked":"SKIP","floor":39.0},{"not_picked":[],"picked":"Nest_LightFlightworm_purple+1","floor":40.0},{"not_picked":["RuleDissolution_purple"],"picked":"SKIP","floor":42.0},{"not_picked":["Fantasy_PerpetualMotionMachine_purple"],"picked":"SKIP","floor":46},{"not_picked":[],"picked":"WingOfChimera_purple+1","floor":48}],"player_experience":278720,"relics_obtained":[{"floor":6.0,"key":"Torii"},{"floor":8.0,"key":"CeramicFish"},{"floor":9.0,"key":"FossilizedHelix"},{"floor":23.0,"key":"Akabeko"},{"floor":26.0,"key":"Lantern"},{"floor":27.0,"key":"MealTicket"},{"floor":40.0,"key":"Pear"},{"floor":43.0,"key":"Centennial Puzzle"},{"floor":46,"key":"Incense Burner"}],"event_choices":[],"is_beta":true,"boss_relics":[{"not_picked":["Snecko Eye","Runic Pyramid"],"picked":"RedLine:ReiMu"},{"not_picked":["Runic Dome","Astrolabe"],"picked":"Busted Crown"}],"items_purged_floors":[14,22,31],"is_endless":false,"potions_floor_spawned":[1,8,10,16,18,21,27,30,33,36,40,46,48],"killed_by":"Hallownest:BossHollowKnight","ascension_level":0}}