{"host":"wn5psrz55l2vtftw","time":1611764472,"event":{"mods":["BaseMod","Colored Powertips","Good Game Mod","Minty Spire (QoL Compilation)","Relic Filter Mod","Spicy Shops","StSLib","UnlockEverythingMod"],"gold_per_floor":[110,130,59,59,59,59,59,59,83,83,83,83,95,95,95,195,195,214,229,0,20,20,20,20,20,72,88,88,105,105,105,105,204,204,217,64,0,45,1044,1044,1063,1063,1089,1116,1135,1135,1077,1089,1089,1191,1191,1209,1209,634,646,646,646,674,700,726,604,679,679,261,87,87,190,190,190],"floor_reached":68,"language":"ZHS","playtime":2855,"items_purged":["Deadly Poison","Bane+1","Normality","Writhe","Bane+1","Corpse Explosion+1"],"score":1749,"play_id":"4e92d80c-c366-46eb-9fa1-cb5be7161cbc","local_time":"20210128002112","daily_mods":["SealedDeck","Vintage","Allstar","Heirloom","Time Dilation","Flight"],"is_ascension_mode":true,"campfire_choices":[{"data":"Catalyst","floor":6,"key":"SMITH"},{"data":"Noxious Fumes","floor":7,"key":"SMITH"},{"data":"Bouncing Flask","floor":8,"key":"SMITH"},{"data":"Deflect","floor":10,"key":"SMITH"},{"data":"Sucker Punch","floor":12,"key":"SMITH"},{"data":"Backflip","floor":15,"key":"SMITH"},{"data":"Night Terror","floor":23,"key":"SMITH"},{"data":"Dagger Spray","floor":24,"key":"SMITH"},{"data":"Dagger Spray","floor":25,"key":"SMITH"},{"floor":30,"key":"REST"},{"data":"Bane","floor":32,"key":"SMITH"},{"floor":40,"key":"REST"},{"floor":49,"key":"REST"},{"floor":57,"key":"REST"},{"floor":63,"key":"REST"},{"floor":66,"key":"REST"}],"circlet_count":0,"master_deck":["Deflect+1","Backflip+1","Catalyst+1","Poisoned Stab+1","Bouncing Flask+1","Sucker Punch+1","Dagger Spray+1","Noxious Fumes+1","Night Terror+1","PiercingWail+1","Master of Strategy+1","Forethought+1","Burst+1","Catalyst+1","Thinking Ahead+1","Catalyst+1"],"relics":["Ring of the Snake","REME:ComplimentaryCards","Bird Faced Urn","Blue Candle","Snake Skull","Sundial","Nunchaku","HornCleat","SlaversCollar","Toxic Egg 2","Toy Ornithopter","Bag of Preparation","Darkstone Periapt","Oddly Smooth Stone","Bronze Scales","StrikeDummy","Cursed Key","Meat on the Bone","Red Mask","Torii","MealTicket","Omamori","Boot","Vajra","Strawberry","Singing Bowl","Philosopher\u0027s Stone","Regal Pillow","Paper Crane","FossilizedHelix","Membership Card","Bottled Lightning","Spirit Poop","Juzu Bracelet","Lantern","Eternal Feather","Orichalcum","TwistedFunnel"],"acts_visited":["Exordium","TheCity","TheBeyond","Exordium","TheCity"],"potions_floor_usage":[],"damage_taken":[{"damage":0,"enemies":"Cultist","floor":1,"turns":2},{"damage":0,"enemies":"Jaw Worm","floor":2,"turns":2},{"damage":3,"enemies":"Small Slimes","floor":13,"turns":2},{"damage":0,"enemies":"Hexaghost","floor":16,"turns":4},{"damage":1,"enemies":"Chosen","floor":18,"turns":3},{"damage":7,"enemies":"Shell Parasite","floor":19,"turns":2},{"damage":0,"enemies":"Shelled Parasite and Fungi","floor":21,"turns":3},{"damage":7,"enemies":"Snake Plant","floor":27,"turns":2},{"damage":0,"enemies":"Snecko","floor":29,"turns":2},{"damage":0,"enemies":"Collector","floor":33,"turns":3},{"damage":8,"enemies":"3 Shapes","floor":35,"turns":2},{"damage":16,"enemies":"2 Orb Walkers","floor":38,"turns":3},{"damage":8,"enemies":"3 Darklings","floor":41,"turns":4},{"damage":0,"enemies":"4 Shapes","floor":45,"turns":3},{"damage":12,"enemies":"Transient","floor":48,"turns":5},{"damage":4,"enemies":"Time Eater","floor":50,"turns":3},{"damage":1,"enemies":"Jaw Worm","floor":52,"turns":1},{"damage":0,"enemies":"Small Slimes","floor":55,"turns":2},{"damage":0,"enemies":"3 Sentries","floor":58,"turns":2},{"damage":0,"enemies":"Lagavulin","floor":59,"turns":3},{"damage":0,"enemies":"The Guardian","floor":67,"turns":2}],"seed_played":"-4318230536660838390","potions_obtained":[{"floor":14,"key":"FairyPotion"},{"floor":14,"key":"DuplicationPotion"},{"floor":14,"key":"DistilledChaos"},{"floor":19,"key":"GhostInAJar"}],"is_trial":true,"path_per_floor":["M","M","$","?","?","R","R","R","T","R","$","R","M","?","R","B",null,"M","M","$","M","$","R","R","R","T","M","?","M","R","?","R","B",null,"M","$","?","?","?","R","M","?","T","T","M","?","?","M","R","B",null,"M","?","$","M","?","R","E","E","T","?","?","R","$","$","R","B",null],"character_chosen":"THE_SILENT","items_purchased":["Noxious Fumes","Bag of Preparation","PiercingWail+1","FossilizedHelix","Membership Card","Thinking Ahead+1","Eternal Feather","Catalyst+1","Orichalcum","TwistedFunnel"],"campfire_rested":6,"item_purchase_floors":[3,20,36,54,54,64,64,64,64,65],"current_hp_per_floor":[70,70,70,58,58,58,58,58,58,58,58,58,55,55,55,57,70,69,63,63,65,65,65,65,65,65,58,58,58,70,70,70,70,70,64,64,64,50,62,82,74,74,80,80,82,77,84,74,95,92,95,94,91,95,95,95,95,95,97,97,97,86,97,97,97,97,99,99,99],"gold":190,"neow_bonus":"","is_daily":false,"chose_seed":false,"campfire_upgraded":10,"win_rate":0.0,"timestamp":1611764472,"path_taken":["M","?","$","?","?","R","R","R","T","R","?","R","?","?","R","BOSS","M","?","$","?","$","R","R","R","T","?","?","?","R","?","R","BOSS","M","$","?","?","?","R","?","?","T","?","M","?","?","M","R","BOSS","M","?","$","M","?","R","E","E","T","?","?","R","$","$","R","BOSS"],"items_purchased_type":["Card","Relic","Card","Relic","Relic","Card","Relic","Card","Relic","Relic"],"build_version":"2020-12-22","purchased_purges":6,"victory":false,"max_hp_per_floor":[70,70,70,70,70,70,70,70,70,70,70,70,70,70,70,70,70,70,70,70,70,70,70,70,70,70,70,70,70,70,70,70,70,70,70,70,70,70,82,82,82,82,88,88,88,88,95,95,95,95,95,95,95,95,95,95,95,95,97,97,97,97,97,97,97,97,99,99,99],"card_choices":[{"not_picked":["Phantasmal Killer","Venomology"],"picked":"Night Terror","floor":16},{"not_picked":["Wraith Form v2","Envenom"],"picked":"Corpse Explosion+1","floor":33},{"not_picked":["Purity+1","Apotheosis+1"],"picked":"Master of Strategy+1","floor":46},{"not_picked":["Swift Strike","Mind Blast"],"picked":"Forethought+1","floor":46},{"not_picked":["Glass Knife","After Image"],"picked":"Burst+1","floor":50},{"not_picked":["Quick Slash","Blade Dance+1"],"picked":"Catalyst+1","floor":58},{"not_picked":["Riddle With Holes","Deflect+1","Flying Knee"],"picked":"Singing Bowl","floor":59},{"not_picked":["A Thousand Cuts","Doppelganger+1","Envenom"],"picked":"Singing Bowl","floor":67}],"player_experience":85229,"relics_obtained":[{"floor":1,"key":"Blue Candle"},{"floor":2,"key":"Snake Skull"},{"floor":9,"key":"Nunchaku"},{"floor":13,"key":"HornCleat"},{"floor":18,"key":"Toxic Egg 2"},{"floor":19,"key":"Toy Ornithopter"},{"floor":21,"key":"Darkstone Periapt"},{"floor":26,"key":"Oddly Smooth Stone"},{"floor":27,"key":"Bronze Scales"},{"floor":29,"key":"StrikeDummy"},{"floor":35,"key":"Meat on the Bone"},{"floor":38,"key":"Torii"},{"floor":41,"key":"MealTicket"},{"floor":43,"key":"Omamori"},{"floor":44,"key":"Boot"},{"floor":45,"key":"Vajra"},{"floor":48,"key":"Singing Bowl"},{"floor":52,"key":"Regal Pillow"},{"floor":55,"key":"Bottled Lightning"},{"floor":60,"key":"Juzu Bracelet"}],"event_choices":[{"damage_healed":0,"gold_gain":0,"player_choice":"Success","damage_taken":12,"relics_obtained":["Sundial"],"max_hp_gain":0,"max_hp_loss":0,"event_name":"Scrap Ooze","floor":4,"gold_loss":0},{"damage_healed":0,"gold_gain":0,"player_choice":"Grow","damage_taken":0,"max_hp_gain":0,"max_hp_loss":0,"event_name":"Living Wall","floor":5,"gold_loss":0,"cards_upgraded":["Poisoned Stab"]},{"damage_healed":0,"gold_gain":0,"player_choice":"Got Potions","damage_taken":0,"max_hp_gain":0,"max_hp_loss":0,"event_name":"Lab","floor":14,"gold_loss":0},{"damage_healed":0,"gold_gain":0,"player_choice":"Ignored","damage_taken":0,"max_hp_gain":0,"max_hp_loss":0,"event_name":"NoteForYourself","floor":28,"gold_loss":0},{"damage_healed":0,"gold_gain":0,"player_choice":"Paid","damage_taken":0,"relics_obtained":["Red Mask"],"max_hp_gain":0,"max_hp_loss":0,"event_name":"Tomb of Lord Red Mask","floor":37,"gold_loss":64},{"damage_healed":0,"gold_gain":0,"player_choice":"Fight","damage_taken":0,"max_hp_gain":0,"max_hp_loss":0,"event_name":"Mysterious Sphere","floor":38,"gold_loss":0},{"damage_healed":0,"gold_gain":999,"player_choice":"Gold","damage_taken":0,"max_hp_gain":0,"max_hp_loss":0,"event_name":"MindBloom","floor":39,"gold_loss":0,"cards_obtained":["Normality","Normality"]},{"cards_removed":["Dagger Spray"],"damage_healed":0,"gold_gain":0,"player_choice":"Removed Attack","damage_taken":0,"max_hp_gain":0,"max_hp_loss":0,"event_name":"Falling","floor":42,"gold_loss":0},{"damage_healed":0,"gold_gain":0,"player_choice":"Memory 2","damage_taken":5,"max_hp_gain":0,"max_hp_loss":0,"event_name":"SensoryStone","floor":46,"gold_loss":0},{"damage_healed":0,"gold_gain":0,"player_choice":"Paid Gold","damage_taken":0,"relics_obtained":["Strawberry"],"max_hp_gain":0,"max_hp_loss":0,"event_name":"WeMeetAgain","floor":47,"gold_loss":58},{"damage_healed":0,"gold_gain":0,"player_choice":"Success","damage_taken":3,"relics_obtained":["Paper Crane"],"max_hp_gain":0,"max_hp_loss":0,"event_name":"Scrap Ooze","floor":53,"gold_loss":0},{"cards_removed":["Normality"],"damage_healed":0,"gold_gain":0,"player_choice":"Offered Curse","damage_taken":0,"relics_obtained":["Spirit Poop"],"max_hp_gain":0,"max_hp_loss":0,"event_name":"Bonfire Elementals","floor":56,"gold_loss":0},{"damage_healed":0,"gold_gain":0,"player_choice":"Paid Gold","damage_taken":0,"relics_obtained":["Lantern"],"max_hp_gain":0,"max_hp_loss":0,"event_name":"WeMeetAgain","floor":61,"gold_loss":122},{"damage_healed":0,"gold_gain":75,"player_choice":"Gather Gold","damage_taken":11,"max_hp_gain":0,"max_hp_loss":0,"event_name":"World of Goop","floor":62,"gold_loss":0}],"is_beta":false,"boss_relics":[{"not_picked":["Busted Crown","Coffee Dripper"],"picked":"SlaversCollar"},{"not_picked":["HoveringKite","Tiny House"],"picked":"Cursed Key"},{"not_picked":["Snecko Eye","Runic Dome"],"picked":"Philosopher\u0027s Stone"},{"not_picked":["MetallicRebirth"],"picked":"TwistingMind"}],"items_purged_floors":[20,36,54,64,64,65],"is_endless":true,"potions_floor_spawned":[19,29,35,45,52,67],"ascension_level":3}}