{"host":"f5n4tidiz2n5sooh","time":1611745715,"event":{"mods":["BaseMod","Colored Map","Minty Spire (QoL Compilation)","Relic Stats","Slay the Relics Exporter","StSLib"],"gold_per_floor":[11,23,36,36,52,52,84,95,95,110,110,110,138,152,152,152,152],"floor_reached":16,"language":"ENG","playtime":785,"items_purged":[],"score":228,"play_id":"1b0857d1-c523-47b6-ab06-2b97a56990ea","local_time":"20210127050835","is_ascension_mode":true,"campfire_choices":[{"data":"Dagger Throw","floor":6.0,"key":"SMITH"},{"data":"Quick Slash","floor":11.0,"key":"SMITH"},{"data":"Footwork","floor":15.0,"key":"SMITH"}],"circlet_count":0,"master_deck":["AscendersBane","Strike_G","Strike_G","Strike_G","Strike_G","Strike_G","Defend_G","Defend_G","Defend_G","Defend_G","Defend_G","Survivor","Neutralize","Deadly Poison","Dagger Throw+1","Quick Slash+1","PiercingWail","Terror","Dash","Quick Slash","Footwork+1"],"relics":["Ring of the Snake","Lizard Tail","Ice Cream","Eternal Feather","CultistMask","Singing Bowl"],"acts_visited":["Exordium"],"potions_floor_usage":[16],"damage_taken":[{"damage":6.0,"enemies":"Jaw Worm","floor":1.0,"turns":6.0},{"damage":1.0,"enemies":"Cultist","floor":2.0,"turns":4.0},{"damage":1.0,"enemies":"Small Slimes","floor":3.0,"turns":3.0},{"damage":34.0,"enemies":"Exordium Wildlife","floor":5.0,"turns":6.0},{"damage":30.0,"enemies":"Gremlin Nob","floor":7.0,"turns":4.0},{"damage":0.0,"enemies":"2 Fungi Beasts","floor":8.0,"turns":4.0},{"damage":1.0,"enemies":"Looter","floor":10.0,"turns":4.0},{"damage":7.0,"enemies":"3 Sentries","floor":13.0,"turns":8.0},{"damage":6.0,"enemies":"Lots of Slimes","floor":14.0,"turns":4.0},{"damage":55,"enemies":"Slime Boss","floor":16,"turns":7}],"seed_played":"5526891106118272696","potions_obtained":[{"floor":2.0,"key":"SpeedPotion"},{"floor":8.0,"key":"LiquidMemories"},{"floor":13.0,"key":"Poison Potion"}],"is_trial":false,"path_per_floor":["M","M","M","?","M","R","E","M","T","M","R","?","E","M","R","B"],"character_chosen":"THE_SILENT","items_purchased":[],"campfire_rested":0,"item_purchase_floors":[],"current_hp_per_floor":[53,52,51,56,22,22,35,35,35,34,46,46,39,35,47,0,0],"gold":152,"neow_bonus":"ONE_RARE_RELIC","is_daily":false,"chose_seed":false,"campfire_upgraded":3,"win_rate":0.0,"timestamp":1611745715,"path_taken":["M","M","M","?","M","R","E","M","T","M","R","?","E","?","R","BOSS"],"items_purchased_type":[],"build_version":"2020-12-22","purchased_purges":0,"victory":false,"max_hp_per_floor":[66,66,66,71,71,71,71,71,71,71,71,71,71,73,73,73,73],"relic_stats":{"Lizard Tail":35,"Singing Bowl":2,"counters":[10,50],"Eternal Feather":24,"obtain_stats":[{"Ice Cream":7,"Lizard Tail":0,"Singing Bowl":13,"Eternal Feather":9,"CultistMask":12,"Ring of the Snake":0},{"Ice Cream":5,"Lizard Tail":0,"Singing Bowl":8,"Eternal Feather":6,"CultistMask":7,"Ring of the Snake":0},{"Ice Cream":23,"Lizard Tail":0,"Singing Bowl":39,"Eternal Feather":27,"CultistMask":31,"Ring of the Snake":0}],"Ring of the Snake":[20]},"card_choices":[{"not_picked":["Backflip","Heel Hook"],"picked":"Deadly Poison","floor":1.0},{"not_picked":["Flechettes","Backflip"],"picked":"Dagger Throw","floor":2.0},{"not_picked":["Flying Knee","Setup"],"picked":"Quick Slash","floor":3.0},{"not_picked":["Quick Slash","Deflect"],"picked":"PiercingWail","floor":5.0},{"not_picked":["Sucker Punch","Skewer"],"picked":"Terror","floor":7.0},{"not_picked":["Concentrate","Setup"],"picked":"Dash","floor":8.0},{"not_picked":["Flechettes","Tactician"],"picked":"Quick Slash","floor":10.0},{"not_picked":["Cloak And Dagger","Poisoned Stab"],"picked":"Footwork","floor":13.0},{"not_picked":["Caltrops","Dodge and Roll","Flying Knee"],"picked":"Singing Bowl","floor":14.0}],"player_experience":2034217,"relics_obtained":[{"floor":7.0,"key":"Ice Cream"},{"floor":9.0,"key":"Eternal Feather"},{"floor":13.0,"key":"Singing Bowl"}],"event_choices":[{"damage_healed":0.0,"max_hp_gain":5.0,"max_hp_loss":0.0,"gold_gain":0.0,"event_name":"Big Fish","player_choice":"Donut","floor":4.0,"gold_loss":0.0,"damage_taken":0.0},{"damage_healed":0.0,"max_hp_gain":0.0,"max_hp_loss":0.0,"gold_gain":0.0,"event_name":"FaceTrader","player_choice":"Trade","floor":12.0,"gold_loss":0.0,"damage_taken":0.0,"relics_obtained":["CultistMask"]}],"is_beta":false,"boss_relics":[],"items_purged_floors":[],"is_endless":false,"potions_floor_spawned":[2,8,13],"killed_by":"Slime Boss","ascension_level":20}}