{"host":"gmuvwrmxgyh1poc6","time":1611731305,"event":{"mods":["BaseMod","Better Third Choice","BetterRewards","Conspire","Downfall","Infinite Spire","Minty Spire (QoL Compilation)","Relic Stats","Replay The Spire","StSLib"],"gold_per_floor":[99,99,99,99,27,37,37,1047,1079,1079,1089,1117,1017,1017,1077,1180,1180,1080,1100,1100,1100,1100,1204,1218,1247,1247,1247,1290,1190,1190,1219,1257,1320,1338,1456,1456,1456,1546,1546,1546],"floor_reached":38,"language":"ENG","playtime":2010,"items_purged":[],"score":612,"play_id":"a708f3a9-a65c-4582-9d51-5a83221389b7","local_time":"20210127000825","is_ascension_mode":false,"campfire_choices":[{"data":"hexamod:Float","floor":1.0,"key":"SMITH"},{"floor":13,"key":"RECALL"},{"data":"hexamod:Strike","floor":18,"key":"SMITH"},{"data":"hexamod:GhostOfSpireFuture","floor":29,"key":"SMITH"},{"data":"hexamod:FastForward","floor":37,"key":"SMITH"}],"circlet_count":0,"master_deck":["hexamod:Strike+1","hexamod:Strike+1","hexamod:Strike+1","hexamod:Defend+1","hexamod:Defend+1","hexamod:Defend+1","hexamod:Defend+1","hexamod:Sear+1","hexamod:Float+1","hexamod:GhostOfSpirePast+1","hexamod:SpectersWail+1","hexamod:StepThrough+1","hexamod:SecondSeal","hexamod:SixthSeal","hexamod:GhostOfSpireFuture+1","hexamod:SecondSeal","hexamod:FirstSeal","hexamod:FastForward+1","hexamod:FifthSeal"],"relics":["hexamod:SpiritBrand","downfall:HeartsMalice","The Courier","Whetstone","Odd Mushroom","downfall:HeartBlessingGreen","ReplayTheSpireMod:Ring of Challenge","Empty Cage","downfall:HeartBlessingRed","Orichalcum","downfall:HeartBlessingBlue","Enchiridion","Replay:Towering Pillar of Hats","Sozu"],"acts_visited":["Exordium","TheCity","TheBeyond"],"potions_floor_usage":[9,16,31],"damage_taken":[{"damage":0.0,"enemies":"Small Slimes","floor":2.0,"turns":1.0},{"damage":0.0,"enemies":"2 Louse","floor":3.0,"turns":1.0},{"damage":0.0,"enemies":"Cultist","floor":4.0,"turns":1.0},{"damage":0.0,"enemies":"downfall:FleeingMerchant","floor":5.0,"turns":4.0},{"damage":6.0,"enemies":"2 Fungi Beasts","floor":6.0,"turns":3.0},{"damage":2,"enemies":"Blue Slaver","floor":8,"turns":3},{"damage":26,"enemies":"Gremlin Nob","floor":9,"turns":5},{"damage":0,"enemies":"3 Louse","floor":11,"turns":2},{"damage":0,"enemies":"The Mushroom Lair","floor":12,"turns":1},{"damage":0,"enemies":"Exordium Wildlife","floor":15,"turns":1},{"damage":0,"enemies":"SI_SHIV_ARCHETYPE","floor":16,"turns":3},{"damage":0,"enemies":"Chosen","floor":19,"turns":2},{"damage":12,"enemies":"Shelled Parasite and Fungi","floor":23,"turns":1},{"damage":0,"enemies":"Snecko","floor":24,"turns":1},{"damage":0,"enemies":"3 Cultists","floor":25,"turns":1},{"damage":0,"enemies":"conspire:Head Lice","floor":28,"turns":2},{"damage":0,"enemies":"Chosen and Byrds","floor":31,"turns":1},{"damage":6,"enemies":"Book of Stabbing","floor":32,"turns":2},{"damage":0,"enemies":"Snake Plant","floor":33,"turns":1},{"damage":0,"enemies":"Cultist and Chosen","floor":34,"turns":1},{"damage":0,"enemies":"DF_ARCHETYPE_CLAW","floor":35,"turns":2},{"damage":0,"enemies":"infinitespire:Three Voidlings","floor":38,"turns":1},{"damage":198,"enemies":"Nightmare_Alpha","floor":38,"turns":4}],"seed_played":"8068415254057558366","potions_obtained":[{"floor":6.0,"key":"Explosive Potion"},{"floor":8,"key":"SmokeBomb"},{"floor":15,"key":"SkillPotion"},{"floor":16,"key":"Milkshake"},{"floor":19,"key":"Elixir"},{"floor":23,"key":"Adrenaline Potion"},{"floor":31,"key":"Regen Potion"}],"is_trial":false,"path_per_floor":["R","M","M","M","$","M","T","M","E","?","M","?","R","?","M","B",null,"R","M","PTL","PTL","?","M","M","M","T","?","E","R","?","M","E","M","M","B",null,"R","?"],"character_chosen":"THE_SPIRIT","items_purchased":["hexamod:StepThrough+1"],"campfire_rested":0,"item_purchase_floors":[5],"current_hp_per_floor":[70,70,70,70,70,64,64,62,36,36,36,36,36,36,36,36,70,70,70,70,70,63,51,51,51,51,51,51,61,45,45,46,46,46,53,80,80,0,0,0],"gold":1546,"neow_bonus":"THREE_ENEMY_KILL","is_daily":false,"chose_seed":false,"campfire_upgraded":4,"win_rate":0.0,"timestamp":1611731305,"path_taken":["R","M","M","M","$","M","T","M","E","?","M","?","R","?","M","BOSS","R","M","PTL","PTL","?","?","M","M","T","?","E","R","?","M","E","M","M","BOSS","R","?"],"items_purchased_type":["Card"],"build_version":"2020-12-22","purchased_purges":0,"victory":false,"max_hp_per_floor":[70,70,70,70,70,70,70,70,70,70,70,70,70,70,70,70,70,70,70,70,70,70,70,70,70,70,70,70,80,80,80,80,80,80,80,80,80,80,80,80],"relic_stats":{"Sozu":0,"counters":[23,41],"Whetstone":["hexamod:Strike","hexamod:Strike"],"Orichalcum":[18],"obtain_stats":[{"downfall:HeartBlessingRed":18,"Replay:Towering Pillar of Hats":32,"Enchiridion":30,"downfall:HeartsMalice":0,"downfall:HeartBlessingGreen":13,"The Courier":7,"Whetstone":9,"Odd Mushroom":12,"Orichalcum":28,"Empty Cage":17,"Sozu":36,"downfall:HeartBlessingBlue":29,"downfall:KnowingSkull":22,"ReplayTheSpireMod:Ring of Challenge":14,"hexamod:SpiritBrand":0},{"downfall:HeartBlessingRed":11,"Replay:Towering Pillar of Hats":18,"Enchiridion":16,"downfall:HeartsMalice":0,"downfall:HeartBlessingGreen":9,"The Courier":5,"Whetstone":7,"Odd Mushroom":9,"Orichalcum":16,"Empty Cage":11,"Sozu":21,"downfall:HeartBlessingBlue":16,"downfall:KnowingSkull":12,"ReplayTheSpireMod:Ring of Challenge":9,"hexamod:SpiritBrand":0},{"downfall:HeartBlessingRed":22,"Replay:Towering Pillar of Hats":32,"Enchiridion":29,"downfall:HeartsMalice":0,"downfall:HeartBlessingGreen":18,"The Courier":7,"Whetstone":15,"Odd Mushroom":18,"Orichalcum":29,"Empty Cage":22,"Sozu":36,"downfall:HeartBlessingBlue":29,"downfall:KnowingSkull":24,"ReplayTheSpireMod:Ring of Challenge":18,"hexamod:SpiritBrand":0}]},"card_choices":[{"not_picked":["hexamod:GhostLash","hexamod:InspiringFlames","hexamod:GhostShield"],"picked":"SKIP","floor":2.0},{"not_picked":["hexamod:NecessarySacrifice","hexamod:GhostShield","hexamod:ChargedBarrage"],"picked":"SKIP","floor":3.0},{"not_picked":["hexamod:ChargedBarrage","hexamod:ShieldOfDarkness"],"picked":"hexamod:GhostOfSpirePast","floor":4.0},{"not_picked":["hexamod:FastForward","hexamod:AdvancingGuard"],"picked":"hexamod:SpectersWail","floor":5.0},{"not_picked":["hexamod:Firestarter","hexamod:RadiantFlame","hexamod:ShieldOfDarkness"],"picked":"SKIP","floor":6.0},{"not_picked":["hexamod:InspiringFlames","hexamod:HexaLevel","hexamod:BurningTouch"],"picked":"SKIP","floor":8},{"not_picked":["hexamod:Firestarter","hexamod:HeatMetal","hexamod:BacktrackSmack"],"picked":"SKIP","floor":9},{"not_picked":["hexamod:BacktrackSmack","hexamod:Firestarter"],"picked":"hexamod:Rewind","floor":11},{"not_picked":["hexamod:ForkedFlame","hexamod:HauntingEcho"],"picked":"hexamod:SecondSeal","floor":15},{"not_picked":["hexamod:VolcanoVisage","hexamod:UnleashSpirits"],"picked":"hexamod:SixthSeal","floor":16},{"not_picked":["hexamod:FastForward","hexamod:ShieldOfDarkness+1"],"picked":"hexamod:GhostOfSpireFuture","floor":19},{"not_picked":["hexamod:NightmareStrike","hexamod:GhostflameBarrier","hexamod:NightmareGuise"],"picked":"SKIP","floor":23},{"not_picked":["hexamod:NightmareStrike","hexamod:GhostflameBarrier","hexamod:NightmareGuise"],"picked":"SKIP","floor":23},{"not_picked":["hexamod:PhantomFireball+1","hexamod:BacktrackSmack+1"],"picked":"hexamod:SecondSeal","floor":24},{"not_picked":["hexamod:ShieldOfDarkness","hexamod:GhostLash","hexamod:SwordOfDarkness"],"picked":"SKIP","floor":25},{"not_picked":["hexamod:Firestarter","hexamod:RetreatToShadows","hexamod:HeatMetal"],"picked":"SKIP","floor":28},{"not_picked":["hexamod:SpectersWail","hexamod:AdvancingGuard"],"picked":"hexamod:FirstSeal","floor":31},{"not_picked":["hexamod:NightmareStrike","hexamod:ParanormalForm"],"picked":"hexamod:FastForward","floor":32},{"not_picked":["hexamod:SpectralAdrenaline","hexamod:FastForward","hexamod:RadiantFlame"],"picked":"SKIP","floor":33},{"not_picked":["hexamod:SpectralAdrenaline","hexamod:FastForward","hexamod:RadiantFlame"],"picked":"SKIP","floor":33},{"not_picked":["hexamod:HeatMetal","hexamod:NightmareStrike","hexamod:EmpoweredFlame"],"picked":"SKIP","floor":34},{"not_picked":["hexamod:GhostOfSpirePresent","hexamod:UnleashSpirits"],"picked":"hexamod:FifthSeal","floor":35}],"player_experience":112256,"relics_obtained":[{"floor":7.0,"key":"The Courier"},{"floor":9,"key":"Whetstone"},{"floor":12,"key":"Odd Mushroom"},{"floor":14,"key":"ReplayTheSpireMod:Ring of Challenge"},{"floor":28,"key":"Orichalcum"},{"floor":30,"key":"Enchiridion"},{"floor":32,"key":"Replay:Towering Pillar of Hats"}],"event_choices":[{"damage_healed":0,"gold_gain":0,"player_choice":"Fought Mushrooms","damage_taken":0,"max_hp_gain":0,"max_hp_loss":0,"event_name":"Mushrooms","floor":12,"gold_loss":0}],"is_beta":false,"boss_relics":[{"not_picked":["Replay:Ancient Bell","Replay:Wanted Poster"],"picked":"Empty Cage"},{"not_picked":["Cursed Key","Honey Jar"],"picked":"Sozu"}],"items_purged_floors":[],"is_endless":false,"potions_floor_spawned":[6,8,15,16,19,23,24,31,34,38],"killed_by":"Nightmare_Alpha","ascension_level":0}}