{"host":"pe7ycb8t2t906so2","time":1611710552,"event":{"mods":["BaseMod","Colored Map","Highlight Path","Minty Spire (QoL Compilation)"],"gold_per_floor":[109,129,129,15,15,15,51,51,51,51,74,95,114,189,189,279,279,295,38,88,179,27,63,87,87,87],"floor_reached":25,"language":"FRA","playtime":1626,"items_purged":["Injury","Strike_R"],"score":376,"play_id":"d95e558d-4092-4a5e-91a4-707daa892424","local_time":"20210126202232","is_ascension_mode":true,"campfire_choices":[{"floor":6,"key":"REST"},{"data":"Bash","floor":8,"key":"SMITH"},{"data":"Ghostly Armor","floor":10,"key":"SMITH"},{"data":"Iron Wave","floor":15,"key":"SMITH"}],"circlet_count":0,"master_deck":["AscendersBane","Strike_R","Strike_R","Strike_R","Strike_R","Defend_R","Defend_R","Defend_R","Defend_R","Bash+1","Reckless Charge","Metallicize","Ghostly Armor+1","Shrug It Off","Iron Wave+1","Demon Form+1","Cleave","Battle Trance","Bloodletting"],"relics":["Burning Blood","Ice Cream","Golden Idol","SsserpentHead","Potion Belt","Frozen Egg 2","Philosopher\u0027s Stone","Akabeko","Red Mask","Lee\u0027s Waffle","StoneCalendar"],"acts_visited":["Exordium","TheCity"],"potions_floor_usage":[16,16,16,21],"damage_taken":[{"damage":4,"enemies":"Jaw Worm","floor":1,"turns":4},{"damage":15,"enemies":"Small Slimes","floor":2,"turns":4},{"damage":49,"enemies":"Lagavulin","floor":7,"turns":8},{"damage":1,"enemies":"Cultist","floor":11,"turns":4},{"damage":0,"enemies":"2 Fungi Beasts","floor":12,"turns":5},{"damage":6,"enemies":"Large Slime","floor":13,"turns":8},{"damage":5,"enemies":"Exordium Wildlife","floor":14,"turns":9},{"damage":40,"enemies":"The Guardian","floor":16,"turns":20},{"damage":13,"enemies":"Chosen","floor":18,"turns":6},{"damage":42,"enemies":"Masked Bandits","floor":21,"turns":5},{"damage":33,"enemies":"Book of Stabbing","floor":23,"turns":5},{"damage":20,"enemies":"Spheric Guardian","floor":24,"turns":5},{"damage":42,"enemies":"Slavers","floor":25,"turns":3}],"seed_played":"-57775057090131479","potions_obtained":[{"floor":2,"key":"BloodPotion"},{"floor":7,"key":"SkillPotion"},{"floor":14,"key":"SpeedPotion"},{"floor":16,"key":"Dexterity Potion"},{"floor":21,"key":"SpeedPotion"},{"floor":23,"key":"SteroidPotion"}],"is_trial":false,"path_per_floor":["M","M","?","$","?","R","E","R","T","R","M","M","M","M","R","B",null,"M","$","?","?","$","E","M","E"],"character_chosen":"IRONCLAD","items_purchased":["Metallicize","Akabeko","Lee\u0027s Waffle"],"campfire_rested":1,"item_purchase_floors":[4,19,22],"current_hp_per_floor":[52,43,43,43,43,65,22,22,22,22,27,33,33,34,34,15,60,53,53,75,39,82,55,41,0,0],"gold":87,"neow_bonus":"ONE_RARE_RELIC","is_daily":false,"chose_seed":false,"campfire_upgraded":3,"win_rate":0.0,"timestamp":1611710552,"path_taken":["M","M","?","$","?","R","E","R","T","R","M","M","M","?","R","BOSS","M","$","?","?","$","E","M","E"],"items_purchased_type":["Card","Relic","Relic"],"build_version":"2020-12-22","purchased_purges":2,"victory":false,"max_hp_per_floor":[75,75,75,75,75,75,75,75,75,75,75,75,75,75,75,75,75,75,75,75,75,82,82,82,82,82],"card_choices":[{"not_picked":["Heavy Blade","Sentinel","Thunderclap"],"picked":"SKIP","floor":1},{"not_picked":["Iron Wave","Rupture"],"picked":"Reckless Charge","floor":2},{"not_picked":["Perfected Strike","Shockwave"],"picked":"Ghostly Armor","floor":7},{"not_picked":["Cleave","Perfected Strike"],"picked":"Shrug It Off","floor":11},{"not_picked":["Twin Strike","Havoc"],"picked":"Iron Wave","floor":12},{"not_picked":["Heavy Blade","Havoc","Anger"],"picked":"SKIP","floor":13},{"not_picked":["Body Slam","Clothesline","Sword Boomerang"],"picked":"SKIP","floor":14},{"not_picked":["Offering","Impervious"],"picked":"Demon Form+1","floor":16},{"not_picked":["Thunderclap","Havoc"],"picked":"Cleave","floor":18},{"not_picked":["Uppercut","Sentinel"],"picked":"Battle Trance","floor":21},{"not_picked":["Wild Strike","Entrench","Spot Weakness"],"picked":"SKIP","floor":23},{"not_picked":["Clash","Entrench"],"picked":"Bloodletting","floor":24}],"player_experience":951585,"relics_obtained":[{"floor":7,"key":"Potion Belt"},{"floor":9,"key":"Frozen Egg 2"},{"floor":21,"key":"Red Mask"},{"floor":23,"key":"StoneCalendar"}],"event_choices":[{"damage_healed":0,"gold_gain":0,"player_choice":"Take Wound","damage_taken":0,"relics_obtained":["Golden Idol"],"max_hp_gain":0,"max_hp_loss":0,"event_name":"Golden Idol","floor":3,"gold_loss":0,"cards_obtained":["Injury"]},{"damage_healed":0,"gold_gain":0,"player_choice":"Trade","damage_taken":0,"relics_obtained":["SsserpentHead"],"max_hp_gain":0,"max_hp_loss":0,"event_name":"FaceTrader","floor":5,"gold_loss":0},{"damage_healed":25,"gold_gain":0,"player_choice":"Heal","damage_taken":0,"max_hp_gain":0,"max_hp_loss":0,"event_name":"The Library","floor":20,"gold_loss":0},{"damage_healed":0,"gold_gain":0,"player_choice":"Fought Bandits","damage_taken":0,"max_hp_gain":0,"max_hp_loss":0,"event_name":"Masked Bandits","floor":21,"gold_loss":0}],"is_beta":false,"boss_relics":[{"not_picked":["Pandora\u0027s Box","Runic Cube"],"picked":"Philosopher\u0027s Stone"}],"items_purged_floors":[4,19],"is_endless":false,"potions_floor_spawned":[2,7,14,16,21,23],"killed_by":"Slavers","ascension_level":14}}