{"host":"59ybwvz342rz5fw6","time":1611766633,"event":{"mods":["BaseMod","Colored Powertips","Downfall","Minty Spire (QoL Compilation)","Relic Stats","RumiaBox-露米娅的神秘盒子","StSLib","Waifu the Spire","Yakumo Yukari mod","simple","【功能Mod】混沌之环修复补丁","【功能Mod】聪明的最终Boss"],"gold_per_floor":[290,350,410,625,720,805,880,1005,1005,21,21,21,21,226,226,876,876,996,34,169,47,47,292,292,557,557,702,827,957,1047,1047,1047,1692,1692,1782,18,133,1508,1508,1703,1703,1703,2093,2208,2208,2523,228,343,343,343,343,343,56,211,211],"floor_reached":56,"language":"ZHS","playtime":4673,"items_purged":[],"score":1585,"play_id":"e6a343c2-608f-4bcf-8e60-7a91f5a7c7bb","local_time":"20210128005713","is_ascension_mode":false,"campfire_choices":[{"data":"Monsters_DoubleDeathButterfly_purple","floor":12,"key":"SMITH"},{"data":"Boundary_LifeAndDeath_purple","floor":12,"key":"SMITH"},{"data":"WangLiang_OokamiKakushi_purple","floor":12,"key":"SMITH"},{"data":"Mirror_FourBoundary_purple","floor":12,"key":"SMITH"},{"data":"Line_surface_state_purple","floor":12,"key":"SMITH"},{"data":"RuleDissolution_purple","floor":12,"key":"SMITH"},{"data":"CommonSense_AntiCommonSense_purple","floor":12,"key":"SMITH"},{"data":"DimensionStaggered_purple","floor":12,"key":"SMITH"},{"floor":12,"key":"RECALL"},{"floor":15,"key":"REST"},{"data":"ContainerChange_purple","floor":32,"key":"SMITH"},{"floor":32,"key":"REST"},{"data":"AT_purpleEX+1","floor":42,"key":"PURGE"},{"data":"AT_purpleEX+1","floor":42,"key":"PURGE"},{"data":"AT_purpleEX+1","floor":42,"key":"PURGE"},{"data":"AT_purpleEX+1","floor":42,"key":"PURGE"},{"data":"AT_purpleEX+1","floor":42,"key":"PURGE"},{"data":"AT_purpleEX+1","floor":42,"key":"PURGE"},{"data":"Observe_purple_1","floor":42,"key":"SMITH"},{"floor":42,"key":"REST"},{"floor":49,"key":"REST"},{"floor":52,"key":"REST"}],"circlet_count":0,"master_deck":["Defend_purpleEX+1","Defend_purpleEX+1","Defend_purpleEX+1","Defend_purpleEX+1","Observe_purple_1+1","Observe_purple_2+1","CommonSense_AntiCommonSense_purple+1","Line_surface_state_purple+1","Monsters_DoubleDeathButterfly_purple+1","DimensionStaggered_purple+1","RuleDissolution_purple+1","Boundary_LifeAndDeath_purple+1","Mirror_FourBoundary_purple+1","WangLiang_OokamiKakushi_purple+1","ContainerChange_purple+1","Boundary_ObjectiveBoundary_purple+1","Boundary_LifeAndDeath_purple+1","SharpContractionReality_purple+1","Shallow_ocean_purpleEX+1","Anti_communist_purple+1","PositiveMatter_Antimatter_Universe_purple+1","OmniscientAndOmnipotent_Monster_purple+1","Fantasy_PerpetualMotionMachine_purple"],"relics":["Boundary_crack","Memoryfragments_purpleEX","Peace Pipe","Ginger","Turnip","Unceasing Top","Omamori","Ice Cream","The Courier","Regal Pillow","Baka2","Bottled Lightning","Sundial","Ornamental Fan","Whetstone","Toolbox","hexamod:BolsterEngine","Bag of Preparation","Toxic Egg 2","GodSword3","Golden Idol","Mango","bronze:MakeshiftBattery","DollysMirror","Lantern","Oddly Smooth Stone","CeramicFish","Tiny Chest","Toy Ornithopter","Nunchaku","Happy Flower","Strawberry","ThegodofHakurei_purpleEX","sneckomod:BabySnecko","MealTicket","hexamod:CandleOfCauterizing","Bird Faced Urn","expansioncontent:StudyCardRelic","Orichalcum","Juzu Bracelet","Ancient Tea Set","War Paint","GodSword4","MagicDraw3","InkBottle","Chemical X","FossilizedHelix","Mercury Hourglass","Pen Nib","SSSystem","Kunai","Molten Egg 2","SecretRecord","sneckomod:BlankCard","Letter Opener","Frozen Eye","Slimebound:StickyStick","bronze:BronzeIdol","White Beast Statue","Singing Bowl","Akabeko","Ccalipers","Art of War","Blue Candle","Vajra","GodSword6","Centennial Puzzle","Mummified Hand","Antimatter_spacedebris","MagicDraw1","LastBattle"],"acts_visited":["Exordium","TheCity","TheBeyond","TheEnding"],"potions_floor_usage":[8,8,16],"damage_taken":[{"damage":0,"enemies":"2 Louse","floor":1,"turns":3},{"damage":0,"enemies":"Small Slimes","floor":2,"turns":2},{"damage":5,"enemies":"Jaw Worm","floor":3,"turns":4},{"damage":11,"enemies":"Looter","floor":4,"turns":3},{"damage":7,"enemies":"Blue Slaver","floor":5,"turns":4},{"damage":30,"enemies":"Lagavulin","floor":6,"turns":4},{"damage":0,"enemies":"3 Louse","floor":7,"turns":4},{"damage":28,"enemies":"Gremlin Nob","floor":8,"turns":4},{"damage":4,"enemies":"3 Sentries","floor":14,"turns":2},{"damage":1,"enemies":"Hexaghost","floor":16,"turns":11},{"damage":0,"enemies":"Shell Parasite","floor":18,"turns":1},{"damage":30,"enemies":"3 Byrds","floor":20,"turns":3},{"damage":27,"enemies":"Gremlin Leader","floor":23,"turns":4},{"damage":0,"enemies":"Book of Stabbing","floor":25,"turns":3},{"damage":5,"enemies":"Centurion and Healer","floor":27,"turns":3},{"damage":0,"enemies":"Sentry and Sphere","floor":28,"turns":1},{"damage":0,"enemies":"Snecko","floor":30,"turns":1},{"damage":0,"enemies":"Collector","floor":33,"turns":2},{"damage":2,"enemies":"Orb Walker","floor":35,"turns":1},{"damage":0,"enemies":"3 Darklings","floor":37,"turns":1},{"damage":0,"enemies":"Nemesis","floor":40,"turns":3},{"damage":0,"enemies":"Maw","floor":44,"turns":1},{"damage":0,"enemies":"Mind Bloom Boss Battle","floor":46,"turns":1},{"damage":0,"enemies":"Jaw Worm Horde","floor":48,"turns":1},{"damage":0,"enemies":"Awakened One","floor":50,"turns":3},{"damage":0,"enemies":"Shield and Spear","floor":54,"turns":1},{"damage":7,"enemies":"The Heart","floor":55,"turns":2}],"seed_played":"910104448897423291","potions_obtained":[{"floor":1,"key":"GamblersBrew"},{"floor":5,"key":"SpeedPotion"},{"floor":8,"key":"bronze:BurnAndBuffPotion"},{"floor":14,"key":"Slimebound:ThreeZeroPotion"},{"floor":25,"key":"Explosive Potion"},{"floor":54,"key":"Energy Potion"}],"is_trial":false,"path_per_floor":["M","M","M","M","M","E","M","E","T","$","?","R","?","E","R","B",null,"M","$","M","$","?","E","?","E","T","M","M","T","M","T","R","B",null,"M","$","M","?","?","E","?","R","T","M","T","?","$","M","R","B",null,"R","$","E","B",null],"character_chosen":"Youkari","items_purchased":["WangLiang_OokamiKakushi_purple","Energy Potion","Whetstone","Toolbox","hexamod:BolsterEngine","Bag of Preparation","Toxic Egg 2","GodSword3","DollysMirror","Lantern","Oddly Smooth Stone","CeramicFish","Tiny Chest","Toy Ornithopter","Nunchaku","Happy Flower","Strawberry","Orichalcum","Juzu Bracelet","Ancient Tea Set","War Paint","GodSword4","MagicDraw3","InkBottle","Chemical X","FossilizedHelix","Mercury Hourglass","Pen Nib","sneckomod:BlankCard","Letter Opener","Frozen Eye","Slimebound:StickyStick","bronze:BronzeIdol","White Beast Statue","Singing Bowl","Akabeko","Ccalipers","Art of War","Blue Candle","Vajra","GodSword6","Centennial Puzzle","Mummified Hand","Fantasy_PerpetualMotionMachine_purple","Antimatter_spacedebris","MagicDraw1","Umbrella_purple+1"],"campfire_rested":5,"item_purchase_floors":[10,10,10,10,10,10,10,10,19,19,19,19,19,19,19,19,21,36,36,36,36,36,36,36,36,36,36,36,47,47,47,47,47,47,47,47,47,47,47,47,47,47,47,47,53,53,53],"current_hp_per_floor":[70,70,69,63,70,54,64,37,37,37,20,20,13,27,67,76,84,84,84,84,91,91,71,71,75,75,80,85,85,86,86,91,91,91,89,91,91,91,91,91,91,91,91,91,91,91,91,93,93,93,93,93,93,95,95],"gold":211,"neow_bonus":"RANDOM_COMMON_RELIC","is_daily":false,"chose_seed":false,"campfire_upgraded":10,"win_rate":0.0,"timestamp":1611766633,"path_taken":["M","M","M","M","M","E","M","E","T","$","?","R","?","E","R","BOSS","M","$","M","$","?","E","?","E","T","M","M","?","M","?","R","BOSS","M","$","M","?","?","E","?","R","T","M","?","?","$","M","R","BOSS","R","$","E","BOSS"],"items_purchased_type":["Card","Potion","Relic","Relic","Relic","Relic","Relic","Relic","Relic","Relic","Relic","Relic","Relic","Relic","Relic","Relic","Relic","Relic","Relic","Relic","Relic","Relic","Relic","Relic","Relic","Relic","Relic","Relic","Relic","Relic","Relic","Relic","Relic","Relic","Relic","Relic","Relic","Relic","Relic","Relic","Relic","Relic","Relic","Card","Relic","Relic","Card"],"build_version":"2020-12-22","purchased_purges":0,"victory":true,"max_hp_per_floor":[70,70,70,70,70,70,70,70,70,70,70,70,70,84,84,84,84,84,84,84,91,91,91,91,91,91,91,91,91,91,91,91,91,91,91,91,91,91,91,91,91,91,91,91,91,91,91,93,93,93,93,93,93,95,95],"relic_stats":{"Regal Pillow":15,"Singing Bowl":4,"CeramicFish":315,"Bag of Preparation":[27],"Juzu Bracelet":2,"Ginger":[11],"Whetstone":["AT_purpleEX","AT_purpleEX"],"Nunchaku":[10],"Centennial Puzzle":[0],"Sundial":[10],"Mummified Hand":[41],"Tiny Chest":2,"MealTicket":2,"Chemical X":[1],"Kunai":[7],"InkBottle":[14],"Happy Flower":[10],"counters":[27,71],"Golden Idol":194,"Blue Candle":[0],"Pen Nib":[4],"Letter Opener":[84],"Orichalcum":[6],"War Paint":["Observe_purple_2"],"Mercury Hourglass":[58],"Peace Pipe":7,"Ornamental Fan":[112],"Bird Faced Urn":[2],"Turnip":[3],"Art of War":[0],"obtain_stats":[{"Ice Cream":0,"CeramicFish":19,"ThegodofHakurei_purpleEX":23,"SSSystem":40,"Vajra":47,"Ginger":0,"Whetstone":10,"MagicDraw3":36,"MagicDraw1":53,"Baka2":2,"Centennial Puzzle":47,"Sundial":8,"DollysMirror":19,"Ccalipers":47,"Strawberry":21,"MealTicket":25,"Kunai":43,"Toxic Egg 2":10,"Happy Flower":19,"Blue Candle":47,"Oddly Smooth Stone":19,"Pen Nib":36,"Letter Opener":47,"War Paint":36,"Akabeko":47,"Bird Faced Urn":31,"Molten Egg 2":45,"GodSword6":47,"GodSword4":36,"GodSword3":10,"Unceasing Top":0,"bronze:MakeshiftBattery":17,"Memoryfragments_purpleEX":0,"Regal Pillow":0,"Lantern":19,"Singing Bowl":47,"Antimatter_spacedebris":53,"sneckomod:BlankCard":47,"Mango":14,"SecretRecord":46,"Bag of Preparation":10,"expansioncontent:StudyCardRelic":34,"Juzu Bracelet":36,"Ancient Tea Set":36,"Frozen Eye":47,"Nunchaku":19,"Slimebound:StickyStick":47,"Mummified Hand":47,"Toolbox":10,"Tiny Chest":19,"Chemical X":36,"InkBottle":36,"hexamod:CandleOfCauterizing":26,"Golden Idol":11,"The Courier":0,"Omamori":0,"Baka":1,"Boundary_crack":0,"Orichalcum":36,"LastBattle":54,"White Beast Statue":47,"Mercury Hourglass":36,"bronze:BronzeIdol":47,"Peace Pipe":0,"sneckomod:BabySnecko":24,"Ornamental Fan":9,"Turnip":0,"Art of War":47,"Bottled Lightning":6,"hexamod:BolsterEngine":10,"Toy Ornithopter":19,"FossilizedHelix":36},{"Ice Cream":0,"CeramicFish":11,"ThegodofHakurei_purpleEX":13,"SSSystem":21,"Vajra":23,"Ginger":0,"Whetstone":8,"MagicDraw3":19,"MagicDraw1":25,"Baka2":2,"Centennial Puzzle":23,"Sundial":8,"DollysMirror":11,"Ccalipers":23,"Strawberry":12,"MealTicket":14,"Kunai":21,"Toxic Egg 2":8,"Happy Flower":11,"Blue Candle":23,"Oddly Smooth Stone":11,"Pen Nib":19,"Letter Opener":23,"War Paint":19,"Akabeko":23,"Bird Faced Urn":17,"Molten Egg 2":22,"GodSword6":23,"GodSword4":19,"GodSword3":8,"Unceasing Top":0,"bronze:MakeshiftBattery":10,"Memoryfragments_purpleEX":0,"Regal Pillow":0,"Lantern":11,"Singing Bowl":23,"Antimatter_spacedebris":25,"sneckomod:BlankCard":23,"Mango":9,"SecretRecord":23,"Bag of Preparation":8,"expansioncontent:StudyCardRelic":18,"Juzu Bracelet":19,"Ancient Tea Set":19,"Frozen Eye":23,"Nunchaku":11,"Slimebound:StickyStick":23,"Mummified Hand":23,"Toolbox":8,"Tiny Chest":11,"Chemical X":19,"InkBottle":19,"hexamod:CandleOfCauterizing":14,"Golden Idol":8,"The Courier":0,"Omamori":0,"Baka":1,"Boundary_crack":0,"Orichalcum":19,"LastBattle":26,"White Beast Statue":23,"Mercury Hourglass":19,"bronze:BronzeIdol":23,"Peace Pipe":0,"sneckomod:BabySnecko":13,"Ornamental Fan":8,"Turnip":0,"Art of War":23,"Bottled Lightning":6,"hexamod:BolsterEngine":8,"Toy Ornithopter":11,"FossilizedHelix":19},{"Ice Cream":0,"CeramicFish":42,"ThegodofHakurei_purpleEX":48,"SSSystem":63,"Vajra":65,"Ginger":0,"Whetstone":28,"MagicDraw3":59,"MagicDraw1":68,"Baka2":5,"Centennial Puzzle":65,"Sundial":28,"DollysMirror":42,"Ccalipers":65,"Strawberry":45,"MealTicket":51,"Kunai":63,"Toxic Egg 2":28,"Happy Flower":42,"Blue Candle":65,"Oddly Smooth Stone":42,"Pen Nib":59,"Letter Opener":65,"War Paint":59,"Akabeko":65,"Bird Faced Urn":56,"Molten Egg 2":64,"GodSword6":65,"GodSword4":59,"GodSword3":28,"Unceasing Top":0,"bronze:MakeshiftBattery":41,"Memoryfragments_purpleEX":0,"Regal Pillow":0,"Lantern":42,"Singing Bowl":65,"Antimatter_spacedebris":68,"sneckomod:BlankCard":65,"Mango":30,"SecretRecord":65,"Bag of Preparation":28,"expansioncontent:StudyCardRelic":58,"Juzu Bracelet":59,"Ancient Tea Set":59,"Frozen Eye":65,"Nunchaku":42,"Slimebound:StickyStick":65,"Mummified Hand":65,"Toolbox":28,"Tiny Chest":42,"Chemical X":59,"InkBottle":59,"hexamod:CandleOfCauterizing":51,"Golden Idol":28,"The Courier":0,"Omamori":0,"Baka":3,"Boundary_crack":0,"Orichalcum":59,"LastBattle":69,"White Beast Statue":65,"Mercury Hourglass":59,"bronze:BronzeIdol":65,"Peace Pipe":0,"sneckomod:BabySnecko":48,"Ornamental Fan":28,"Turnip":0,"Art of War":65,"Bottled Lightning":20,"hexamod:BolsterEngine":28,"Toy Ornithopter":42,"FossilizedHelix":59}],"Unceasing Top":[10],"Toy Ornithopter":0},"card_choices":[{"not_picked":["SfantasyHide_purple","Mirror_WaveAndshot_purple"],"picked":"CommonSense_AntiCommonSense_purple","floor":1},{"not_picked":["MeetDecomposer_purple","ExistenceContinue_purple"],"picked":"Line_surface_state_purple","floor":2},{"not_picked":["Realm_recovery_purpleEX","Nest_LightFlightworm_purple"],"picked":"Monsters_DoubleDeathButterfly_purple","floor":3},{"not_picked":["ExistenceContinue_purple","Charmbait_purple"],"picked":"DimensionStaggered_purple","floor":4},{"not_picked":["Line_surface_state_purple","DarkRealmRedLine_purple"],"picked":"RuleDissolution_purple","floor":5},{"not_picked":["StateErode_purple","Shallow_ocean_purpleEX"],"picked":"Boundary_LifeAndDeath_purple","floor":6},{"not_picked":["MetroBOOM_purple","Bait_Toxicbait_purple","StretchesForeverDream_purple"],"picked":"SKIP","floor":7},{"not_picked":["ButterflyHabitatTemple_purple","WorldDissolvedintheRealm_purple"],"picked":"Mirror_FourBoundary_purple","floor":8},{"not_picked":["DarkRealmRedLine_purple","WatchEChange_purple+1","OmniscientAndOmnipotent_Monster_purple"],"picked":"SKIP","floor":14},{"not_picked":["MagicEyes_LaplaceDemon_purple+1","GluttonyofRealm_purpleEX"],"picked":"ContainerChange_purple","floor":16},{"not_picked":["OmniscientAndOmnipotent_Monster_purple","StateErode_purple+1"],"picked":"Boundary_ObjectiveBoundary_purple+1","floor":18},{"not_picked":["SfantasyHide_purple+1","MeetDecomposer_purple+1"],"picked":"SharpContractionReality_purple+1","floor":20},{"not_picked":["StateDuplicate_purple+1","Realm_recovery_purpleEX+1"],"picked":"Shallow_ocean_purpleEX+1","floor":23},{"not_picked":["RuptureOfTimeAndSpace_purple+1","ExistenceContinue_purple"],"picked":"Anti_communist_purple+1","floor":25},{"not_picked":["StateDuplicate_purple+1","SharpContractionReality_purple"],"picked":"PositiveMatter_Antimatter_Universe_purple+1","floor":25},{"not_picked":["Yakumo_Ran_purple+1","Nest_LightFlightworm_purple","Mirror_TwoAndThreeElementRealm_purple+1"],"picked":"SKIP","floor":25},{"not_picked":["AdvanceAttack_purple","Yakumo_Ran_purple+1","MetroBOOM_purple+1"],"picked":"SKIP","floor":25},{"not_picked":["OpenedBox_purple+1","RealityDreamConfluencek_purple+1"],"picked":"OmniscientAndOmnipotent_Monster_purple+1","floor":27},{"not_picked":["RealityDreamConfluencek_purple+1","AdvanceAttack_purple+1","ExistenceContinue_purple"],"picked":"SKIP","floor":28},{"not_picked":["WorldDissolvedintheRealm_purple+1","Worldmountain_purple","Fancifulhole_purple"],"picked":"SKIP","floor":30},{"not_picked":["StateDuplicate_purple+1","Realm_recovery_purpleEX+1","StateErode_purple"],"picked":"SKIP","floor":35},{"not_picked":["AdvanceAttack_purple","SharpContractionReality_purple","ButterflyHabitatTemple_purple+1"],"picked":"SKIP","floor":37},{"not_picked":["Yakumo_Ran_purple+1","OmniscientAndOmnipotent_Monster_purple","GluttonyofRealm_purpleEX"],"picked":"SKIP","floor":40},{"not_picked":["SfantasyHide_purple+1","AdvanceAttack_purple+1","Mirror_WaveAndshot_purple+1"],"picked":"SKIP","floor":44},{"not_picked":["Line_surface_state_purple+1","Mirror_FormAndEmptin_purple+1","Boundary_ObjectiveBoundary_purple+1"],"picked":"Singing Bowl","floor":48},{"not_picked":["OmniscientAndOmnipotent_Monster_purple+1","Boundary_DynamicStaticEquilibrium_purple+1","Realm_recovery_purpleEX+1"],"picked":"Singing Bowl","floor":54}],"player_experience":56632,"relics_obtained":[{"floor":1,"key":"Baka"},{"floor":2,"key":"Baka2"},{"floor":6,"key":"Bottled Lightning"},{"floor":8,"key":"Sundial"},{"floor":9,"key":"Ornamental Fan"},{"floor":14,"key":"Mango"},{"floor":23,"key":"ThegodofHakurei_purpleEX"},{"floor":25,"key":"MealTicket"},{"floor":26,"key":"hexamod:CandleOfCauterizing"},{"floor":31,"key":"Bird Faced Urn"},{"floor":40,"key":"SSSystem"},{"floor":43,"key":"Kunai"},{"floor":45,"key":"Molten Egg 2"},{"floor":46,"key":"SecretRecord"},{"floor":54,"key":"LastBattle"}],"event_choices":[{"damage_healed":0,"gold_gain":0,"player_choice":"Take Damage","damage_taken":17,"relics_obtained":["Golden Idol"],"max_hp_gain":0,"max_hp_loss":0,"event_name":"Golden Idol","floor":11,"gold_loss":0},{"cards_removed":["AT_purpleEX"],"damage_healed":0,"gold_gain":0,"player_choice":"Card Removal","damage_taken":7,"max_hp_gain":0,"max_hp_loss":0,"event_name":"Golden Wing","floor":13,"gold_loss":0},{"damage_healed":0,"gold_gain":0,"player_choice":"Simplicity","damage_taken":0,"max_hp_gain":0,"max_hp_loss":0,"event_name":"Back to Basics","floor":22,"gold_loss":0,"cards_upgraded":["AT_purpleEX","AT_purpleEX","Defend_purpleEX","Defend_purpleEX","Defend_purpleEX","Defend_purpleEX","AT_purpleEX","AT_purpleEX"]},{"damage_healed":0,"gold_gain":275,"player_choice":"Desecrate","damage_taken":0,"max_hp_gain":0,"max_hp_loss":0,"event_name":"Golden Shrine","floor":38,"gold_loss":0,"cards_obtained":["Regret"]},{"damage_healed":0,"gold_gain":0,"player_choice":"Ignored","damage_taken":0,"max_hp_gain":0,"max_hp_loss":0,"event_name":"Tomb of Lord Red Mask","floor":39,"gold_loss":0},{"cards_removed":["AT_purpleEX"],"damage_healed":0,"gold_gain":0,"player_choice":"Purged","damage_taken":0,"max_hp_gain":0,"max_hp_loss":0,"event_name":"Purifier","floor":41,"gold_loss":0},{"damage_healed":0,"gold_gain":0,"player_choice":"Fight","damage_taken":0,"max_hp_gain":0,"max_hp_loss":0,"event_name":"MindBloom","floor":46,"gold_loss":0}],"is_beta":false,"boss_relics":[{"not_picked":["Velvet Choker","Fusion Hammer"],"picked":"bronze:MakeshiftBattery"},{"not_picked":["Sozu","SacredBark"],"picked":"expansioncontent:StudyCardRelic"}],"items_purged_floors":[],"is_endless":false,"potions_floor_spawned":[1,5,8,14,16,18,23,25,27,37,46,48,54],"ascension_level":0}}