{"host":"uclt3t1usqzz4m5p","time":1611717621,"event":{"mods":["100% Spire Juice","AchievementEnabler","BaseMod","Better Altar","Better Match","Better Sensory Stone","Better Skull","Better Third Choice","Booster Modes","Card Forge","Colored Powertips","Displayed Cursed Tome","Downfall","GifTheSpireLib","Gremlin Skip","Minty Spire (QoL Compilation)","Permanent Neow","Quick Restart","Reliquary","StSLib","SuperFastMode","TheSurvivalist"],"gold_per_floor":[118,118,131,145,161,161,18,18,18,18,18,29,59,100,100,300,300],"floor_reached":16,"language":"ENG","playtime":1050,"items_purged":[],"score":102,"play_id":"7d4762e5-ee4e-44e8-9229-176f10262353","local_time":"20210126192021","is_ascension_mode":false,"campfire_choices":[{"data":"survmod:SurpriseTrap","floor":6,"key":"SMITH"},{"data":"survmod:VersatileOffense","floor":8,"key":"SMITH"},{"data":"survmod:VersatileDefense","floor":11,"key":"SMITH"},{"data":"survmod:RobFromTheRich","floor":15,"key":"SMITH"}],"circlet_count":0,"master_deck":["survmod:Strike","survmod:Strike","survmod:Strike","survmod:Strike","survmod:Defend","survmod:Defend+1","survmod:Defend","survmod:Defend+1","survmod:VersatileOffense+1","survmod:Sprint","survmod:SurpriseTrap+1","survmod:TrickShot","survmod:VersatileDefense+1","survmod:GoForFace","survmod:TwinShot","survmod:RobFromTheRich+1","survmod:FocusedFire","survmod:MarkTrap"],"relics":["survmod:InnateMutation","Hammer of Thor","Seething Fire","Anvil of the Gods","TungstenRod","reliquary:Stiletto","survmod:IronskinOutfit","Prayer Wheel","reliquary:TatteredRug"],"acts_visited":["Exordium"],"potions_floor_usage":[16,16],"damage_taken":[{"damage":1,"enemies":"Small Slimes","floor":1,"turns":5},{"damage":0,"enemies":"2 Louse","floor":3,"turns":2},{"damage":0,"enemies":"Jaw Worm","floor":4,"turns":5},{"damage":1,"enemies":"3 Louse","floor":5,"turns":4},{"damage":6,"enemies":"Blue Slaver","floor":12,"turns":4},{"damage":13,"enemies":"3 Sentries","floor":13,"turns":9},{"damage":6,"enemies":"Gremlin Gang","floor":14,"turns":7},{"damage":9,"enemies":"Slime Boss","floor":16,"turns":3}],"seed_played":"-6048268002428019284","potions_obtained":[{"floor":4,"key":"DuplicationPotion"},{"floor":5,"key":"Strength Potion"},{"floor":13,"key":"EssenceOfSteel"}],"is_trial":false,"path_per_floor":["M","?","M","M","M","R","$","R","T","?","R","M","E","M","R","B"],"character_chosen":"THE_SURVIVOR","items_purchased":["reliquary:Stiletto"],"campfire_rested":0,"item_purchase_floors":[7],"current_hp_per_floor":[44,36,36,36,35,35,35,35,35,30,30,24,11,5,5,0,0],"gold":300,"neow_bonus":"ONE_RARE_RELIC","is_daily":false,"chose_seed":false,"campfire_upgraded":4,"win_rate":0.0,"timestamp":1611717621,"path_taken":["M","?","M","M","M","R","$","R","T","?","R","M","E","M","R","BOSS"],"items_purchased_type":["Relic"],"build_version":"2020-12-22","purchased_purges":0,"victory":false,"max_hp_per_floor":[45,45,45,45,45,45,45,45,45,45,45,45,45,45,45,45,45],"card_choices":[{"not_picked":["survmod:FindCover","survmod:QuickDash"],"picked":"survmod:SurpriseTrap","floor":1},{"not_picked":["survmod:FindCover","survmod:TwinShot"],"picked":"survmod:TrickShot","floor":3},{"not_picked":["survmod:SimpleMutation","survmod:MarkedShot"],"picked":"survmod:VersatileDefense","floor":4},{"not_picked":["survmod:MarkedShot","survmod:PersonalMark"],"picked":"survmod:GoForFace","floor":5},{"not_picked":["survmod:PersonalMark","survmod:FenceTrap"],"picked":"survmod:TwinShot","floor":12},{"not_picked":["survmod:GoForFace","survmod:OverwhelmingAssault","survmod:QuickDash"],"picked":"SKIP","floor":12},{"not_picked":["survmod:PiercingShot","survmod:SimpleMutation"],"picked":"survmod:RobFromTheRich","floor":13},{"not_picked":["survmod:PenetratingShot","survmod:MarkedFromAfar"],"picked":"survmod:FocusedFire","floor":14},{"not_picked":["survmod:SimpleMutation","survmod:LongShot"],"picked":"survmod:MarkTrap","floor":14}],"player_experience":640451,"relics_obtained":[{"floor":9,"key":"survmod:IronskinOutfit"},{"floor":13,"key":"reliquary:TatteredRug"}],"event_choices":[{"damage_healed":44,"gold_gain":0,"player_choice":"Upgrade","damage_taken":9,"max_hp_gain":0,"max_hp_loss":45,"event_name":"betterThird:BetterShining","floor":2,"gold_loss":0,"cards_upgraded":["survmod:Defend","survmod:Defend"]},{"damage_healed":0,"gold_gain":0,"player_choice":"Relic ","damage_taken":7,"max_hp_gain":0,"max_hp_loss":0,"event_name":"betterThird:BetterScrap","floor":10,"gold_loss":0,"cards_obtained":["Night Terror"]}],"is_beta":false,"boss_relics":[],"items_purged_floors":[],"is_endless":false,"potions_floor_spawned":[4,5,13],"killed_by":"Slime Boss","ascension_level":0}}