{"host":"i2ir6b55gxkcwpt4","time":1611774255,"event":{"mods":["Act Like it!","BaseMod","Colored Map","Colored Powertips","Gensokyo","Minty Spire (QoL Compilation)","Remilia£®¿Ÿ√◊¿Ú—«£©","StSLib"],"gold_per_floor":[116,145,162,178,18,44,68,105,163,175,205,217,258,54,54,177,177,211,15,15,15,49,95,95,113,113,113,124,124,3,35,35,151,151,165,165,165,198,198,245,245,261,315,14,28,54,73,99,99,119],"floor_reached":51,"language":"ZHS","playtime":5027,"items_purged":["Shame"],"score":1088,"play_id":"efbb13a9-9fb6-491a-a224-016433f6e0ed","local_time":"20210128030415","is_ascension_mode":true,"campfire_choices":[{"data":"EternalNight","floor":10,"key":"SMITH"},{"data":"ScarletNetherworld","floor":15,"key":"SMITH"},{"data":"QueenOfMidnight","floor":24,"key":"SMITH"},{"data":"ScarletDream","floor":27,"key":"SMITH"},{"data":"BloodHunter","floor":29,"key":"SMITH"},{"data":"ChaoticDestiny","floor":32,"key":"SMITH"},{"data":"DemonKingCradle","floor":49,"key":"SMITH"}],"circlet_count":0,"master_deck":["Strike_RM+1","Defend_RM+1","Defend_RM+1","Defend_RM+1","Defend_RM+1","RedMoon","ScarletShoot+1","ScarletNetherworld+1","VampireKiss+1","Stigmanizer","EternalNight+1","ScarletCoffin","ScarletDevil+1","UnderTheZenith+1","RedRainbow","FavorOfDestiny+1","EndlessAdversity","ScarletMeister","DiffusionOfMisfortune+1","FitfulNightmare+1","ScarletDream+1","BloodHunter+1","BloodHunter+1","ChaoticDestiny+1","BloodyCatastrophe","RedMagic+1","VampirishNight","ScarletImprint","Chrysalis","DevilSight","ScarletNetherworld","BombardNight+1","DemonKingCradle+1","SuperhumanBloodyKnife+1","CurseOfVladTepes"],"relics":["ScarletHat","War Paint","Nilry\u0027s Codex","MawBank","Whetstone","Oddly Smooth Stone","Kunai","Mango","Lee\u0027s Waffle","SlaversCollar","TypeBBloodRedTea","MealTicket","ClockworkSouvenir","Gremlin Horn","Tiny Chest","White Beast Statue","Darkstone Periapt","Toy Ornithopter","Thread and Needle","Peace Pipe","Empty Cage","Anchor","Ice Cream","HornCleat","Dream Catcher","Centennial Puzzle"],"acts_visited":["Exordium","Gensokyo:Gensokyo","Gensokyo:Gensokyoer"],"potions_floor_usage":[4,7,8,8,8,11,13,13,23,23,23,25,31,33,33,33,40,40,47,47,48,50,50],"damage_taken":[{"damage":0,"enemies":"Gensokyo:Python","floor":1,"turns":4},{"damage":28,"enemies":"Gensokyo:Aya","floor":2,"turns":12},{"damage":2,"enemies":"Gensokyo:2_Kodama","floor":3,"turns":7},{"damage":0,"enemies":"Gensokyo:3_Fairies","floor":4,"turns":2},{"damage":9,"enemies":"Gensokyo:Cirno","floor":6,"turns":5},{"damage":0,"enemies":"Gensokyo:LivingMonolith","floor":7,"turns":3},{"damage":6,"enemies":"Gensokyo:Mamizou","floor":8,"turns":6},{"damage":0,"enemies":"Gensokyo:3_Kodama","floor":11,"turns":2},{"damage":14,"enemies":"Gensokyo:Cirno","floor":13,"turns":5},{"damage":50,"enemies":"Gensokyo:Reimu","floor":16,"turns":9},{"damage":20,"enemies":"Gensokyo:3_Dogs","floor":18,"turns":8},{"damage":4,"enemies":"Gensokyo:Chomper","floor":22,"turns":6},{"damage":0,"enemies":"Gensokyo:Reisen","floor":23,"turns":3},{"damage":15,"enemies":"Gensokyo:Slime_Group","floor":25,"turns":4},{"damage":14,"enemies":"Gensokyo:Mirror_and_Dog","floor":28,"turns":5},{"damage":35,"enemies":"Gensokyo:Tenshi","floor":31,"turns":3},{"damage":95,"enemies":"Gensokyo:Eternal_Rivals","floor":33,"turns":9},{"damage":7,"enemies":"Gensokyo:AncientGuardian","floor":35,"turns":5},{"damage":0,"enemies":"Gensokyo:3_Bats","floor":38,"turns":4},{"damage":35,"enemies":"Gensokyo:Marisa","floor":40,"turns":5},{"damage":0,"enemies":"Gensokyo:SeedOfUnknown","floor":42,"turns":3},{"damage":0,"enemies":"Gensokyo:AtlasGolem","floor":45,"turns":3},{"damage":6,"enemies":"Gensokyo:Doremy","floor":46,"turns":4},{"damage":0,"enemies":"Gensokyo:4_Bats","floor":47,"turns":3},{"damage":42,"enemies":"Gensokyo:Kasen","floor":48,"turns":7},{"damage":46,"enemies":"Gensokyo:Yuyuko","floor":50,"turns":3}],"seed_played":"545233116098845064","potions_obtained":[{"floor":1,"key":"Explosive Potion"},{"floor":3,"key":"Fire Potion"},{"floor":4,"key":"Dexterity Potion"},{"floor":6,"key":"EntropicBrew"},{"floor":8,"key":"LiquidMemories"},{"floor":16,"key":"Strength Potion"},{"floor":18,"key":"Ancient Potion"},{"floor":18,"key":"ColorlessPotion"},{"floor":18,"key":"ColorlessPotion"},{"floor":25,"key":"Strength Potion"},{"floor":28,"key":"SteroidPotion"},{"floor":28,"key":"Explosive Potion"},{"floor":31,"key":"PowerPotion"},{"floor":33,"key":"Ancient Potion"},{"floor":33,"key":"Strength Potion"},{"floor":35,"key":"Block Potion"},{"floor":40,"key":"FearPotion"},{"floor":42,"key":"PowerPotion"},{"floor":45,"key":"LiquidMemories"},{"floor":47,"key":"Ancient Potion"},{"floor":47,"key":"Block Potion"},{"floor":48,"key":"Weak Potion"},{"floor":48,"key":"Strength Potion"}],"is_trial":false,"path_per_floor":["M","?","M","M","?","E","M","E","T","R","M","T","E","$","R","B",null,"M","COS","?","T","M","E","R","M","T","R","M","R","$","E","R","B",null,"M","?","T","M","?","E","?","M","T","$","M","E","M","E","R","B",null],"character_chosen":"REMILIA","items_purchased":["Lee\u0027s Waffle","FavorOfDestiny","EndlessAdversity","BloodHunter","Chrysalis","DevilSight","ScarletNetherworld"],"campfire_rested":0,"item_purchase_floors":[14,14,14,30,44,44,44],"current_hp_per_floor":[70,47,47,49,49,42,43,39,39,39,40,40,44,110,110,101,110,95,95,95,95,103,110,110,99,99,99,92,92,107,80,80,110,110,110,110,110,110,66,92,92,110,110,110,110,110,110,87,87,87],"gold":119,"neow_bonus":"TWENTY_PERCENT_HP_BONUS","is_daily":false,"chose_seed":false,"campfire_upgraded":7,"win_rate":0.0,"timestamp":1611774255,"path_taken":["M","?","M","?","?","E","M","E","T","R","?","?","E","?","R","BOSS","M","COS","?","?","?","E","R","?","T","R","M","R","?","E","R","BOSS","M","?","?","?","?","E","?","M","T","$","M","E","M","E","R","BOSS"],"items_purchased_type":["Relic","Card","Card","Card","Card","Card","Card"],"build_version":"2020-12-22","purchased_purges":1,"victory":true,"max_hp_per_floor":[89,89,89,89,89,89,89,89,89,89,89,89,103,110,110,110,110,110,110,110,110,110,110,110,110,110,110,110,110,110,110,110,110,110,110,110,110,110,110,110,110,110,110,110,110,110,110,110,110,110],"card_choices":[{"not_picked":["Stigmanizer","ChainGang"],"picked":"ScarletNetherworld","floor":1},{"not_picked":["NightLord","BombardNight"],"picked":"VampireKiss","floor":2},{"not_picked":["VampireKiss","UltimateOffering"],"picked":"Stigmanizer","floor":3},{"not_picked":["NightDance","BloodAndWine"],"picked":"EternalNight","floor":4},{"not_picked":["BombardNight","ScarletImprint"],"picked":"ScarletCoffin","floor":6},{"not_picked":["ScarletNetherworld","BlasphemousPunishment"],"picked":"ScarletDevil","floor":7},{"not_picked":["UnstableMagic","Stigmanizer"],"picked":"UnderTheZenith","floor":8},{"not_picked":["UnstableMagic","DiffusionOfMisfortune"],"picked":"RedRainbow","floor":11},{"not_picked":["VampireKiss","Stigmanizer"],"picked":"QueenOfMidnight","floor":13},{"not_picked":["HeartBreak","TricksterDevil"],"picked":"ScarletMeister","floor":16},{"not_picked":["ScarletImprint+1","MillenniumVampire"],"picked":"DiffusionOfMisfortune+1","floor":18},{"not_picked":["EternalNight+1","EndlessAdversity"],"picked":"StarOfDavid","floor":22},{"not_picked":["RedRainbow","TwelveNightmare"],"picked":"FitfulNightmare+1","floor":23},{"not_picked":["ScarletGensokyo","LeisurelyOfLord"],"picked":"ScarletDream","floor":25},{"not_picked":["FavorOfDestiny","VampireKiss+1"],"picked":"BloodHunter","floor":28},{"not_picked":["VampireKiss+1","FavorOfDestiny"],"picked":"ChaoticDestiny","floor":31},{"not_picked":["ScarletMeister","EquivalentExchange"],"picked":"BloodyCatastrophe","floor":33},{"not_picked":["BloodHunter","UnderTheZenith+1"],"picked":"RedMagic+1","floor":35},{"not_picked":["UnderTheZenith","EndlessAdversity","BadLadyScramble"],"picked":"SKIP","floor":38},{"not_picked":["EndlessAdversity","StarOfDavid+1"],"picked":"VampirishNight","floor":40},{"not_picked":["UnstableMagic","EmergencyRegeneration"],"picked":"ScarletImprint","floor":42},{"not_picked":["BloodyMagicSquare+1","VampireKiss+1"],"picked":"BombardNight+1","floor":45},{"not_picked":["MastersStateliness","CharismaGuard+1"],"picked":"DemonKingCradle","floor":46},{"not_picked":["LeisurelyOfLord","BombardNight"],"picked":"SuperhumanBloodyKnife+1","floor":47},{"not_picked":["CharismaGuard+1","DemonKingCradle"],"picked":"CurseOfVladTepes","floor":48}],"player_experience":73417,"relics_obtained":[{"floor":2,"key":"War Paint"},{"floor":6,"key":"MawBank"},{"floor":8,"key":"Whetstone"},{"floor":9,"key":"Oddly Smooth Stone"},{"floor":12,"key":"Kunai"},{"floor":13,"key":"Mango"},{"floor":18,"key":"TypeBBloodRedTea"},{"floor":18,"key":"MealTicket"},{"floor":21,"key":"Gremlin Horn"},{"floor":23,"key":"Tiny Chest"},{"floor":26,"key":"Darkstone Periapt"},{"floor":28,"key":"Toy Ornithopter"},{"floor":31,"key":"Thread and Needle"},{"floor":33,"key":"Peace Pipe"},{"floor":37,"key":"Anchor"},{"floor":40,"key":"HornCleat"},{"floor":46,"key":"Dream Catcher"},{"floor":48,"key":"Centennial Puzzle"}],"event_choices":[],"is_beta":false,"boss_relics":[{"not_picked":["Busted Crown","Astrolabe"],"picked":"SlaversCollar"},{"not_picked":["Philosopher\u0027s Stone","Runic Pyramid"],"picked":"Empty Cage"}],"items_purged_floors":[30],"is_endless":false,"potions_floor_spawned":[1,3,4,6,8,22,25,28,31,33,35,38,40,42,45,46,47,48],"ascension_level":1}}