{"host":"t9zjxed0utvsfjwc","time":1611765115,"event":{"mods":["2.2 Compatiblity","Aspiration","BaseMod","Better Altar","Better Match","Better Note","Better Sensory Stone","Better Skull","Better Third Choice","Block Reminder","Colored Map","Colored Powertips","Custom Start","Downfall","Hermit","Highlight Path","Hubris","Infinite Spire","Minty Spire (QoL Compilation)","Quick Restart","Rare Cards Sparkle","Reliquary","Replay The Spire","StSLib","The Cursed","The Marked","The Runesmith","Unceasing Turn Reminder","everything is the same but u backflip on backflip"],"gold_per_floor":[99,111,21,31,45,80,80,113,133,168,168,185,85,85,95,200,200,100,110,122,142,157,42,68,96,115,115,135,135,148,248,262,363,363,363,379,379,379,394,439,439,409,420,438,338,323,350,360,376,471,471,471,486,486,498,530,228,280,294,310,323,340,351,351,351,362,465,465,465,484,484,496,496,496,496,496],"floor_reached":75,"language":"ENG","playtime":4854,"items_purged":["bronze:Defend","bronze:Defend","bronze:Strike","bronze:Defend"],"score":1242,"play_id":"3eec3c4a-0937-4c4b-809e-89aefdc8d3db","local_time":"20210127163155","is_ascension_mode":false,"campfire_choices":[{"floor":13.0,"key":"RECALL"},{"data":"bronze:Constructor","floor":18.0,"key":"SMITH"},{"floor":29.0,"key":"REST"},{"data":"bronze:Separator","floor":35.0,"key":"SMITH"},{"floor":45,"key":"REST"},{"floor":52,"key":"REST"},{"floor":64,"key":"REST"},{"floor":69,"key":"REST"},{"floor":74,"key":"REST"}],"circlet_count":0,"master_deck":["bronze:GetLatest+1","bronze:Constructor+1","bronze:ChosenStrike","bronze:CleanCode","bronze:Verify","bronze:Virus+1","bronze:Separator+1","bronze:NullPointer+1","bronze:Separator","bronze:Repair+1","bronze:DigitalCarnage","bronze:Repair+1","hubris:NaturalOne","bronze:Overheat+1","Parasite","bronze:InfiniteLoop","Normality","hubris:Lust","Eclipse","TheCursedMod:Dregs","CommonCold","ReplayTheSpireMod:Book of Names"],"relics":["Painkiller Herb","hubris:OldNail","CaptainsWheel","hubris:GlazedTorus","ReplayTheSpireMod:Lightbulb","downfall:HeartBlessingGreen","aspiration:MobileForge","downfall:HeartBlessingRed","reliquary:RedPaperclip","Fusion Hammer","Replay:Ringing Soul","hubris:Icosahedron","infinitespire:CursedDice","downfall:HeartBlessingBlue","Cursed Key","MawBank","Ice Cream","reliquary:FeatherDuster","Nunchaku","Replay:Rubber Ducky","hubris:Teleporter","Kintsugi"],"acts_visited":["Exordium","TheCity","TheBeyond","Exordium","TheCity"],"potions_floor_usage":[48,50,50,67,67,67,70],"damage_taken":[{"damage":0.0,"enemies":"Cultist","floor":2.0,"turns":3.0},{"damage":0.0,"enemies":"downfall:FleeingMerchant","floor":3.0,"turns":4.0},{"damage":1.0,"enemies":"Jaw Worm","floor":4.0,"turns":3.0},{"damage":5.0,"enemies":"Small Slimes","floor":5.0,"turns":3.0},{"damage":15.0,"enemies":"Lagavulin","floor":6.0,"turns":4.0},{"damage":0.0,"enemies":"Gremlin Nob","floor":8.0,"turns":5.0},{"damage":0.0,"enemies":"Exordium Wildlife","floor":9.0,"turns":2.0},{"damage":1.0,"enemies":"Lagavulin","floor":10.0,"turns":5.0},{"damage":0.0,"enemies":"3 Louse","floor":12.0,"turns":3.0},{"damage":6.0,"enemies":"Blue Slaver","floor":15.0,"turns":3.0},{"damage":17.0,"enemies":"DF_ARCHETYPE_STREAMLINE","floor":16.0,"turns":9.0},{"damage":5.0,"enemies":"3 Byrds","floor":19.0,"turns":5.0},{"damage":10.0,"enemies":"Snake Plant","floor":20.0,"turns":4.0},{"damage":6.0,"enemies":"3 Cultists","floor":21.0,"turns":5.0},{"damage":8.0,"enemies":"Centurion and Healer","floor":22.0,"turns":5.0},{"damage":9.0,"enemies":"downfall:FleeingMerchant","floor":23.0,"turns":4.0},{"damage":10.0,"enemies":"Nightmare","floor":25.0,"turns":8.0},{"damage":33.0,"enemies":"Snecko","floor":26.0,"turns":7.0},{"damage":4.0,"enemies":"Cultist and Chosen","floor":28.0,"turns":4.0},{"damage":21.0,"enemies":"Snake Plant","floor":30.0,"turns":3.0},{"damage":0.0,"enemies":"Sentry and Sphere","floor":32.0,"turns":4.0},{"damage":24.0,"enemies":"SI_MIRROR_ARCHETYPE","floor":33.0,"turns":7.0},{"damage":28.0,"enemies":"3 Shapes","floor":36.0,"turns":4.0},{"damage":0.0,"enemies":"3 Darklings","floor":39.0,"turns":5.0},{"damage":25.0,"enemies":"2 Orb Walkers","floor":40.0,"turns":4.0},{"damage":11,"enemies":"Sphere and 2 Shapes","floor":42,"turns":3},{"damage":16,"enemies":"Transient","floor":43,"turns":5},{"damage":4,"enemies":"3 Darklings","floor":44,"turns":5},{"damage":0,"enemies":"downfall:FleeingMerchant","floor":46,"turns":4},{"damage":0,"enemies":"R_Hoarder","floor":47,"turns":7},{"damage":6,"enemies":"Maw","floor":48,"turns":5},{"damage":10,"enemies":"Writhing Mass","floor":49,"turns":6},{"damage":128,"enemies":"WA_ARCHETYPE_DIVINITY","floor":50,"turns":9},{"damage":0,"enemies":"Cultist","floor":53,"turns":1},{"damage":0,"enemies":"Small Slimes","floor":56,"turns":1},{"damage":0,"enemies":"downfall:FleeingMerchant","floor":57,"turns":2},{"damage":0,"enemies":"Jaw Worm","floor":59,"turns":1},{"damage":4,"enemies":"3 Louse","floor":60,"turns":3},{"damage":33,"enemies":"Blue Slaver","floor":61,"turns":2},{"damage":0,"enemies":"2 Fungi Beasts","floor":62,"turns":2},{"damage":3,"enemies":"Large Slime","floor":63,"turns":4},{"damage":0,"enemies":"Exordium Wildlife","floor":66,"turns":1},{"damage":48,"enemies":"The Guardian","floor":67,"turns":4},{"damage":12,"enemies":"Chosen","floor":70,"turns":3},{"damage":48,"enemies":"Snake Plant","floor":72,"turns":2},{"damage":110,"enemies":"Nightmare","floor":75,"turns":6}],"seed_played":"-5450818622311609607","potions_obtained":[{"floor":1.0,"key":"Languid Potion"},{"floor":1.0,"key":"LiquidMemories"},{"floor":4.0,"key":"Languid Potion"},{"floor":6.0,"key":"LiquidBronze"},{"floor":8.0,"key":"LifebloodPotion"},{"floor":14.0,"key":"bronze:BuildAFunctionPotion"},{"floor":14.0,"key":"SmokeBomb"},{"floor":14.0,"key":"hexamod:SoulburnPotion"},{"floor":16.0,"key":"Elixir"},{"floor":20.0,"key":"Cursed Concoction"},{"floor":22.0,"key":"Languid Potion"},{"floor":26.0,"key":"PowerPotion"},{"floor":33.0,"key":"Block Potion"},{"floor":39.0,"key":"PowerPotion"},{"floor":47,"key":"FearPotion"},{"floor":48,"key":"hexamod:SoulburnPotion"},{"floor":50,"key":"Fire Potion"},{"floor":56,"key":"bronze:FreeFunctionsPotion"},{"floor":59,"key":"AttackPotion"},{"floor":63,"key":"Death Potion"},{"floor":67,"key":"LiquidMemories"}],"is_trial":false,"path_per_floor":["R_BF","?","T","?","?","E","T","E","?","E","?","?","T","?","?","B",null,"T","?","?","?","?","T","T","NM","?","?","?","T","?","?","?","B",null,"T","?","AVR","?","?","?","T","?","?","?","T","T","E","?","?","B",null,"T","?","AVR","?","?","T","T","?","?","?","?","?","T","?","?","B",null,"T","?","?","?","T","NM"],"character_chosen":"THE_AUTOMATON","items_purchased":["Ice Cream","reliquary:FeatherDuster"],"campfire_rested":6,"item_purchase_floors":[57,57],"current_hp_per_floor":[70,70,70,69,64,49,49,49,49,48,48,48,48,48,42,25,70,70,65,55,56,55,63,63,60,34,34,47,68,64,64,70,60,70,70,42,42,42,73,58,58,61,72,79,89,92,95,89,98,55,101,101,101,101,104,104,104,107,107,106,73,73,104,107,91,101,70,113,113,104,104,56,90,0,0,0],"gold":496,"neow_bonus":"BOSS_RELIC","is_daily":false,"chose_seed":false,"campfire_upgraded":2,"win_rate":0.0,"timestamp":1611765115,"path_taken":["R_BF","?","T","?","?","E","T","E","?","E","?","?","T","?","?","BOSS","T","?","?","?","?","T","T","NM","?","?","?","T","?","?","?","BOSS","T","?","AVR","?","?","?","T","?","?","?","T","T","E","?","?","BOSS","T","?","AVR","?","?","T","T","?","?","?","?","?","T","?","?","BOSS","T","?","?","?","T","NM"],"items_purchased_type":["Relic","Relic"],"build_version":"2020-12-22","purchased_purges":4,"victory":false,"max_hp_per_floor":[70,70,70,70,70,70,70,70,70,70,70,70,70,70,70,70,70,70,70,70,70,70,70,70,70,70,70,70,70,70,70,70,70,70,70,70,70,70,73,76,76,76,76,79,89,92,95,95,98,101,101,101,101,101,104,104,104,107,107,107,107,107,107,107,110,110,110,113,113,116,116,116,116,116,116,116],"card_choices":[{"not_picked":["bronze:DelayedGuard","bronze:Terminator"],"picked":"bronze:GetLatest","floor":2.0},{"not_picked":["bronze:DelayedSlice","bronze:Invalidate"],"picked":"bronze:Constructor","floor":3.0},{"not_picked":["bronze:BuggyMess","bronze:NullPointer","bronze:Boost"],"picked":"SKIP","floor":4.0},{"not_picked":["bronze:MaxOutput","bronze:Frontload","bronze:DelayedGuard"],"picked":"SKIP","floor":5.0},{"not_picked":["bronze:OilSpill","bronze:DelayedSlice"],"picked":"bronze:ChosenStrike","floor":6.0},{"not_picked":["bronze:Turbo","bronze:Overload","bronze:Constructor"],"picked":"SKIP","floor":8.0},{"not_picked":["bronze:BugBarrage","bronze:DelayedGuard","bronze:Overheat"],"picked":"SKIP","floor":9.0},{"not_picked":["bronze:CleanCode","bronze:Overheat","bronze:ShipIt"],"picked":"SKIP","floor":10.0},{"not_picked":["bronze:DelayedGuard","bronze:ChildClass","bronze:BronzeArmor"],"picked":"SKIP","floor":12.0},{"not_picked":["bronze:CutThrough","bronze:BugBarrage"],"picked":"bronze:Optimize","floor":15.0},{"not_picked":["bronze:BurnOut","bronze:ShipIt"],"picked":"bronze:CleanCode","floor":16.0},{"not_picked":["bronze:BuggyMess","bronze:FineTuning+1","bronze:Branch"],"picked":"SKIP","floor":19.0},{"not_picked":["bronze:BitShift","bronze:FineTuning+1"],"picked":"bronze:Repair","floor":20.0},{"not_picked":["bronze:Constructor","bronze:BuggyMess","bronze:Iterate+1"],"picked":"SKIP","floor":21.0},{"not_picked":["bronze:Overheat","bronze:Repulsor"],"picked":"bronze:Repair","floor":22.0},{"not_picked":["bronze:ForceShield+1","bronze:GetLatest"],"picked":"bronze:Verify","floor":23.0},{"not_picked":["bronze:BuggyMess+1","bronze:HardenedForm"],"picked":"bronze:SpaghettiCode","floor":25.0},{"not_picked":["bronze:Overheat","bronze:BitShift","bronze:CutThrough"],"picked":"SKIP","floor":26.0},{"not_picked":["bronze:CloningBeam","bronze:Constructor+1","bronze:DelayedSlice"],"picked":"SKIP","floor":28.0},{"not_picked":["bronze:ForLoop","bronze:DelayedSlice"],"picked":"bronze:GetLatest","floor":30.0},{"not_picked":["bronze:WhirlingStrike","bronze:FineTuning"],"picked":"bronze:Separator","floor":32.0},{"not_picked":["bronze:CloningBeam","bronze:BugBarrage"],"picked":"bronze:NullPointer+1","floor":36.0},{"not_picked":["bronze:Deprecate","bronze:BugBarrage"],"picked":"bronze:Separator","floor":39.0},{"not_picked":["bronze:Overload","bronze:BuggyMess+1"],"picked":"bronze:Repair+1","floor":40},{"not_picked":["bronze:Boost+1","bronze:WildBeam","bronze:Invalidate+1"],"picked":"SKIP","floor":42},{"not_picked":["bronze:OilSpill+1","bronze:Repair","bronze:BugBarrage"],"picked":"SKIP","floor":43},{"not_picked":["bronze:BitShift+1","bronze:BugBarrage+1"],"picked":"bronze:DigitalCarnage","floor":44},{"not_picked":["bronze:Safeguard+1","bronze:BronzeOrb+1"],"picked":"bronze:Repair+1","floor":46},{"not_picked":["bronze:ClassDefault","bronze:Branch+1"],"picked":"bronze:Overheat+1","floor":47},{"not_picked":["bronze:Branch+1","bronze:Repair+1","bronze:BugBarrage"],"picked":"SKIP","floor":48},{"not_picked":["bronze:BronzeArmor+1","bronze:Deprecate+1","bronze:BitShift+1"],"picked":"SKIP","floor":49},{"not_picked":["bronze:Format","bronze:Break"],"picked":"bronze:InfiniteLoop","floor":50},{"not_picked":["bronze:OilSpill","bronze:Boost","bronze:Flail"],"picked":"SKIP","floor":53},{"not_picked":["bronze:ForLoop","bronze:DelayedGuard","bronze:BronzeOrb"],"picked":"SKIP","floor":56},{"not_picked":["bronze:NullPointer","bronze:DelayedGuard","bronze:WhirlingStrike"],"picked":"SKIP","floor":57},{"not_picked":["bronze:DigitalCarnage","bronze:WildBeam","bronze:Safeguard"],"picked":"SKIP","floor":59},{"not_picked":["bronze:OilSpill","bronze:Invalidate","bronze:FineTuning"],"picked":"SKIP","floor":60},{"not_picked":["bronze:Shield","bronze:Invalidate","bronze:Repair"],"picked":"SKIP","floor":61},{"not_picked":["bronze:SpaghettiCode","bronze:Repulsor","bronze:ForceShield"],"picked":"SKIP","floor":62},{"not_picked":["bronze:Iterate","bronze:ChosenStrike","bronze:Branch"],"picked":"SKIP","floor":63},{"not_picked":["bronze:Turbo","bronze:Branch","bronze:Constructor"],"picked":"SKIP","floor":66},{"not_picked":["infinitespire:NeuralNetwork","infinitespire:UltimateForm"],"picked":"ReplayTheSpireMod:Book of Names","floor":70},{"not_picked":["bronze:Fortify","bronze:Branch","bronze:DelayedGuard+1"],"picked":"SKIP","floor":70},{"not_picked":["bronze:Shield","bronze:Iterate+1","bronze:WhirlingStrike"],"picked":"SKIP","floor":72}],"player_experience":445525,"relics_obtained":[{"floor":6.0,"key":"hubris:OldNail"},{"floor":7.0,"key":"CaptainsWheel"},{"floor":8.0,"key":"hubris:GlazedTorus"},{"floor":10.0,"key":"ReplayTheSpireMod:Lightbulb"},{"floor":24.0,"key":"bronze:SilverBullet"},{"floor":25.0,"key":"Oddly Smooth Stone"},{"floor":40,"key":"infinitespire:CursedDice"},{"floor":58,"key":"Nunchaku"}],"event_choices":[{"damage_healed":0.0,"max_hp_gain":0.0,"max_hp_loss":0.0,"gold_gain":0.0,"event_name":"Lab","player_choice":"Got Potions","floor":14.0,"gold_loss":0.0,"damage_taken":0.0},{"cards_removed":["bronze:ChosenStrike"],"damage_healed":0.0,"max_hp_gain":0.0,"max_hp_loss":0.0,"gold_gain":0.0,"event_name":"betterNote:BetterNote","player_choice":"Take \u0026 Give","floor":27.0,"gold_loss":0.0,"damage_taken":0.0,"cards_obtained":["bronze:Virus"]},{"damage_healed":0.0,"max_hp_gain":0.0,"max_hp_loss":0.0,"gold_gain":0.0,"event_name":"Mysterious Sphere","player_choice":"Fight","floor":40.0,"gold_loss":0.0,"damage_taken":0.0},{"damage_healed":0,"gold_gain":1,"player_choice":"Card Relic Relic ","damage_taken":19,"max_hp_gain":0,"max_hp_loss":0,"event_name":"betterThird:BetterScrap","floor":65,"gold_loss":0,"cards_obtained":["Eclipse","A Thousand Cuts"]},{"damage_healed":0,"gold_gain":0,"player_choice":"Ignored","damage_taken":0,"max_hp_gain":0,"max_hp_loss":0,"event_name":"Ghosts","floor":71,"gold_loss":0}],"is_beta":false,"boss_relics":[{"not_picked":["aspiration:FutureDiary","Replay:Bronze Core"],"picked":"aspiration:MobileForge"},{"not_picked":["Black Star","ChewingGum"],"picked":"reliquary:RedPaperclip"},{"not_picked":["Astrolabe","aspiration:DefectSkillbook"],"picked":"Cursed Key"},{"not_picked":["Velvet Choker","ChewingGum"],"picked":"Kintsugi"}],"items_purged_floors":[3,23,54,57],"is_endless":true,"potions_floor_spawned":[4,6,8,15,16,20,22,26,33,39,47,48,50,56,59,61,63,67],"killed_by":"Nightmare","ascension_level":0}}