{"host":"p9t7qd83igtcp2bh","time":1611717512,"event":{"mods":["2.2 Compatiblity","AchievementEnabler","BaseMod","Colored Map","Colored Powertips","Custom Start","DeckTracker","Keyboard Shortcuts","Minty Spire (QoL Compilation)","Permanent Neow","StSLib","SuperFastMode","everything is the same but u backflip on backflip"],"gold_per_floor":[118,137,157,157,157,157,168,182,182,4,23,23,23,42,42,119,119,133,143,13,13,13],"floor_reached":21,"language":"KOR","playtime":717,"items_purged":["Defend_G"],"score":346,"play_id":"83ada4cd-deb4-4cb2-91f1-2e3ef4918004","local_time":"20210127121832","is_ascension_mode":true,"campfire_choices":[{"data":"Dash","floor":6.0,"key":"SMITH"},{"data":"Malaise","floor":12.0,"key":"SMITH"},{"data":"Footwork","floor":15.0,"key":"SMITH"}],"circlet_count":0,"master_deck":["AscendersBane","Strike_G","Strike_G","Strike_G","Strike_G","Defend_G","Defend_G+1","Defend_G","Defend_G","Survivor","Neutralize","Underhanded Strike+1","Dash+1","Backflip","Prepared","PiercingWail","Malaise+1","Dagger Spray","Footwork+1","Envenom","Acrobatics","Cloak And Dagger","Deadly Poison"],"relics":["Ring of the Snake","Turnip","CultistMask","Gremlin Horn","HoveringKite"],"acts_visited":["Exordium","TheCity"],"potions_floor_usage":[16],"damage_taken":[{"damage":2.0,"enemies":"Jaw Worm","floor":1.0,"turns":5.0},{"damage":2.0,"enemies":"Cultist","floor":2.0,"turns":5.0},{"damage":2.0,"enemies":"Small Slimes","floor":3.0,"turns":5.0},{"damage":9.0,"enemies":"Gremlin Gang","floor":7.0,"turns":8.0},{"damage":4.0,"enemies":"Lots of Slimes","floor":8.0,"turns":5.0},{"damage":1.0,"enemies":"Exordium Thugs","floor":11.0,"turns":4.0},{"damage":0.0,"enemies":"3 Louse","floor":14.0,"turns":4.0},{"damage":16,"enemies":"The Guardian","floor":16,"turns":15},{"damage":25,"enemies":"Chosen","floor":18,"turns":8},{"damage":3,"enemies":"Spheric Guardian","floor":19,"turns":8},{"damage":20,"enemies":"3 Cultists","floor":21,"turns":4}],"seed_played":"8588278129206048604","potions_obtained":[{"floor":2.0,"key":"Swift Potion"},{"floor":7.0,"key":"ColorlessPotion"},{"floor":16,"key":"Swift Potion"},{"floor":18,"key":"Dexterity Potion"}],"is_trial":false,"path_per_floor":["M","M","M","?","?","R","M","M","T","$","M","R","?","M","R","B",null,"M","M","$","M"],"character_chosen":"THE_SILENT","items_purchased":["Malaise","Deadly Poison"],"campfire_rested":0,"item_purchase_floors":[10,20],"current_hp_per_floor":[57,55,53,35,35,35,26,22,22,22,21,21,21,21,21,5,46,21,18,18,0,0],"gold":13,"neow_bonus":"ONE_RARE_RELIC","is_daily":false,"chose_seed":false,"campfire_upgraded":3,"win_rate":0.0,"timestamp":1611717512,"path_taken":["M","M","M","?","?","R","M","M","T","$","?","R","?","M","R","BOSS","M","M","$","?"],"items_purchased_type":["Card","Card"],"build_version":"2020-12-22","purchased_purges":1,"victory":false,"max_hp_per_floor":[60,60,60,60,60,60,60,60,60,60,60,60,60,60,60,60,60,60,60,60,60,60],"card_choices":[{"not_picked":["Cloak And Dagger","Backflip"],"picked":"Underhanded Strike","floor":1.0},{"not_picked":["Flying Knee","Caltrops"],"picked":"Dash","floor":2.0},{"not_picked":["Acrobatics","Cloak And Dagger"],"picked":"Backflip","floor":3.0},{"not_picked":["Unload","Predator"],"picked":"Prepared","floor":7.0},{"not_picked":["Catalyst","Cloak And Dagger"],"picked":"PiercingWail","floor":8.0},{"not_picked":["Deflect","Dagger Throw"],"picked":"Dagger Spray","floor":11.0},{"not_picked":["Prepared","Backflip","Cloak And Dagger"],"picked":"SKIP","floor":14.0},{"not_picked":["Venomology","Phantasmal Killer"],"picked":"Envenom","floor":16},{"not_picked":["Calculated Gamble","Escape Plan"],"picked":"Acrobatics","floor":18},{"not_picked":["Choke+1","Flying Knee"],"picked":"Cloak And Dagger","floor":19}],"player_experience":686209,"relics_obtained":[{"floor":9.0,"key":"Gremlin Horn"}],"event_choices":[{"damage_healed":0.0,"max_hp_gain":0.0,"max_hp_loss":0.0,"gold_gain":0.0,"event_name":"Shining Light","player_choice":"Entered Light","floor":4.0,"gold_loss":0.0,"damage_taken":18.0,"cards_upgraded":["Defend_G","Underhanded Strike"]},{"damage_healed":0.0,"max_hp_gain":0.0,"max_hp_loss":0.0,"gold_gain":0.0,"event_name":"FaceTrader","player_choice":"Trade","floor":5.0,"gold_loss":0.0,"damage_taken":0.0,"relics_obtained":["CultistMask"]},{"damage_healed":0.0,"max_hp_gain":0.0,"max_hp_loss":0.0,"gold_gain":0.0,"cards_transformed":["Strike_G"],"event_name":"Transmorgrifier","player_choice":"Transformed","floor":13.0,"gold_loss":0.0,"damage_taken":0.0,"cards_obtained":["Footwork"]}],"is_beta":false,"boss_relics":[{"not_picked":["SlaversCollar","Cursed Key"],"picked":"HoveringKite"}],"items_purged_floors":[20],"is_endless":false,"potions_floor_spawned":[2,7,8,16,18,19],"killed_by":"3 Cultists","ascension_level":20}}