{"host":"zxd2l8an9de7z7b9","time":1611724307,"event":{"mods":["2.2 Compatiblity","BaseMod","CapriCore","Colored Map","Colored Powertips","Minty Spire (QoL Compilation)","Rare Cards Sparkle","StSLib","SuperFastMode"],"gold_per_floor":[110,8,8,8,8,8,19,39,90,116,116,136,170,170,170,272,272,289,289,299,1,1,1,26,44,69,69,80,110,25,25,25,124,124,143,365,383,383,383],"floor_reached":38,"language":"KOR","playtime":1966,"items_purged":["Strike_P","Defend_P"],"score":425,"play_id":"8e66150f-5bec-4543-b335-8a278493ea15","local_time":"20210127141147","is_ascension_mode":false,"campfire_choices":[{"data":"Study","floor":6.0,"key":"SMITH"},{"floor":11.0,"key":"REST"},{"floor":15.0,"key":"REST"},{"floor":23.0,"key":"REST"},{"floor":27,"key":"REST"},{"floor":32,"key":"REST"}],"circlet_count":0,"master_deck":["Strike_P","Strike_P","Defend_P","Defend_P+1","Eruption+1","Vigilance","Study+1","Crescendo","EmptyFist","ForeignInfluence","PathToVictory","DeceiveReality","EmptyMind","DeusExMachina","EmptyBody+1","ForeignInfluence+1","LikeWater","FlurryOfBlows","Wallop","Halt","LikeWater","FollowUp+1","Meditate","Omniscience","SignatureMove+1","Halt+1"],"relics":["HolyWater","NeowsBlessing","Lantern","Dream Catcher","Turnip","Orichalcum","Membership Card","Blood Vial","Potion Belt","Nunchaku","Red Mask","Strawberry","Snecko Eye"],"acts_visited":["TheCity","TheBeyond"],"potions_floor_usage":[25,29,33],"damage_taken":[{"damage":0.0,"enemies":"2 Louse","floor":1.0,"turns":1.0},{"damage":0.0,"enemies":"Small Slimes","floor":7.0,"turns":1.0},{"damage":0.0,"enemies":"Cultist","floor":8.0,"turns":1.0},{"damage":10.0,"enemies":"Gremlin Nob","floor":10.0,"turns":3.0},{"damage":3.0,"enemies":"Exordium Wildlife","floor":12.0,"turns":4.0},{"damage":12.0,"enemies":"3 Sentries","floor":13.0,"turns":7.0},{"damage":24.0,"enemies":"Hexaghost","floor":16.0,"turns":6.0},{"damage":34.0,"enemies":"2 Thieves","floor":18.0,"turns":4.0},{"damage":15.0,"enemies":"Shell Parasite","floor":20.0,"turns":7.0},{"damage":34.0,"enemies":"Slavers","floor":24.0,"turns":7.0},{"damage":0,"enemies":"Chosen and Byrds","floor":25,"turns":1},{"damage":18,"enemies":"Cultist and Chosen","floor":28,"turns":7},{"damage":6,"enemies":"Masked Bandits","floor":29,"turns":5},{"damage":37,"enemies":"Champ","floor":33,"turns":11},{"damage":18,"enemies":"Orb Walker","floor":35,"turns":6},{"damage":2,"enemies":"3 Shapes","floor":37,"turns":3},{"damage":3,"enemies":"Maw","floor":38,"turns":4}],"seed_played":"8806169222943492949","potions_obtained":[{"floor":1.0,"key":"EntropicBrew"},{"floor":7.0,"key":"BottledMiracle"},{"floor":8.0,"key":"SteroidPotion"},{"floor":12.0,"key":"Ancient Potion"},{"floor":18.0,"key":"Dexterity Potion"},{"floor":25,"key":"FearPotion"},{"floor":28,"key":"DuplicationPotion"},{"floor":33,"key":"AttackPotion"},{"floor":37,"key":"FearPotion"}],"is_trial":false,"path_per_floor":["M","$","?","?","?","R","M","M","T","E","R","M","E","?","R","B",null,"M","?","M","$","?","R","E","M","T","R","M","?","?","$","R","B",null,"M","?","M","M"],"character_chosen":"WATCHER","items_purchased":["Crescendo","Membership Card","Blood Vial","LikeWater"],"campfire_rested":5,"item_purchase_floors":[2,21,21,21],"current_hp_per_floor":[72,72,65,70,55,55,55,55,55,45,68,65,53,41,64,40,77,43,29,14,14,14,38,6,8,8,32,16,12,19,19,45,10,89,71,71,71,70,70],"gold":383,"neow_bonus":"THREE_ENEMY_KILL","is_daily":false,"chose_seed":false,"campfire_upgraded":1,"win_rate":0.0,"timestamp":1611724307,"path_taken":["M","$","?","?","?","R","M","M","T","E","R","M","E","?","R","BOSS","M","?","M","$","?","R","E","M","T","R","?","?","?","?","R","BOSS","M","?","M","M"],"items_purchased_type":["Card","Relic","Relic","Card"],"build_version":"2020-12-22","purchased_purges":2,"victory":false,"max_hp_per_floor":[72,72,72,77,77,77,77,77,77,77,77,77,77,77,77,77,77,77,82,82,82,82,82,82,82,82,82,82,82,89,89,89,89,89,89,89,89,89,89],"card_choices":[{"not_picked":["Collect","Weave"],"picked":"Study","floor":1.0},{"not_picked":["Consecrate","Nirvana"],"picked":"EmptyFist","floor":7.0},{"not_picked":["JustLucky","CutThroughFate"],"picked":"ForeignInfluence","floor":8.0},{"not_picked":["FollowUp","Consecrate"],"picked":"PathToVictory","floor":10.0},{"not_picked":["Protect","Evaluate"],"picked":"DeceiveReality","floor":12.0},{"not_picked":["CarveReality","SashWhip","Evaluate"],"picked":"SKIP","floor":13.0},{"not_picked":["BowlingBash","Consecrate"],"picked":"EmptyMind","floor":15.0},{"not_picked":["Vault","Alpha"],"picked":"DeusExMachina","floor":16.0},{"not_picked":["ReachHeaven","Evaluate"],"picked":"EmptyBody+1","floor":18.0},{"not_picked":["Prostrate","FlyingSleeves"],"picked":"ForeignInfluence+1","floor":20.0},{"not_picked":["EmptyMind","Crescendo"],"picked":"Wallop","floor":24.0},{"not_picked":["Crescendo","TalkToTheHand"],"picked":"Halt","floor":25},{"not_picked":["Swivel","Crescendo+1"],"picked":"LikeWater","floor":27},{"not_picked":["Protect","Crescendo","WaveOfTheHand"],"picked":"SKIP","floor":28},{"not_picked":["Study","SashWhip"],"picked":"FollowUp+1","floor":29},{"not_picked":["FlurryOfBlows","EmptyFist"],"picked":"Meditate","floor":32},{"not_picked":["DevaForm","Alpha"],"picked":"Omniscience","floor":33},{"not_picked":["Perseverance","Halt"],"picked":"SignatureMove+1","floor":35},{"not_picked":["BowlingBash","FollowUp"],"picked":"Halt+1","floor":37}],"player_experience":326454,"relics_obtained":[{"floor":9.0,"key":"Lantern"},{"floor":10.0,"key":"Dream Catcher"},{"floor":13.0,"key":"Turnip"},{"floor":24.0,"key":"Potion Belt"},{"floor":26,"key":"Nunchaku"},{"floor":29,"key":"Red Mask"}],"event_choices":[{"cards_removed":["Defend_P"],"damage_healed":0.0,"max_hp_gain":0.0,"max_hp_loss":0.0,"gold_gain":0.0,"event_name":"Golden Wing","player_choice":"Card Removal","floor":3.0,"gold_loss":0.0,"damage_taken":7.0},{"damage_healed":0.0,"max_hp_gain":5.0,"max_hp_loss":0.0,"gold_gain":0.0,"event_name":"Big Fish","player_choice":"Donut","floor":4.0,"gold_loss":0.0,"damage_taken":0.0},{"damage_healed":0.0,"max_hp_gain":0.0,"max_hp_loss":0.0,"gold_gain":0.0,"event_name":"Shining Light","player_choice":"Entered Light","floor":5.0,"gold_loss":0.0,"damage_taken":15.0,"cards_upgraded":["Eruption","Defend_P"]},{"damage_healed":0.0,"max_hp_gain":0.0,"max_hp_loss":0.0,"gold_gain":0.0,"event_name":"Scrap Ooze","player_choice":"Success","floor":14.0,"gold_loss":0.0,"damage_taken":12.0,"relics_obtained":["Orichalcum"]},{"damage_healed":0.0,"max_hp_gain":5.0,"max_hp_loss":0.0,"gold_gain":0.0,"event_name":"Forgotten Altar","player_choice":"Shed Blood","floor":19.0,"gold_loss":0.0,"damage_taken":19.0},{"damage_healed":0.0,"max_hp_gain":0.0,"max_hp_loss":0.0,"gold_gain":0.0,"cards_transformed":["Strike_P"],"event_name":"Transmorgrifier","player_choice":"Transformed","floor":22.0,"gold_loss":0.0,"damage_taken":0.0,"cards_obtained":["FlurryOfBlows"]},{"damage_healed":0,"gold_gain":0,"player_choice":"Fought Bandits","damage_taken":0,"max_hp_gain":0,"max_hp_loss":0,"event_name":"Masked Bandits","floor":29,"gold_loss":0},{"damage_healed":0,"gold_gain":0,"player_choice":"Obtained Relic","damage_taken":0,"relics_obtained":["Strawberry"],"max_hp_gain":0,"max_hp_loss":0,"event_name":"Addict","floor":30,"gold_loss":85},{"damage_healed":0,"gold_gain":222,"player_choice":"Wore Mask","damage_taken":0,"max_hp_gain":0,"max_hp_loss":0,"event_name":"Tomb of Lord Red Mask","floor":36,"gold_loss":0}],"is_beta":false,"boss_relics":[{"not_picked":["Cursed Key","SacredBark"],"picked":"HolyWater"},{"not_picked":["Coffee Dripper","Runic Dome"],"picked":"Snecko Eye"}],"items_purged_floors":[2,21],"is_endless":false,"potions_floor_spawned":[1,7,8,12,18,25,28,33,37],"killed_by":"Maw","ascension_level":0}}