{"host":"0p0n41frih4f9rxw","time":1611726411,"event":{"mods":["Act Like it!","BaseMod","Downfall","Hubris","Minty Spire (QoL Compilation)","Replay The Spire","StSLib","The Animator","The Servant 0.9.4"],"gold_per_floor":[113,130,130,95,95,95,114,114,163,163,18,53,53,73,73,171,271,287,302,322,322,322,355,355,390,390,406,406,419,419,419,516,516,528,528,576,586,586,618,618,543,593,610,610,610,610],"floor_reached":51,"language":"ENG","playtime":2059,"items_purged":["Writhe"],"score":657,"play_id":"4d9b4d8d-449f-458e-8399-3c4884744859","local_time":"20210127054651","is_ascension_mode":false,"campfire_choices":[{"data":"Endless Agony","floor":6,"key":"SMITH"},{"data":"Sneak Up","floor":10,"key":"SMITH"},{"floor":15,"key":"REST"},{"floor":24,"key":"REST"},{"floor":32,"key":"REST"},{"floor":40,"key":"REST"},{"floor":49,"key":"DIG"}],"circlet_count":0,"master_deck":["Strike_G","Strike_G","Strike_G","Strike_G","Strike_G","Defend_G","Defend_G","Defend_G","Defend_G","Defend_G","Survivor","Neutralize","Sneak Up+1","Endless Agony+1","Deflect","Dagger Throw","Poison Darts+1","Venomology","Backflip+1","Deflect+1","Quick Slash","Expertise","Dodge and Roll+1","Corpse Explosion","Neutralize","PiercingWail+1","ReplayTheSpireMod:Necrosis","Catalyst+1","Jack Of All Trades","Jack Of All Trades","Secret Weapon","Deadly Poison+1","Poison Darts","Catalyst"],"relics":["Ring of the Snake","hubris:ToyBattleship","hubris:BundleOfHerbs","Happy Flower","TwistedFunnel","Replay:Ringing Soul","Replay:Wanted Poster","hubris:Teleporter","hubris:TinFlute","Ornamental Fan","hubris:CrystalStatue","Toy Ornithopter","Enchiridion","Sozu","Pondfish Scales","Pocketwatch","Gremlin Horn","Replay:Arrowhead","hubris:Icosahedron","Gremlin Food"],"acts_visited":["Exordium","TheCity","TheBeyond"],"potions_floor_usage":[16,18,19,23,23,25,25,30,33,33],"damage_taken":[{"damage":5,"enemies":"Jaw Worm","floor":1,"turns":5},{"damage":0,"enemies":"Small Slimes","floor":2,"turns":6},{"damage":1,"enemies":"Cultist","floor":7,"turns":5},{"damage":31,"enemies":"3 Sentries","floor":12,"turns":13},{"damage":0,"enemies":"2 Fungi Beasts","floor":14,"turns":3},{"damage":52,"enemies":"Fading Forest","floor":16,"turns":11},{"damage":3,"enemies":"3 Byrds","floor":18,"turns":4},{"damage":21,"enemies":"Shell Parasite","floor":19,"turns":3},{"damage":25,"enemies":"Gremlin Leader","floor":23,"turns":5},{"damage":50,"enemies":"Book of Stabbing","floor":25,"turns":8},{"damage":3,"enemies":"Snake Plant","floor":27,"turns":2},{"damage":21,"enemies":"Cultist and Chosen","floor":30,"turns":6},{"damage":32,"enemies":"Champ","floor":33,"turns":11},{"damage":13,"enemies":"3 Darklings","floor":35,"turns":3},{"damage":38,"enemies":"2 Orb Walkers","floor":37,"turns":6},{"damage":0,"enemies":"Orb Walker","floor":38,"turns":4},{"damage":17,"enemies":"Reptomancer","floor":42,"turns":4},{"damage":0,"enemies":"Mind Bloom Boss Battle","floor":46,"turns":4},{"damage":0,"enemies":"Writhing Mass","floor":47,"turns":2},{"damage":33,"enemies":"Replay:Hell Engine","floor":50,"turns":6}],"seed_played":"7427439781107002172","potions_obtained":[{"floor":1,"key":"DuplicationPotion"},{"floor":7,"key":"Poison Potion"},{"floor":12,"key":"FearPotion"},{"floor":18,"key":"EssenceOfSteel"},{"floor":30,"key":"Reflective Coating"}],"is_trial":false,"path_per_floor":["M","M","?","?","?","R","M","$","T","R","$","E","?","M","R","B",null,"M","M","?","?","?","E","R","E","T","M","?","M","?","R","B",null,"M","?","?","M","R","E","T","$","?","M","?","R","B",null],"character_chosen":"THE_SILENT","items_purchased":["TwistedFunnel"],"campfire_rested":4,"item_purchase_floors":[11],"current_hp_per_floor":[65,65,40,57,57,57,56,56,56,56,56,28,28,31,53,26,79,76,58,29,32,32,10,37,32,32,32,35,22,6,36,17,106,96,89,51,51,84,70,70,70,73,76,76,76,43],"gold":610,"neow_bonus":"ONE_RANDOM_RARE_CARD","is_daily":false,"chose_seed":false,"campfire_upgraded":2,"win_rate":0.0,"timestamp":1611726411,"path_taken":["M","M","?","?","?","R","?","$","T","R","$","E","?","M","R","BOSS","M","M","?","?","?","E","R","E","T","?","?","?","?","R","BOSS","M","?","?","M","R","E","T","$","?","?","?","R","BOSS"],"items_purchased_type":["Relic"],"build_version":"2020-12-22","purchased_purges":1,"victory":true,"max_hp_per_floor":[70,70,70,70,70,70,70,70,70,70,70,73,73,76,76,79,79,79,82,85,88,88,91,91,94,94,97,100,103,103,103,106,106,109,112,112,112,112,115,115,115,118,121,121,121,121],"card_choices":[{"not_picked":["Escape Plan","ReplayTheSpireMod:Scrap Shanks"],"picked":"Sneak Up","floor":1},{"not_picked":["Quick Slash","Sucker Punch"],"picked":"Endless Agony","floor":2},{"not_picked":["Slice","Crippling Poison"],"picked":"Deflect","floor":7},{"not_picked":["Acrobatics","Prepared"],"picked":"Dagger Throw","floor":12},{"not_picked":["Dagger Spray","Sucker Punch"],"picked":"Poison Darts","floor":14},{"not_picked":["A Thousand Cuts","Night Terror"],"picked":"Venomology","floor":16},{"not_picked":["Dagger Spray","Infinite Blades","Sneak Up"],"picked":"SKIP","floor":18},{"not_picked":["Underhanded Strike","PiercingWail+1"],"picked":"Backflip+1","floor":19},{"not_picked":["Setup","Crippling Poison+1"],"picked":"Deflect+1","floor":20},{"not_picked":["Bouncing Flask","Poisoned Stab"],"picked":"Quick Slash","floor":23},{"not_picked":["Replay:Bag of Tricks","ReplayTheSpireMod:The Works"],"picked":"Expertise","floor":25},{"not_picked":["Replay:Poison Smokescreen","Hidden Blade"],"picked":"Dodge and Roll+1","floor":27},{"not_picked":["ReplayTheSpireMod:Scrap Shanks","Prepared"],"picked":"PiercingWail+1","floor":30},{"not_picked":["Grand Finale","Envenom"],"picked":"ReplayTheSpireMod:Necrosis","floor":33},{"not_picked":["Infinite Blades","ReplayTheSpireMod:The Works+1"],"picked":"Catalyst+1","floor":35},{"not_picked":["Forethought","Survey Options"],"picked":"Jack Of All Trades","floor":36},{"not_picked":["Mayhem","Violence"],"picked":"Jack Of All Trades","floor":36},{"not_picked":["Magnetism","ReplayTheSpireMod:Trickstab"],"picked":"Secret Weapon","floor":36},{"not_picked":["PiercingWail","Bane","Quick Slash+1"],"picked":"SKIP","floor":38},{"not_picked":["Calculated Gamble+1","Sucker Punch+1"],"picked":"Deadly Poison+1","floor":42},{"not_picked":["Reflex+1","Poisoned Stab"],"picked":"Poison Darts","floor":46},{"not_picked":["Eviscerate+1","Poisoned Stab"],"picked":"Catalyst","floor":47}],"player_experience":139177,"relics_obtained":[{"floor":9,"key":"Happy Flower"},{"floor":12,"key":"Replay:Ringing Soul"},{"floor":20,"key":"hubris:Teleporter"},{"floor":23,"key":"Ornamental Fan"},{"floor":25,"key":"hubris:CrystalStatue"},{"floor":26,"key":"Toy Ornithopter"},{"floor":31,"key":"Enchiridion"},{"floor":37,"key":"Pondfish Scales"},{"floor":42,"key":"Pocketwatch"},{"floor":43,"key":"Gremlin Horn"},{"floor":46,"key":"Replay:Arrowhead"},{"floor":49,"key":"Gremlin Food"}],"event_choices":[{"damage_healed":0,"gold_gain":0,"player_choice":"Success","damage_taken":25,"relics_obtained":["hubris:ToyBattleship"],"max_hp_gain":0,"max_hp_loss":0,"event_name":"Scrap Ooze","floor":3,"gold_loss":0},{"damage_healed":17,"gold_gain":0,"player_choice":"Healed","damage_taken":0,"max_hp_gain":0,"max_hp_loss":0,"event_name":"The Cleric","floor":4,"gold_loss":35},{"cards_removed":["Envenom"],"damage_healed":0,"gold_gain":0,"player_choice":"Gave Card","damage_taken":0,"relics_obtained":["hubris:BundleOfHerbs"],"max_hp_gain":0,"max_hp_loss":0,"event_name":"WeMeetAgain","floor":5,"gold_loss":0},{"damage_healed":0,"gold_gain":0,"player_choice":"Ignored","damage_taken":0,"max_hp_gain":0,"max_hp_loss":0,"event_name":"Golden Wing","floor":13,"gold_loss":0},{"damage_healed":0,"gold_gain":0,"player_choice":"Opened","damage_taken":0,"relics_obtained":["hubris:TinFlute"],"max_hp_gain":0,"max_hp_loss":0,"event_name":"The Mausoleum","floor":21,"gold_loss":0,"cards_obtained":["Writhe"]},{"damage_healed":0,"gold_gain":0,"player_choice":"Upgraded","damage_taken":0,"max_hp_gain":0,"max_hp_loss":0,"event_name":"Upgrade Shrine","floor":22,"gold_loss":0,"cards_upgraded":["Poison Darts"]},{"damage_healed":0,"gold_gain":0,"player_choice":"2 cards matched","damage_taken":0,"max_hp_gain":0,"max_hp_loss":0,"event_name":"Match and Keep!","floor":29,"gold_loss":0,"cards_obtained":["Corpse Explosion","Neutralize"]},{"damage_healed":0,"gold_gain":0,"player_choice":"Obtained Book","damage_taken":16,"max_hp_gain":0,"max_hp_loss":0,"event_name":"Cursed Tome","floor":31,"gold_loss":0},{"damage_healed":0,"gold_gain":0,"player_choice":"Memory 3","damage_taken":10,"max_hp_gain":0,"max_hp_loss":0,"event_name":"SensoryStone","floor":36,"gold_loss":0},{"damage_healed":0,"gold_gain":0,"player_choice":"Fight","damage_taken":0,"max_hp_gain":0,"max_hp_loss":0,"event_name":"Mysterious Sphere","floor":37,"gold_loss":0},{"damage_healed":0,"gold_gain":0,"player_choice":"Fight","damage_taken":0,"max_hp_gain":0,"max_hp_loss":0,"event_name":"MindBloom","floor":46,"gold_loss":0}],"is_beta":false,"boss_relics":[{"not_picked":["Runic Dome","Snecko Scales"],"picked":"Replay:Wanted Poster"},{"not_picked":["hubris:CrackedHourglass","Coffee Dripper"],"picked":"Sozu"}],"items_purged_floors":[45],"is_endless":false,"potions_floor_spawned":[1,7,12,18,30,37,47],"ascension_level":0}}