{"host":"bxn2em57qlx5u4i0","time":1611790183,"event":{"mods":["BaseMod","Colored Map","Colored Powertips","Highlight Path","Minty Spire (QoL Compilation)","Random Character Button","Relic Sorter","Relic Stats","StSLib","SuperFastMode"],"gold_per_floor":[15,15,32,48,48,48,78,98,147,161,161,177,2,19,19,96,96,109,122,122,122,122],"floor_reached":21,"language":"ENG","playtime":583,"items_purged":["Pain"],"score":366,"play_id":"c227c8ae-85d4-4c33-8b86-52cf1d9ac57a","local_time":"20210127182943","is_ascension_mode":true,"campfire_choices":[{"data":"Noxious Fumes","floor":6.0,"key":"SMITH"},{"data":"Footwork","floor":11.0,"key":"SMITH"},{"data":"Well Laid Plans","floor":15.0,"key":"SMITH"}],"circlet_count":0,"master_deck":["AscendersBane","Strike_G","Strike_G","Strike_G","Strike_G","Defend_G","Defend_G","Defend_G","Defend_G","Survivor","Neutralize","Noxious Fumes+1","Footwork+1","PiercingWail","Noxious Fumes","Calculated Gamble","Poisoned Stab","Backflip","Well Laid Plans+1","Bullet Time","Deadly Poison+1"],"relics":["Ring of the Snake","WarpedTongs","Meat on the Bone","Snake Skull","Busted Crown"],"acts_visited":["Exordium","TheCity"],"potions_floor_usage":[],"damage_taken":[{"damage":7.0,"enemies":"Small Slimes","floor":1.0,"turns":5.0},{"damage":5.0,"enemies":"Cultist","floor":3.0,"turns":4.0},{"damage":9.0,"enemies":"2 Louse","floor":4.0,"turns":4.0},{"damage":15.0,"enemies":"Lagavulin","floor":7.0,"turns":8.0},{"damage":5.0,"enemies":"Red Slaver","floor":8.0,"turns":5.0},{"damage":25.0,"enemies":"Gremlin Gang","floor":10.0,"turns":6.0},{"damage":3.0,"enemies":"Lots of Slimes","floor":12.0,"turns":3.0},{"damage":5.0,"enemies":"3 Louse","floor":14.0,"turns":3.0},{"damage":2.0,"enemies":"Hexaghost","floor":16.0,"turns":8.0},{"damage":10.0,"enemies":"Chosen","floor":18.0,"turns":5.0},{"damage":0.0,"enemies":"3 Byrds","floor":19.0,"turns":5.0},{"damage":36,"enemies":"Snake Plant","floor":21,"turns":3}],"seed_played":"-9144173467925062040","potions_obtained":[{"floor":1.0,"key":"LiquidBronze"},{"floor":4.0,"key":"LiquidMemories"},{"floor":8.0,"key":"Block Potion"},{"floor":14.0,"key":"Energy Potion"},{"floor":16.0,"key":"Weak Potion"},{"floor":18.0,"key":"Energy Potion"}],"is_trial":false,"path_per_floor":["M","?","M","M","?","R","E","M","T","M","R","M","$","M","R","B",null,"M","M","?","M"],"character_chosen":"THE_SILENT","items_purchased":["Backflip","Well Laid Plans"],"campfire_rested":0,"item_purchase_floors":[13,13],"current_hp_per_floor":[52,52,47,38,38,38,35,42,42,29,29,38,38,45,45,43,60,50,50,32,0,0],"gold":122,"neow_bonus":"REMOVE_TWO","is_daily":false,"chose_seed":false,"campfire_upgraded":3,"win_rate":0.0,"timestamp":1611790183,"path_taken":["M","?","M","?","?","R","E","?","T","M","R","?","$","M","R","BOSS","M","?","?","M"],"items_purchased_type":["Card","Card"],"build_version":"2020-12-22","purchased_purges":1,"victory":false,"max_hp_per_floor":[66,66,66,66,66,66,66,66,66,66,66,66,66,66,66,66,66,66,66,71,71,71],"relic_stats":{"Busted Crown":4,"counters":[12,59],"Snake Skull":[51],"obtain_stats":[{"Busted Crown":17,"Snake Skull":7,"Ring of the Snake":0,"WarpedTongs":2,"Meat on the Bone":5},{"Busted Crown":9,"Snake Skull":4,"Ring of the Snake":0,"WarpedTongs":1,"Meat on the Bone":3},{"Busted Crown":46,"Snake Skull":21,"Ring of the Snake":0,"WarpedTongs":5,"Meat on the Bone":13}],"Ring of the Snake":[24],"WarpedTongs":[54],"Meat on the Bone":60},"card_choices":[{"not_picked":["Terror","Dodge and Roll"],"picked":"Noxious Fumes","floor":1.0},{"not_picked":["Slice","Deflect"],"picked":"Footwork","floor":3.0},{"not_picked":["Deflect","Bane"],"picked":"PiercingWail","floor":4.0},{"not_picked":["Concentrate","Venomology"],"picked":"Noxious Fumes","floor":7.0},{"not_picked":["Choke","Sucker Punch","Slice"],"picked":"SKIP","floor":8.0},{"not_picked":["Terror","Dagger Throw"],"picked":"Calculated Gamble","floor":10.0},{"not_picked":["Poisoned Stab","Acrobatics","Underhanded Strike"],"picked":"SKIP","floor":12.0},{"not_picked":["Acrobatics","Underhanded Strike"],"picked":"Poisoned Stab","floor":12.0},{"not_picked":["Caltrops","Setup","Quick Slash"],"picked":"SKIP","floor":14.0},{"not_picked":["Adrenaline","Malaise"],"picked":"Bullet Time","floor":16.0},{"not_picked":[],"picked":"Deadly Poison+1","floor":18.0},{"not_picked":["Eviscerate"],"picked":"SKIP","floor":19.0}],"player_experience":2951733,"relics_obtained":[{"floor":7.0,"key":"Snake Skull"}],"event_choices":[{"damage_healed":0.0,"max_hp_gain":0.0,"max_hp_loss":0.0,"gold_gain":0.0,"event_name":"Accursed Blacksmith","player_choice":"Rummage","floor":2.0,"gold_loss":0.0,"damage_taken":0.0,"relics_obtained":["WarpedTongs"],"cards_obtained":["Pain"]},{"damage_healed":0.0,"max_hp_gain":0.0,"max_hp_loss":0.0,"gold_gain":0.0,"event_name":"WeMeetAgain","player_choice":"Gave Potion","floor":5.0,"gold_loss":0.0,"damage_taken":0.0,"relics_obtained":["Meat on the Bone"]},{"damage_healed":0.0,"max_hp_gain":5.0,"max_hp_loss":0.0,"gold_gain":0.0,"event_name":"Forgotten Altar","player_choice":"Shed Blood","floor":20.0,"gold_loss":0.0,"damage_taken":23.0}],"is_beta":false,"boss_relics":[{"not_picked":["Empty Cage","SacredBark"],"picked":"Busted Crown"}],"items_purged_floors":[13],"is_endless":false,"potions_floor_spawned":[1,4,8,14,16,18],"killed_by":"Snake Plant","ascension_level":20}}