{"host":"sav7uxregyirlf69","time":1611758913,"event":{"mods":["AchievementEnabler","BaseMod","Colored Map","DeckTracker","Keyboard Shortcuts","Minty Spire (QoL Compilation)","READ ME - Guardian Mod","StSLib","SuperFastMode"],"gold_per_floor":[113,38,38,57,57,67,67,100,100,100,100],"floor_reached":10,"language":"KOR","playtime":137,"items_purged":["Shame"],"score":132,"play_id":"49530f14-2a32-46c9-88cf-21f1dcf1391c","local_time":"20210127234833","is_ascension_mode":true,"campfire_choices":[{"data":"Body Slam","floor":7,"key":"SMITH"}],"circlet_count":0,"master_deck":["AscendersBane","Strike_R","Strike_R","Strike_R","Strike_R","Strike_R","Defend_R","Defend_R","Defend_R","Defend_R","Bash","Cleave","Power Through","Body Slam+1"],"relics":["Burning Blood","Turnip","Singing Bowl","MealTicket","Frozen Egg 2"],"acts_visited":["Exordium"],"potions_floor_usage":[10],"damage_taken":[{"damage":5,"enemies":"Small Slimes","floor":1,"turns":4},{"damage":6,"enemies":"Cultist","floor":4,"turns":3},{"damage":4,"enemies":"2 Louse","floor":6,"turns":4},{"damage":60,"enemies":"3 Sentries","floor":8,"turns":11},{"damage":37,"enemies":"Gremlin Nob","floor":10,"turns":3}],"seed_played":"614363915921090698","potions_obtained":[{"floor":8,"key":"BloodPotion"}],"is_trial":false,"path_per_floor":["M","$","?","M","?","M","R","E","T","E"],"character_chosen":"IRONCLAD","items_purchased":[],"campfire_rested":0,"item_purchase_floors":[],"current_hp_per_floor":[69,69,69,69,64,66,66,14,14,0,0],"gold":100,"neow_bonus":"ONE_RARE_RELIC","is_daily":false,"chose_seed":false,"campfire_upgraded":1,"win_rate":0.0,"timestamp":1611758913,"path_taken":["M","$","?","?","?","M","R","E","T","E"],"items_purchased_type":[],"build_version":"2020-12-22","purchased_purges":1,"victory":false,"max_hp_per_floor":[75,75,75,75,75,75,75,77,77,77,77],"card_choices":[{"not_picked":["True Grit","Intimidate"],"picked":"Cleave","floor":1},{"not_picked":["Headbutt","Sword Boomerang"],"picked":"Power Through","floor":4},{"not_picked":["Shrug It Off","Seeing Red"],"picked":"Body Slam","floor":6},{"not_picked":["Anger","Cleave","Rage"],"picked":"Singing Bowl","floor":8}],"player_experience":1403623,"relics_obtained":[{"floor":8,"key":"MealTicket"},{"floor":9,"key":"Frozen Egg 2"}],"event_choices":[{"damage_healed":0,"gold_gain":0,"player_choice":"0 cards matched","damage_taken":0,"max_hp_gain":0,"max_hp_loss":0,"event_name":"Match and Keep!","floor":3,"gold_loss":0,"cards_obtained":[]},{"damage_healed":0,"gold_gain":0,"player_choice":"Success","damage_taken":5,"relics_obtained":["Singing Bowl"],"max_hp_gain":0,"max_hp_loss":0,"event_name":"Scrap Ooze","floor":5,"gold_loss":0}],"is_beta":false,"boss_relics":[],"items_purged_floors":[2],"is_endless":false,"potions_floor_spawned":[8],"killed_by":"Gremlin Nob","ascension_level":20}}