{"host":"ouspxqngi1c0vwg9","time":1611782604,"event":{"mods":["AchievementEnabler","Aspiration","BaseMod","Conspire","DeckTracker","Energized Spire","GifTheSpireLib","Hubris","Infinite Spire","Minty Spire (QoL Compilation)","Replay The Spire","Spikes Relics","StSLib","Stuff the Spire","The Blue Laboratory","[IsaacMod]????"],"gold_per_floor":[114,129,144,159,5,5,35,35,35,35,65,80,95,270,270,370,370,385,400,400,400,400,400,415,445,445,475,490,490,520,535,535,635,635,650,665,365,380,380,410,425,455,455,455,455,470,485,500,500,500],"floor_reached":51,"language":"ENG","playtime":3723,"items_purged":["Defend_R"],"score":881,"play_id":"b067f688-2662-4bde-9304-ab6943acfb40","local_time":"20210127232324","daily_mods":["Heirloom","Blue Cards","Elite Swarm"],"is_ascension_mode":false,"campfire_choices":[{"floor":6,"key":"DIG"},{"floor":8,"key":"REST"},{"floor":15,"key":"REST"},{"floor":23,"key":"DIG"},{"floor":29,"key":"REST"},{"floor":32,"key":"REST"},{"floor":44,"key":"REST"},{"floor":49,"key":"DIG"}],"circlet_count":0,"master_deck":["conspire:GhostlyStrike+1","conspire:GhostlyStrike+1","conspire:GhostlyStrike+1","conspire:GhostlyStrike+1","conspire:GhostlyStrike+1","conspire:GhostlyDefend","conspire:GhostlyDefend","conspire:GhostlyDefend","Bash","ReplayTheSpireMod:Muscle Training","Rage","Heavy Blade","Absolvement","Feed","Genetic Algorithm","Hyperbeam","Defy Death","Auto Shields","Go for the Eyes+1","Invigoration","Sword Boomerang","Thunderclap","Hyperbeam","Flame Barrier","Inflame+1","Replay:Undeath\u0027s Touch+1","Shrug It Off","Inflame","Adrenaline","Parasite","Pummel","Adrenaline"],"relics":["Burning Blood","HushsDoor","BookofShadows","Shovel","infinitespire:Satchel","D4","StuffTheSpire:Experiment12","BelialBook","Fusion Hammer","Toy Ornithopter","BloodDonationMachine","Lantern","Self Forming Clay","StuffTheSpire:Barrel","Prayer Wheel","hubris:ChampionShield","aspiration:SilentSkillbook","Anchor","ClockworkSouvenir","hubris:Towel","Pet Ghost","infinitespire:Beetle Shell","RollingBoulder","SpikesRelics:DaevaFist","Replay:Bottled Eggs"],"acts_visited":["Exordium","TheCity","TheBeyond"],"potions_floor_usage":[30,50,50,50],"damage_taken":[{"damage":5,"enemies":"2 Louse","floor":1,"turns":3},{"damage":7,"enemies":"Small Slimes","floor":2,"turns":5},{"damage":13,"enemies":"infinitespire:Voidling","floor":3,"turns":5},{"damage":14,"enemies":"Large Slime","floor":4,"turns":6},{"damage":49,"enemies":"Gremlin Nob","floor":7,"turns":5},{"damage":29,"enemies":"Lagavulin","floor":11,"turns":7},{"damage":7,"enemies":"Looter","floor":12,"turns":4},{"damage":12,"enemies":"2 Fungi Beasts","floor":13,"turns":3},{"damage":50,"enemies":"The Guardian","floor":16,"turns":15},{"damage":1,"enemies":"conspire:FuzzyDice","floor":18,"turns":6},{"damage":2,"enemies":"Chosen","floor":19,"turns":6},{"damage":18,"enemies":"Centurion and Healer","floor":24,"turns":6},{"damage":0,"enemies":"conspire:Head Lice","floor":25,"turns":7},{"damage":29,"enemies":"Book of Stabbing","floor":27,"turns":6},{"damage":19,"enemies":"Snake Plant","floor":28,"turns":7},{"damage":49,"enemies":"Gremlin Leader","floor":30,"turns":9},{"damage":8,"enemies":"Snecko","floor":31,"turns":5},{"damage":32,"enemies":"conspire:MysteriousRune","floor":33,"turns":10},{"damage":20,"enemies":"Orb Walker","floor":35,"turns":4},{"damage":7,"enemies":"3 Shapes","floor":36,"turns":4},{"damage":12,"enemies":"Spire Growth","floor":38,"turns":4},{"damage":31,"enemies":"Giant Head","floor":40,"turns":8},{"damage":3,"enemies":"Writhing Mass","floor":41,"turns":5},{"damage":21,"enemies":"R_Hoarder","floor":42,"turns":8},{"damage":10,"enemies":"3 Darklings","floor":46,"turns":3},{"damage":0,"enemies":"Sphere and 2 Shapes","floor":47,"turns":5},{"damage":0,"enemies":"4 Shapes","floor":48,"turns":4},{"damage":81,"enemies":"conspire:OrnateMirror","floor":50,"turns":9}],"seed_played":"-8653540479942029245","potions_obtained":[{"floor":1,"key":"Dexterity Potion"},{"floor":3,"key":"Ancient Potion"},{"floor":7,"key":"blueLaboratory:RememoryPotion"},{"floor":18,"key":"Languid Potion"},{"floor":40,"key":"LifebloodPotion"},{"floor":46,"key":"Block Potion"}],"is_trial":false,"path_per_floor":["M","M","M","M","$","R","E","R","T","?","E","M","M","?","R","B",null,"M","M","?","?","T","R","M","E","T","E","M","R","E","M","R","B",null,"M","M","$","M","?","E","M","E","T","R","T","M","M","M","R","B",null],"character_chosen":"IRONCLAD","items_purchased":["Absolvement","Defy Death","Auto Shields","Anchor","ClockworkSouvenir"],"campfire_rested":5,"item_purchase_floors":[5,17,17,37,37],"current_hp_per_floor":[80,79,80,72,72,72,29,53,53,53,33,35,32,32,58,17,87,90,93,93,93,93,93,81,90,90,70,60,90,55,56,88,62,108,94,96,96,90,90,65,71,56,56,90,90,89,95,104,104,47],"gold":500,"neow_bonus":"","is_daily":true,"chose_seed":false,"campfire_upgraded":0,"win_rate":0.0,"timestamp":1611782604,"path_taken":["M","M","M","M","$","R","E","R","T","?","E","?","M","?","R","BOSS","M","M","?","?","?","R","M","E","T","E","?","R","E","M","R","BOSS","M","M","$","?","?","E","?","E","T","R","?","M","M","M","R","BOSS"],"items_purchased_type":["Card","Card","Card","Relic","Relic"],"build_version":"2020-12-22","purchased_purges":1,"victory":true,"max_hp_per_floor":[80,80,80,80,80,80,80,80,80,80,83,86,89,89,89,92,87,90,93,93,93,93,93,93,96,96,99,102,102,105,108,108,108,108,108,111,111,111,111,111,114,114,114,114,114,117,117,120,120,123],"card_choices":[{"not_picked":["Sword Boomerang","Leap"],"picked":"ReplayTheSpireMod:Muscle Training","floor":1},{"not_picked":["Warcry","Massacre"],"picked":"Rage","floor":2},{"not_picked":["Hologram","Pommel Strike"],"picked":"Heavy Blade","floor":3},{"not_picked":["hubris:ReadiedAction","Sunder","Heavy Blade"],"picked":"SKIP","floor":4},{"not_picked":["Immolate","Multi-Cast"],"picked":"Feed","floor":7},{"not_picked":["Brutality","ReplayTheSpireMod:Omega Cannon","Machine Learning"],"picked":"SKIP","floor":11},{"not_picked":["Rebound","ReplayTheSpireMod:Strike From Hell"],"picked":"Genetic Algorithm","floor":12},{"not_picked":["Warcry","Run Through","Hemokinesis"],"picked":"SKIP","floor":13},{"not_picked":["Impervious","ElectricPowerLearning"],"picked":"Hyperbeam","floor":16},{"not_picked":["ReplayTheSpireMod:Dual Polarity","Steam"],"picked":"Go for the Eyes+1","floor":18},{"not_picked":["Panic Button+1","Chill"],"picked":"Invigoration","floor":19},{"not_picked":["Headbutt","Cleave+1","Hologram+1"],"picked":"SKIP","floor":24},{"not_picked":["Double Tap","StuffTheSpire:EventHorizon","hubris:DoWhile"],"picked":"SKIP","floor":25},{"not_picked":["conspire:HitWhereItHurts","StuffTheSpire:EventHorizon"],"picked":"ReplayTheSpireMod:Fabricate Wheel","floor":27},{"not_picked":["Infernal Blade","StuffTheSpire:RagingBull"],"picked":"Sword Boomerang","floor":28},{"not_picked":["Run Through","Body Slam","Static Discharge"],"picked":"SKIP","floor":28},{"not_picked":["Thunder Strike","Reboot","Exhume"],"picked":"SKIP","floor":30},{"not_picked":["Time Bomb","hubris:PowerSurge"],"picked":"Thunderclap","floor":31},{"not_picked":["Streamline","Gash","Second Wind"],"picked":"SKIP","floor":31},{"not_picked":["Amplify","hubris:Prefetch"],"picked":"Hyperbeam","floor":33},{"not_picked":["Panic Button+1","Anger","Skim+1"],"picked":"Flame Barrier","floor":35},{"not_picked":["Steam","Rage+1","StuffTheSpire:Shiver+1","Leap+1"],"picked":"SKIP","floor":35},{"not_picked":["Sucker Punch+1","StuffTheSpire:GlassShard","Dodge and Roll+1"],"picked":"Inflame+1","floor":36},{"not_picked":["Intimidate+1","StuffTheSpire:BumpUp","Thunderclap+1"],"picked":"Replay:Undeath\u0027s Touch+1","floor":36},{"not_picked":["Dagger Spray+1","Armaments","Echo Form"],"picked":"Shrug It Off","floor":38},{"not_picked":["Cancel+1","StuffTheSpire:RockThrow","Gash"],"picked":"Inflame","floor":38},{"not_picked":["Reaper","Wraith Form v2","hubris:Prefetch"],"picked":"Adrenaline","floor":40},{"not_picked":["BasicCrystalCard+1","ReplayTheSpireMod:Repulse","Cloak And Dagger+1","Outmaneuver+1"],"picked":"SKIP","floor":41},{"not_picked":["BasicCrystalCard","Conserve Battery","Ball Lightning+1","Dagger Spray"],"picked":"SKIP","floor":41},{"not_picked":["ReplayTheSpireMod:From All Sides","StuffTheSpire:Purify","Rainbow","Malaise"],"picked":"SKIP","floor":42},{"not_picked":["Redo+1","Backflip","Pommel Strike+1"],"picked":"Pummel","floor":46},{"not_picked":["ReplayTheSpireMod:Strike From Hell","Core Surge","Underhanded Strike","Fusion+1"],"picked":"SKIP","floor":46},{"not_picked":["StuffTheSpire:Python+1","Flying Knee","Leap+1"],"picked":"Adrenaline","floor":47},{"not_picked":["Hologram","Backstab","Disarm","Iron Wave"],"picked":"SKIP","floor":47},{"not_picked":["RefreshScreen","Run Through+1","StuffTheSpire:LaunchingStrike","Hello World"],"picked":"SKIP","floor":48},{"not_picked":["Flex","Coolheaded","Go for the Eyes+1","Sweeping Beam+1"],"picked":"SKIP","floor":48}],"player_experience":218660,"relics_obtained":[{"floor":6,"key":"infinitespire:Satchel"},{"floor":7,"key":"D4"},{"floor":9,"key":"StuffTheSpire:Experiment12"},{"floor":11,"key":"BelialBook"},{"floor":22,"key":"Toy Ornithopter"},{"floor":23,"key":"BloodDonationMachine"},{"floor":25,"key":"Lantern"},{"floor":26,"key":"Self Forming Clay"},{"floor":27,"key":"StuffTheSpire:Barrel"},{"floor":30,"key":"hubris:ChampionShield"},{"floor":40,"key":"Pet Ghost"},{"floor":42,"key":"infinitespire:Beetle Shell"},{"floor":43,"key":"RollingBoulder"},{"floor":45,"key":"SpikesRelics:DaevaFist"},{"floor":49,"key":"Replay:Bottled Eggs"}],"event_choices":[{"damage_healed":0,"gold_gain":0,"player_choice":"Agree","damage_taken":0,"max_hp_gain":0,"max_hp_loss":0,"event_name":"conspire:LoneGhost","floor":10,"gold_loss":0},{"damage_healed":0,"gold_gain":175,"player_choice":"AGREE","damage_taken":0,"max_hp_gain":0,"max_hp_loss":0,"event_name":"Liars Game","floor":14,"gold_loss":0,"cards_obtained":["Doubt"]},{"cards_removed":["Doubt"],"damage_healed":0,"gold_gain":0,"player_choice":"Purged","damage_taken":0,"max_hp_gain":0,"max_hp_loss":0,"event_name":"Purifier","floor":21,"gold_loss":0}],"is_beta":false,"boss_relics":[{"not_picked":["StuffTheSpire:RunicConfusion","hubris:Stopwatch"],"picked":"Fusion Hammer"},{"not_picked":[]},{"not_picked":["energizedSpire:NeverEndingSparkler","StuffTheSpire:RunicHypercube"],"picked":"aspiration:SilentSkillbook"},{"not_picked":[]}],"items_purged_floors":[5],"is_endless":false,"potions_floor_spawned":[1,3,7,12,18,25,27,28,40,46,47,48],"ascension_level":0}}