{"host":"lnt5dzsuhru0aonl","time":1611742840,"event":{"mods":["2.2 Compatiblity","BaseMod","Colored Map","Colored Powertips","DeckTracker","Keyboard Shortcuts","Minty Spire (QoL Compilation)","Permanent Neow","Rare Cards Sparkle","StSLib","SuperFastMode","everything is the same but u backflip on backflip"],"gold_per_floor":[114,39,39,39,59,59,69,83,129,29,56,79,79,93,93,172,172,185,185,201,36,52,52,52,52,52,65,65,93,93,126,126,205,205,215,52,70,87,99,129,129,145,192,192,98,98,98,118,118,118,118],"floor_reached":50,"language":"KOR","playtime":1568,"items_purged":["Defend_R","Defend_R","Strike_R"],"score":1020,"play_id":"bde6d3f9-e182-48dc-aa3d-146cf4ff5ab9","local_time":"20210127192040","is_ascension_mode":true,"campfire_choices":[{"data":"Searing Blow+2","floor":6.0,"key":"SMITH"},{"data":"Searing Blow+3","floor":13.0,"key":"SMITH"},{"data":"Searing Blow+4","floor":15.0,"key":"SMITH"},{"data":"Armaments","floor":23.0,"key":"SMITH"},{"data":"Battle Trance","floor":25.0,"key":"SMITH"},{"data":"Searing Blow+5","floor":30.0,"key":"SMITH"},{"data":"Searing Blow+6","floor":32.0,"key":"SMITH"},{"data":"Searing Blow+7","floor":41.0,"key":"SMITH"},{"data":"Offering","floor":44.0,"key":"SMITH"},{"floor":47.0,"key":"REST"},{"floor":49.0,"key":"REST"}],"circlet_count":0,"master_deck":["AscendersBane","Strike_R","Strike_R","Defend_R+1","Defend_R","Bash","Clash","Searing Blow+8","Clothesline","Feel No Pain","Pommel Strike","True Grit","Reckless Charge","Immolate","Battle Trance+1","Armaments+1","Searing Blow+5","Burning Pact","Fire Breathing","Inflame+1","Evolve+1","Feel No Pain+1","Ghostly Armor+1","Flame Barrier","Offering+1","Fire Breathing"],"relics":["Burning Blood","Bag of Preparation","Toy Ornithopter","Anchor","Mark of Pain","DollysMirror","Kunai","Tiny Chest","Paper Frog","Philosopher\u0027s Stone","Happy Flower","Smiling Mask","Ancient Tea Set"],"acts_visited":["Exordium","TheCity","TheBeyond"],"potions_floor_usage":[50],"damage_taken":[{"damage":7.0,"enemies":"2 Louse","floor":1.0,"turns":3.0},{"damage":7.0,"enemies":"Jaw Worm","floor":5.0,"turns":2.0},{"damage":0.0,"enemies":"Cultist","floor":7.0,"turns":2.0},{"damage":14.0,"enemies":"Exordium Wildlife","floor":8.0,"turns":4.0},{"damage":7.0,"enemies":"3 Sentries","floor":11.0,"turns":8.0},{"damage":10.0,"enemies":"Lots of Slimes","floor":14.0,"turns":4.0},{"damage":35.0,"enemies":"The Guardian","floor":16.0,"turns":10.0},{"damage":11.0,"enemies":"3 Byrds","floor":18.0,"turns":4.0},{"damage":1.0,"enemies":"2 Thieves","floor":20.0,"turns":3.0},{"damage":0.0,"enemies":"Snake Plant","floor":22.0,"turns":2.0},{"damage":0.0,"enemies":"Centurion and Healer","floor":27.0,"turns":4.0},{"damage":13.0,"enemies":"Slavers","floor":29.0,"turns":5.0},{"damage":21.0,"enemies":"Book of Stabbing","floor":31.0,"turns":3.0},{"damage":41.0,"enemies":"Collector","floor":33.0,"turns":7.0},{"damage":0.0,"enemies":"3 Shapes","floor":35.0,"turns":2.0},{"damage":20.0,"enemies":"3 Darklings","floor":37.0,"turns":3.0},{"damage":26.0,"enemies":"Spire Growth","floor":38.0,"turns":3.0},{"damage":1.0,"enemies":"4 Shapes","floor":39.0,"turns":8.0},{"damage":7.0,"enemies":"Nemesis","floor":40.0,"turns":7.0},{"damage":37.0,"enemies":"Writhing Mass","floor":42.0,"turns":4.0},{"damage":10.0,"enemies":"Maw","floor":48.0,"turns":4.0},{"damage":56,"enemies":"Donu and Deca","floor":50,"turns":6}],"seed_played":"2615172873169106919","potions_obtained":[{"floor":7.0,"key":"SpeedPotion"},{"floor":8.0,"key":"Block Potion"},{"floor":16.0,"key":"LiquidMemories"},{"floor":22.0,"key":"Block Potion"},{"floor":27.0,"key":"ElixirPotion"},{"floor":29.0,"key":"Dexterity Potion"},{"floor":35.0,"key":"Swift Potion"},{"floor":40.0,"key":"LiquidBronze"},{"floor":48.0,"key":"PowerPotion"}],"is_trial":false,"path_per_floor":["M","$","?","?","M","R","M","M","T","$","E","T","R","M","R","B",null,"M","?","M","$","M","R","$","R","T","M","?","E","R","E","R","B",null,"M","$","M","M","M","E","R","M","T","R","$","?","R","M","R","B"],"character_chosen":"IRONCLAD","items_purchased":["DollysMirror","Happy Flower","Fire Breathing"],"campfire_rested":2,"item_purchase_floors":[21,36,45],"current_hp_per_floor":[67,67,47,47,46,46,52,44,44,44,43,43,43,39,39,10,54,54,54,59,59,65,65,65,65,65,68,68,61,61,46,46,21,56,62,62,48,28,38,37,37,11,11,11,11,11,31,27,47,0,0],"gold":118,"neow_bonus":"TRANSFORM_TWO_CARDS","is_daily":false,"chose_seed":false,"campfire_upgraded":9,"win_rate":0.0,"timestamp":1611742840,"path_taken":["M","$","?","?","M","R","?","M","T","$","E","?","R","?","R","BOSS","M","?","M","$","?","R","?","R","T","M","?","E","R","E","R","BOSS","M","$","M","M","M","E","R","M","T","R","$","?","R","M","R","BOSS"],"items_purchased_type":["Relic","Relic","Card"],"build_version":"2020-12-22","purchased_purges":3,"victory":false,"max_hp_per_floor":[68,68,68,68,68,68,68,68,68,68,68,68,68,68,68,68,68,68,68,68,68,68,68,68,68,68,68,68,68,68,68,68,68,68,68,68,68,68,68,68,68,68,68,68,68,68,68,68,68,68,68],"card_choices":[{"not_picked":["Thunderclap","Shrug It Off"],"picked":"Clothesline","floor":1.0},{"not_picked":["Iron Wave","Dark Embrace"],"picked":"Feel No Pain","floor":5.0},{"not_picked":["Dropkick","Twin Strike"],"picked":"Pommel Strike","floor":7.0},{"not_picked":["Feel No Pain","Body Slam"],"picked":"True Grit","floor":8.0},{"not_picked":["Thunderclap","Armaments"],"picked":"Reckless Charge","floor":11.0},{"not_picked":["Infernal Blade","Uppercut","Body Slam"],"picked":"SKIP","floor":14.0},{"not_picked":["Limit Break","Fiend Fire"],"picked":"Immolate","floor":16.0},{"not_picked":["Headbutt","Cleave","True Grit"],"picked":"SKIP","floor":18.0},{"not_picked":["Sword Boomerang","Battle Trance+1"],"picked":"Armaments","floor":20.0},{"not_picked":["Sword Boomerang","Bloodletting","Searing Blow"],"picked":"SKIP","floor":22.0},{"not_picked":["Clash","Power Through"],"picked":"Burning Pact","floor":27.0},{"not_picked":["Armaments","Bloodletting"],"picked":"Inflame+1","floor":29.0},{"not_picked":["Body Slam","Havoc"],"picked":"Evolve+1","floor":31.0},{"not_picked":["Warcry","Armaments+1","Entrench"],"picked":"SKIP","floor":35.0},{"not_picked":["Iron Wave","Headbutt","Flex"],"picked":"SKIP","floor":37.0},{"not_picked":["Sword Boomerang","Twin Strike"],"picked":"Feel No Pain+1","floor":38.0},{"not_picked":["Cleave","Twin Strike+1"],"picked":"Ghostly Armor+1","floor":39.0},{"not_picked":["Metallicize","Anger"],"picked":"Flame Barrier","floor":40.0},{"not_picked":["Body Slam","Heavy Blade+1"],"picked":"Offering","floor":42.0},{"not_picked":["Cleave","Clothesline","Burning Pact"],"picked":"SKIP","floor":48.0}],"player_experience":775262,"relics_obtained":[{"floor":9.0,"key":"Bag of Preparation"},{"floor":11.0,"key":"Toy Ornithopter"},{"floor":12.0,"key":"Anchor"},{"floor":26.0,"key":"Kunai"},{"floor":29.0,"key":"Tiny Chest"},{"floor":31.0,"key":"Paper Frog"},{"floor":40.0,"key":"Smiling Mask"},{"floor":43.0,"key":"Ancient Tea Set"}],"event_choices":[{"damage_healed":0.0,"max_hp_gain":0.0,"max_hp_loss":0.0,"gold_gain":0.0,"event_name":"Shining Light","player_choice":"Entered Light","floor":3.0,"gold_loss":0.0,"damage_taken":20.0,"cards_upgraded":["Searing Blow","Defend_R"]},{"damage_healed":0.0,"max_hp_gain":0.0,"max_hp_loss":0.0,"gold_gain":0.0,"event_name":"Upgrade Shrine","player_choice":"Upgraded","floor":4.0,"gold_loss":0.0,"damage_taken":0.0,"cards_upgraded":["Searing Blow"]},{"damage_healed":0.0,"max_hp_gain":0.0,"max_hp_loss":0.0,"gold_gain":0.0,"event_name":"Match and Keep!","player_choice":"1 cards matched","floor":19.0,"gold_loss":0.0,"damage_taken":0.0,"cards_obtained":["Battle Trance"]},{"damage_healed":0.0,"max_hp_gain":0.0,"max_hp_loss":0.0,"gold_gain":0.0,"event_name":"The Library","player_choice":"Read","floor":28.0,"gold_loss":0.0,"damage_taken":0.0,"cards_obtained":["Fire Breathing"]},{"damage_healed":0.0,"max_hp_gain":0.0,"max_hp_loss":0.0,"gold_gain":0.0,"event_name":"Match and Keep!","player_choice":"0 cards matched","floor":46.0,"gold_loss":0.0,"damage_taken":0.0,"cards_obtained":[]}],"is_beta":false,"boss_relics":[{"not_picked":["Cursed Key","Velvet Choker"],"picked":"Mark of Pain"},{"not_picked":["SacredBark","Black Blood"],"picked":"Philosopher\u0027s Stone"}],"items_purged_floors":[2,10,45],"is_endless":false,"potions_floor_spawned":[7,8,16,22,27,29,35,40,48],"killed_by":"Donu and Deca","ascension_level":20}}