{"host":"a3oe3gstxz77c7qu","time":1611784168,"event":{"mods":["2.2 Compatiblity","Act Like it!","Astrologer","BaseMod","Bestiary","Better Altar","Better Match","Better Note","Better Skull","Better Third Choice","Block Reminder","Curses Come First","Custom Start","Dark Map","Downfall","Fox Events","Friendly Minions","GifTheSpireLib","Hallownest","Hermit","Jorbs\u0027s Wanderer Trilogy","Lobotomy","LobotomyExtend","Marisa????????","Minty Spire (QoL Compilation)","Permanent Neow","Quick Restart","Relic Stats","Spire Arcade","StSLib","The Bug Knight","The Cursed","The Disciple","The Jungle","Uncapped","Unknown Chances","Wandering Minibosses"],"gold_per_floor":[99,113,133,153,153,15,15,27,39,64,76,108,20,57,81,195,207,119,142,171,200,197,227,239,251,55,88,102,102,115,215,235,340,340,340,356,372,297,314,314,391,391,391,418,428,24,24,44,61,61,61],"floor_reached":52,"language":"ENG","playtime":3777,"items_purged":["Guardian:Strike_Guardian","Parasite"],"score":990,"play_id":"8b32d99e-d63a-4e61-a7da-20e16ddc2a67","local_time":"20210127214928","is_ascension_mode":true,"campfire_choices":[{"floor":1,"key":"RECALL"},{"floor":11,"key":"REST"},{"floor":13,"key":"REST"},{"data":"Guardian:PrimingBeam","floor":18,"key":"SMITH"},{"data":"Guardian:VentSteam","floor":25,"key":"SMITH"},{"floor":29,"key":"REST"},{"data":"Guardian:CompilePackage","floor":35,"key":"SMITH"},{"data":"Guardian:RevengeProtocol","floor":42,"key":"SMITH"},{"data":"Guardian:RevengeProtocol","floor":47,"key":"SMITH"}],"circlet_count":0,"master_deck":["Guardian:Strike_Guardian","Guardian:Strike_Guardian","Guardian:Strike_Guardian","Guardian:Defend_Guardian","Guardian:Defend_Guardian","Guardian:Defend_Guardian","Guardian:Defend_Guardian","Guardian:CurlUp+1","Guardian:TwinSlam+1","Guardian:ArmoredProtocol","Guardian:SentryBeam+1","Guardian:PrimingBeam+1","Guardian:VentSteam+1","Guardian:TimeSifter","Guardian:BronzeOrb","Guardian:RevengeProtocol+1","Guardian:CompilePackage+1","Guardian:RevengeProtocol+1","Guardian:Gem_White"],"relics":["Guardian:ModeShifterPlus","MagicBullet_r","ShedSkin_r","Moonlight_r","MawBank","downfall:HeartBlessingBlue","Odd Mushroom","downfall:HeartBlessingRed","Letter Opener","Oddly Smooth Stone","Pear","Regal Pillow","Busted Crown","Dream Catcher","Bottled Lightning","Ornamental Fan","OrangePellets","Omamori"],"acts_visited":["Exordium","TheCity","TheBeyond"],"potions_floor_usage":[6,14,50],"damage_taken":[{"damage":5,"enemies":"Cultist","floor":2,"turns":5},{"damage":0,"enemies":"Jaw Worm","floor":3,"turns":5},{"damage":7,"enemies":"2 Louse","floor":4,"turns":4},{"damage":0,"enemies":"downfall:FleeingMerchant","floor":6,"turns":4},{"damage":3,"enemies":"Blue Slaver","floor":10,"turns":2},{"damage":0,"enemies":"Large Slime","floor":12,"turns":2},{"damage":1,"enemies":"The Mushroom Lair","floor":14,"turns":3},{"damage":0,"enemies":"3 Louse","floor":15,"turns":2},{"damage":33,"enemies":"SI_SHIV_ARCHETYPE","floor":16,"turns":9},{"damage":20,"enemies":"Chosen","floor":19,"turns":5},{"damage":0,"enemies":"Snecko","floor":20,"turns":5},{"damage":0,"enemies":"Sentry and Sphere","floor":21,"turns":4},{"damage":0,"enemies":"downfall:FleeingMerchant","floor":22,"turns":4},{"damage":0,"enemies":"Centurion and Healer","floor":23,"turns":5},{"damage":0,"enemies":"downfall:FleeingMerchant","floor":26,"turns":4},{"damage":0,"enemies":"Gremlin Leader","floor":27,"turns":4},{"damage":20,"enemies":"Shelled Parasite and Fungi","floor":28,"turns":4},{"damage":0,"enemies":"Cultist and Chosen","floor":30,"turns":3},{"damage":0,"enemies":"Snake Plant","floor":32,"turns":3},{"damage":0,"enemies":"IC_MUSHROOM_ARCHETYPE","floor":33,"turns":7},{"damage":0,"enemies":"3 Darklings","floor":36,"turns":3},{"damage":0,"enemies":"3 Shapes","floor":37,"turns":4},{"damage":0,"enemies":"Maw","floor":39,"turns":7},{"damage":20,"enemies":"Giant Head","floor":44,"turns":6},{"damage":0,"enemies":"Writhing Mass","floor":45,"turns":4},{"damage":0,"enemies":"Transient","floor":48,"turns":5},{"damage":0,"enemies":"HollowMod:SlobberingHusk","floor":49,"turns":5},{"damage":52,"enemies":"WA_ARCHETYPE_DIVINITY","floor":50,"turns":9}],"seed_played":"-1310036088687982431","potions_obtained":[{"floor":4,"key":"hexamod:SoulburnPotion"},{"floor":10,"key":"Explosive Potion"},{"floor":14,"key":"Energy Potion"},{"floor":15,"key":"EssenceOfSteel"}],"is_trial":false,"path_per_floor":["R","M","M","M","?","$","T","?","T","M","R","M","R","?","M","B",null,"R","M","M","M","$","M","T","R","$","E","M","R","M","?","M","B",null,"R","M","M","?","M","?","T","R","?","E","M","$","R","M","M","B",null,null],"character_chosen":"GUARDIAN","items_purchased":["SkillPotion","Guardian:RevengeProtocol","Oddly Smooth Stone","Pear","OrangePellets","Omamori"],"campfire_rested":3,"item_purchase_floors":[6,26,26,26,46,46],"current_hp_per_floor":[72,67,67,60,6,6,6,6,6,3,27,27,64,63,63,30,75,75,55,55,55,55,55,55,55,65,65,45,90,90,90,90,90,98,98,98,98,98,98,98,98,98,98,78,78,78,78,78,78,26,26],"gold":61,"neow_bonus":"UPGRADE_CARD","is_daily":false,"chose_seed":false,"campfire_upgraded":5,"win_rate":0.0,"timestamp":1611784168,"path_taken":["R","M","M","?","?","$","T","?","?","M","R","M","R","?","M","BOSS","R","M","M","M","$","M","T","R","$","E","M","R","M","?","M","BOSS","R","M","M","?","M","?","T","R","?","E","?","$","R","M","M","BOSS"],"items_purchased_type":["Potion","Card","Relic","Relic","Relic","Relic"],"build_version":"2020-12-22","purchased_purges":2,"victory":true,"max_hp_per_floor":[80,80,80,80,80,80,80,80,80,80,80,80,90,90,90,90,90,90,90,90,90,90,90,90,90,100,100,100,100,100,100,100,100,100,100,100,100,100,100,100,100,100,100,100,100,97,97,97,97,97,97],"relic_stats":{"OrangePellets":[6],"Regal Pillow":15,"Dream Catcher":0,"Busted Crown":20,"counters":[28,125],"Ornamental Fan":[56],"Letter Opener":[167],"MawBank":228,"obtain_stats":[{"Regal Pillow":27,"Pear":26,"MagicBullet_r":5,"Guardian:ModeShifterPlus":17,"downfall:HeartBlessingRed":18,"Guardian:ModeShifter":0,"Oddly Smooth Stone":26,"Omamori":46,"Letter Opener":24,"Odd Mushroom":14,"MawBank":7,"Moonlight_r":5,"OrangePellets":46,"Dream Catcher":40,"Busted Crown":34,"downfall:HeartBlessingBlue":13,"Ornamental Fan":44,"Bottled Lightning":41,"ShedSkin_r":5},{"Regal Pillow":16,"Pear":15,"MagicBullet_r":3,"Guardian:ModeShifterPlus":9,"downfall:HeartBlessingRed":9,"Guardian:ModeShifter":0,"Oddly Smooth Stone":15,"Omamori":25,"Letter Opener":14,"Odd Mushroom":7,"MawBank":4,"Moonlight_r":3,"OrangePellets":25,"Dream Catcher":23,"Busted Crown":20,"downfall:HeartBlessingBlue":6,"Ornamental Fan":24,"Bottled Lightning":23,"ShedSkin_r":3},{"Regal Pillow":65,"Pear":61,"MagicBullet_r":14,"Guardian:ModeShifterPlus":35,"downfall:HeartBlessingRed":35,"Guardian:ModeShifter":0,"Oddly Smooth Stone":61,"Omamori":106,"Letter Opener":57,"Odd Mushroom":24,"MawBank":18,"Moonlight_r":14,"OrangePellets":106,"Dream Catcher":96,"Busted Crown":82,"downfall:HeartBlessingBlue":21,"Ornamental Fan":102,"Bottled Lightning":96,"ShedSkin_r":14}]},"card_choices":[{"not_picked":["Guardian:Gem_Lightblue","Guardian:VentSteam"],"picked":"Guardian:ArmoredProtocol","floor":2},{"not_picked":["Guardian:Recover","Guardian:ShieldSpikes"],"picked":"Guardian:SentryBeam","floor":3},{"not_picked":["Guardian:RollAttack","Guardian:PrimingBeam"],"picked":"Guardian:Gem_Red","floor":4},{"not_picked":["Guardian:ChargeCore","Guardian:TemporalShield"],"picked":"Guardian:PrimingBeam","floor":6},{"not_picked":["Guardian:TemporalStrike","Guardian:ExploitGems"],"picked":"Guardian:VentSteam","floor":10},{"not_picked":["Guardian:PrismaticBarrier","Guardian:GuardianWhirl","Guardian:TemporalShield"],"picked":"SKIP","floor":12},{"not_picked":["Guardian:ShieldSpikes","Guardian:PolyBeam"],"picked":"Guardian:Gem_Cyan","floor":15},{"not_picked":["Guardian:StasisEngine","Guardian:FastForward"],"picked":"Guardian:TimeSifter","floor":16},{"not_picked":["Guardian:TemporalShield+1","Guardian:Gem_Lightblue","Guardian:Gem_Cyan"],"picked":"SKIP","floor":19},{"not_picked":["Guardian:CrystalBeam+1","Guardian:Gem_Cyan"],"picked":"Guardian:Gem_Fragmented","floor":20},{"not_picked":["Guardian:Preprogram","Guardian:Suspension"],"picked":"Guardian:Gem_Red","floor":21},{"not_picked":["Guardian:TemporalShield+1","Guardian:Emergency","Guardian:Gem_Cyan"],"picked":"SKIP","floor":22},{"not_picked":["Guardian:Reroute","Guardian:RollAttack"],"picked":"Guardian:Gem_Red","floor":23},{"not_picked":["Guardian:WalkerClaw","Guardian:Incinerate+1"],"picked":"Guardian:BronzeOrb","floor":26},{"not_picked":["Guardian:CrystalBeam","Guardian:BodySlam","Guardian:StasisEngine"],"picked":"SKIP","floor":27},{"not_picked":["Guardian:TemporalStrike","Guardian:Gem_Cyan","Guardian:Suspension"],"picked":"SKIP","floor":28},{"not_picked":["Guardian:Incinerate","Guardian:ShieldCharger+1"],"picked":"Guardian:CompilePackage","floor":30},{"not_picked":["Guardian:RollAttack","Guardian:Suspension","Guardian:Recover"],"picked":"SKIP","floor":32},{"not_picked":["Guardian:FierceBash","Guardian:SphericShield"],"picked":"Guardian:RevengeProtocol","floor":33},{"not_picked":["Guardian:TemporalShield+1"],"picked":"SKIP","floor":36},{"not_picked":["Guardian:ChargeCore"],"picked":"SKIP","floor":37},{"not_picked":[],"picked":"Guardian:Gem_White","floor":38},{"not_picked":["Guardian:RollAttack+1"],"picked":"SKIP","floor":39},{"not_picked":["Guardian:GemFinder"],"picked":"SKIP","floor":44},{"not_picked":["Guardian:Gem_Green"],"picked":"SKIP","floor":45},{"not_picked":["Guardian:Incinerate"],"picked":"SKIP","floor":48},{"not_picked":["Guardian:Orbwalk+1"],"picked":"SKIP","floor":49}],"player_experience":1102336,"relics_obtained":[{"floor":7,"key":"MawBank"},{"floor":14,"key":"Odd Mushroom"},{"floor":24,"key":"Letter Opener"},{"floor":27,"key":"Regal Pillow"},{"floor":40,"key":"Dream Catcher"},{"floor":41,"key":"Bottled Lightning"},{"floor":44,"key":"Ornamental Fan"}],"event_choices":[{"damage_healed":0,"gold_gain":0,"player_choice":"Fought Mushrooms","damage_taken":0,"max_hp_gain":0,"max_hp_loss":0,"event_name":"Mushrooms","floor":14,"gold_loss":0},{"damage_healed":0,"gold_gain":0,"player_choice":"2","damage_taken":0,"max_hp_gain":0,"max_hp_loss":0,"event_name":"betterMatch:BetterMatch","floor":38,"gold_loss":0,"cards_obtained":["betterMatch:UncommonCard","betterMatch:CommonCard"]}],"is_beta":false,"boss_relics":[{"not_picked":["Empty Cage","SlaversCollar"],"picked":"Guardian:ModeShifterPlus"},{"not_picked":["Guardian:StasisSlotReductionRelic","sneckomod:SneckoTalon"],"picked":"Busted Crown"}],"items_purged_floors":[6,46],"is_endless":false,"potions_floor_spawned":[4,10,14,15,21,27,28,33,39,48,49],"ascension_level":6}}