{"host":"9k0h2vz8jg45dz67","time":1611750770,"event":{"mods":["Act Like it!","BaseMod","Colored Map","Colored Powertips","Downfall","Friendly Minions","Gensokyo","GifTheSpireLib","Hermit","Hubris","Infinite Spire","Koishi","Lobotomy","LobotomyExtend","Marisa¡]Ãú«B¡@Å]²z¨F¡^","Minty Spire (QoL Compilation)","Prisma Mod","READ ME - Guardian Mod","Relic Stats","Remilia¡]Á¢¦Ì²ú?¡^","Replay The Spire","Robot Space Explorer","StSLib","The Animator","The Bug Knight","The Clintock","The Construct","The Cursed","The Disciple","The Hierophant","The Jungle","The Necromancer","The Poker Player","The Servant 0.9.4","Youmu¡]»î¾z§¯?¡^","Yuyuko"],"gold_per_floor":[139,89,129,129,178,247,293,339,365,365,390,390,409,447,447,582,582,631,631,645,645,645,645,688,688,770,770,770,770],"floor_reached":28,"language":"ZHS","playtime":1855,"items_purged":[],"score":281,"play_id":"16b76209-30ae-4f81-83f2-2d08d8f67fe9","local_time":"20210127203250","is_ascension_mode":false,"campfire_choices":[{"data":"PropBag","floor":15,"key":"SMITH"},{"floor":23,"key":"REST"},{"data":"MagicChant","floor":25,"key":"SMITH"}],"circlet_count":0,"master_deck":["Strike_MRS","Strike_MRS","Strike_MRS","Strike_MRS","Defend_MRS","Defend_MRS","Defend_MRS","Defend_MRS","MasterSpark","UpSweep","HandOfGreed","DC","Gensokyo:BlessingOfConstitution","WitchOfGreed","Parasite","Parasite","PropBag+1","DoubleSpark","CollectingQuirk","ShootingEcho","Gensokyo:CrescentMoonSlash","TreasureHunter","UnstableBomb+1","Gensokyo:Kunekune","MysteriousBeam","MagicChant+1","Voices"],"relics":["MiniHakkero","LetterFromLob","ShroomBag","Regal Pillow","Tiny Chest","infinitespire:PuzzleCube","Singing Bowl","bronze:MakeshiftBattery","infinitespire:ShieldingShard","Gensokyo:ConquerorOfFear","ReplayFunnel","Iron Hammer","ReplayTheSpireMod:Ring of Challenge","ReplayTheSpireMod:Ring of Exchange","Letter Opener"],"acts_visited":["Exordium","Gensokyo:Gensokyo"],"potions_floor_usage":[8,8,11,11,12,13,13,16,20,24,24],"damage_taken":[{"damage":6,"enemies":"Gensokyo:Python","floor":1,"turns":4},{"damage":0,"enemies":"Gensokyo:2_Kodama","floor":3,"turns":5},{"damage":16,"enemies":"Gensokyo:Gryphon","floor":5,"turns":5},{"damage":13,"enemies":"Gensokyo:Mamizou","floor":6,"turns":6},{"damage":7,"enemies":"Gensokyo:3_Kodama","floor":7,"turns":4},{"damage":31,"enemies":"Gensokyo:Cirno","floor":8,"turns":6},{"damage":0,"enemies":"Gensokyo:Aya","floor":11,"turns":2},{"damage":10,"enemies":"Gensokyo:5_Fairies","floor":13,"turns":3},{"damage":0,"enemies":"Gensokyo:Kitsune","floor":14,"turns":2},{"damage":15,"enemies":"Gensokyo:Reimu","floor":16,"turns":8},{"damage":41,"enemies":"Gensokyo:CosmicMonolith","floor":18,"turns":5},{"damage":13,"enemies":"Gensokyo:AngelMirror","floor":20,"turns":2},{"damage":32,"enemies":"Gensokyo:Reisen","floor":24,"turns":6},{"damage":37,"enemies":"Gensokyo:Swordslinger","floor":28,"turns":2}],"seed_played":"-8661759205560502396","potions_obtained":[{"floor":5,"key":"AttackPotion"},{"floor":5,"key":"Explosive Potion"},{"floor":6,"key":"Fire Potion"},{"floor":6,"key":"SteroidPotion"},{"floor":8,"key":"Fire Potion"},{"floor":11,"key":"EntropicBrew"},{"floor":14,"key":"Block Potion"},{"floor":16,"key":"Dexterity Potion"},{"floor":18,"key":"AttackPotion"}],"is_trial":false,"path_per_floor":["M","?","M","T","M","E","M","E","T","?","E","$","M","M","R","B",null,"M","?","M","T","?","R","E","R","T","?","M"],"character_chosen":"MARISA","items_purchased":[],"campfire_rested":1,"item_purchase_floors":[],"current_hp_per_floor":[62,62,62,62,50,41,38,11,11,1,19,19,13,17,17,6,74,37,37,24,24,24,59,31,31,31,31,0,0],"gold":770,"neow_bonus":"RANDOM_COLORLESS_2","is_daily":false,"chose_seed":false,"campfire_upgraded":2,"win_rate":0.0,"timestamp":1611750770,"path_taken":["M","?","M","?","?","E","?","E","T","?","E","?","M","M","R","BOSS","M","?","M","?","?","R","E","R","T","?","M"],"items_purchased_type":[],"build_version":"2020-12-22","purchased_purges":0,"victory":false,"max_hp_per_floor":[68,68,68,68,68,68,68,68,68,68,70,70,72,74,74,74,74,74,67,67,67,67,67,67,67,67,67,67,67],"relic_stats":{"Regal Pillow":15,"Singing Bowl":6,"counters":[14,60],"Tiny Chest":1,"Letter Opener":[10],"obtain_stats":[{"AmplifyWand":24,"ReplayFunnel":24,"ReplayTheSpireMod:Ring of Exchange":27,"Regal Pillow":6,"Singing Bowl":11,"Blue Candle":6,"Gensokyo:UndefinedDarkness":22,"Letter Opener":7,"Gensokyo:ConquerorOfFear":24,"ShroomBag":4,"infinitespire:ShieldingShard":21,"Mummified Hand":8,"Ornamental Fan":16,"Tiny Chest":8,"Iron Hammer":26,"LetterFromLob":1,"MiniHakkero":0,"Kunai":13,"ReplayTheSpireMod:Ring of Challenge":27,"infinitespire:PuzzleCube":9,"bronze:MakeshiftBattery":17,"Meat on the Bone":11},{"AmplifyWand":13,"ReplayFunnel":13,"ReplayTheSpireMod:Ring of Exchange":13,"Regal Pillow":4,"Singing Bowl":7,"Blue Candle":4,"Gensokyo:UndefinedDarkness":12,"Letter Opener":5,"Gensokyo:ConquerorOfFear":13,"ShroomBag":2,"infinitespire:ShieldingShard":12,"Mummified Hand":6,"Ornamental Fan":10,"Tiny Chest":6,"Iron Hammer":13,"LetterFromLob":1,"MiniHakkero":0,"Kunai":8,"ReplayTheSpireMod:Ring of Challenge":13,"infinitespire:PuzzleCube":6,"bronze:MakeshiftBattery":10,"Meat on the Bone":7},{"AmplifyWand":53,"ReplayFunnel":58,"ReplayTheSpireMod:Ring of Exchange":58,"Regal Pillow":20,"Singing Bowl":32,"Blue Candle":17,"Gensokyo:UndefinedDarkness":52,"Letter Opener":23,"Gensokyo:ConquerorOfFear":58,"ShroomBag":9,"infinitespire:ShieldingShard":52,"Mummified Hand":28,"Ornamental Fan":38,"Tiny Chest":30,"Iron Hammer":58,"LetterFromLob":4,"MiniHakkero":0,"Kunai":34,"ReplayTheSpireMod:Ring of Challenge":58,"infinitespire:PuzzleCube":30,"bronze:MakeshiftBattery":45,"Meat on the Bone":32}]},"card_choices":[{"not_picked":["ReplayTheSpireMod:Necrogeddon","Chrysalis"],"picked":"HandOfGreed","floor":0},{"not_picked":["NonDirectionalLaser","AsteroidBelt"],"picked":"DC","floor":1},{"not_picked":["LuminesStrike","UnstableBomb"],"picked":"WitchOfGreed","floor":3},{"not_picked":["FairyDestructionRay","MaximisePower"],"picked":"PropBag","floor":5},{"not_picked":["NonDirectionalLaser","IllusionStar"],"picked":"DoubleSpark","floor":6},{"not_picked":["AsteroidBelt","UnstableBomb"],"picked":"CollectingQuirk","floor":7},{"not_picked":["AsteroidBelt","6A"],"picked":"ShootingEcho","floor":8},{"not_picked":["EnergyRecoil","DC","EnergyFlow"],"picked":"Singing Bowl","floor":11},{"not_picked":["DoubleSpark","DC","SporeBomb"],"picked":"Singing Bowl","floor":13},{"not_picked":["IllusionStar","DoubleSpark","UnstableBomb"],"picked":"Singing Bowl","floor":14},{"not_picked":["MaximisePower","JA"],"picked":"TreasureHunter","floor":16},{"not_picked":["DoubleSpark","MilkyWay+1"],"picked":"UnstableBomb+1","floor":18},{"not_picked":["Gensokyo:LochNessMonster","Gensokyo:TurboGranny"],"picked":"Gensokyo:Kunekune","floor":19},{"not_picked":["6A","AlicesGift"],"picked":"MysteriousBeam","floor":20},{"not_picked":["GrandCross+1","WitchLeyline"],"picked":"MagicChant","floor":24}],"player_experience":800627,"relics_obtained":[{"floor":1,"key":"LetterFromLob"},{"floor":4,"key":"ShroomBag"},{"floor":6,"key":"Regal Pillow"},{"floor":8,"key":"Tiny Chest"},{"floor":9,"key":"infinitespire:PuzzleCube"},{"floor":11,"key":"Singing Bowl"},{"floor":21,"key":"infinitespire:ShieldingShard"},{"floor":24,"key":"Gensokyo:ConquerorOfFear"},{"floor":24,"key":"ReplayFunnel"},{"floor":26,"key":"Iron Hammer"},{"floor":27,"key":"ReplayTheSpireMod:Ring of Challenge"},{"floor":27,"key":"ReplayTheSpireMod:Ring of Exchange"}],"event_choices":[],"is_beta":false,"boss_relics":[{"not_picked":["construct:ClawGrip","hubris:BlackHole"],"picked":"bronze:MakeshiftBattery"}],"items_purged_floors":[],"is_endless":false,"potions_floor_spawned":[5,6,11,14,16],"killed_by":"Gensokyo:Swordslinger","ascension_level":0}}