{"host":"95ip98gf8c4vrv08","time":1611728774,"event":{"mods":["100% Spire Juice","ATMod(??Mod)","BaseMod","GungeonMod","Minty Spire (QoL Compilation)","Quick Restart","Reimu??????","Relic Stats","Spicy Shops","StSLib","The Bug Knight","The Senshi","??????REMEMod","????"],"gold_per_floor":[116,1,1,1,14,40,40,58,58,58,77,77,98,117,117,216,216,233,246,345,355,355,355,280,280,280,295,295,327,341,358,358,460,460,478,478,497,547,547,572,572,572,597,0,0,10,35,47,47,47],"floor_reached":51,"language":"ZHS","playtime":3398,"items_purged":[],"score":825,"play_id":"6c33c7cf-3d73-4c45-ab9a-181a0d8211cc","local_time":"20210127142614","is_ascension_mode":false,"campfire_choices":[{"data":"AT_ShrugMaster","floor":12,"key":"SMITH"},{"floor":15,"key":"REST"},{"floor":23,"key":"REST"},{"floor":25,"key":"REST"},{"floor":32,"key":"REST"},{"floor":41,"key":"DIG"},{"floor":45,"key":"DIG"},{"floor":49,"key":"REST"}],"circlet_count":0,"master_deck":["Strike_Lin:ReiMu","Strike_Lin:ReiMu","Defend_Lin:ReiMu","Defend_Lin:ReiMu+1","Defend_Lin:ReiMu","Defend_Lin:ReiMu+1","NB:ReiMu","Stagnation:ReiMu","AT_ShrugMaster+1","DemoMod:AWP","SubcavityInstant:ReiMu","Gathering:ReiMu","SpringWay:ReiMu","RainPray2:ReiMu","SpringWay:ReiMu","MikOfLucky:ReiMu","Amulet:ReiMu","CleanRite:ReiMu","LovePray:ReiMu","SubAcupoint:ReiMu+1","MountainWay:ReiMu","SpreadBorder2:ReiMu+1","OctopathBindingBorder2:ReiMu+1","WonderfulDomain:ReiMu","Amulet:ReiMu","CleanRite:ReiMu","CurseOfTheBell","AlertArray:ReiMu+1","Determination:ReiMu","InherentArray:ReiMu+1","Madness","Madness","SpreadBorder2:ReiMu+1","Parasite","Amulet:ReiMu+1","Authority:ReiMu+1"],"relics":["FlyPower:ReiMu","REME_ComplimentaryCards","AT_ATBox","DemoMod:DecoyRelic","HornCleat","Odd Mushroom","Philosopher\u0027s Stone","Medical Kit","RuthlessExorcism:ReiMu","Gremlin Horn","Nloth\u0027s Gift","theSenshi:SailorFukuRelic","Calling Bell","Strawberry","DemoMod:MemoryAlloy","Shovel","AT_LudenTempest","Toxic Egg 2","AT_DeathDance","AT_EbonyIvory","Red Mask","Question Card","Calipers"],"acts_visited":["Exordium","TheCity","TheBeyond"],"potions_floor_usage":[29,31,33,38,46,47],"damage_taken":[{"damage":1,"enemies":"Jaw Worm","floor":1,"turns":7},{"damage":3,"enemies":"Cultist","floor":5,"turns":3},{"damage":0,"enemies":"3 Sentries","floor":6,"turns":10},{"damage":3,"enemies":"2 Louse","floor":8,"turns":2},{"damage":0,"enemies":"Red Slaver","floor":11,"turns":5},{"damage":15,"enemies":"The Mushroom Lair","floor":13,"turns":4},{"damage":0,"enemies":"Blue Slaver","floor":14,"turns":3},{"damage":3,"enemies":"Hexaghost","floor":16,"turns":11},{"damage":33,"enemies":"3 Byrds","floor":18,"turns":8},{"damage":11,"enemies":"Shell Parasite","floor":19,"turns":7},{"damage":23,"enemies":"Snake Plant","floor":21,"turns":5},{"damage":1,"enemies":"3 Cultists","floor":27,"turns":10},{"damage":32,"enemies":"Gremlin Leader","floor":29,"turns":11},{"damage":0,"enemies":"Shelled Parasite and Fungi","floor":30,"turns":6},{"damage":4,"enemies":"Chosen and Byrds","floor":31,"turns":5},{"damage":0,"enemies":"Collector","floor":33,"turns":14},{"damage":0,"enemies":"Orb Walker","floor":35,"turns":5},{"damage":0,"enemies":"3 Shapes","floor":37,"turns":8},{"damage":0,"enemies":"Mind Bloom Boss Battle","floor":38,"turns":10},{"damage":0,"enemies":"Nemesis","floor":40,"turns":9},{"damage":9,"enemies":"Writhing Mass","floor":46,"turns":5},{"damage":3,"enemies":"Giant Head","floor":47,"turns":9},{"damage":5,"enemies":"Jaw Worm Horde","floor":48,"turns":4},{"damage":20,"enemies":"Awakened One","floor":50,"turns":14}],"seed_played":"-7602774456494195149","potions_obtained":[{"floor":5,"key":"SmokeBomb"},{"floor":14,"key":"BlessingOfTheForge"},{"floor":16,"key":"Strength Potion"},{"floor":21,"key":"LiquidFlight:ReiMu"},{"floor":27,"key":"DemoMod:LeadSkinPotion"},{"floor":29,"key":"ColorlessPotion"},{"floor":33,"key":"LiquidBronze"},{"floor":35,"key":"AttackPotion"},{"floor":47,"key":"REME_GoldPotion"}],"is_trial":false,"path_per_floor":["M","$","?","$","M","E","?","M","T","?","M","R","?","M","R","B",null,"M","M","?","M","$","R","?","R","T","M","?","E","M","M","R","B",null,"M","$","M","?","?","E","R","$","T","?","R","M","E","M","R","B",null],"character_chosen":"REIMU","items_purchased":["DemoMod:GnawedKey","Medical Kit","RuthlessExorcism:ReiMu"],"campfire_rested":5,"item_purchase_floors":[2,22,22],"current_hp_per_floor":[70,70,70,70,67,67,67,64,64,50,50,50,35,35,56,53,71,38,27,27,4,4,25,25,46,46,45,45,13,13,9,30,30,78,78,78,78,78,68,68,68,68,68,68,68,59,56,51,74,54],"gold":47,"neow_bonus":"TEN_PERCENT_HP_BONUS","is_daily":false,"chose_seed":false,"campfire_upgraded":1,"win_rate":0.0,"timestamp":1611728774,"path_taken":["M","$","?","$","?","E","?","?","T","?","M","R","?","M","R","BOSS","M","M","?","M","$","R","?","R","T","M","?","E","M","M","R","BOSS","M","$","?","?","?","E","R","?","T","?","R","M","E","M","R","BOSS"],"items_purchased_type":["Relic","Relic","Relic"],"build_version":"2020-12-22","purchased_purges":0,"victory":true,"max_hp_per_floor":[71,71,71,71,71,71,71,71,71,71,71,71,71,71,71,71,71,71,71,71,71,71,71,71,71,71,71,71,71,71,71,71,71,78,78,78,78,78,78,78,78,78,78,78,78,78,78,78,78,78],"relic_stats":{"Shovel":2,"Gremlin Horn":[22,23],"counters":[24,173],"Nloth\u0027s Gift":6,"Medical Kit":[11],"Question Card":7,"obtain_stats":[{"AT_ATBox":0,"Calipers":47,"Gremlin Horn":26,"DemoMod:GlassGuonStoneRelic":5,"HornCleat":9,"Shovel":34,"Strawberry":34,"Philosopher\u0027s Stone":17,"DemoMod:GnawedKey":2,"Red Mask":44,"theSenshi:SailorFukuRelic":29,"Toxic Egg 2":40,"DemoMod:MemoryAlloy":34,"AT_EbonyIvory":43,"Odd Mushroom":13,"Medical Kit":22,"Question Card":45,"Calling Bell":34,"AT_LudenTempest":38,"DemoMod:DecoyRelic":6,"Nloth\u0027s Gift":28,"AT_DeathDance":41,"FlyPower:ReiMu":0,"REME_ComplimentaryCards":0,"RuthlessExorcism:ReiMu":22},{"AT_ATBox":0,"Calipers":22,"Gremlin Horn":11,"DemoMod:GlassGuonStoneRelic":2,"HornCleat":4,"Shovel":16,"Strawberry":16,"Philosopher\u0027s Stone":8,"DemoMod:GnawedKey":1,"Red Mask":20,"theSenshi:SailorFukuRelic":13,"Toxic Egg 2":20,"DemoMod:MemoryAlloy":16,"AT_EbonyIvory":20,"Odd Mushroom":6,"Medical Kit":11,"Question Card":20,"Calling Bell":16,"AT_LudenTempest":19,"DemoMod:DecoyRelic":3,"Nloth\u0027s Gift":12,"AT_DeathDance":20,"FlyPower:ReiMu":0,"REME_ComplimentaryCards":0,"RuthlessExorcism:ReiMu":11},{"AT_ATBox":0,"Calipers":156,"Gremlin Horn":64,"DemoMod:GlassGuonStoneRelic":10,"HornCleat":22,"Shovel":110,"Strawberry":110,"Philosopher\u0027s Stone":44,"DemoMod:GnawedKey":7,"Red Mask":142,"theSenshi:SailorFukuRelic":85,"Toxic Egg 2":142,"DemoMod:MemoryAlloy":110,"AT_EbonyIvory":142,"Odd Mushroom":31,"Medical Kit":64,"Question Card":142,"Calling Bell":110,"AT_LudenTempest":133,"DemoMod:DecoyRelic":20,"Nloth\u0027s Gift":74,"AT_DeathDance":142,"FlyPower:ReiMu":0,"REME_ComplimentaryCards":0,"RuthlessExorcism:ReiMu":64}]},"card_choices":[{"not_picked":["Intuition:ReiMu","PrepareRite:ReiMu"],"picked":"SubcavityInstant:ReiMu","floor":1},{"not_picked":["BarrageOfMoneybags:ReiMu","ShadowOfCrow2:ReiMu"],"picked":"Gathering:ReiMu","floor":5},{"not_picked":["OrbThrow:ReiMu","ManaGlint:ReiMu"],"picked":"SpringWay:ReiMu","floor":6},{"not_picked":["WonderfulDomain:ReiMu","Conquer:ReiMu"],"picked":"RainPray2:ReiMu","floor":8},{"not_picked":["SpreadBorder2:ReiMu","KamiSacrifice:ReiMu"],"picked":"SpringWay:ReiMu","floor":11},{"not_picked":["OrbThrow:ReiMu","Gathering:ReiMu"],"picked":"MikOfLucky:ReiMu","floor":13},{"not_picked":["Gathering:ReiMu","LearningPray:ReiMu"],"picked":"Amulet:ReiMu","floor":14},{"not_picked":["CeremonyResonance:ReiMu","KyokaiOfKami:ReiMu"],"picked":"CleanRite:ReiMu","floor":16},{"not_picked":["EmergencyTakeOff:ReiMu","OrbThrow:ReiMu"],"picked":"LovePray:ReiMu","floor":18},{"not_picked":["SpreadBorder2:ReiMu","SpringWay:ReiMu"],"picked":"SubAcupoint:ReiMu+1","floor":19},{"not_picked":["PrepareRite:ReiMu","SubAcupoint:ReiMu"],"picked":"MountainWay:ReiMu","floor":21},{"not_picked":["Amulet:ReiMu","SpringWay:ReiMu"],"picked":"SpreadBorder2:ReiMu+1","floor":27},{"not_picked":["Authority:ReiMu","UpKicking:ReiMu"],"picked":"OctopathBindingBorder2:ReiMu+1","floor":29},{"not_picked":["MountainWay:ReiMu","Dreaming2:ReiMu"],"picked":"WonderfulDomain:ReiMu","floor":30},{"not_picked":["WonderfulDomain:ReiMu","SealNeedle:ReiMu"],"picked":"Amulet:ReiMu","floor":31},{"not_picked":["PrayRite:ReiMu","OctopathSalyBorderN:ReiMu"],"picked":"CleanRite:ReiMu","floor":33},{"not_picked":["EmergencyTakeOff:ReiMu","ForcedLanding:ReiMu"],"picked":"AlertArray:ReiMu+1","floor":35},{"not_picked":["ManaGlint:ReiMu","Intuition:ReiMu"],"picked":"Determination:ReiMu","floor":37},{"not_picked":["SpreadBorder2:ReiMu","TightArray:ReiMu"],"picked":"InherentArray:ReiMu+1","floor":38},{"not_picked":["FineLineFantasy:ReiMu","CareerPray:ReiMu+1"],"picked":"SpreadBorder2:ReiMu+1","floor":40},{"not_picked":["KamiSacrifice:ReiMu+1","TightArray:ReiMu","Dreaming2:ReiMu"],"picked":"Amulet:ReiMu+1","floor":46},{"not_picked":["TightArray:ReiMu","SpringWay:ReiMu+1","PhosphorusFlame:ReiMu+1"],"picked":"Authority:ReiMu+1","floor":47},{"not_picked":["Conquer:ReiMu+1","CareerPray:ReiMu+1","OrbThrow:ReiMu+1","SubAcupoint:ReiMu"],"picked":"SKIP","floor":48}],"player_experience":211241,"relics_obtained":[{"floor":6,"key":"DemoMod:DecoyRelic"},{"floor":9,"key":"HornCleat"},{"floor":13,"key":"Odd Mushroom"},{"floor":26,"key":"Gremlin Horn"},{"floor":29,"key":"theSenshi:SailorFukuRelic"},{"floor":34,"key":"Strawberry"},{"floor":34,"key":"DemoMod:MemoryAlloy"},{"floor":34,"key":"Shovel"},{"floor":38,"key":"AT_LudenTempest"},{"floor":40,"key":"Toxic Egg 2"},{"floor":41,"key":"AT_DeathDance"},{"floor":43,"key":"AT_EbonyIvory"},{"floor":45,"key":"Question Card"},{"floor":47,"key":"Calipers"}],"event_choices":[{"damage_healed":0,"gold_gain":0,"player_choice":"Ignored","damage_taken":0,"max_hp_gain":0,"max_hp_loss":0,"event_name":"WeMeetAgain","floor":3,"gold_loss":0},{"cards_removed":["Strike_Lin:ReiMu"],"damage_healed":0,"gold_gain":0,"player_choice":"Offered Basic","damage_taken":0,"max_hp_gain":0,"max_hp_loss":0,"event_name":"Bonfire Elementals","floor":7,"gold_loss":0},{"damage_healed":0,"gold_gain":0,"player_choice":"Entered Light","damage_taken":14,"max_hp_gain":0,"max_hp_loss":0,"event_name":"Shining Light","floor":10,"gold_loss":0,"cards_upgraded":["Defend_Lin:ReiMu","Defend_Lin:ReiMu"]},{"damage_healed":0,"gold_gain":0,"player_choice":"Fought Mushrooms","damage_taken":0,"max_hp_gain":0,"max_hp_loss":0,"event_name":"Mushrooms","floor":13,"gold_loss":0},{"damage_healed":0,"gold_gain":99,"player_choice":"Stole From Cult","damage_taken":0,"max_hp_gain":0,"max_hp_loss":0,"event_name":"Nest","floor":20,"gold_loss":0},{"cards_removed":["Strike_Lin:ReiMu"],"damage_healed":0,"gold_gain":0,"player_choice":"Gave Gold","damage_taken":0,"max_hp_gain":0,"max_hp_loss":0,"event_name":"Beggar","floor":24,"gold_loss":75},{"damage_healed":0,"gold_gain":0,"player_choice":"Traded Relic","damage_taken":0,"relics_obtained":["Nloth\u0027s Gift"],"max_hp_gain":0,"max_hp_loss":0,"event_name":"N\u0027loth","floor":28,"relics_lost":["DemoMod:GnawedKey"],"gold_loss":0},{"damage_healed":0,"gold_gain":0,"player_choice":"Fight","damage_taken":0,"max_hp_gain":0,"max_hp_loss":0,"event_name":"MindBloom","floor":38,"gold_loss":0},{"damage_healed":0,"gold_gain":0,"player_choice":"Embrace Madness","damage_taken":10,"max_hp_gain":0,"max_hp_loss":0,"event_name":"Winding Halls","floor":39,"gold_loss":0,"cards_obtained":["Madness","Madness"]},{"damage_healed":0,"gold_gain":0,"player_choice":"Paid","damage_taken":0,"relics_obtained":["Red Mask"],"max_hp_gain":0,"max_hp_loss":0,"event_name":"Tomb of Lord Red Mask","floor":44,"gold_loss":597}],"is_beta":false,"boss_relics":[{"not_picked":["Runic Pyramid","Black Star"],"picked":"Philosopher\u0027s Stone"},{"not_picked":["Sozu","Pandora\u0027s Box"],"picked":"Calling Bell"}],"items_purged_floors":[],"is_endless":false,"potions_floor_spawned":[5,14,16,18,21,27,29,33,35,37,47],"ascension_level":0}}