{"host":"f5n4tidiz2n5sooh","time":1611754361,"event":{"mods":["BaseMod","Colored Map","Minty Spire (QoL Compilation)","Relic Stats","Slay the Relics Exporter","StSLib"],"gold_per_floor":[119,131,131,13,13,13,48,48,48,73,83,98,115,115,115,115,115],"floor_reached":16,"language":"ENG","playtime":687,"items_purged":["Strike_R"],"score":220,"play_id":"34797609-7729-4ae2-8bfd-ace6954aaf11","local_time":"20210127073241","is_ascension_mode":true,"campfire_choices":[{"data":"Bash","floor":6,"key":"SMITH"},{"floor":8,"key":"REST"},{"data":"Bludgeon","floor":15,"key":"SMITH"}],"circlet_count":0,"master_deck":["AscendersBane","Strike_R","Strike_R","Strike_R","Defend_R+1","Defend_R","Defend_R","Defend_R","Bash+1","Pommel Strike+1","Clothesline","Cleave","Feel No Pain","Bludgeon+1","Anger","Disarm+1","Sentinel+1"],"relics":["Burning Blood","Toxic Egg 2","Potion Belt","Darkstone Periapt"],"acts_visited":["Exordium"],"potions_floor_usage":[12,13,16],"damage_taken":[{"damage":31,"enemies":"Jaw Worm","floor":1,"turns":5},{"damage":1,"enemies":"Cultist","floor":2,"turns":3},{"damage":24,"enemies":"Gremlin Nob","floor":7,"turns":4},{"damage":17,"enemies":"3 Sentries","floor":10,"turns":7},{"damage":0,"enemies":"Small Slimes","floor":11,"turns":2},{"damage":9,"enemies":"Exordium Thugs","floor":12,"turns":3},{"damage":7,"enemies":"Large Slime","floor":13,"turns":6},{"damage":32,"enemies":"Slime Boss","floor":16,"turns":6}],"seed_played":"8160614182682721218","potions_obtained":[{"floor":7,"key":"ElixirPotion"},{"floor":11,"key":"DistilledChaos"},{"floor":13,"key":"SteroidPotion"}],"is_trial":false,"path_per_floor":["M","M","?","$","?","R","E","R","T","E","M","M","M","?","R","B"],"character_chosen":"IRONCLAD","items_purchased":["Feel No Pain"],"campfire_rested":1,"item_purchase_floors":[4],"current_hp_per_floor":[50,55,55,55,30,30,12,36,36,25,31,28,27,27,27,0,0],"gold":115,"neow_bonus":"TEN_PERCENT_HP_BONUS","is_daily":false,"chose_seed":false,"campfire_upgraded":2,"win_rate":0.0,"timestamp":1611754361,"path_taken":["M","M","?","?","?","R","E","R","T","E","?","M","M","?","R","BOSS"],"items_purchased_type":["Card"],"build_version":"2020-12-22","purchased_purges":1,"victory":false,"max_hp_per_floor":[82,82,82,82,82,82,82,82,82,82,82,82,82,82,82,82,82],"relic_stats":{"Darkstone Periapt":0,"counters":[8,36],"obtain_stats":[{"Potion Belt":9,"Darkstone Periapt":10,"Toxic Egg 2":7,"Burning Blood":0},{"Potion Belt":3,"Darkstone Periapt":4,"Toxic Egg 2":3,"Burning Blood":0},{"Potion Belt":12,"Darkstone Periapt":19,"Toxic Egg 2":12,"Burning Blood":0}],"Burning Blood":42},"card_choices":[{"not_picked":["Warcry","Flex"],"picked":"Pommel Strike","floor":1},{"not_picked":["Seeing Red","Headbutt"],"picked":"Clothesline","floor":2},{"not_picked":["Clothesline","Headbutt"],"picked":"Bludgeon","floor":7},{"not_picked":["Juggernaut","Twin Strike"],"picked":"Anger","floor":10},{"not_picked":["Rampage","Pummel"],"picked":"Disarm+1","floor":11},{"not_picked":["Armaments+1","Sword Boomerang"],"picked":"Sentinel+1","floor":12},{"not_picked":["Whirlwind","Wild Strike","Juggernaut"],"picked":"SKIP","floor":13}],"player_experience":2036515,"relics_obtained":[{"floor":7,"key":"Toxic Egg 2"},{"floor":9,"key":"Potion Belt"},{"floor":10,"key":"Darkstone Periapt"}],"event_choices":[{"damage_healed":0,"gold_gain":0,"cards_transformed":["Strike_R"],"player_choice":"Transformed","damage_taken":0,"max_hp_gain":0,"max_hp_loss":0,"event_name":"Transmorgrifier","floor":3,"gold_loss":0,"cards_obtained":["Cleave"]},{"damage_healed":0,"gold_gain":0,"player_choice":"Entered Light","damage_taken":25,"max_hp_gain":0,"max_hp_loss":0,"event_name":"Shining Light","floor":5,"gold_loss":0,"cards_upgraded":["Defend_R","Pommel Strike"]},{"damage_healed":0,"gold_gain":0,"player_choice":"0 cards matched","damage_taken":0,"max_hp_gain":0,"max_hp_loss":0,"event_name":"Match and Keep!","floor":14,"gold_loss":0,"cards_obtained":[]}],"is_beta":false,"boss_relics":[],"items_purged_floors":[4],"is_endless":false,"potions_floor_spawned":[7,11,13],"killed_by":"Slime Boss","ascension_level":20}}