{"host":"mai03x2ekbjy4059","time":1611771320,"event":{"mods":["2.2 Compatiblity","BaseMod","Colored Map","DeckTracker","Keyboard Shortcuts","Minty Spire (QoL Compilation)","Permanent Neow","Quick Restart","SuperFastMode","everything is the same but u backflip on backflip"],"gold_per_floor":[118,118,193,208,208,237,237,270,323,350,361,379,404,94,94,192,192,205,205,215,234,252,285,285,317,369,381,407,332,365,379,379,474,474,492,508,508,418,418,418,445,445,445,445,487,99,144,178,178,178,178,178,27,64,64],"floor_reached":56,"language":"KOR","playtime":1372,"items_purged":["Strike_G","Strike_G","Strike_G"],"score":1543,"play_id":"b5bc245b-8ee1-4589-bb30-a8cae8b82c9b","local_time":"20210128031520","is_ascension_mode":true,"campfire_choices":[{"data":"Neutralize","floor":7.0,"key":"SMITH"},{"data":"Blade Dance","floor":15.0,"key":"SMITH"},{"floor":32.0,"key":"REST"},{"data":"Terror","floor":40.0,"key":"SMITH"},{"data":"Footwork","floor":42.0,"key":"SMITH"},{"floor":49.0,"key":"RECALL"},{"data":"Blade Dance","floor":52,"key":"SMITH"}],"circlet_count":0,"master_deck":["Defend_G","Defend_G","Defend_G","Defend_G","Defend_G","Survivor","Neutralize+1","A Thousand Cuts+1","Masterful Stab","Blade Dance+1","Cloak And Dagger","Deflect","Cloak And Dagger","Blur","After Image+1","Blade Dance+1","Footwork+1","Finisher+1","Accuracy+1","Terror+1","Blade Dance+1","Accuracy+1","Infinite Blades","Escape Plan"],"relics":["Ring of the Snake","Strawberry","Turnip","Orichalcum","Pen Nib","Regal Pillow","Singing Bowl","Medical Kit","Black Star","Ancient Tea Set","Vajra","Mercury Hourglass","Lantern","Juzu Bracelet","PreservedInsect","StrikeDummy","Molten Egg 2","Philosopher\u0027s Stone","Blue Candle","Bag of Marbles","Nunchaku","Shovel","CeramicFish","Sundial","DollysMirror","Happy Flower","Pocketwatch","HornCleat","Bag of Preparation","Art of War","Kunai"],"acts_visited":["Exordium","TheCity","TheBeyond","TheEnding"],"potions_floor_usage":[50,55,55,55],"damage_taken":[{"damage":0.0,"enemies":"Small Slimes","floor":1.0,"turns":4.0},{"damage":0.0,"enemies":"2 Louse","floor":4.0,"turns":4.0},{"damage":29.0,"enemies":"Gremlin Nob","floor":6.0,"turns":5.0},{"damage":5.0,"enemies":"3 Sentries","floor":8.0,"turns":5.0},{"damage":12.0,"enemies":"Gremlin Nob","floor":10.0,"turns":4.0},{"damage":0.0,"enemies":"Cultist","floor":11.0,"turns":3.0},{"damage":0.0,"enemies":"Exordium Thugs","floor":12.0,"turns":5.0},{"damage":3.0,"enemies":"3 Sentries","floor":13.0,"turns":6.0},{"damage":28.0,"enemies":"Slime Boss","floor":16.0,"turns":7.0},{"damage":1.0,"enemies":"Spheric Guardian","floor":18.0,"turns":4.0},{"damage":2.0,"enemies":"Chosen","floor":20.0,"turns":4.0},{"damage":18.0,"enemies":"3 Cultists","floor":21.0,"turns":8.0},{"damage":16.0,"enemies":"Snake Plant","floor":22.0,"turns":7.0},{"damage":32.0,"enemies":"Slavers","floor":23.0,"turns":4.0},{"damage":3.0,"enemies":"Gremlin Leader","floor":25.0,"turns":4.0},{"damage":0.0,"enemies":"Cultist and Chosen","floor":27.0,"turns":4.0},{"damage":4.0,"enemies":"Slavers","floor":28.0,"turns":2.0},{"damage":8.0,"enemies":"Book of Stabbing","floor":30.0,"turns":4.0},{"damage":0.0,"enemies":"Snecko","floor":31.0,"turns":4.0},{"damage":4.0,"enemies":"Champ","floor":33.0,"turns":10.0},{"damage":27.0,"enemies":"3 Darklings","floor":35.0,"turns":4.0},{"damage":0.0,"enemies":"Orb Walker","floor":36.0,"turns":2.0},{"damage":0.0,"enemies":"Nemesis","floor":41.0,"turns":3.0},{"damage":4.0,"enemies":"Reptomancer","floor":45.0,"turns":4.0},{"damage":25.0,"enemies":"2 Orb Walkers","floor":47.0,"turns":4.0},{"damage":0.0,"enemies":"Giant Head","floor":48.0,"turns":4.0},{"damage":24,"enemies":"Awakened One","floor":50,"turns":8},{"damage":0,"enemies":"Shield and Spear","floor":54,"turns":4},{"damage":6,"enemies":"The Heart","floor":55,"turns":6}],"seed_played":"-9122292761563482939","potions_obtained":[{"floor":4.0,"key":"SkillPotion"},{"floor":6.0,"key":"GamblersBrew"},{"floor":8.0,"key":"Regen Potion"},{"floor":12.0,"key":"SkillPotion"},{"floor":20.0,"key":"Swift Potion"},{"floor":22.0,"key":"Block Potion"},{"floor":25.0,"key":"ColorlessPotion"},{"floor":30.0,"key":"Ancient Potion"},{"floor":35.0,"key":"SpeedPotion"},{"floor":41.0,"key":"Weak Potion"},{"floor":45.0,"key":"Regen Potion"},{"floor":47.0,"key":"Fire Potion"},{"floor":54,"key":"ColorlessPotion"}],"is_trial":false,"path_per_floor":["M","?","?","M","?","E","R","E","T","E","M","M","E","$","R","B",null,"M","?","M","M","M","E","?","E","T","M","E","?","E","M","R","B",null,"M","M","?","?","T","R","E","R","T","?","E","$","?","E","R","B",null,"R","$","E","B",null],"character_chosen":"THE_SILENT","items_purchased":["Medical Kit","Blur","DollysMirror","Happy Flower","Infinite Blades"],"campfire_rested":1,"item_purchase_floors":[14,14,46,46,53],"current_hp_per_floor":[70,70,59,59,63,34,34,29,29,17,17,17,31,31,31,3,79,80,80,78,60,44,14,14,11,11,13,11,11,5,7,49,47,93,66,68,68,68,68,68,70,70,70,70,66,66,43,45,45,36,101,101,101,101,95],"gold":64,"neow_bonus":"ONE_RANDOM_RARE_CARD","is_daily":false,"chose_seed":false,"campfire_upgraded":5,"win_rate":0.0,"timestamp":1611771320,"path_taken":["M","?","?","M","?","E","R","E","T","E","M","M","E","$","R","BOSS","M","?","M","M","M","E","?","E","T","M","E","?","E","M","R","BOSS","M","M","?","?","?","R","E","R","T","?","E","$","?","E","R","BOSS","R","$","E","BOSS"],"items_purchased_type":["Relic","Card","Relic","Relic","Card"],"build_version":"2020-12-22","purchased_purges":3,"victory":true,"max_hp_per_floor":[70,70,70,70,77,77,77,77,77,77,77,77,79,79,79,79,79,81,81,81,81,81,83,83,83,83,85,87,87,89,91,91,93,93,93,95,95,95,95,95,97,97,97,97,97,97,99,101,101,101,101,101,101,101,101],"card_choices":[{"not_picked":["Flying Knee","Dodge and Roll","Underhanded Strike"],"picked":"SKIP","floor":1.0},{"not_picked":["Backflip","Skewer","Acrobatics"],"picked":"SKIP","floor":4.0},{"not_picked":["Calculated Gamble","Quick Slash"],"picked":"Masterful Stab","floor":6.0},{"not_picked":["Prepared","Deflect"],"picked":"Blade Dance","floor":8.0},{"not_picked":["Tactician","PiercingWail"],"picked":"Cloak And Dagger","floor":10.0},{"not_picked":["Expertise","Catalyst"],"picked":"Deflect","floor":11.0},{"not_picked":["Leg Sweep","Doppelganger"],"picked":"Cloak And Dagger","floor":12.0},{"not_picked":["Underhanded Strike","Poisoned Stab","Infinite Blades"],"picked":"Singing Bowl","floor":13.0},{"not_picked":["Phantasmal Killer","Adrenaline"],"picked":"After Image","floor":16.0},{"not_picked":["PiercingWail","Dodge and Roll","Quick Slash"],"picked":"Singing Bowl","floor":18.0},{"not_picked":["Deflect+1","Predator+1"],"picked":"Blade Dance","floor":20.0},{"not_picked":["PiercingWail","Acrobatics"],"picked":"Footwork","floor":21.0},{"not_picked":["Backflip+1","Deadly Poison"],"picked":"Finisher","floor":22.0},{"not_picked":["Riddle With Holes","Dagger Spray","Caltrops+1"],"picked":"Singing Bowl","floor":23.0},{"not_picked":["Finisher","Underhanded Strike+1"],"picked":"Accuracy+1","floor":25.0},{"not_picked":["All Out Attack","Dagger Throw","Sucker Punch"],"picked":"Singing Bowl","floor":27.0},{"not_picked":["Expertise","Slice","Underhanded Strike"],"picked":"Singing Bowl","floor":28.0},{"not_picked":["Deadly Poison+1","Acrobatics","Storm of Steel"],"picked":"Singing Bowl","floor":30.0},{"not_picked":["Catalyst","Flying Knee+1","Backflip"],"picked":"Singing Bowl","floor":31.0},{"not_picked":["Unload+1","A Thousand Cuts","Corpse Explosion"],"picked":"Singing Bowl","floor":33.0},{"not_picked":["Tactician+1","Sucker Punch+1"],"picked":"Terror","floor":35.0},{"not_picked":["Quick Slash+1","Sucker Punch+1","Dagger Throw+1"],"picked":"Singing Bowl","floor":36.0},{"not_picked":["Concentrate+1","Eviscerate+1","Underhanded Strike+1"],"picked":"Singing Bowl","floor":41.0},{"not_picked":["Prepared","Dagger Throw+1"],"picked":"Blade Dance+1","floor":45.0},{"not_picked":["Deadly Poison","Poisoned Stab+1","Acrobatics+1"],"picked":"Singing Bowl","floor":47.0},{"not_picked":["Night Terror","Slice+1","Setup+1"],"picked":"Singing Bowl","floor":48.0},{"not_picked":["Riddle With Holes+1","Reflex+1"],"picked":"Escape Plan","floor":54}],"player_experience":1151576,"relics_obtained":[{"floor":6.0,"key":"Turnip"},{"floor":8.0,"key":"Orichalcum"},{"floor":9.0,"key":"Pen Nib"},{"floor":10.0,"key":"Regal Pillow"},{"floor":13.0,"key":"Singing Bowl"},{"floor":23.0,"key":"Ancient Tea Set"},{"floor":23.0,"key":"Vajra"},{"floor":25.0,"key":"Mercury Hourglass"},{"floor":25.0,"key":"Lantern"},{"floor":28.0,"key":"Juzu Bracelet"},{"floor":28.0,"key":"PreservedInsect"},{"floor":30.0,"key":"StrikeDummy"},{"floor":30.0,"key":"Molten Egg 2"},{"floor":39.0,"key":"Blue Candle"},{"floor":41.0,"key":"Bag of Marbles"},{"floor":41.0,"key":"Nunchaku"},{"floor":43.0,"key":"Shovel"},{"floor":45.0,"key":"CeramicFish"},{"floor":45.0,"key":"Sundial"},{"floor":47.0,"key":"Pocketwatch"},{"floor":48.0,"key":"HornCleat"},{"floor":48.0,"key":"Bag of Preparation"},{"floor":54,"key":"Art of War"},{"floor":54,"key":"Kunai"}],"event_choices":[{"damage_healed":0.0,"max_hp_gain":0.0,"max_hp_loss":0.0,"gold_gain":0.0,"event_name":"Living Wall","player_choice":"Grow","floor":2.0,"gold_loss":0.0,"damage_taken":0.0,"cards_upgraded":["A Thousand Cuts"]},{"damage_healed":0.0,"max_hp_gain":0.0,"max_hp_loss":0.0,"gold_gain":75.0,"event_name":"World of Goop","player_choice":"Gather Gold","floor":3.0,"gold_loss":0.0,"damage_taken":11.0},{"damage_healed":0.0,"max_hp_gain":0.0,"max_hp_loss":0.0,"gold_gain":0.0,"event_name":"Scrap Ooze","player_choice":"Success","floor":5.0,"gold_loss":0.0,"damage_taken":3.0,"relics_obtained":["Strawberry"]},{"damage_healed":0.0,"max_hp_gain":0.0,"max_hp_loss":0.0,"gold_gain":0.0,"event_name":"Ghosts","player_choice":"Ignored","floor":19.0,"gold_loss":0.0,"damage_taken":0.0},{"damage_healed":0.0,"max_hp_gain":0.0,"max_hp_loss":0.0,"gold_gain":0.0,"event_name":"Vampires","player_choice":"Ignored","floor":24.0,"gold_loss":0.0,"damage_taken":0.0},{"cards_removed":["Strike_G"],"damage_healed":0.0,"max_hp_gain":0.0,"max_hp_loss":0.0,"gold_gain":0.0,"event_name":"Beggar","player_choice":"Gave Gold","floor":29.0,"gold_loss":75.0,"damage_taken":0.0},{"damage_healed":0.0,"max_hp_gain":0.0,"max_hp_loss":0.0,"gold_gain":0.0,"event_name":"SecretPortal","player_choice":"Ignored","floor":37.0,"gold_loss":0.0,"damage_taken":0.0},{"cards_removed":["Strike_G"],"damage_healed":0.0,"max_hp_gain":0.0,"max_hp_loss":0.0,"gold_gain":0.0,"event_name":"Designer","player_choice":"Upgrade and Remove","floor":38.0,"gold_loss":90.0,"damage_taken":0.0,"cards_upgraded":["After Image"]},{"damage_healed":0.0,"max_hp_gain":0.0,"max_hp_loss":0.0,"gold_gain":0.0,"event_name":"Upgrade Shrine","player_choice":"Upgraded","floor":44.0,"gold_loss":0.0,"damage_taken":0.0,"cards_upgraded":["Finisher"]},{"damage_healed":0.0,"max_hp_gain":0.0,"max_hp_loss":0.0,"gold_gain":0.0,"event_name":"Mysterious Sphere","player_choice":"Fight","floor":47.0,"gold_loss":0.0,"damage_taken":0.0}],"is_beta":false,"boss_relics":[{"not_picked":["Busted Crown","SlaversCollar"],"picked":"Black Star"},{"not_picked":["Runic Pyramid","Velvet Choker"],"picked":"Philosopher\u0027s Stone"}],"items_purged_floors":[14,46,53],"is_endless":false,"potions_floor_spawned":[4,6,8,12,20,22,25,30,35,41,45,47,54],"ascension_level":1}}