{"host":"f7i018611qt1bmao","time":1611726231,"event":{"mods":["ATMod(阿瑾Mod)","Act Like it!","BaseMod","Chen","Hallownest","KinomotoSakuraMod(木之本樱)","Koishi","LagranYue(拉格朗・月)","Marisa（F雨　魔理沙）","Minty Spire (QoL Compilation)","Nova Terra(诺娃・泰拉)","Remilia（蕾米莉亚）","Replay The Spire","StSLib","The Administrix","The Alterego","The Animator","The Gatherer","The Mystic","The Poker Player","The Senshi","The Servant 0.9.4","TheWitcher","WarShipGirlsR/战舰少女R mod","Yakumo Yukari mod","Youmu（魂魄妖梦）","Yuri Mod","Yuyuko","【遗物卡牌】REMEMod"],"gold_per_floor":[110,124,140,190,192,204,230,253,265,287,328,350,362,324,336,348,348],"floor_reached":16,"language":"ZHS","playtime":667,"items_purged":[],"score":104,"play_id":"316269fb-55a7-4f15-9751-abf432beea82","local_time":"20210127134351","is_ascension_mode":false,"campfire_choices":[{"floor":6,"key":"RECALL"},{"floor":13,"key":"REST"},{"floor":15,"key":"REST"}],"circlet_count":0,"master_deck":["rmod:strick","rmod:strick","rmod:strick","rmod:strick","rmod:defend","rmod:defend","rmod:defend","rmod:defend","rmod:basicallowance","rmod:maingunfire","rmod:rockthrower","rmod:luckystar","rmod:luckystar","Languid","rmod:punchline","rmod:selfconfidence","Injury","rmod:saltedfish","rmod:fletcherpendant","Languid"],"relics":["rmod:firstchargereward","AT_ATBox","REME_ComplimentaryCards","LagranYue:RandomDrawCardRelic","NeowsBlessing","Ring of Greed","Ring of Searing","Smiling Mask","MawBank","Replay:Baseball"],"acts_visited":["Exordium"],"potions_floor_usage":[],"damage_taken":[{"damage":0,"enemies":"Jaw Worm","floor":1,"turns":1},{"damage":0,"enemies":"Small Slimes","floor":2,"turns":1},{"damage":0,"enemies":"2 Louse","floor":3,"turns":1},{"damage":5,"enemies":"2 Fungi Beasts","floor":7,"turns":2},{"damage":24,"enemies":"Exordium Wildlife","floor":8,"turns":3},{"damage":0,"enemies":"Exordium Thugs","floor":10,"turns":2},{"damage":38,"enemies":"Lagavulin","floor":11,"turns":4},{"damage":5,"enemies":"2 Fungi Beasts","floor":12,"turns":2},{"damage":54,"enemies":"The Guardian","floor":16,"turns":6}],"seed_played":"-8589927642760173921","potions_obtained":[{"floor":1,"key":"Dexterity Potion"},{"floor":8,"key":"Swift Potion"},{"floor":10,"key":"Adrenaline Potion"},{"floor":12,"key":"Flashbang"}],"is_trial":false,"path_per_floor":["M","M","M","?","?","R","M","M","T","M","E","M","R","?","R","B"],"character_chosen":"PRAEFECT","items_purchased":[],"campfire_rested":2,"item_purchase_floors":[],"current_hp_per_floor":[75,75,75,75,75,75,70,46,46,46,8,3,25,25,47,0,0],"gold":348,"neow_bonus":"THREE_ENEMY_KILL","is_daily":false,"chose_seed":false,"campfire_upgraded":0,"win_rate":0.0,"timestamp":1611726231,"path_taken":["M","M","M","?","?","R","M","M","T","M","E","M","R","?","R","BOSS"],"items_purchased_type":[],"build_version":"2020-12-22","purchased_purges":0,"victory":false,"max_hp_per_floor":[75,75,75,75,75,75,75,75,75,75,75,75,75,75,75,75,75],"card_choices":[{"not_picked":["rmod:salvage","rmod:wolves"],"picked":"rmod:rockthrower","floor":1},{"not_picked":["rmod:diamondstrike","rmod:steelsupply"],"picked":"rmod:luckystar","floor":2},{"not_picked":["rmod:heivgo","rmod:circuitoustactics"],"picked":"rmod:luckystar","floor":3},{"not_picked":["rmod:supportescort","rmod:rockthrower"],"picked":"rmod:punchline","floor":7},{"not_picked":["rmod:advancebysurprise","rmod:firesupport"],"picked":"rmod:selfconfidence","floor":8},{"not_picked":["rmod:supportescort","rmod:goodfighter"],"picked":"rmod:saltedfish","floor":10},{"not_picked":["rmod:generalist","rmod:fuelsupply"],"picked":"rmod:fletcherpendant","floor":11},{"not_picked":["rmod:luckystar","rmod:rockthrower","rmod:aviationdawn"],"picked":"SKIP","floor":12}],"player_experience":25991,"relics_obtained":[{"floor":4,"key":"Ring of Greed"},{"floor":4,"key":"Ring of Searing"},{"floor":4,"key":"Smiling Mask"},{"floor":4,"key":"MawBank"},{"floor":11,"key":"Replay:Baseball"}],"event_choices":[],"is_beta":false,"boss_relics":[],"items_purged_floors":[],"is_endless":false,"potions_floor_spawned":[1,8,10,12],"killed_by":"The Guardian","ascension_level":0}}