{"host":"ipnf7ktf1pyxq9u3","time":1611711354,"event":{"mods":["Act Like it!","Aspiration","BaseMod","BetterRewards","Conspire","Downfall","Gremlin Mod","Hallownest","Hermit","Hubris","Infinite Spire","Lobotomy","Minty Spire (QoL Compilation)","Reworked Bosses","Shade Mod","Shop Mod","StSLib","The Bug Knight","The Construct","The Cursed","The Forsaken","The Hierophant","The Jungle","The Necromancer"],"gold_per_floor":[0,13,13,0,0,11,64,76,176,211,226,251,14,40,52,148,148,48,62,75,175,175,191,191,91,110,110,126,126,11,25,38,143,143,143,154,223,242,242,277,323,323,323,223,237,262,262,275,289,289,289,318,168,168,168,168,168,168],"floor_reached":56,"language":"ENG","playtime":5095,"items_purged":["bronze:Assembly","bronze:Replicate","bronze:Strike","Parasite"],"score":817,"play_id":"fa71f6c6-d1c1-40e2-b64b-601fe7c094cf","local_time":"20210127123554","is_ascension_mode":true,"campfire_choices":[{"data":"bronze:SpaghettiCode","floor":1.0,"key":"SMITH"},{"floor":18.0,"key":"RECALL"},{"data":"bronze:Philosophize","floor":25.0,"key":"SMITH"},{"data":"bronze:CloningBeam","floor":27.0,"key":"SMITH"},{"floor":29.0,"key":"REST"},{"data":"bronze:Iterate","floor":29.0,"key":"SMITH"},{"data":"bronze:Library","floor":35.0,"key":"SMITH"},{"data":"bronze:Goto","floor":44.0,"key":"SMITH"},{"data":"bronze:Defend","floor":47.0,"key":"SMITH"},{"floor":54.0,"key":"REST"},{"data":"bronze:Defend","floor":54.0,"key":"SMITH"}],"circlet_count":0,"master_deck":["bronze:Strike","bronze:Defend+1","bronze:Defend+1","bronze:Goto+1","bronze:SpaghettiCode+1","bronze:RecursiveStrike+1","bronze:CloningBeam+1","bronze:Philosophize+1","bronze:Iterate+1","bronze:Library+1","bronze:Iterate+1"],"relics":["bronze:BronzeCore","bronze:ProtectiveGoggles","aspiration:FetidBarrel","Thread and Needle","PreservedInsect","Strawberry","Snecko Eye","downfall:HeartBlessingGreen","conspire:GlowingRock","conspire:DeflatedDodgeball","infinitespire:Magic Flask","downfall:HeartBlessingRed","infinitespire:Cupcake","Bag of Marbles","Dream Catcher","hubris:Icosahedron","downfall:HeartBlessingBlue","Juzu Bracelet","hubris:CuriousFeather"],"acts_visited":["Exordium","TheCity","TheBeyond","TheEnding"],"potions_floor_usage":[56,56,56],"damage_taken":[{"damage":1.0,"enemies":"Jaw Worm","floor":2.0,"turns":2.0},{"damage":0.0,"enemies":"downfall:FleeingMerchant","floor":4.0,"turns":4.0},{"damage":7.0,"enemies":"2 Louse","floor":6.0,"turns":2.0},{"damage":2.0,"enemies":"Small Slimes","floor":8.0,"turns":2.0},{"damage":5.0,"enemies":"downfall:Heads","floor":9.0,"turns":4.0},{"damage":26.0,"enemies":"Lagavulin","floor":10.0,"turns":4.0},{"damage":9.0,"enemies":"2 Fungi Beasts","floor":11.0,"turns":3.0},{"damage":19.0,"enemies":"HollowMod:MossKnight","floor":12.0,"turns":6.0},{"damage":4.0,"enemies":"downfall:FleeingMerchant","floor":13.0,"turns":4.0},{"damage":7.0,"enemies":"3 Sentries","floor":14.0,"turns":3.0},{"damage":0.0,"enemies":"Exordium Wildlife","floor":15.0,"turns":2.0},{"damage":9.0,"enemies":"WA_ARCHETYPE_RETAIN","floor":16.0,"turns":6.0},{"damage":0.0,"enemies":"Chosen","floor":19.0,"turns":2.0},{"damage":0.0,"enemies":"Cultist and Chosen","floor":20.0,"turns":3.0},{"damage":0.0,"enemies":"Colosseum Nobs","floor":21.0,"turns":2.0},{"damage":4.0,"enemies":"Snake Plant","floor":23.0,"turns":3.0},{"damage":0.0,"enemies":"conspire:HollyBat","floor":26.0,"turns":4.0},{"damage":2.0,"enemies":"Cultist and Chosen","floor":28.0,"turns":4.0},{"damage":15.0,"enemies":"downfall:FleeingMerchant","floor":30.0,"turns":4.0},{"damage":16.0,"enemies":"Snake Plant","floor":31.0,"turns":4.0},{"damage":15.0,"enemies":"conspire:HollyBat","floor":32.0,"turns":5.0},{"damage":5.0,"enemies":"IC_MUSHROOM_ARCHETYPE","floor":33.0,"turns":5.0},{"damage":0.0,"enemies":"Orb Walker","floor":36.0,"turns":3.0},{"damage":0.0,"enemies":"downfall:FleeingMerchant","floor":37.0,"turns":1.0},{"damage":0.0,"enemies":"3 Darklings","floor":38.0,"turns":2.0},{"damage":0.0,"enemies":"Giant Head","floor":40.0,"turns":4.0},{"damage":0.0,"enemies":"Maw","floor":45.0,"turns":5.0},{"damage":0.0,"enemies":"Nemesis","floor":46.0,"turns":3.0},{"damage":16.0,"enemies":"Writhing Mass","floor":48.0,"turns":4.0},{"damage":0.0,"enemies":"3 Darklings","floor":49.0,"turns":3.0},{"damage":37.0,"enemies":"DF_ARCHETYPE_ORBS","floor":50.0,"turns":5.0},{"damage":28.0,"enemies":"downfall:CharBossMerchant","floor":52.0,"turns":8.0},{"damage":38,"enemies":"downfall:NeowBoss","floor":55,"turns":9},{"damage":58,"enemies":"downfall:NeowBossFinal","floor":56,"turns":3}],"seed_played":"-2403559682239198926","potions_obtained":[{"floor":2.0,"key":"conspire:TimeTravelPotion"},{"floor":8.0,"key":"Fire Potion"},{"floor":12.0,"key":"champ:CounterPotion"},{"floor":14.0,"key":"champ:CounterPotion"},{"floor":15.0,"key":"Guardian:BlockOnCardUsePotion"},{"floor":16.0,"key":"sneckomod:MuddlingPotion"},{"floor":20.0,"key":"Guardian:BlockOnCardUsePotion"},{"floor":22.0,"key":"AttackPotion"},{"floor":28.0,"key":"PowerPotion"},{"floor":31.0,"key":"SteroidPotion"},{"floor":38.0,"key":"SpeedPotion"},{"floor":40.0,"key":"EssenceOfSteel"}],"is_trial":false,"path_per_floor":["R","M","?","$","?","M","T","M","?","E","M","E","$","E","M","B",null,"R","M","M","?","?","M","T","R","M","R","M","R","$","M","M","B",null,"R","M","$","M","?","E","T","?","?","R","M","E","R","M","M","B",null,"E","$","R","B","B"],"character_chosen":"THE_AUTOMATON","items_purchased":["PreservedInsect","Bag of Marbles"],"campfire_rested":2,"item_purchase_floors":[13,37],"current_hp_per_floor":[70,69,69,69,69,62,62,60,55,29,20,15,11,11,11,2,77,77,77,77,77,77,73,73,73,73,73,71,77,62,46,31,26,77,77,77,77,77,77,77,77,77,77,87,87,87,87,71,71,34,87,59,59,84,46,0,0,0],"gold":168,"neow_bonus":"THREE_RARE_CARDS","is_daily":false,"chose_seed":false,"campfire_upgraded":8,"win_rate":0.0,"timestamp":1611711354,"path_taken":["R","M","?","$","?","M","T","M","?","E","M","E","?","E","M","BOSS","R","M","M","?","?","M","T","R","?","R","M","R","$","M","M","BOSS","R","M","$","M","?","E","T","?","?","R","M","E","R","M","M","BOSS","E","$","R","BOSS","BOSS"],"items_purchased_type":["Relic","Relic"],"build_version":"2020-12-22","purchased_purges":4,"victory":false,"max_hp_per_floor":[70,70,70,70,70,70,70,70,70,70,70,70,70,77,77,77,77,77,77,77,77,77,77,77,77,77,77,77,77,77,77,77,77,77,77,77,77,77,77,77,77,77,77,87,87,87,87,87,87,87,87,87,84,84,84,84,84,84],"card_choices":[{"not_picked":["bronze:TinkerersToolbox","bronze:Verify"],"picked":"bronze:SpaghettiCode","floor":0.0},{"not_picked":["bronze:Branch","bronze:FineTuning","bronze:Shield"],"picked":"SKIP","floor":2.0},{"not_picked":["bronze:Boost","bronze:WildBeam"],"picked":"bronze:RecursiveStrike","floor":4.0},{"not_picked":["bronze:Allocate","bronze:OilSpill","bronze:Optimize"],"picked":"SKIP","floor":6.0},{"not_picked":["bronze:BuggyMess","bronze:DelayedSlice","bronze:Overheat"],"picked":"SKIP","floor":8.0},{"not_picked":["bronze:Frontload","bronze:BronzeArmor","bronze:WildBeam"],"picked":"SKIP","floor":10.0},{"not_picked":["bronze:Deprecate","bronze:Backtrace"],"picked":"bronze:CloningBeam","floor":11.0},{"not_picked":["bronze:Iterate","bronze:Constructor"],"picked":"bronze:Philosophize","floor":12.0},{"not_picked":["bronze:Backtrace","bronze:ClassDefault","bronze:Safeguard"],"picked":"SKIP","floor":13.0},{"not_picked":["bronze:Deprecate","bronze:Return","bronze:Invalidate"],"picked":"SKIP","floor":14.0},{"not_picked":["bronze:Allocate","bronze:Overload","bronze:BuggyMess"],"picked":"SKIP","floor":15.0},{"not_picked":["bronze:Overheat","bronze:Flail+1","bronze:Philosophize"],"picked":"SKIP","floor":19.0},{"not_picked":["bronze:Iterate","bronze:Separator+1","bronze:Flail"],"picked":"SKIP","floor":20.0},{"not_picked":["bronze:BugBarrage","bronze:OilSpill","bronze:GetLatest"],"picked":"SKIP","floor":23.0},{"not_picked":["bronze:Invalidate","bronze:Deprecate","bronze:Branch"],"picked":"SKIP","floor":26.0},{"not_picked":["bronze:BuggyMess+1","bronze:CutThrough"],"picked":"bronze:Iterate","floor":28.0},{"not_picked":["bronze:Deprecate","bronze:GetLatest+1","bronze:ClassDefault"],"picked":"SKIP","floor":30.0},{"not_picked":["bronze:Overheat","bronze:Branch","bronze:ClassDefault"],"picked":"SKIP","floor":31.0},{"not_picked":["bronze:Overheat","bronze:Branch","bronze:Safeguard"],"picked":"SKIP","floor":32.0},{"not_picked":["bronze:Hardcode","bronze:ShipIt"],"picked":"bronze:Library","floor":33.0},{"not_picked":["bronze:BuggyMess","bronze:WildBeam+1","bronze:Invalidate"],"picked":"SKIP","floor":36.0},{"not_picked":["bronze:InfiniteBeams+1","bronze:Hardcode","bronze:Flail"],"picked":"SKIP","floor":37.0},{"not_picked":["bronze:Refactor+1","bronze:Overheat+1","bronze:DelayedSlice+1"],"picked":"SKIP","floor":38.0},{"not_picked":["bronze:DelayedSlice+1","bronze:Branch","bronze:Refactor+1"],"picked":"SKIP","floor":40.0},{"not_picked":["bronze:Fortify","bronze:InfiniteLoop","bronze:Repair"],"picked":"SKIP","floor":45.0},{"not_picked":["bronze:BugBarrage","bronze:FineTuning","bronze:BuggyMess"],"picked":"SKIP","floor":46.0},{"not_picked":["bronze:BronzeOrb","bronze:Safeguard","bronze:Flail+1"],"picked":"SKIP","floor":48.0},{"not_picked":["bronze:Optimize+1","bronze:FineTuning+1","bronze:Separator"],"picked":"SKIP","floor":49.0},{"not_picked":["bronze:Frontload","bronze:ChosenStrike","bronze:Return+1"],"picked":"SKIP","floor":52.0},{"not_picked":["bronze:Shield","bronze:Boost"],"picked":"bronze:Iterate+1","floor":54.0}],"player_experience":620114,"relics_obtained":[{"floor":7.0,"key":"bronze:ProtectiveGoggles"},{"floor":10.0,"key":"aspiration:FetidBarrel"},{"floor":12.0,"key":"Thread and Needle"},{"floor":14.0,"key":"Strawberry"},{"floor":21.0,"key":"conspire:GlowingRock"},{"floor":21.0,"key":"conspire:DeflatedDodgeball"},{"floor":24.0,"key":"infinitespire:Magic Flask"},{"floor":40.0,"key":"Dream Catcher"},{"floor":46.0,"key":"Juzu Bracelet"},{"floor":52.0,"key":"hubris:CuriousFeather"}],"event_choices":[{"damage_healed":0.0,"max_hp_gain":0.0,"max_hp_loss":0.0,"gold_gain":0.0,"event_name":"Lab","player_choice":"Got Potions","floor":22.0,"gold_loss":0.0,"damage_taken":0.0},{"cards_removed":["bronze:Defend"],"damage_healed":0.0,"max_hp_gain":0.0,"max_hp_loss":0.0,"gold_gain":0.0,"event_name":"Falling","player_choice":"Removed Skill","floor":39.0,"gold_loss":0.0,"damage_taken":0.0}],"is_beta":false,"boss_relics":[{"not_picked":["conspire:SlowCooker","bronze:MakeshiftBattery"],"picked":"Snecko Eye"},{"not_picked":["Empty Cage","aspiration:FutureDiary"],"picked":"infinitespire:Cupcake"}],"items_purged_floors":[13,30,37,53],"is_endless":false,"potions_floor_spawned":[2,8,12,14,15,16,20,23,28,31,38,40,45,48],"killed_by":"downfall:NeowBossFinal","ascension_level":1}}