{"host":"h4qgcirtxz6qax9j","time":1611728250,"event":{"mods":["2.2 Compatiblity","AchievementEnabler","BaseMod","Colored Powertips","Custom Start","Hermit","Marisa£¨Ùöéë¡¡Øª×âÞÞ£©","Minty Spire (QoL Compilation)","Replay The Spire","StSLib","SuperFastMode","The Servant 0.9.4"],"gold_per_floor":[117,63,79,79,99,99,115,149,149,214,214,214,68,80,80,176,176,186,186,8,8,19,19,33,33,33],"floor_reached":25,"language":"KOR","playtime":525,"items_purged":[],"score":221,"play_id":"0b51cd9f-7669-495a-9bd4-84633e279717","local_time":"20210127151730","is_ascension_mode":true,"campfire_choices":[{"floor":6,"key":"REST"},{"floor":15,"key":"REST"},{"floor":23,"key":"REST"}],"circlet_count":0,"master_deck":["Strike_MRS","Strike_MRS","Strike_MRS","Strike_MRS","Defend_MRS","Defend_MRS","Defend_MRS","Defend_MRS","MasterSpark+1","UpSweep","SuperNova","GalacticHalo","ShootingEcho+1","ShootingEcho","Sickly","DeepEcoloBomb","SuperNova","PowerUp"],"relics":["MiniHakkero","Girya","Pocketwatch","Ring of Hypnosis","Anchor","Busted Crown","Membership Card"],"acts_visited":["Exordium","TheCity"],"potions_floor_usage":[16,16,24,25],"damage_taken":[{"damage":3,"enemies":"Jaw Worm","floor":1,"turns":4},{"damage":5,"enemies":"Small Slimes","floor":3,"turns":4},{"damage":0,"enemies":"2 Louse","floor":5,"turns":3},{"damage":9,"enemies":"Exordium Wildlife","floor":7,"turns":5},{"damage":22,"enemies":"3 Sentries","floor":8,"turns":7},{"damage":8,"enemies":"2 Fungi Beasts","floor":14,"turns":3},{"damage":37,"enemies":"The Guardian","floor":16,"turns":8},{"damage":12,"enemies":"Shell Parasite","floor":18,"turns":4},{"damage":19,"enemies":"2 Thieves","floor":22,"turns":4},{"damage":45,"enemies":"Sentry and Sphere","floor":24,"turns":5},{"damage":22,"enemies":"Snake Plant","floor":25,"turns":3}],"seed_played":"6082252806961528808","potions_obtained":[{"floor":3,"key":"SteroidPotion"},{"floor":5,"key":"Weak Potion"},{"floor":14,"key":"SkillPotion"},{"floor":16,"key":"FearPotion"},{"floor":18,"key":"Dexterity Potion"}],"is_trial":false,"path_per_floor":["M","$","M","?","M","R","M","E","T","?","$","?","$","M","R","B",null,"M","?","$","?","M","R","M","M"],"character_chosen":"MARISA","items_purchased":["GalacticHalo","Anchor","Membership Card","PowerUp"],"campfire_rested":3,"item_purchase_floors":[2,13,20,20],"current_hp_per_floor":[72,72,67,52,52,74,65,43,43,43,43,43,43,35,57,20,75,63,63,63,63,44,66,21,0,0],"gold":33,"neow_bonus":"ONE_RANDOM_RARE_CARD","is_daily":false,"chose_seed":false,"campfire_upgraded":0,"win_rate":0.0,"timestamp":1611728250,"path_taken":["M","$","M","?","M","R","M","E","T","?","$","?","$","M","R","BOSS","M","?","$","?","M","R","M","M"],"items_purchased_type":["Card","Relic","Relic","Card"],"build_version":"2020-12-22","purchased_purges":0,"victory":false,"max_hp_per_floor":[75,75,75,75,75,75,75,75,75,75,75,75,75,75,75,75,75,75,75,75,75,75,75,75,75,75],"card_choices":[{"not_picked":["GrandCross","AsteroidBelt","MilkyWay"],"picked":"SKIP","floor":1},{"not_picked":["6A","Acceleration"],"picked":"ShootingEcho","floor":3},{"not_picked":["EventHorizon","AlicesGift"],"picked":"ShootingEcho","floor":5},{"not_picked":["OneTimeOff","UnstableBomb","MilkyWay"],"picked":"SKIP","floor":7},{"not_picked":["GravityBeat","SporeBomb","6A"],"picked":"SKIP","floor":8},{"not_picked":["MeteoricShower","OneTimeOff"],"picked":"DeepEcoloBomb","floor":14},{"not_picked":["JA","AbsoluteMagnitude"],"picked":"SuperNova","floor":16},{"not_picked":["ShootTheMoon+1"],"picked":"SKIP","floor":18},{"not_picked":["LuminesStrike"],"picked":"SKIP","floor":22},{"not_picked":["ShootingEcho"],"picked":"SKIP","floor":24}],"player_experience":120324,"relics_obtained":[{"floor":8,"key":"Girya"},{"floor":9,"key":"Pocketwatch"},{"floor":12,"key":"Ring of Hypnosis"}],"event_choices":[{"damage_healed":0,"gold_gain":0,"player_choice":"Entered Light","damage_taken":15,"max_hp_gain":0,"max_hp_loss":0,"event_name":"Shining Light","floor":4,"gold_loss":0,"cards_upgraded":["MasterSpark","ShootingEcho"]},{"damage_healed":0,"gold_gain":65,"player_choice":"Gained Gold","damage_taken":0,"max_hp_gain":0,"max_hp_loss":0,"event_name":"Golden Wing","floor":10,"gold_loss":0},{"damage_healed":0,"gold_gain":0,"player_choice":"Ignored","damage_taken":0,"max_hp_gain":0,"max_hp_loss":0,"event_name":"Ghosts","floor":19,"gold_loss":0}],"is_beta":false,"boss_relics":[{"not_picked":["Coffee Dripper","Tiny House"],"picked":"Busted Crown"}],"items_purged_floors":[],"is_endless":false,"potions_floor_spawned":[3,5,14,16,18,22],"killed_by":"Snake Plant","ascension_level":2}}