{"host":"Oniwa","time":1611755814,"event":{"mods":["BaseMod","Colored Map","Colored Powertips","Minty Spire (QoL Compilation)","Relic Stats","Slay the Relics Exporter","SpireBot","StSLib","ojb\u0027s Better Paths Mod","ojb\u0027s Info Mod"],"gold_per_floor":[115,190,190,190,201,201,211,242,242,2,2,2,2,30,30,101,101,117,117,43,53,71,103,114,147,147,178,190,190,190,203,203,281,281,291,291,309,309,309,344,344,387,441,480,480,521,537,546,546,546,546,546,546,84,123,123],"floor_reached":57,"language":"JPN","playtime":3507,"items_purged":["Strike_B","Strike_B"],"score":3268,"play_id":"769445ad-c423-49c6-8b29-b1301a56cc7f","local_time":"20210127225654","is_ascension_mode":true,"campfire_choices":[{"data":"Sunder","floor":6.0,"key":"SMITH"},{"floor":11.0,"key":"REST"},{"floor":13.0,"key":"REST"},{"data":"Doom and Gloom","floor":15.0,"key":"SMITH"},{"data":"Spot Weakness","floor":30.0,"key":"SMITH"},{"data":"Ghostly","floor":32,"key":"SMITH"},{"floor":41,"key":"RECALL"},{"data":"Ghostly","floor":45,"key":"SMITH"},{"data":"Flame Barrier","floor":49,"key":"SMITH"},{"data":"Glacier","floor":53,"key":"SMITH"}],"circlet_count":0,"master_deck":["AscendersBane","Strike_B+1","Strike_B","Defend_B","Defend_B","Defend_B+1","Defend_B","Zap+1","Dualcast","Sunder+1","Compile Driver+1","Hologram","Doom and Gloom+1","Protect","Corruption+1","Blade Dance","Ghostly+1","Ghostly+1","Ghostly+1","Self Repair+1","Sentinel+1","Distraction","PiercingWail","Spot Weakness+1","Heatsinks+1","Heatsinks+1","Necronomicurse","Collect+1","Demon Form+1","Cloak And Dagger+1","Panache+1","Enlightenment","Recycle","Glacier+1","Flame Barrier+1","Enlightenment","Corruption+1","Defragment+1","Consume","Acrobatics+1"],"relics":["Cracked Core","Dead Branch","Sundial","Nunchaku","War Paint","PrismaticShard","Frozen Egg 2","Snecko Eye","Bird Faced Urn","Dream Catcher","Kunai","Meat on the Bone","Necronomicon","SlaversCollar","CeramicFish","Ornamental Fan","Blue Candle","Juzu Bracelet","Frozen Eye","Bottled Tornado"],"acts_visited":["Exordium","TheCity","TheBeyond","TheEnding"],"potions_floor_usage":[],"damage_taken":[{"damage":9.0,"enemies":"Small Slimes","floor":1.0,"turns":4.0},{"damage":7.0,"enemies":"Jaw Worm","floor":5.0,"turns":3.0},{"damage":0.0,"enemies":"2 Louse","floor":7.0,"turns":2.0},{"damage":15.0,"enemies":"Lagavulin","floor":8.0,"turns":7.0},{"damage":5.0,"enemies":"3 Sentries","floor":14.0,"turns":4.0},{"damage":19.0,"enemies":"Hexaghost","floor":16.0,"turns":8.0},{"damage":8.0,"enemies":"Shell Parasite","floor":18.0,"turns":3.0},{"damage":13.0,"enemies":"3 Byrds","floor":21.0,"turns":4.0},{"damage":2.0,"enemies":"Shelled Parasite and Fungi","floor":22.0,"turns":3.0},{"damage":0.0,"enemies":"Gremlin Leader","floor":23.0,"turns":2.0},{"damage":0.0,"enemies":"Centurion and Healer","floor":24.0,"turns":2.0},{"damage":0.0,"enemies":"Book of Stabbing","floor":25.0,"turns":2.0},{"damage":0.0,"enemies":"Slavers","floor":27.0,"turns":5.0},{"damage":1.0,"enemies":"Chosen and Byrds","floor":28.0,"turns":5.0},{"damage":1.0,"enemies":"Snecko","floor":31.0,"turns":3.0},{"damage":12,"enemies":"Champ","floor":33,"turns":8},{"damage":0,"enemies":"Orb Walker","floor":35,"turns":2},{"damage":0,"enemies":"3 Shapes","floor":37,"turns":3},{"damage":21,"enemies":"Reptomancer","floor":40,"turns":4},{"damage":9,"enemies":"Nemesis","floor":42,"turns":4},{"damage":0,"enemies":"Giant Head","floor":44,"turns":1},{"damage":7,"enemies":"Nemesis","floor":46,"turns":3},{"damage":4,"enemies":"Maw","floor":47,"turns":2},{"damage":5,"enemies":"Awakened One","floor":50,"turns":7},{"damage":2,"enemies":"Time Eater","floor":51,"turns":7},{"damage":0,"enemies":"Shield and Spear","floor":55,"turns":2},{"damage":45,"enemies":"The Heart","floor":56,"turns":7}],"seed_played":"-5433439804739730531","potions_obtained":[{"floor":7.0,"key":"Block Potion"},{"floor":14.0,"key":"CultistPotion"},{"floor":21.0,"key":"Explosive Potion"},{"floor":42,"key":"FairyPotion"}],"is_trial":false,"path_per_floor":["M","?","?","?","M","R","M","E","T","$","R","?","R","E","R","B",null,"M","?","$","M","M","E","M","E","T","E","M","?","R","M","R","B",null,"M","?","M","?","?","E","R","E","T","E","R","E","M","?","R","B","B",null,"R","$","E","B",null],"character_chosen":"DEFECT","items_purchased":["PrismaticShard","Self Repair+1","Defragment+1","Frozen Eye","GamblersBrew","Consume"],"campfire_rested":2,"item_purchase_floors":[10,20,54,54,54,54],"current_hp_per_floor":[55,44,18,39,32,32,32,17,17,17,36,17,36,31,31,12,51,43,32,32,29,32,32,32,32,32,32,32,11,11,32,32,32,32,32,32,32,22,22,27,27,32,32,32,32,32,32,32,32,32,32,32,32,32,32,31],"gold":123,"neow_bonus":"ONE_RARE_RELIC","is_daily":false,"chose_seed":true,"campfire_upgraded":7,"win_rate":0.0,"timestamp":1611755814,"path_taken":["M","?","?","?","M","R","M","E","T","$","R","?","R","E","R","BOSS","M","?","$","M","M","E","M","E","T","E","M","?","R","M","R","BOSS","M","?","M","?","?","E","R","E","T","E","R","E","M","?","R","BOSS","BOSS","R","$","E","BOSS"],"items_purchased_type":["Relic","Card","Card","Relic","Potion","Card"],"build_version":"2020-12-18","purchased_purges":2,"victory":true,"max_hp_per_floor":[64,64,64,64,64,64,64,64,64,64,64,64,64,64,64,64,64,64,32,32,32,32,32,32,32,32,32,32,32,32,32,32,32,32,32,32,32,32,32,32,32,32,32,32,32,32,32,32,32,32,32,32,32,32,32,32],"relic_stats":{"counters":[27,107],"Dead Branch":[542],"CeramicFish":72,"Blue Candle":[16],"Juzu Bracelet":1,"War Paint":["Defend_B","Zap"],"Nunchaku":[26],"Dream Catcher":0,"Sundial":[16],"Ornamental Fan":[108],"Bird Faced Urn":[101],"Snecko Eye":[165,154,194,166],"Necronomicon":[22],"Kunai":[44],"obtain_stats":[{"Dead Branch":0,"CeramicFish":40,"Blue Candle":44,"Juzu Bracelet":46,"War Paint":9,"Frozen Egg 2":14,"Bottled Tornado":55,"PrismaticShard":10,"SlaversCollar":34,"Frozen Eye":54,"Nunchaku":8,"Dream Catcher":25,"Sundial":3,"Ornamental Fan":42,"Bird Faced Urn":23,"Snecko Eye":17,"Necronomicon":29,"Kunai":26,"Cracked Core":0,"Meat on the Bone":27},{"Dead Branch":0,"CeramicFish":19,"Blue Candle":21,"Juzu Bracelet":22,"War Paint":4,"Frozen Egg 2":5,"Bottled Tornado":26,"PrismaticShard":4,"SlaversCollar":16,"Frozen Eye":25,"Nunchaku":4,"Dream Catcher":12,"Sundial":1,"Ornamental Fan":20,"Bird Faced Urn":10,"Snecko Eye":6,"Necronomicon":14,"Kunai":12,"Cracked Core":0,"Meat on the Bone":13},{"Dead Branch":0,"CeramicFish":74,"Blue Candle":79,"Juzu Bracelet":82,"War Paint":16,"Frozen Egg 2":20,"Bottled Tornado":100,"PrismaticShard":16,"SlaversCollar":65,"Frozen Eye":98,"Nunchaku":16,"Dream Catcher":44,"Sundial":4,"Ornamental Fan":78,"Bird Faced Urn":40,"Snecko Eye":28,"Necronomicon":54,"Kunai":44,"Cracked Core":0,"Meat on the Bone":49}],"Meat on the Bone":12},"card_choices":[{"not_picked":["Redo","Chill"],"picked":"Sunder","floor":1.0},{"not_picked":["Consume","Rebound"],"picked":"Compile Driver","floor":5.0},{"not_picked":["Storm","Barrage"],"picked":"Hologram","floor":7.0},{"not_picked":["Skim","Fusion"],"picked":"Doom and Gloom","floor":8.0},{"not_picked":["Stack","Beam Cell"],"picked":"Protect","floor":14.0},{"not_picked":["Reaper","The Bomb"],"picked":"Corruption+1","floor":16.0},{"not_picked":["Leap","Sweeping Beam"],"picked":"Blade Dance","floor":18.0},{"not_picked":["Shrug It Off+1","Protect"],"picked":"Sentinel+1","floor":21.0},{"not_picked":["Carnage","Rebound"],"picked":"Distraction","floor":22.0},{"not_picked":["Halt+1","Prepared"],"picked":"PiercingWail","floor":23.0},{"not_picked":["BowlingBash","True Grit"],"picked":"Spot Weakness","floor":24.0},{"not_picked":["BowlingBash","Gash"],"picked":"Heatsinks+1","floor":25.0},{"not_picked":["Dodge and Roll","Force Field"],"picked":"Heatsinks+1","floor":27.0},{"not_picked":["Fire Breathing+1","Headbutt","Setup"],"picked":"SKIP","floor":28.0},{"not_picked":["BowlingBash","BootSequence"],"picked":"Collect+1","floor":31},{"not_picked":["Metamorphosis","Mayhem+1"],"picked":"Demon Form+1","floor":33},{"not_picked":["Poisoned Stab","Perseverance","Dagger Spray"],"picked":"SKIP","floor":35},{"not_picked":["Compile Driver","Redo"],"picked":"Cloak And Dagger+1","floor":37},{"not_picked":["Purity","Madness"],"picked":"Panache+1","floor":38},{"not_picked":["Good Instincts","Thinking Ahead"],"picked":"Enlightenment","floor":38},{"not_picked":["JustLucky+1","Dramatic Entrance"],"picked":"Recycle","floor":40},{"not_picked":["Backflip+1","Chaos"],"picked":"Glacier","floor":42},{"not_picked":["Blade Dance","Headbutt+1"],"picked":"Flame Barrier","floor":44},{"not_picked":["FollowUp","Headbutt+1"],"picked":"Enlightenment","floor":46},{"not_picked":["CrushJoints","Blade Dance+1","Thunderclap"],"picked":"SKIP","floor":47},{"not_picked":["Clothesline","Vengeance"],"picked":"Acrobatics+1","floor":55}],"player_experience":2607092,"relics_obtained":[{"floor":8.0,"key":"Nunchaku"},{"floor":9.0,"key":"War Paint"},{"floor":14.0,"key":"Frozen Egg 2"},{"floor":23.0,"key":"Bird Faced Urn"},{"floor":25.0,"key":"Dream Catcher"},{"floor":26.0,"key":"Kunai"},{"floor":27.0,"key":"Meat on the Bone"},{"floor":29.0,"key":"Necronomicon"},{"floor":40,"key":"CeramicFish"},{"floor":42,"key":"Ornamental Fan"},{"floor":44,"key":"Blue Candle"},{"floor":46,"key":"Juzu Bracelet"},{"floor":55,"key":"Bottled Tornado"}],"event_choices":[{"damage_healed":0.0,"max_hp_gain":0.0,"max_hp_loss":0.0,"gold_gain":75.0,"event_name":"World of Goop","player_choice":"Gather Gold","floor":2.0,"gold_loss":0.0,"damage_taken":11.0},{"damage_healed":0.0,"max_hp_gain":0.0,"max_hp_loss":0.0,"gold_gain":0.0,"event_name":"Scrap Ooze","player_choice":"Success","floor":3.0,"gold_loss":0.0,"damage_taken":26.0,"relics_obtained":["Sundial"]},{"damage_healed":21.0,"max_hp_gain":0.0,"max_hp_loss":0.0,"gold_gain":0.0,"event_name":"Big Fish","player_choice":"Banana","floor":4.0,"gold_loss":0.0,"damage_taken":0.0},{"damage_healed":0.0,"max_hp_gain":0.0,"max_hp_loss":0.0,"gold_gain":0.0,"event_name":"Shining Light","player_choice":"Entered Light","floor":12.0,"gold_loss":0.0,"damage_taken":19.0,"cards_upgraded":["Compile Driver","Strike_B"]},{"damage_healed":0.0,"max_hp_gain":0.0,"max_hp_loss":32.0,"gold_gain":0.0,"event_name":"Ghosts","player_choice":"Became a Ghost","floor":19.0,"gold_loss":0.0,"damage_taken":0.0,"cards_obtained":["Ghostly","Ghostly","Ghostly"]},{"damage_healed":0.0,"max_hp_gain":0.0,"max_hp_loss":0.0,"gold_gain":0.0,"event_name":"Cursed Tome","player_choice":"Obtained Book","floor":29.0,"gold_loss":0.0,"damage_taken":21.0},{"damage_healed":0,"gold_gain":0,"player_choice":"Ignored","damage_taken":0,"max_hp_gain":0,"max_hp_loss":0,"event_name":"Tomb of Lord Red Mask","floor":36,"gold_loss":0},{"damage_healed":0,"gold_gain":0,"player_choice":"Memory 3","damage_taken":10,"max_hp_gain":0,"max_hp_loss":0,"event_name":"SensoryStone","floor":38,"gold_loss":0},{"damage_healed":0,"gold_gain":0,"player_choice":"Forge","damage_taken":0,"max_hp_gain":0,"max_hp_loss":0,"event_name":"Accursed Blacksmith","floor":39,"gold_loss":0,"cards_upgraded":["Ghostly"]},{"damage_healed":0,"gold_gain":0,"player_choice":"Copied","damage_taken":0,"max_hp_gain":0,"max_hp_loss":0,"event_name":"Duplicator","floor":48,"gold_loss":0,"cards_obtained":["Corruption"]}],"is_beta":true,"boss_relics":[{"not_picked":["Sozu","Ectoplasm"],"picked":"Snecko Eye"},{"not_picked":["Busted Crown","Velvet Choker"],"picked":"SlaversCollar"}],"items_purged_floors":[10,54],"is_endless":false,"potions_floor_spawned":[7,14,16,21,23,25,33,35,42,47],"ascension_level":20}}