{"host":"iilsbsc0nnz3b4nr","time":1611777537,"event":{"mods":["BaseMod","Downfall","Hubris","Infinite Spire","Minty Spire (QoL Compilation)","Shade Mod","Shedinja","StSLib","??????REMEMod"],"gold_per_floor":[99,111,111,111,45,45,45,59,79,97,46,496,513,543,573,689,751,663,694,706,818,930,952,964,1037,1049,1049,1049],"floor_reached":26,"language":"ENG","playtime":1745,"items_purged":[],"score":258,"play_id":"3bafe7b3-eaed-43dd-b233-b2c45ca198c7","local_time":"20210127145857","is_ascension_mode":false,"campfire_choices":[{"floor":1,"key":"RECALL"},{"data":"champ:PerfectedStrike","floor":6,"key":"SMITH"},{"data":"champ:EnGarde","floor":18,"key":"SMITH"}],"circlet_count":0,"master_deck":["champ:Strike","champ:Strike","champ:Strike","champ:Strike+1","champ:Defend","champ:Defend","champ:Defend","champ:Defend","champ:Execute","champ:Taunt","Guardian:DecasProtection","champ:RisingSlash","champ:Backstep","champ:PerfectedStrike+1","champ:FocusedDefense","champ:DeathBlow","champ:PreciseThrust","champ:AdrenalArmor","champ:ShieldWall","downfall:Icky","downfall:Icky","downfall:Icky","champ:FocusedBerserking","champ:HeartStrike","champ:GutPunch","champ:ShieldThrow","champ:EnGarde+1","champ:BringItOn","champ:BerserkersShout+1","champ:SkillfulDodge","champ:BringItOn"],"relics":["champ:ChampionCrown","REME_ComplimentaryCards","Blue Candle","Pantograph","MawBank","Tiny House","downfall:HeartBlessingRed","downfall:CloakOfManyFaces","CultistMask","FaceOfCleric","NlothsMask","GremlinMask","SsserpentHead"],"acts_visited":["Exordium","TheCity"],"potions_floor_usage":[11,14,16,25,25,26],"damage_taken":[{"damage":16,"enemies":"Small Slimes","floor":2,"turns":5},{"damage":35,"enemies":"downfall:FleeingMerchant","floor":5,"turns":4},{"damage":10,"enemies":"Cultist","floor":8,"turns":2},{"damage":28,"enemies":"Jaw Worm","floor":9,"turns":2},{"damage":18,"enemies":"2 Fungi Beasts","floor":10,"turns":4},{"damage":23,"enemies":"downfall:FleeingMerchant","floor":11,"turns":4},{"damage":24,"enemies":"Exordium Thugs","floor":13,"turns":5},{"damage":41,"enemies":"Lagavulin","floor":14,"turns":6},{"damage":16,"enemies":"Red Slaver","floor":15,"turns":4},{"damage":73,"enemies":"WA_ARCHETYPE_RETAIN","floor":16,"turns":7},{"damage":36,"enemies":"Shell Parasite","floor":19,"turns":5},{"damage":39,"enemies":"downfall:FaceTrader","floor":22,"turns":7},{"damage":42,"enemies":"Chosen","floor":23,"turns":5},{"damage":38,"enemies":"Snake Plant","floor":25,"turns":5},{"damage":42,"enemies":"Centurion and Healer","floor":26,"turns":4}],"seed_played":"2531906457418280051","potions_obtained":[{"floor":8,"key":"Block Potion"},{"floor":10,"key":"LiquidBronze"},{"floor":15,"key":"AttackPotion"},{"floor":16,"key":"Swift Potion"},{"floor":17,"key":"champ:OpenerPotion"},{"floor":19,"key":"champ:TechniquePotion"}],"is_trial":false,"path_per_floor":["R","M","?","?","$","R","T","M","M","M","$","?","M","E","M","B",null,"R","M","?","?","?","M","T","M","M"],"character_chosen":"THE_CHAMP","items_purchased":["champ:PerfectedStrike","champ:ShieldWall"],"campfire_rested":0,"item_purchase_floors":[5,11],"current_hp_per_floor":[99,93,88,83,78,78,78,78,75,67,64,64,60,49,33,22,104,104,88,88,88,69,58,58,41,0,0,0],"gold":1049,"neow_bonus":"TEN_PERCENT_HP_BONUS","is_daily":false,"chose_seed":false,"campfire_upgraded":2,"win_rate":0.0,"timestamp":1611777537,"path_taken":["R","M","?","?","$","R","T","M","?","M","?","?","M","E","M","BOSS","R","M","?","?","?","M","T","?","M"],"items_purchased_type":["Card","Card"],"build_version":"2020-12-22","purchased_purges":0,"victory":false,"max_hp_per_floor":[99,99,99,99,99,99,99,99,99,99,99,99,99,99,99,99,104,104,104,104,104,104,105,105,106,106,106,106],"card_choices":[{"not_picked":["champ:GutPunch","champ:BringItOn"],"picked":"champ:RisingSlash","floor":2},{"not_picked":["champ:Duel","champ:EndlessRage"],"picked":"champ:Backstep","floor":5},{"not_picked":["champ:GladiatorStyle","champ:Backstep"],"picked":"champ:FocusedDefense","floor":8},{"not_picked":["champ:TornadoPunch","champ:Lariat"],"picked":"champ:DeathBlow","floor":9},{"not_picked":["champ:ShieldSlam","champ:ShieldWall"],"picked":"champ:PreciseThrust","floor":10},{"not_picked":["champ:Lariat","champ:Improvising"],"picked":"champ:AdrenalArmor","floor":11},{"not_picked":["champ:CalledShot","champ:BladeFlurry"],"picked":"champ:FocusedBerserking","floor":13},{"not_picked":["champ:SetATrap","champ:SwordThrow"],"picked":"champ:HeartStrike","floor":14},{"not_picked":["champ:HeartStrike","champ:Backstep"],"picked":"champ:GutPunch","floor":15},{"not_picked":["champ:HeavySlash","champ:MurderStrike"],"picked":"champ:ShieldThrow","floor":16},{"not_picked":["champ:CrookedStrike","champ:TornadoPunch"],"picked":"champ:EnGarde","floor":17},{"not_picked":["champ:BerserkersShout","champ:EnGarde"],"picked":"champ:BringItOn","floor":19},{"not_picked":["champ:RapidStrikes+1","champ:FlashCut"],"picked":"champ:BerserkersShout+1","floor":22},{"not_picked":["champ:AdrenalArmor","champ:HeartStrike"],"picked":"champ:SkillfulDodge","floor":23},{"not_picked":["champ:PreciseThrust","champ:SwordThrow"],"picked":"champ:BringItOn","floor":25}],"player_experience":185815,"relics_obtained":[{"floor":7,"key":"Pantograph"},{"floor":14,"key":"MawBank"},{"floor":22,"key":"downfall:CloakOfManyFaces"}],"event_choices":[{"damage_healed":0,"gold_gain":0,"player_choice":"Ignored","damage_taken":0,"max_hp_gain":0,"max_hp_loss":0,"event_name":"Vampires","floor":20,"gold_loss":0}],"is_beta":false,"boss_relics":[{"not_picked":["SlaversCollar","hubris:RunicObelisk"],"picked":"Tiny House"}],"items_purged_floors":[],"is_endless":false,"potions_floor_spawned":[8,10,15,16,19,23],"killed_by":"Centurion and Healer","ascension_level":0}}