{"host":"ctlqibkg0sskiu65","time":1611721867,"event":{"mods":["AchievementEnabler","Aspiration","BaseMod","BetterRewards","Colored Map","Colored Powertips","Conspire","Fiend Mod","Infinite Spire","Minty Spire (QoL Compilation)","Quick Restart","Replay The Spire","Shop Mod","StSLib","The Bladedancer","The Cursed","The Hierophant","The Jungle","The Kombatant","The Servant 0.9.4","TheBandit"],"gold_per_floor":[109,128,53,67,77,77,112,112,112,112,112,124,143,173,173,173,173],"floor_reached":16,"language":"ENG","playtime":509,"items_purged":["Strike_G"],"score":308,"play_id":"5241b60e-b5a2-49a4-bf1e-c2c912adc9ce","local_time":"20210126223107","is_ascension_mode":true,"campfire_choices":[{"data":"Crippling Poison","floor":6.0,"key":"SMITH"},{"data":"Bouncing Flask","floor":8.0,"key":"SMITH"},{"floor":15.0,"key":"REST"}],"circlet_count":0,"master_deck":["AscendersBane","Strike_G","Strike_G","Strike_G","Defend_G","Defend_G+1","Defend_G","Defend_G","Defend_G","Survivor","Neutralize","Slice","Toxin Wave","Crippling Poison+1","Dagger Spray+1","Bouncing Flask+1","Bane","Backflip","ReplayTheSpireMod:Speed Training"],"relics":["Ring of the Snake","Pen Nib","Shuriken","Omamori","Gremlin Food","ReplayFunnel"],"acts_visited":["Exordium"],"potions_floor_usage":[16],"damage_taken":[{"damage":2.0,"enemies":"Jaw Worm","floor":1.0,"turns":5.0},{"damage":2.0,"enemies":"2 Louse","floor":2.0,"turns":3.0},{"damage":0.0,"enemies":"Cultist","floor":4.0,"turns":4.0},{"damage":3.0,"enemies":"Looter","floor":5.0,"turns":4.0},{"damage":16.0,"enemies":"Gremlin Nob","floor":7.0,"turns":4.0},{"damage":0.0,"enemies":"Exordium Thugs","floor":12.0,"turns":4.0},{"damage":14.0,"enemies":"Large Slime","floor":13.0,"turns":3.0},{"damage":6.0,"enemies":"3 Sentries","floor":14.0,"turns":5.0},{"damage":36,"enemies":"Slime Boss","floor":16,"turns":7}],"seed_played":"-7803359107212258429","potions_obtained":[{"floor":2.0,"key":"Venom Potion"},{"floor":5.0,"key":"LiquidMemories"},{"floor":7.0,"key":"LifebloodPotion"},{"floor":14.0,"key":"Languid Potion"}],"is_trial":false,"path_per_floor":["M","M","$","M","M","R","E","R","T","?","?","M","M","E","R","B"],"character_chosen":"THE_SILENT","items_purchased":["Pen Nib","Shuriken"],"campfire_rested":1,"item_purchase_floors":[0,0],"current_hp_per_floor":[57,55,55,55,52,52,36,36,36,29,29,29,15,9,28,0,0],"gold":173,"neow_bonus":"","is_daily":false,"chose_seed":false,"campfire_upgraded":2,"win_rate":0.0,"timestamp":1611721867,"path_taken":["M","M","$","M","M","R","E","R","T","?","?","M","M","E","R","BOSS"],"items_purchased_type":["Relic","Relic"],"build_version":"2020-12-22","purchased_purges":1,"victory":false,"max_hp_per_floor":[66,66,66,66,66,66,66,66,66,66,66,66,66,66,66,66,66],"card_choices":[{"not_picked":["Outmaneuver","Flying Knee"],"picked":"Slice","floor":1.0},{"not_picked":["Backflip","Prepared"],"picked":"Toxin Wave","floor":2.0},{"not_picked":["Flying Knee","Draining Mist"],"picked":"Crippling Poison","floor":4.0},{"not_picked":["Expertise","Flying Knee"],"picked":"Dagger Spray","floor":5.0},{"not_picked":["Quick Slash","Tactician"],"picked":"Bouncing Flask","floor":7.0},{"not_picked":["Dodge and Roll","ReplayTheSpireMod:Scrap Shanks"],"picked":"Bane","floor":12.0},{"not_picked":["Deflect","Endless Agony"],"picked":"Backflip","floor":13.0},{"not_picked":["PiercingWail","ReplayTheSpireMod:The Works"],"picked":"ReplayTheSpireMod:Speed Training","floor":14.0}],"player_experience":245704,"relics_obtained":[{"floor":7.0,"key":"Omamori"},{"floor":9.0,"key":"Gremlin Food"},{"floor":14.0,"key":"ReplayFunnel"}],"event_choices":[{"cards_removed":["Strike_G"],"damage_healed":0.0,"max_hp_gain":0.0,"max_hp_loss":0.0,"gold_gain":0.0,"event_name":"Golden Wing","player_choice":"Card Removal","floor":10.0,"gold_loss":0.0,"damage_taken":7.0},{"damage_healed":0.0,"max_hp_gain":0.0,"max_hp_loss":0.0,"gold_gain":0.0,"event_name":"Accursed Blacksmith","player_choice":"Forge","floor":11.0,"gold_loss":0.0,"damage_taken":0.0,"cards_upgraded":["Dagger Spray"]}],"is_beta":false,"boss_relics":[],"items_purged_floors":[3],"is_endless":false,"potions_floor_spawned":[2,5,7,14],"killed_by":"Slime Boss","ascension_level":18}}