{"host":"3zb3nk4wvq0dtbuh","time":1611750246,"event":{"mods":["AchievementEnabler","BaseMod","Lobotomy","Minty Spire (QoL Compilation)","Quick Restart","Relic Filter Mod","StSLib","SuperFastMode","The Blackbeard"],"gold_per_floor":[115,190,140,62,78,78,108,125,152,152,152,165,165,184,184,283,283,293,293,293,0,0,0,13,27,27,27,126,126,126,139,139,236,236,248,267,282,282,298,298,317,317,342,342,122,122,132,150,150,150],"floor_reached":51,"language":"ZHS","playtime":1389,"items_purged":["Strike_B"],"score":662,"play_id":"4ec44a09-bab7-48d3-8ad4-7b372dde216d","local_time":"20210127202406","is_ascension_mode":false,"campfire_choices":[{"data":"Consume","floor":6.0,"key":"SMITH"},{"data":"Hologram","floor":11.0,"key":"SMITH"},{"data":"Lockon","floor":13.0,"key":"SMITH"},{"data":"Defragment","floor":15.0,"key":"SMITH"},{"data":"Echo Form","floor":23.0,"key":"SMITH"},{"data":"Loop","floor":27.0,"key":"SMITH"},{"floor":29.0,"key":"REST"},{"floor":32.0,"key":"REST"},{"floor":40.0,"key":"REST"},{"data":"Glacier","floor":42.0,"key":"SMITH"},{"floor":44.0,"key":"REST"},{"data":"Echo Form","floor":49.0,"key":"SMITH"}],"circlet_count":0,"master_deck":["Strike_B","Strike_B","Strike_B","Defend_B","Defend_B","Defend_B","Zap","Dualcast","Consume+1","Lockon+1","Blizzard","Hologram+1","Auto Shields","Defragment+1","Echo Form+1","Compile Driver","Glacier+1","Apotheosis","Sunder","Loop+1","Electrodynamics","Conserve Battery+1","Loop+1","Echo Form+1","Creative AI","Stack+1","Stack+1","Meteor Strike","Capacitor+1","Leap+1"],"relics":["Snecko Eye"],"acts_visited":["Exordium","TheCity","TheBeyond"],"potions_floor_usage":[50,50,50],"damage_taken":[{"damage":1.0,"enemies":"2 Louse","floor":1.0,"turns":3.0},{"damage":8.0,"enemies":"Small Slimes","floor":5.0,"turns":5.0},{"damage":8.0,"enemies":"Jaw Worm","floor":8.0,"turns":3.0},{"damage":0.0,"enemies":"Large Slime","floor":12.0,"turns":4.0},{"damage":5.0,"enemies":"Looter","floor":14.0,"turns":3.0},{"damage":18.0,"enemies":"Hexaghost","floor":16.0,"turns":9.0},{"damage":16.0,"enemies":"Spheric Guardian","floor":18.0,"turns":5.0},{"damage":3.0,"enemies":"3 Byrds","floor":24.0,"turns":4.0},{"damage":21.0,"enemies":"Snake Plant","floor":25.0,"turns":3.0},{"damage":4.0,"enemies":"Centurion and Healer","floor":31.0,"turns":4.0},{"damage":19.0,"enemies":"Collector","floor":33.0,"turns":9.0},{"damage":3.0,"enemies":"Orb Walker","floor":35.0,"turns":6.0},{"damage":0.0,"enemies":"3 Shapes","floor":36.0,"turns":5.0},{"damage":40.0,"enemies":"3 Darklings","floor":37.0,"turns":4.0},{"damage":7.0,"enemies":"Spire Growth","floor":39.0,"turns":7.0},{"damage":55.0,"enemies":"Transient","floor":41.0,"turns":7.0},{"damage":21.0,"enemies":"Writhing Mass","floor":47.0,"turns":6.0},{"damage":0.0,"enemies":"3 Darklings","floor":48.0,"turns":6.0},{"damage":49,"enemies":"Time Eater","floor":50,"turns":9}],"seed_played":"2271766070758095396","potions_obtained":[{"floor":1.0,"key":"Fire Potion"},{"floor":5.0,"key":"LiquidBronze"},{"floor":14.0,"key":"EntropicBrew"},{"floor":16.0,"key":"PowerPotion"},{"floor":24.0,"key":"CultistPotion"},{"floor":41.0,"key":"ColorlessPotion"},{"floor":48.0,"key":"PowerPotion"}],"is_trial":false,"path_per_floor":["M","?","?","$","M","R","?","M","T","?","R","M","R","M","R","B",null,"M","?","?","$","T","R","M","M","T","R","?","R","?","M","R","B",null,"M","M","M","?","M","R","M","R","T","R","$","?","M","M","R","B",null],"character_chosen":"DEFECT","items_purchased":["Lockon","Apotheosis","Sunder","Loop","Meteor Strike","Capacitor"],"campfire_rested":4,"item_purchase_floors":[4,21,21,21,45,45],"current_hp_per_floor":[74,63,63,63,55,55,55,47,47,47,47,47,47,42,42,24,75,59,59,59,59,59,59,56,35,35,35,35,57,50,46,68,49,75,72,72,32,32,25,47,20,20,20,75,75,75,54,54,54,26],"gold":150,"neow_bonus":"BOSS_RELIC","is_daily":false,"chose_seed":false,"campfire_upgraded":8,"win_rate":0.0,"timestamp":1611750246,"path_taken":["M","?","?","$","?","R","?","M","T","?","R","M","R","M","R","BOSS","M","?","?","$","?","R","M","M","T","R","?","R","?","M","R","BOSS","M","?","?","?","M","R","?","R","T","R","$","?","M","M","R","BOSS"],"items_purchased_type":["Card","Card","Card","Card","Card","Card"],"build_version":"2020-12-22","purchased_purges":1,"victory":true,"max_hp_per_floor":[75,75,75,75,75,75,75,75,75,75,75,75,75,75,75,75,75,75,75,75,75,75,75,75,75,75,75,75,75,75,75,75,75,75,75,75,75,75,75,75,75,75,75,75,75,75,75,75,75,75],"card_choices":[{"not_picked":["Steam","Redo"],"picked":"Consume","floor":1.0},{"not_picked":["Static Discharge","Redo"],"picked":"Blizzard","floor":5.0},{"not_picked":["Double Energy","Conserve Battery"],"picked":"Hologram","floor":8.0},{"not_picked":["Rebound","Go for the Eyes"],"picked":"Auto Shields","floor":12.0},{"not_picked":["Consume","Redo"],"picked":"Defragment","floor":14.0},{"not_picked":["Core Surge","Machine Learning"],"picked":"Echo Form","floor":16.0},{"not_picked":["Rebound","Gash"],"picked":"Compile Driver","floor":18.0},{"not_picked":["Conserve Battery+1","Blizzard"],"picked":"Electrodynamics","floor":24.0},{"not_picked":["Double Energy","Go for the Eyes"],"picked":"Conserve Battery+1","floor":25.0},{"not_picked":["Sweeping Beam","Ball Lightning+1"],"picked":"Loop+1","floor":31.0},{"not_picked":["Rainbow","Fission"],"picked":"Echo Form","floor":33.0},{"not_picked":["Go for the Eyes","Gash+1","Double Energy+1"],"picked":"SKIP","floor":35.0},{"not_picked":["Conserve Battery+1","Cold Snap"],"picked":"Creative AI","floor":36.0},{"not_picked":["Hello World+1","Fusion"],"picked":"Stack+1","floor":37.0},{"not_picked":["Doom and Gloom","Leap","Streamline"],"picked":"SKIP","floor":39.0},{"not_picked":["Cold Snap+1","Turbo"],"picked":"Stack+1","floor":41.0},{"not_picked":["Recycle+1","Rebound+1"],"picked":"Leap+1","floor":47.0},{"not_picked":["Barrage+1","Steam","Beam Cell"],"picked":"SKIP","floor":48.0}],"player_experience":36135,"relics_obtained":[],"event_choices":[{"damage_healed":0.0,"max_hp_gain":0.0,"max_hp_loss":0.0,"gold_gain":75.0,"event_name":"World of Goop","player_choice":"Gather Gold","floor":2.0,"gold_loss":0.0,"damage_taken":11.0},{"cards_removed":["Defend_B"],"damage_healed":0.0,"max_hp_gain":0.0,"max_hp_loss":0.0,"gold_gain":0.0,"event_name":"The Cleric","player_choice":"Card Removal","floor":3.0,"gold_loss":50.0,"damage_taken":0.0},{"damage_healed":0.0,"max_hp_gain":0.0,"max_hp_loss":0.0,"gold_gain":30.0,"event_name":"Dead Adventurer","player_choice":"Searched \u00272\u0027 times","floor":7.0,"gold_loss":0.0,"damage_taken":0.0},{"damage_healed":0.0,"max_hp_gain":0.0,"max_hp_loss":0.0,"gold_gain":0.0,"event_name":"Liars Game","player_choice":"Ignored","floor":10.0,"gold_loss":0.0,"damage_taken":0.0},{"damage_healed":0.0,"max_hp_gain":0.0,"max_hp_loss":0.0,"gold_gain":0.0,"event_name":"Cursed Tome","player_choice":"Ignored","floor":19.0,"gold_loss":0.0,"damage_taken":0.0},{"damage_healed":0.0,"max_hp_gain":0.0,"max_hp_loss":0.0,"gold_gain":0.0,"event_name":"The Library","player_choice":"Read","floor":20.0,"gold_loss":0.0,"damage_taken":0.0,"cards_obtained":["Glacier"]},{"damage_healed":0.0,"max_hp_gain":0.0,"max_hp_loss":0.0,"gold_gain":99.0,"event_name":"Nest","player_choice":"Stole From Cult","floor":28.0,"gold_loss":0.0,"damage_taken":0.0},{"damage_healed":0.0,"max_hp_gain":0.0,"max_hp_loss":0.0,"gold_gain":0.0,"event_name":"Wheel of Change","player_choice":"Damaged","floor":30.0,"gold_loss":0.0,"damage_taken":7.0},{"damage_healed":0.0,"max_hp_gain":0.0,"max_hp_loss":0.0,"gold_gain":0.0,"event_name":"WeMeetAgain","player_choice":"Ignored","floor":38.0,"gold_loss":0.0,"damage_taken":0.0},{"damage_healed":0.0,"max_hp_gain":0.0,"max_hp_loss":0.0,"gold_gain":0.0,"event_name":"Accursed Blacksmith","player_choice":"Forge","floor":46.0,"gold_loss":0.0,"damage_taken":0.0,"cards_upgraded":["Capacitor"]}],"is_beta":false,"boss_relics":[{"not_picked":["Circlet","Circlet","Circlet"]},{"not_picked":["Circlet","Circlet","Circlet"]}],"items_purged_floors":[45],"is_endless":false,"potions_floor_spawned":[1,5,14,16,24,33,37,41,48],"ascension_level":0}}