{"host":"3498uni0c31c9bdm","time":1611755408,"event":{"mods":["BaseMod","Better Third Choice","Minty Spire (QoL Compilation)","Replay The Spire","StSLib"],"gold_per_floor":[114,129,144,144,144,144,174,189,189,259,289,289,304,319,319,419,419,434,419,419,434,414,444,459,489,489,489,489,504,534,534,564,579,579,679,679,694,709,195,195,245,275,292,292,292],"floor_reached":44,"language":"ENG","playtime":2381,"items_purged":["Strike_R"],"score":753,"play_id":"7d0bce2d-7e09-4f32-8264-f59e1426c507","local_time":"20210128005008","daily_mods":["Heirloom","Blue Cards","Elite Swarm"],"is_ascension_mode":false,"campfire_choices":[{"data":"Uppercut","floor":6,"key":"SMITH"},{"data":"Hello World","floor":15,"key":"SMITH"},{"floor":31,"key":"REST"},{"floor":34,"key":"DIG"}],"circlet_count":0,"master_deck":["Strike_R","Strike_R","Strike_R","Strike_R","Defend_R","Defend_R","Defend_R","Defend_R","Bash","Uppercut+1","Shrug It Off","Hello World+1","Meteor Strike","Conserve Battery","ReplayTheSpireMod:Splinters","ReplayTheSpireMod:Limb From Limb","Corruption","Stack","Sword Boomerang","Demon Form","CurseOfTheBell","FIFO Queue","Go for the Eyes+1","Creative AI","Twin Strike","ReplayTheSpireMod:Omega Cannon","Rage","Demon Form","Feed","Perfected Strike","Rainbow","Doubt","ReplayTheSpireMod:Faulty Equipment","Sickly","Demonic Infusion","Conserve Battery+1","Replay:BasicMightCard","Magnetism","Flex","Turbo","Crystallizer","Headbutt","Sever Soul","Heavy Blade","Hemogenesis","Iron Wave+1"],"relics":["Burning Blood","Gambling Chip","Ginger","WarpedTongs","Red Skull","Replay:Baseball","King of Hearts","Replay:Ringing Soul","Replay:Grab Bag","Mark of Pain","Ooze Armor","Calling Bell","Lantern","Darkstone Periapt","CaptainsWheel","ReplayTheSpireMod:Spearhead","The Courier","Art of War","Sundial","ReplayTheSpireMod:Shallot","Juzu Bracelet","Replay:Ancient Bell","Happy Flower","Quantum Egg","Shovel","BargainBundle","StrikeDummy","Oddly Smooth Stone","Divine Protection","Champion Belt","Magic Flower","StoneCalendar"],"acts_visited":["Exordium","TheCity","TheBeyond"],"potions_floor_usage":[7,11,14,16,19,23,25,35,35,35,39,41,43,44,44,44],"damage_taken":[{"damage":0,"enemies":"2 Louse","floor":1,"turns":4},{"damage":0,"enemies":"Cultist","floor":2,"turns":3},{"damage":0,"enemies":"Small Slimes","floor":3,"turns":3},{"damage":16,"enemies":"3 Sentries","floor":7,"turns":8},{"damage":6,"enemies":"Red Slaver","floor":8,"turns":4},{"damage":3,"enemies":"Gremlin Nob","floor":11,"turns":3},{"damage":11,"enemies":"Large Slime","floor":13,"turns":3},{"damage":0,"enemies":"Lots of Slimes","floor":14,"turns":3},{"damage":13,"enemies":"Fading Forest","floor":16,"turns":11},{"damage":9,"enemies":"Shell Parasite","floor":18,"turns":3},{"damage":13,"enemies":"2 Thieves","floor":19,"turns":4},{"damage":12,"enemies":"Snecko","floor":21,"turns":4},{"damage":20,"enemies":"Gremlin Leader","floor":23,"turns":5},{"damage":8,"enemies":"Snake Plant","floor":24,"turns":4},{"damage":33,"enemies":"Slavers","floor":25,"turns":5},{"damage":0,"enemies":"Sentry and Sphere","floor":29,"turns":1},{"damage":28,"enemies":"Gremlin Leader","floor":30,"turns":7},{"damage":13,"enemies":"Book of Stabbing","floor":32,"turns":4},{"damage":7,"enemies":"Centurion and Healer","floor":33,"turns":4},{"damage":71,"enemies":"Collector","floor":35,"turns":7},{"damage":29,"enemies":"3 Shapes","floor":37,"turns":4},{"damage":9,"enemies":"Orb Walker","floor":38,"turns":3},{"damage":15,"enemies":"Mind Bloom Boss Battle","floor":41,"turns":7},{"damage":90,"enemies":"Nemesis","floor":42,"turns":7},{"damage":15,"enemies":"2 Orb Walkers","floor":43,"turns":6},{"damage":60,"enemies":"Reptomancer","floor":44,"turns":3}],"seed_played":"-8653540479942029245","potions_obtained":[{"floor":1,"key":"SteroidPotion"},{"floor":2,"key":"HeartOfIron"},{"floor":10,"key":"SteroidPotion"},{"floor":10,"key":"FearPotion"},{"floor":13,"key":"Explosive Potion"},{"floor":14,"key":"PowerPotion"},{"floor":21,"key":"Explosive Potion"},{"floor":22,"key":"Swift Potion"},{"floor":23,"key":"Block Potion"},{"floor":32,"key":"Milkshake"},{"floor":35,"key":"Swift Potion"},{"floor":41,"key":"Swift Potion"},{"floor":43,"key":"BlessingOfTheForge"}],"is_trial":false,"path_per_floor":["M","M","M","?","?","R","E","M","T","?","E","?","M","M","R","B",null,"M","M","?","M","?","E","M","E","T","PTL","PTL","M","E","R","E","M","R","B",null,"M","M","$","?","?","E","?","E"],"character_chosen":"IRONCLAD","items_purchased":["BargainBundle","Fruit Juice","AttackPotion","Replay:BasicMightCard","Magnetism","Flex","Turbo","Crystallizer","StrikeDummy","Oddly Smooth Stone","Headbutt","Sever Soul","SpeedPotion"],"campfire_rested":1,"item_purchase_floors":[39,39,39,39,39,39,39,39,39,39,39,39,39],"current_hp_per_floor":[80,80,80,80,80,80,70,70,70,70,76,76,74,83,83,79,95,95,91,91,88,88,77,78,54,54,54,54,63,44,79,75,81,81,19,153,133,136,144,144,141,60,57,0,0],"gold":292,"neow_bonus":"","is_daily":true,"chose_seed":false,"campfire_upgraded":2,"win_rate":0.0,"timestamp":1611755408,"path_taken":["M","M","M","?","?","R","E","?","T","?","E","?","M","?","R","BOSS","M","M","?","?","?","E","M","E","T","PTL","PTL","M","E","R","E","M","R","BOSS","M","M","$","?","?","E","?","E"],"items_purchased_type":["Relic","Potion","Potion","Card","Card","Card","Card","Card","Relic","Relic","Card","Card","Potion"],"build_version":"2020-12-22","purchased_purges":1,"victory":false,"max_hp_per_floor":[80,80,80,80,80,80,80,80,80,80,83,83,86,89,89,92,95,98,101,101,104,104,107,110,113,113,113,113,116,119,119,122,129,129,132,153,156,162,170,170,176,179,182,182,182],"card_choices":[{"not_picked":["Fusion","Storm"],"picked":"Uppercut","floor":1},{"not_picked":["Steam","Body Slam"],"picked":"Shrug It Off","floor":2},{"not_picked":["Clash","Second Wind"],"picked":"Hello World","floor":3},{"not_picked":["Biased Cognition","Hyperbeam"],"picked":"Meteor Strike","floor":7},{"not_picked":["Pommel Strike","True Grit"],"picked":"Conserve Battery","floor":8},{"not_picked":["Heavy Blade","ReplayTheSpireMod:System Scan"],"picked":"ReplayTheSpireMod:Limb From Limb","floor":10},{"not_picked":["ReplayRNGCard","Rainbow"],"picked":"Corruption","floor":11},{"not_picked":["Go for the Eyes","Inflame"],"picked":"Stack","floor":13},{"not_picked":["ReplaySort","Intimidate"],"picked":"Sword Boomerang","floor":14},{"not_picked":["Demonic Infusion","Electrodynamics"],"picked":"Demon Form","floor":16},{"not_picked":["Havoc+1","Cold Snap"],"picked":"Heatsinks","floor":18},{"not_picked":["Headbutt+1","Defy Death"],"picked":"FIFO Queue","floor":19},{"not_picked":["Iron Wave","Clash+1"],"picked":"Go for the Eyes+1","floor":21},{"not_picked":["Impervious","Electrodynamics"],"picked":"Creative AI","floor":23},{"not_picked":["Headbutt+1","Tempest"],"picked":"Twin Strike","floor":24},{"not_picked":["Limit Break","Multi-Cast"],"picked":"ReplayTheSpireMod:Omega Cannon","floor":25},{"not_picked":["Warcry","Cleave"],"picked":"Rage","floor":29},{"not_picked":["Biased Cognition","Fiend Fire"],"picked":"Demon Form","floor":30},{"not_picked":["Impervious","Offering"],"picked":"Feed","floor":32},{"not_picked":["Headbutt","Replay:Undeath\u0027s Touch"],"picked":"Perfected Strike","floor":33},{"not_picked":["Hyperbeam","Brutality"],"picked":"Rainbow","floor":35},{"not_picked":["Delirium","Sickly"],"picked":"Doubt","floor":36},{"not_picked":["Amnesia","Spreading Infection"],"picked":"ReplayTheSpireMod:Faulty Equipment","floor":36},{"not_picked":["ReplayTheSpireMod:Restless Dread","Amnesia"],"picked":"Sickly","floor":36},{"not_picked":["Barrage+1","Doom and Gloom"],"picked":"Demonic Infusion","floor":37},{"not_picked":["Headbutt","Anger+1"],"picked":"Conserve Battery+1","floor":38},{"not_picked":["Scrape","Barrage+1"],"picked":"Heavy Blade","floor":41},{"not_picked":["ReplayTheSpireMod:Fabricate Wheel","Rainbow"],"picked":"Hemogenesis","floor":42},{"not_picked":["Shrug It Off+1","Static Discharge+1"],"picked":"Iron Wave+1","floor":43}],"player_experience":744937,"relics_obtained":[{"floor":7,"key":"Red Skull"},{"floor":9,"key":"Replay:Baseball"},{"floor":10,"key":"King of Hearts"},{"floor":11,"key":"Replay:Ringing Soul"},{"floor":17,"key":"Lantern"},{"floor":17,"key":"Darkstone Periapt"},{"floor":17,"key":"CaptainsWheel"},{"floor":23,"key":"ReplayTheSpireMod:Spearhead"},{"floor":25,"key":"The Courier"},{"floor":26,"key":"Art of War"},{"floor":30,"key":"Sundial"},{"floor":32,"key":"ReplayTheSpireMod:Shallot"},{"floor":34,"key":"Juzu Bracelet"},{"floor":41,"key":"Champion Belt"},{"floor":42,"key":"Magic Flower"},{"floor":43,"key":"StoneCalendar"}],"event_choices":[{"damage_healed":0,"gold_gain":0,"player_choice":"Box","damage_taken":0,"relics_obtained":["Ginger"],"max_hp_gain":0,"max_hp_loss":0,"event_name":"Big Fish","floor":4,"gold_loss":0,"cards_obtained":["Regret"]},{"damage_healed":0,"gold_gain":0,"player_choice":"Rummage","damage_taken":0,"relics_obtained":["WarpedTongs"],"max_hp_gain":0,"max_hp_loss":0,"event_name":"Accursed Blacksmith","floor":5,"gold_loss":0,"cards_obtained":["Pain"]},{"cards_removed":["Pain"],"damage_healed":0,"gold_gain":0,"player_choice":"Purged","damage_taken":0,"max_hp_gain":0,"max_hp_loss":0,"event_name":"Purifier","floor":12,"gold_loss":0},{"cards_removed":["Regret"],"damage_healed":0,"gold_gain":0,"player_choice":"Card Removal","damage_taken":0,"max_hp_gain":0,"max_hp_loss":0,"event_name":"Wheel of Change","floor":20,"gold_loss":0},{"damage_healed":0,"gold_gain":0,"player_choice":"Bought 1 Potion","damage_taken":0,"max_hp_gain":0,"max_hp_loss":0,"event_name":"The Woman in Blue","floor":22,"gold_loss":0},{"cards_removed":["Heatsinks"],"damage_healed":0,"gold_gain":0,"player_choice":"Gave Card","damage_taken":0,"relics_obtained":["Divine Protection"],"max_hp_gain":0,"max_hp_loss":0,"event_name":"WeMeetAgain","floor":40,"gold_loss":0},{"damage_healed":0,"gold_gain":0,"player_choice":"Fight","damage_taken":0,"max_hp_gain":0,"max_hp_loss":0,"event_name":"MindBloom","floor":41,"gold_loss":0},{"damage_healed":0,"gold_gain":0,"player_choice":"Fight","damage_taken":0,"max_hp_gain":0,"max_hp_loss":0,"event_name":"Mysterious Sphere","floor":43,"gold_loss":0}],"is_beta":false,"boss_relics":[{"not_picked":["Sozu","ReplayTheSpireMod:DimensionalGlitch"],"picked":"Replay:Grab Bag"},{"not_picked":["Philosopher\u0027s Stone","Cursed Key"],"picked":"Mark of Pain"},{"not_picked":["Runic Dome","Replay:Bronze Core"],"picked":"Ooze Armor"},{"not_picked":["Black Blood","Snecko Eye"],"picked":"Calling Bell"},{"not_picked":["SlaversCollar","Abe\u0027s Treasure"],"picked":"Replay:Ancient Bell"},{"not_picked":["Ancient Tea Set","Boot"],"picked":"Happy Flower"},{"not_picked":["Gremlin Horn","Replay:Accelerometer"],"picked":"Quantum Egg"},{"not_picked":["Replay:PocketPolymizer","Another Sword"],"picked":"Shovel"}],"items_purged_floors":[39],"is_endless":false,"potions_floor_spawned":[1,2,13,14,21,23,24,32,33,35,41,43],"killed_by":"Reptomancer","ascension_level":0}}