{"host":"rm0ctv8qd8mnbkg1","time":1611759943,"event":{"mods":["Arknights The Spire","BaseMod","BetterRewards","Colored Map","DNKmod","Dark Map","Defuse TimeMaze Blight","Friendly Minions","Infinite Spire","Minty Spire (QoL Compilation)","Permanent Neow","Rare Cards Sparkle","Relic Sorter","Reliquary","Replay The Spire","Shop Mod","Spicy Shops","Spire Arcade","StS++","StSLib","The Dragon Tamer","The Servant 0.9.4","Wandering Minibosses","[IsaacMod]????","??????REMEMod"],"gold_per_floor":[10017,9255,9255,9290,9290,9305,9305,9320,9346,9359,9370,8827,8836,8865,8865,8969,8978,9000,9024,9049,8723,8750,8750,8750,8750,8827,8877,8877,8891,9000,8490,8490,8601,8601,9184,9233,9242,9242,9857,9857,10589,9750,9750,9750,10407,11100,11100,11837,11837,11837],"floor_reached":51,"language":"ENG","playtime":1628,"items_purged":[],"score":1093,"play_id":"923a707f-bd0a-4863-b134-1f54ab387420","local_time":"20210127150543","is_ascension_mode":false,"campfire_choices":[{"data":"1","floor":7,"key":"LIFT"},{"data":"2","floor":15,"key":"LIFT"},{"data":"3","floor":23,"key":"LIFT"},{"data":"Infinite Blades","floor":25,"key":"SMITH"},{"data":"ReplayTheSpireMod:From All Sides","floor":32,"key":"SMITH"},{"data":"DoctorFetus","floor":40,"key":"SMITH"},{"data":"Corpse Explosion","floor":44,"key":"SMITH"},{"data":"Riddle With Holes","floor":47,"key":"SMITH"},{"data":"ReplayTheSpireMod:Scrap Shanks","floor":49,"key":"SMITH"}],"circlet_count":0,"master_deck":["Strike_G","Strike_G","Strike_G","Strike_G","Strike_G","Defend_G","Defend_G","Defend_G","Defend_G","Survivor","Neutralize","DoctorFetus+1","MasterReality","Tactician","Poisoned Stab","BettingIsNotGood+1","Riddle With Holes+1","Blade Dance","Underhanded Strike","Accuracy","Deadly Poison","Infinite Blades+1","Delirium","Blur","Malaise","Caltrops","Dagger Spray","Deadly Poison","StSpp:Landslide","Accuracy","Hidden Blade","Skewer","ReplayTheSpireMod:Scrap Shanks+1","Deadly Poison","ReplayTheSpireMod:From All Sides+1","Corpse Explosion+1","Bane","StSpp:PoisonousPunch","Poisoned Stab","Footwork","Footwork","ReplayTheSpireMod:Shiv Toss+1","Replay:Poison Smokescreen"],"relics":["Ring of the Serpent","TheBean","reliquary:MedicineBall","reliquary:MedicineBall","REME_ComplimentaryCards","HushsDoor","Girya","Potion Belt","reliquary:RosewoodLute","SteamSale","Habit","CeramicFish","Ninja Scroll","Ring of Fury","Ring of Misfortune","wanderingMiniBosses:ThiefScarf","ReplayFunnel","Chaos","infinitespire:Lucky Rock","infinitespire:Broken Mirror","Blue Doll","ClockworkSouvenir","Cracked Core","BFFS","infinitespire:EvilPickle","Singing Bowl","WristBlade","REME_PuzzleBoxRelic","reliquary:TridentHead","Leech"],"acts_visited":["Exordium","TheCity","TheBeyond"],"potions_floor_usage":[50,50,50,50,50],"damage_taken":[{"damage":0,"enemies":"2 Louse","floor":1,"turns":2},{"damage":0,"enemies":"Cultist","floor":4,"turns":4},{"damage":0,"enemies":"Small Slimes","floor":6,"turns":2},{"damage":6,"enemies":"Gremlin Gang","floor":8,"turns":3},{"damage":12,"enemies":"3 Louse","floor":10,"turns":2},{"damage":1,"enemies":"2 Fungi Beasts","floor":11,"turns":2},{"damage":0,"enemies":"Blue Slaver","floor":14,"turns":1},{"damage":0,"enemies":"Hexaghost","floor":16,"turns":4},{"damage":3,"enemies":"3 Byrds","floor":18,"turns":3},{"damage":3,"enemies":"2 Thieves","floor":19,"turns":5},{"damage":4,"enemies":"Centurion and Healer","floor":20,"turns":3},{"damage":0,"enemies":"Sentry and Sphere","floor":22,"turns":2},{"damage":0,"enemies":"Snecko","floor":27,"turns":2},{"damage":0,"enemies":"Cultist and Chosen","floor":29,"turns":1},{"damage":15,"enemies":"Pondfish","floor":33,"turns":4},{"damage":15,"enemies":"3 Darklings","floor":35,"turns":2},{"damage":0,"enemies":"2 Orb Walkers","floor":36,"turns":1},{"damage":12,"enemies":"3 Shapes","floor":39,"turns":1},{"damage":15,"enemies":"Spire Growth","floor":41,"turns":2},{"damage":0,"enemies":"3 Darklings","floor":45,"turns":2},{"damage":15,"enemies":"Transient","floor":46,"turns":5},{"damage":0,"enemies":"Jaw Worm Horde","floor":48,"turns":2},{"damage":51,"enemies":"infinitespire:MassOfShapes","floor":50,"turns":4}],"seed_played":"2228938276588925791","potions_obtained":[{"floor":1,"key":"StSpp:SecondWindPotion"},{"floor":14,"key":"Ancient Potion"},{"floor":16,"key":"Explosive Potion"},{"floor":20,"key":"Dexterity Potion"},{"floor":33,"key":"StSpp:ScatteredWeakPotion"}],"is_trial":false,"path_per_floor":["M","$","?","M","?","M","R","M","T","M","M","$","?","M","R","B",null,"M","M","M","$","M","R","?","R","T","M","?","M","?","$","R","B",null,"M","?","?","?","M","R","M","$","T","R","M","M","R","M","R","B",null],"character_chosen":"THE_SILENT","items_purchased":["Girya","Potion Belt","Poisoned Stab","BettingIsNotGood","SteamSale","Infinite Blades","Habit","CeramicFish","Ninja Scroll","Caltrops","Accuracy","Hidden Blade","ReplayFunnel","Chaos","infinitespire:Lucky Rock","Blue Doll","ClockworkSouvenir","Cracked Core","BFFS","ReplayTheSpireMod:From All Sides","WristBlade","Footwork","reliquary:SculptingSteel","REME_PuzzleBoxRelic","reliquary:TridentHead","ReplayTheSpireMod:Shiv Toss+1"],"campfire_rested":0,"item_purchase_floors":[2,2,2,2,12,12,12,12,12,17,21,21,21,21,21,31,31,31,31,31,42,42,42,42,42,42],"current_hp_per_floor":[1000,1000,1000,1000,1000,1000,1000,994,994,982,1000,1000,1000,1000,1000,1000,997,994,991,987,987,994,994,994,994,994,994,994,994,994,994,994,979,997,982,984,984,984,974,974,959,959,959,959,960,952,952,956,956,908],"gold":11837,"neow_bonus":"","is_daily":false,"chose_seed":false,"campfire_upgraded":6,"win_rate":0.0,"timestamp":1611759943,"path_taken":["M","$","?","M","?","M","R","M","T","M","M","$","?","M","R","BOSS","M","M","M","$","?","R","?","R","T","M","?","M","?","$","R","BOSS","M","?","?","?","?","R","M","$","T","R","M","M","R","M","R","BOSS"],"items_purchased_type":["Relic","Relic","Card","Card","Relic","Card","Relic","Relic","Relic","Card","Card","Card","Relic","Card","Relic","Relic","Relic","Relic","Relic","Card","Relic","Card","Relic","Relic","Relic","Card"],"build_version":"2020-12-22","purchased_purges":0,"victory":true,"max_hp_per_floor":[1000,1000,1000,1000,1000,1000,1000,1000,1000,1000,1000,1000,1000,1000,1000,1000,997,997,997,997,997,997,997,997,997,997,997,997,997,997,997,997,997,997,997,999,999,999,1001,1001,1001,1001,1001,1001,1001,1003,1003,1005,1005,1005],"card_choices":[{"not_picked":[],"picked":"DoctorFetus","floor":0},{"not_picked":["Dagger Throw","Deflect"],"picked":"Tactician","floor":1},{"not_picked":["Deflect","StSpp:Dive"],"picked":"Riddle With Holes","floor":4},{"not_picked":["Bomb","Cloak And Dagger"],"picked":"Blade Dance","floor":6},{"not_picked":["StSpp:StrikeFirst","Deflect"],"picked":"Underhanded Strike","floor":8},{"not_picked":["Dodge and Roll","Masterful Stab"],"picked":"Accuracy","floor":10},{"not_picked":["Catalyst","Slice"],"picked":"Deadly Poison","floor":11},{"not_picked":["Catalyst","StSpp:Anticipation"],"picked":"Blur","floor":14},{"not_picked":["Doppelganger","Grand Finale"],"picked":"Malaise","floor":16},{"not_picked":["PiercingWail+1","Choke"],"picked":"Dagger Spray","floor":18},{"not_picked":["Blade Dance","Dagger Throw+1"],"picked":"Deadly Poison","floor":19},{"not_picked":["Dagger Spray","Prepared"],"picked":"StSpp:Landslide","floor":20},{"not_picked":["Quick Slash","Cloak And Dagger"],"picked":"Skewer","floor":22},{"not_picked":["Deadly Poison","Caltrops+1"],"picked":"ReplayTheSpireMod:Scrap Shanks","floor":27},{"not_picked":["StSpp:PoisonousPunch","Cloak And Dagger","StSpp:Dive+1"],"picked":"SKIP","floor":29},{"not_picked":["StSpp:PoisonousPunch","Hidden Blade"],"picked":"Deadly Poison","floor":30},{"not_picked":["Die Die Die","Tools of the Trade"],"picked":"Corpse Explosion","floor":33},{"not_picked":["Dodge and Roll+1","Dagger Throw"],"picked":"Bane","floor":35},{"not_picked":["ReplayTheSpireMod:Tripwire+1","Terror+1","ReplayTheSpireMod:Exploit Weakness+1"],"picked":"Singing Bowl","floor":36},{"not_picked":["Flying Knee","PiercingWail","Hidden Blade"],"picked":"Singing Bowl","floor":39},{"not_picked":["PiercingWail","Backflip+1"],"picked":"Poisoned Stab","floor":41},{"not_picked":["Prepared+1","Quick Slash+1"],"picked":"Replay:Poison Smokescreen","floor":45},{"not_picked":["Bane","Deflect","Leg Sweep+1"],"picked":"Singing Bowl","floor":46},{"not_picked":["Dash+1","All Out Attack+1","Calculated Gamble"],"picked":"Singing Bowl","floor":48}],"player_experience":184084,"relics_obtained":[{"floor":9,"key":"reliquary:RosewoodLute"},{"floor":13,"key":"Ring of Fury"},{"floor":13,"key":"Ring of Misfortune"},{"floor":19,"key":"wanderingMiniBosses:ThiefScarf"},{"floor":26,"key":"infinitespire:Broken Mirror"},{"floor":36,"key":"Singing Bowl"},{"floor":43,"key":"Leech"}],"event_choices":[{"damage_healed":0,"gold_gain":0,"player_choice":"Forge","damage_taken":0,"max_hp_gain":0,"max_hp_loss":0,"event_name":"Accursed Blacksmith","floor":3,"gold_loss":0,"cards_upgraded":["BettingIsNotGood"]},{"damage_healed":0,"gold_gain":0,"player_choice":"Ignored","damage_taken":0,"max_hp_gain":0,"max_hp_loss":0,"event_name":"Ghosts","floor":28,"gold_loss":0},{"damage_healed":0,"gold_gain":0,"player_choice":"Fight","damage_taken":0,"max_hp_gain":0,"max_hp_loss":0,"event_name":"Mysterious Sphere","floor":36,"gold_loss":0},{"damage_healed":0,"gold_gain":0,"player_choice":"1 cards matched","damage_taken":0,"max_hp_gain":0,"max_hp_loss":0,"event_name":"Match and Keep!","floor":37,"gold_loss":0,"cards_obtained":["StSpp:PoisonousPunch"]},{"cards_removed":["Defend_G"],"damage_healed":0,"gold_gain":0,"player_choice":"Removed Skill","damage_taken":0,"max_hp_gain":0,"max_hp_loss":0,"event_name":"Falling","floor":38,"gold_loss":0}],"is_beta":false,"boss_relics":[{"not_picked":["Cursed Key","ReplayTheSpireMod:DimensionalGlitch"],"picked":"Ring of the Serpent"},{"not_picked":[]},{"not_picked":["Nunchaku","DollysMirror"],"picked":"reliquary:MedicineBall"},{"not_picked":[]}],"items_purged_floors":[],"is_endless":false,"potions_floor_spawned":[1,14,16,20,33,36,46,48],"ascension_level":0}}