{"host":"bq4pt811tk9yrmjl","time":1611752308,"event":{"mods":["AchievementEnabler","BaseMod","Colored Map","Colored Powertips","Defuse TimeMaze Blight","Hermit","Minty Spire (QoL Compilation)","StSLib","SuperFastMode"],"gold_per_floor":[118,141,141,241,252,252,281,281,281,310,157,174,174,203,203,301,301,311,311,410,420,22,54,54,87,110,121,140,140,140,170,170,270,270,290,305,5,55,55,55,73,90,90,90,90,103,120,133,133,133,133,133,11,43,43,43],"floor_reached":55,"language":"ENG","playtime":2868,"items_purged":[],"score":881,"play_id":"33656128-1bf5-4d8b-b713-6d46303b2dbf","local_time":"20210127105828","is_ascension_mode":true,"campfire_choices":[{"data":"Metallicize","floor":6.0,"key":"SMITH"},{"data":"Rage","floor":8.0,"key":"SMITH"},{"data":"Metallicize","floor":15.0,"key":"SMITH"},{"floor":24,"key":"RECALL"},{"data":"Apotheosis","floor":32,"key":"SMITH"},{"data":"1","floor":40,"key":"LIFT"},{"data":"2","floor":44,"key":"LIFT"},{"data":"3","floor":49,"key":"LIFT"},{"data":"Limit Break","floor":52,"key":"SMITH"}],"circlet_count":0,"master_deck":["Strike_R","Strike_R","Strike_R","Strike_R","Strike_R","Defend_R","Defend_R","Defend_R","Defend_R","Bash","Rage+1","Metallicize+1","Metallicize+1","Anger","Flame Barrier","Limit Break+1","Shrug It Off+1","Apotheosis+1","Disarm","Disarm","Rage+1","Rampage","Body Slam","Juggernaut","CurseOfTheBell","Rage+1","Spot Weakness+1","Iron Wave+1","Flame Barrier+1"],"relics":["Burning Blood","NeowsBlessing","PreservedInsect","InkBottle","Akabeko","Blood Vial","FossilizedHelix","Strawberry","Black Star","Medical Kit","Regal Pillow","Charon\u0027s Ashes","MealTicket","Centennial Puzzle","Oddly Smooth Stone","MutagenicStrength","Anchor","Potion Belt","Calling Bell","Happy Flower","Self Forming Clay","Girya","ClockworkSouvenir","Bronze Scales","Ice Cream","Pear","Bag of Marbles","Bag of Preparation"],"acts_visited":["Exordium","TheCity","TheBeyond","TheEnding"],"potions_floor_usage":[25,33,46,46,50,55,55,55],"damage_taken":[{"damage":0.0,"enemies":"Cultist","floor":1.0,"turns":1.0},{"damage":0.0,"enemies":"2 Louse","floor":5.0,"turns":1.0},{"damage":0.0,"enemies":"3 Sentries","floor":7.0,"turns":2.0},{"damage":7.0,"enemies":"Lagavulin","floor":10.0,"turns":7.0},{"damage":2.0,"enemies":"Jaw Worm","floor":12.0,"turns":4.0},{"damage":0.0,"enemies":"Gremlin Nob","floor":14.0,"turns":3.0},{"damage":7.0,"enemies":"The Guardian","floor":16.0,"turns":17.0},{"damage":8.0,"enemies":"Chosen","floor":18.0,"turns":7.0},{"damage":0,"enemies":"3 Byrds","floor":21,"turns":6},{"damage":29,"enemies":"Book of Stabbing","floor":23,"turns":8},{"damage":2,"enemies":"Gremlin Leader","floor":25,"turns":13},{"damage":3,"enemies":"Centurion and Healer","floor":27,"turns":9},{"damage":0,"enemies":"Chosen and Byrds","floor":28,"turns":9},{"damage":0,"enemies":"Book of Stabbing","floor":31,"turns":6},{"damage":101,"enemies":"Automaton","floor":33,"turns":17},{"damage":3,"enemies":"3 Darklings","floor":35,"turns":8},{"damage":0,"enemies":"Orb Walker","floor":36,"turns":4},{"damage":24,"enemies":"Mind Bloom Boss Battle","floor":38,"turns":9},{"damage":14,"enemies":"Spire Growth","floor":41,"turns":5},{"damage":6,"enemies":"3 Darklings","floor":42,"turns":6},{"damage":0,"enemies":"Sphere and 2 Shapes","floor":46,"turns":4},{"damage":0,"enemies":"Maw","floor":47,"turns":7},{"damage":0,"enemies":"4 Shapes","floor":48,"turns":5},{"damage":27,"enemies":"Time Eater","floor":50,"turns":12},{"damage":57,"enemies":"Shield and Spear","floor":54,"turns":7},{"damage":68,"enemies":"The Heart","floor":55,"turns":6}],"seed_played":"-7014641069254301142","potions_obtained":[{"floor":5.0,"key":"SkillPotion"},{"floor":10.0,"key":"ColorlessPotion"},{"floor":12.0,"key":"Ancient Potion"},{"floor":16.0,"key":"FairyPotion"},{"floor":21,"key":"FearPotion"},{"floor":23,"key":"GamblersBrew"},{"floor":27,"key":"EssenceOfSteel"},{"floor":31,"key":"AttackPotion"},{"floor":41,"key":"LiquidMemories"},{"floor":42,"key":"LiquidMemories"},{"floor":47,"key":"DistilledChaos"},{"floor":54,"key":"SneckoOil"}],"is_trial":false,"path_per_floor":["M","T","?","?","M","R","E","R","T","E","$","M","?","E","R","B",null,"M","?","?","M","$","E","R","E","T","M","M","?","?","E","R","B",null,"M","M","$","?","$","R","M","M","T","R","?","M","M","M","R","B",null,"R","$","E","B"],"character_chosen":"IRONCLAD","items_purchased":["Blood Vial","Medical Kit","Apotheosis","Disarm","ClockworkSouvenir","Bronze Scales","SpeedPotion","DuplicationPotion"],"campfire_rested":0,"item_purchase_floors":[11,22,22,22,37,37,53,53],"current_hp_per_floor":[80,80,80,80,80,80,80,80,80,79,79,80,73,87,87,86,87,85,85,85,87,87,64,64,70,70,75,83,83,83,87,87,19,87,87,87,87,69,84,84,78,80,90,90,90,97,97,97,97,76,97,97,97,46,0,0],"gold":43,"neow_bonus":"THREE_ENEMY_KILL","is_daily":false,"chose_seed":false,"campfire_upgraded":5,"win_rate":0.0,"timestamp":1611752308,"path_taken":["M","?","?","?","?","R","E","R","T","E","$","?","?","E","R","BOSS","M","?","?","M","$","E","R","E","T","M","M","?","?","E","R","BOSS","M","M","$","?","$","R","M","M","T","R","?","M","M","M","R","BOSS","R","$","E","BOSS"],"items_purchased_type":["Relic","Relic","Card","Card","Relic","Relic","Potion","Potion"],"build_version":"2020-12-22","purchased_purges":0,"victory":false,"max_hp_per_floor":[80,80,80,80,80,80,80,80,80,80,80,80,80,87,87,87,87,87,87,87,87,87,87,87,87,87,87,87,87,87,87,87,87,87,87,87,87,87,87,87,87,87,97,97,97,97,97,97,97,97,97,97,97,97,97,97],"card_choices":[{"not_picked":["Havoc","Intimidate"],"picked":"Rage","floor":1.0},{"not_picked":["True Grit","Ghostly Armor"],"picked":"Metallicize","floor":5.0},{"not_picked":["Sever Soul","Clothesline","Carnage"],"picked":"SKIP","floor":7.0},{"not_picked":["Shockwave","Inflame"],"picked":"Metallicize","floor":10.0},{"not_picked":["Iron Wave","Heavy Blade"],"picked":"Anger","floor":12.0},{"not_picked":["Armaments","Iron Wave"],"picked":"Flame Barrier","floor":14.0},{"not_picked":["Corruption","Brutality"],"picked":"Limit Break","floor":16.0},{"not_picked":["Shockwave","Warcry"],"picked":"Shrug It Off+1","floor":18.0},{"not_picked":["Hemokinesis","Shrug It Off","Sword Boomerang"],"picked":"SKIP","floor":21},{"not_picked":["Cleave+1","Dropkick"],"picked":"Disarm","floor":23},{"not_picked":["Body Slam","Heavy Blade"],"picked":"Rage+1","floor":25},{"not_picked":["Cleave","Dual Wield","Reaper"],"picked":"SKIP","floor":27},{"not_picked":["Warcry","Carnage+1"],"picked":"Rampage","floor":28},{"not_picked":["Dropkick+1","Whirlwind","Perfected Strike"],"picked":"SKIP","floor":31},{"not_picked":["Berserk","Brutality"],"picked":"Juggernaut","floor":33},{"not_picked":["Warcry+1","Dark Embrace"],"picked":"Rage+1","floor":35},{"not_picked":["Fire Breathing+1","Heavy Blade+1"],"picked":"Clash+1","floor":36},{"not_picked":["Rampage+1","Battle Trance"],"picked":"Spot Weakness+1","floor":41},{"not_picked":["Combust","Infernal Blade"],"picked":"Iron Wave+1","floor":42},{"not_picked":["Wild Strike","Pommel Strike","Rupture"],"picked":"SKIP","floor":46},{"not_picked":["Pummel","Wild Strike","Heavy Blade"],"picked":"SKIP","floor":47},{"not_picked":["Burning Pact+1","Anger+1","Rupture"],"picked":"SKIP","floor":48},{"not_picked":["Shrug It Off+1","Combust"],"picked":"Flame Barrier+1","floor":54}],"player_experience":267791,"relics_obtained":[{"floor":2.0,"key":"PreservedInsect"},{"floor":7.0,"key":"InkBottle"},{"floor":10.0,"key":"Akabeko"},{"floor":14.0,"key":"Strawberry"},{"floor":23,"key":"Regal Pillow"},{"floor":23,"key":"Charon\u0027s Ashes"},{"floor":25,"key":"MealTicket"},{"floor":25,"key":"Centennial Puzzle"},{"floor":26,"key":"Oddly Smooth Stone"},{"floor":31,"key":"Anchor"},{"floor":31,"key":"Potion Belt"},{"floor":34,"key":"Happy Flower"},{"floor":34,"key":"Self Forming Clay"},{"floor":34,"key":"Girya"},{"floor":38,"key":"Ice Cream"},{"floor":43,"key":"Pear"},{"floor":54,"key":"Bag of Marbles"},{"floor":54,"key":"Bag of Preparation"}],"event_choices":[{"damage_healed":0.0,"max_hp_gain":0.0,"max_hp_loss":0.0,"gold_gain":0.0,"event_name":"Golden Wing","player_choice":"Ignored","floor":3.0,"gold_loss":0.0,"damage_taken":0.0},{"damage_healed":0.0,"max_hp_gain":0.0,"max_hp_loss":0.0,"gold_gain":100.0,"event_name":"Golden Shrine","player_choice":"Pray","floor":4.0,"gold_loss":0.0,"damage_taken":0.0},{"damage_healed":0.0,"max_hp_gain":0.0,"max_hp_loss":0.0,"gold_gain":0.0,"event_name":"Scrap Ooze","player_choice":"Success","floor":13.0,"gold_loss":0.0,"damage_taken":7.0,"relics_obtained":["FossilizedHelix"]},{"damage_healed":0,"gold_gain":0,"player_choice":"Ignored","damage_taken":0,"max_hp_gain":0,"max_hp_loss":0,"event_name":"Cursed Tome","floor":19,"gold_loss":0},{"damage_healed":0,"gold_gain":99,"player_choice":"Stole From Cult","damage_taken":0,"max_hp_gain":0,"max_hp_loss":0,"event_name":"Nest","floor":20,"gold_loss":0},{"damage_healed":0,"gold_gain":0,"player_choice":"Inject Mutagens","damage_taken":0,"relics_obtained":["MutagenicStrength"],"max_hp_gain":0,"max_hp_loss":0,"event_name":"Drug Dealer","floor":29,"gold_loss":0},{"damage_healed":0,"gold_gain":0,"player_choice":"Read","damage_taken":0,"max_hp_gain":0,"max_hp_loss":0,"event_name":"The Library","floor":30,"gold_loss":0,"cards_obtained":["Body Slam"]},{"damage_healed":0,"gold_gain":0,"player_choice":"Fight","damage_taken":0,"max_hp_gain":0,"max_hp_loss":0,"event_name":"MindBloom","floor":38,"gold_loss":0},{"cards_removed":["Clash"],"damage_healed":0,"gold_gain":0,"player_choice":"Removed Attack","damage_taken":0,"max_hp_gain":0,"max_hp_loss":0,"event_name":"Falling","floor":45,"gold_loss":0}],"is_beta":false,"boss_relics":[{"not_picked":["Runic Pyramid","Runic Cube"],"picked":"Black Star"},{"not_picked":["Philosopher\u0027s Stone","Velvet Choker"],"picked":"Calling Bell"}],"items_purged_floors":[],"is_endless":false,"potions_floor_spawned":[5,10,12,16,21,23,27,31,41,42,47,54],"killed_by":"The Heart","ascension_level":1}}