{"host":"u1dfzl6o6mfmauc3","time":1611709653,"event":{"mods":["2.2 Compatiblity","AchievementEnabler","BaseMod","Block Reminder","Challenge The Spire","Dark Map","Hermit","Minty Spire (QoL Compilation)","Relic Stats","Robot Space Explorer","StSLib","The Disciple"],"gold_per_floor":[119,138,138,138,138,168,188,188,211,211,228,228,247,265,265,265,363,363,379,7,7,7,7,32,47,47,75,75,121,146,164,176,189,288,288,288,386,386,406,406,456,472,486,486,520,19,92,92,147,164,164,174,208,208,208,208,208,0,30,30],"floor_reached":61,"language":"ENG","playtime":4055,"items_purged":["RobotSpaceExplorer:Strike","RobotSpaceExplorer:Strike","RobotSpaceExplorer:Strike"],"score":1675,"play_id":"de9fcc7f-45bc-4415-9005-d3c8165e9bfc","local_time":"20210126200733","is_ascension_mode":true,"campfire_choices":[{"floor":8.0,"key":"RECALL"},{"data":"RobotSpaceExplorer:DroneSwarm","floor":10.0,"key":"SMITH"},{"floor":15.0,"key":"REST"},{"data":"RobotSpaceExplorer:StarLightning","floor":16.0,"key":"SMITH"},{"floor":26.0,"key":"REST"},{"floor":35,"key":"DIG"},{"floor":36,"key":"DIG"},{"data":"RobotSpaceExplorer:TrailblazerForm","floor":44,"key":"SMITH"},{"floor":48,"key":"DIG"},{"floor":51,"key":"DIG"},{"floor":54,"key":"DIG"},{"floor":57,"key":"DIG"}],"circlet_count":0,"master_deck":["RobotSpaceExplorer:Defend+1","RobotSpaceExplorer:Defend+1","RobotSpaceExplorer:Defend","RobotSpaceExplorer:Scan","RobotSpaceExplorer:MiniLasers","RobotSpaceExplorer:DoubleBlock","RobotSpaceExplorer:StarLightning+1","RobotSpaceExplorer:DroneSwarm+1","RobotSpaceExplorer:MiniDrones","RobotSpaceExplorer:Scanner","RobotSpaceExplorer:Smokescreen","RobotSpaceExplorer:SurgingStrike","RobotSpaceExplorer:Counterblock","RobotSpaceExplorer:TrailblazerForm+1","RobotSpaceExplorer:GearShield+1","RobotSpaceExplorer:BigMissile+1","RobotSpaceExplorer:Jetpack+1","Necronomicurse","RobotSpaceExplorer:JunkDive","RobotSpaceExplorer:PlasmaMissile","RobotSpaceExplorer:Accelerator","RobotSpaceExplorer:FrostMissile+1","Discovery"],"relics":["RobotSpaceExplorer:RoboCore","NeowsBlessing","Akabeko","Toy Ornithopter","RobotSpaceExplorer:SearchSpecs","Bronze Scales","Orrery","War Paint","Necronomicon","Darkstone Periapt","PreservedInsect","Bag of Marbles","Shovel","Blood Vial","Happy Flower","MealTicket","CaptainsWheel","Busted Crown","Gambling Chip","Bottled Flame","Oddly Smooth Stone","Shuriken","Bottled Tornado","Lantern","Thread and Needle","Nunchaku","Bag of Preparation","Mummified Hand","RobotSpaceExplorer:PlasmaHourglass","RobotSpaceExplorer:BottledGravity"],"acts_visited":["Exordium","TheCity","TheBeyond","TheEnding"],"potions_floor_usage":[37,60],"damage_taken":[{"damage":0.0,"enemies":"2 Louse","floor":1.0,"turns":1.0},{"damage":0.0,"enemies":"Jaw Worm","floor":2.0,"turns":1.0},{"damage":0.0,"enemies":"3 Sentries","floor":6.0,"turns":2.0},{"damage":0.0,"enemies":"Small Slimes","floor":7.0,"turns":3.0},{"damage":21.0,"enemies":"Gremlin Gang","floor":11.0,"turns":6.0},{"damage":1.0,"enemies":"Large Slime","floor":13.0,"turns":8.0},{"damage":0.0,"enemies":"Lots of Slimes","floor":14.0,"turns":1.0},{"damage":22.0,"enemies":"Slime Boss","floor":17.0,"turns":8.0},{"damage":12.0,"enemies":"Chosen","floor":19.0,"turns":7.0},{"damage":27.0,"enemies":"Book of Stabbing","floor":24.0,"turns":8.0},{"damage":0.0,"enemies":"Spheric Guardian","floor":25.0,"turns":3.0},{"damage":3.0,"enemies":"Slavers","floor":27.0,"turns":3.0},{"damage":21.0,"enemies":"Gremlin Leader","floor":30.0,"turns":5.0},{"damage":1,"enemies":"Snecko","floor":31,"turns":6},{"damage":2,"enemies":"Shelled Parasite and Fungi","floor":32,"turns":2},{"damage":0,"enemies":"3 Cultists","floor":33,"turns":3},{"damage":27,"enemies":"Collector","floor":37,"turns":12},{"damage":9,"enemies":"3 Darklings","floor":39,"turns":4},{"damage":0,"enemies":"Mind Bloom Boss Battle","floor":41,"turns":7},{"damage":0,"enemies":"Orb Walker","floor":42,"turns":3},{"damage":12,"enemies":"3 Darklings","floor":43,"turns":6},{"damage":0,"enemies":"Nemesis","floor":45,"turns":7},{"damage":7,"enemies":"2 Orb Walkers","floor":49,"turns":4},{"damage":0,"enemies":"Transient","floor":50,"turns":5},{"damage":5,"enemies":"4 Shapes","floor":52,"turns":6},{"damage":0,"enemies":"Reptomancer","floor":53,"turns":5},{"damage":26,"enemies":"Time Eater","floor":55,"turns":13},{"damage":37,"enemies":"Shield and Spear","floor":59,"turns":5},{"damage":36,"enemies":"The Heart","floor":60,"turns":12}],"seed_played":"-7455552955832567580","potions_obtained":[{"floor":1.0,"key":"Strength Potion"},{"floor":6.0,"key":"SteroidPotion"},{"floor":7.0,"key":"FearPotion"},{"floor":13.0,"key":"SpeedPotion"},{"floor":24.0,"key":"EntropicBrew"},{"floor":27.0,"key":"FairyPotion"},{"floor":30,"key":"SmokeBomb"},{"floor":31,"key":"Regen Potion"},{"floor":42,"key":"LiquidBronze"}],"is_trial":false,"path_per_floor":["M","M","?","?","?","E","M","R","T","R","M","?","M","M","R","R","B",null,"M","$","?","?","T","E","M","R","E","T","T","E","M","M","M","?","R","R","B",null,"M","?","?","M","M","R","E","$","T","R","?","M","R","M","E","R","B",null,"R","$","E","B",null],"character_chosen":"RobotSpaceExplorer","items_purchased":["Bronze Scales","Orrery","Oddly Smooth Stone","Shuriken","Discovery"],"campfire_rested":2,"item_purchase_floors":[20,20,46,46,58],"current_hp_per_floor":[75,75,75,68,68,68,68,68,68,68,47,47,46,46,68,68,51,75,63,63,63,47,47,25,25,47,44,44,44,40,41,41,43,43,43,43,38,75,66,66,68,70,60,60,62,75,75,75,68,70,70,67,69,69,45,75,75,75,38,9],"gold":30,"neow_bonus":"THREE_ENEMY_KILL","is_daily":false,"chose_seed":false,"campfire_upgraded":3,"win_rate":0.0,"timestamp":1611709653,"path_taken":["M","M","?","?","?","E","?","R","T","R","M","?","?","M","R","R","BOSS","M","$","?","?","?","E","M","R","E","T","T","E","M","M","M","?","R","R","BOSS","M","?","?","M","?","R","E","$","T","R","?","M","R","M","E","R","BOSS","R","$","E","BOSS"],"items_purchased_type":["Relic","Relic","Relic","Relic","Card"],"build_version":"2020-12-22","purchased_purges":3,"victory":true,"max_hp_per_floor":[75,75,75,75,75,75,75,75,75,75,75,75,75,75,75,75,75,75,75,75,75,75,75,75,75,75,75,75,75,75,75,75,75,75,75,75,75,75,75,75,75,75,75,75,75,75,75,75,75,75,75,75,75,75,75,75,75,75,75,75],"relic_stats":{"Darkstone Periapt":0,"Happy Flower":[33],"counters":[29,156],"PreservedInsect":258,"Bag of Preparation":[6],"War Paint":["RobotSpaceExplorer:Defend","RobotSpaceExplorer:Defend"],"Blood Vial":28,"Nunchaku":[7],"Shovel":6,"Busted Crown":22,"Shuriken":[17],"Mummified Hand":[15],"Bronze Scales":[516],"Gambling Chip":[6],"MealTicket":13,"Necronomicon":[40],"obtain_stats":[{"Darkstone Periapt":23,"Lantern":48,"RobotSpaceExplorer:PlasmaHourglass":57,"Bag of Preparation":53,"Bottled Tornado":47,"Blood Vial":29,"Nunchaku":51,"Shovel":28,"Mummified Hand":54,"RobotSpaceExplorer:BottledGravity":59,"Gambling Chip":41,"MealTicket":35,"RobotSpaceExplorer:SearchSpecs":18,"Necronomicon":22,"NeowsBlessing":0,"Happy Flower":30,"Oddly Smooth Stone":46,"RobotSpaceExplorer:RoboCore":0,"Thread and Needle":49,"PreservedInsect":24,"War Paint":21,"Akabeko":6,"CaptainsWheel":36,"Bottled Flame":45,"Busted Crown":38,"Shuriken":46,"Bronze Scales":20,"Orrery":20,"Bag of Marbles":27,"Toy Ornithopter":6},{"Darkstone Periapt":9,"Lantern":22,"RobotSpaceExplorer:PlasmaHourglass":27,"Bag of Preparation":26,"Bottled Tornado":22,"Blood Vial":12,"Nunchaku":24,"Shovel":12,"Mummified Hand":26,"RobotSpaceExplorer:BottledGravity":28,"Gambling Chip":19,"MealTicket":16,"RobotSpaceExplorer:SearchSpecs":8,"Necronomicon":9,"NeowsBlessing":0,"Happy Flower":13,"Oddly Smooth Stone":22,"RobotSpaceExplorer:RoboCore":0,"Thread and Needle":23,"PreservedInsect":10,"War Paint":9,"Akabeko":3,"CaptainsWheel":16,"Bottled Flame":22,"Busted Crown":17,"Shuriken":22,"Bronze Scales":9,"Orrery":9,"Bag of Marbles":12,"Toy Ornithopter":3},{"Darkstone Periapt":37,"Lantern":106,"RobotSpaceExplorer:PlasmaHourglass":139,"Bag of Preparation":126,"Bottled Tornado":106,"Blood Vial":51,"Nunchaku":115,"Shovel":51,"Mummified Hand":126,"RobotSpaceExplorer:BottledGravity":144,"Gambling Chip":90,"MealTicket":67,"RobotSpaceExplorer:SearchSpecs":30,"Necronomicon":37,"NeowsBlessing":0,"Happy Flower":56,"Oddly Smooth Stone":106,"RobotSpaceExplorer:RoboCore":0,"Thread and Needle":110,"PreservedInsect":45,"War Paint":37,"Akabeko":4,"CaptainsWheel":67,"Bottled Flame":106,"Busted Crown":79,"Shuriken":106,"Bronze Scales":37,"Orrery":37,"Bag of Marbles":51,"Toy Ornithopter":4}],"Toy Ornithopter":35},"card_choices":[{"not_picked":["RobotSpaceExplorer:StunGrenade","RobotSpaceExplorer:FranticSearch"],"picked":"RobotSpaceExplorer:DoubleBlock","floor":1.0},{"not_picked":["RobotSpaceExplorer:Electroshield","RobotSpaceExplorer:MiniDrones"],"picked":"RobotSpaceExplorer:StarLightning","floor":2.0},{"not_picked":["RobotSpaceExplorer:SlimeMissile","RobotSpaceExplorer:RigExplosive"],"picked":"RobotSpaceExplorer:MiniDrones","floor":6.0},{"not_picked":["RobotSpaceExplorer:DualCore","RobotSpaceExplorer:MetalStrike"],"picked":"RobotSpaceExplorer:Scanner","floor":7.0},{"not_picked":["RobotSpaceExplorer:StarDust","RobotSpaceExplorer:Ammunition"],"picked":"RobotSpaceExplorer:Smokescreen","floor":11.0},{"not_picked":["RobotSpaceExplorer:SurgingShield","RobotSpaceExplorer:ScrapShield"],"picked":"RobotSpaceExplorer:SurgingStrike","floor":13.0},{"not_picked":["RobotSpaceExplorer:SurgingShield","RobotSpaceExplorer:FrostMissile"],"picked":"RobotSpaceExplorer:Counterblock","floor":14.0},{"not_picked":["RobotSpaceExplorer:Asteroid","RobotSpaceExplorer:Blaster"],"picked":"RobotSpaceExplorer:TrailblazerForm","floor":17.0},{"not_picked":["RobotSpaceExplorer:ImprovisedAttack","RobotSpaceExplorer:ShovelStrike+1","RobotSpaceExplorer:GlueShot"],"picked":"SKIP","floor":19.0},{"not_picked":["RobotSpaceExplorer:Probe","RobotSpaceExplorer:Comet"],"picked":"RobotSpaceExplorer:GearShield+1","floor":20.0},{"not_picked":["RobotSpaceExplorer:Counterblock","RobotSpaceExplorer:PowerGlove"],"picked":"RobotSpaceExplorer:BigMissile+1","floor":20.0},{"not_picked":["RobotSpaceExplorer:Counterblock+1","RobotSpaceExplorer:Smokescreen"],"picked":"RobotSpaceExplorer:Jetpack+1","floor":20.0},{"not_picked":["RobotSpaceExplorer:FrostMissile","RobotSpaceExplorer:Probe","RobotSpaceExplorer:SlimeMissile"],"picked":"SKIP","floor":24.0},{"not_picked":["RobotSpaceExplorer:Ammunition","RobotSpaceExplorer:MiniDrones"],"picked":"RobotSpaceExplorer:Wormhole","floor":25.0},{"not_picked":["RobotSpaceExplorer:ImprovisedAttack","RobotSpaceExplorer:FranticSearch+1"],"picked":"RobotSpaceExplorer:JunkDive","floor":27.0},{"not_picked":["RobotSpaceExplorer:ShockKick","RobotSpaceExplorer:SurgingStrike+1"],"picked":"RobotSpaceExplorer:PlasmaMissile","floor":30},{"not_picked":["RobotSpaceExplorer:ScrapMissile","RobotSpaceExplorer:LuckyStrike+1","RobotSpaceExplorer:GlueShot"],"picked":"SKIP","floor":31},{"not_picked":["RobotSpaceExplorer:MiniBoosters","RobotSpaceExplorer:Exploration","RobotSpaceExplorer:Ammunition"],"picked":"SKIP","floor":32},{"not_picked":["RobotSpaceExplorer:ScrapShield","RobotSpaceExplorer:SurgingShield+1","RobotSpaceExplorer:FreezingShield"],"picked":"SKIP","floor":33},{"not_picked":["RobotSpaceExplorer:Exploration","RobotSpaceExplorer:Multitool"],"picked":"RobotSpaceExplorer:Accelerator","floor":37},{"not_picked":["RobotSpaceExplorer:GlueSpray"],"picked":"SKIP","floor":39},{"not_picked":[],"picked":"RobotSpaceExplorer:FrostMissile+1","floor":42},{"not_picked":["RobotSpaceExplorer:SurgingShield+1"],"picked":"SKIP","floor":43},{"not_picked":["RobotSpaceExplorer:Probe+1"],"picked":"SKIP","floor":45},{"not_picked":["RobotSpaceExplorer:ShovelStrike+1"],"picked":"SKIP","floor":50},{"not_picked":["RobotSpaceExplorer:GearShield+1"],"picked":"SKIP","floor":52},{"not_picked":["RobotSpaceExplorer:JunkDive+1"],"picked":"SKIP","floor":53},{"not_picked":["RobotSpaceExplorer:SurgingShield"],"picked":"SKIP","floor":59}],"player_experience":157820,"relics_obtained":[{"floor":6.0,"key":"Akabeko"},{"floor":6.0,"key":"Toy Ornithopter"},{"floor":22.0,"key":"Necronomicon"},{"floor":23.0,"key":"Darkstone Periapt"},{"floor":24.0,"key":"PreservedInsect"},{"floor":27.0,"key":"Bag of Marbles"},{"floor":28.0,"key":"Shovel"},{"floor":29.0,"key":"Blood Vial"},{"floor":30,"key":"Happy Flower"},{"floor":35,"key":"MealTicket"},{"floor":36,"key":"CaptainsWheel"},{"floor":41,"key":"Gambling Chip"},{"floor":45,"key":"Bottled Flame"},{"floor":47,"key":"Bottled Tornado"},{"floor":48,"key":"Lantern"},{"floor":49,"key":"Thread and Needle"},{"floor":51,"key":"Nunchaku"},{"floor":53,"key":"Bag of Preparation"},{"floor":54,"key":"Mummified Hand"},{"floor":57,"key":"RobotSpaceExplorer:PlasmaHourglass"},{"floor":59,"key":"RobotSpaceExplorer:BottledGravity"}],"event_choices":[{"damage_healed":0.0,"max_hp_gain":0.0,"max_hp_loss":0.0,"gold_gain":0.0,"event_name":"Liars Game","player_choice":"Ignored","floor":3.0,"gold_loss":0.0,"damage_taken":0.0},{"cards_removed":["RobotSpaceExplorer:Defend"],"damage_healed":0.0,"max_hp_gain":0.0,"max_hp_loss":0.0,"gold_gain":0.0,"event_name":"Golden Wing","player_choice":"Card Removal","floor":4.0,"gold_loss":0.0,"damage_taken":7.0},{"damage_healed":0.0,"max_hp_gain":0.0,"max_hp_loss":0.0,"gold_gain":0.0,"event_name":"Match and Keep!","player_choice":"2 cards matched","floor":5.0,"gold_loss":0.0,"damage_taken":0.0,"cards_obtained":["RobotSpaceExplorer:LuckyFind","RobotSpaceExplorer:DroneSwarm"]},{"cards_removed":["RobotSpaceExplorer:Strike"],"damage_healed":0.0,"max_hp_gain":0.0,"max_hp_loss":0.0,"gold_gain":0.0,"event_name":"Purifier","player_choice":"Purged","floor":12.0,"gold_loss":0.0,"damage_taken":0.0},{"damage_healed":0.0,"max_hp_gain":0.0,"max_hp_loss":0.0,"gold_gain":0.0,"event_name":"The Mausoleum","player_choice":"Opened","floor":21.0,"gold_loss":0.0,"damage_taken":0.0,"relics_obtained":["War Paint"],"cards_obtained":["Writhe"]},{"damage_healed":0.0,"max_hp_gain":0.0,"max_hp_loss":0.0,"gold_gain":0.0,"event_name":"Cursed Tome","player_choice":"Obtained Book","floor":22.0,"gold_loss":0.0,"damage_taken":16.0},{"damage_healed":0,"gold_gain":99,"player_choice":"Stole From Cult","damage_taken":0,"max_hp_gain":0,"max_hp_loss":0,"event_name":"Nest","floor":34,"gold_loss":0},{"damage_healed":0,"gold_gain":0,"player_choice":"Memory 1","damage_taken":0,"max_hp_gain":0,"max_hp_loss":0,"event_name":"SensoryStone","floor":40,"gold_loss":0},{"damage_healed":0,"gold_gain":0,"player_choice":"Fight","damage_taken":0,"max_hp_gain":0,"max_hp_loss":0,"event_name":"MindBloom","floor":41,"gold_loss":0},{"damage_healed":0,"gold_gain":0,"player_choice":"Fight","damage_taken":0,"max_hp_gain":0,"max_hp_loss":0,"event_name":"Mysterious Sphere","floor":49,"gold_loss":0}],"is_beta":false,"boss_relics":[{"not_picked":["Astrolabe","Fusion Hammer"],"picked":"RobotSpaceExplorer:SearchSpecs"},{"not_picked":["Snecko Eye","Sozu"],"picked":"Busted Crown"}],"items_purged_floors":[20,46,58],"is_endless":false,"potions_floor_spawned":[1,6,7,13,24,27,30,31,42,49,52,59],"ascension_level":4}}