{"host":"l84l8xigz5v5foa2","time":1611722342,"event":{"mods":["2.2 Compatiblity","AchievementEnabler","BaseMod","Better Note","Better Vampires","Card Filter","Colored Map","DeckTracker","Downfall","Gremlin Skip","Highlight Path","Keyboard Shortcuts","Minty Spire (QoL Compilation)","Permanent Neow","Quick Restart","Relic Filter","Relic Stats","StSLib","SuperFastMode","Transform Curses","Unknown Chances"],"gold_per_floor":[15,15,15,90,105,105,105,105,105],"floor_reached":7,"language":"ENG","playtime":141,"items_purged":[],"score":78,"play_id":"fddc3352-5999-4cad-ae78-b78695ac9d66","local_time":"20210127133902","is_ascension_mode":true,"campfire_choices":[{"data":"hexamod:Float","floor":6,"key":"SMITH"}],"circlet_count":0,"master_deck":["AscendersBane","hexamod:Strike","hexamod:Strike","hexamod:Defend","hexamod:Defend","hexamod:Defend","hexamod:Sear","hexamod:Float+1","hexamod:SpectersWail","hexamod:Incineration"],"relics":["hexamod:SpiritBrand"],"acts_visited":["Exordium"],"potions_floor_usage":[],"damage_taken":[{"damage":2,"enemies":"Jaw Worm","floor":1,"turns":4},{"damage":4,"enemies":"Small Slimes","floor":5,"turns":4},{"damage":35,"enemies":"3 Sentries","floor":7,"turns":6}],"seed_played":"-6289307511773546820","potions_obtained":[],"is_trial":false,"path_per_floor":["M","?","?","?","M","R","E"],"character_chosen":"THE_SPIRIT","items_purchased":[],"campfire_rested":0,"item_purchase_floors":[],"current_hp_per_floor":[55,48,48,37,33,33,0,0,0],"gold":105,"neow_bonus":"REMOVE_TWO","is_daily":false,"chose_seed":false,"campfire_upgraded":1,"win_rate":0.0,"timestamp":1611722342,"path_taken":["M","?","?","?","?","R","E"],"items_purchased_type":[],"build_version":"2020-12-22","purchased_purges":0,"victory":false,"max_hp_per_floor":[63,63,63,63,63,63,63,63,63],"relic_stats":{"counters":[3,14],"obtain_stats":[{"hexamod:SpiritBrand":0},{"hexamod:SpiritBrand":0},{"hexamod:SpiritBrand":0}]},"card_choices":[{"not_picked":["hexamod:InspiringFlames","hexamod:Hexaguard"],"picked":"hexamod:SpectersWail","floor":1},{"not_picked":["hexamod:SuperheatedStrike","hexamod:EmpoweredFlame"],"picked":"hexamod:Incineration","floor":5}],"player_experience":3442784,"relics_obtained":[],"event_choices":[{"cards_removed":["hexamod:Strike"],"damage_healed":0,"gold_gain":0,"player_choice":"Card Removal","damage_taken":7,"max_hp_gain":0,"max_hp_loss":0,"event_name":"Golden Wing","floor":2,"gold_loss":0},{"damage_healed":0,"gold_gain":0,"player_choice":"Ignored","damage_taken":0,"max_hp_gain":0,"max_hp_loss":0,"event_name":"Liars Game","floor":3,"gold_loss":0},{"damage_healed":0,"gold_gain":75,"player_choice":"Gather Gold","damage_taken":11,"max_hp_gain":0,"max_hp_loss":0,"event_name":"World of Goop","floor":4,"gold_loss":0}],"is_beta":false,"boss_relics":[],"items_purged_floors":[],"is_endless":false,"potions_floor_spawned":[],"killed_by":"3 Sentries","ascension_level":20}}