{"host":"lnaqncbfopcj593v","time":1611777632,"event":{"mods":["AchievementEnabler","BaseMod","Colored Map","Downfall","Minty Spire (QoL Compilation)","StSLib"],"gold_per_floor":[99,114,189,189,203,220,244,244,344,344,355,355,365,400,418,418,418,418],"floor_reached":16,"language":"ENG","playtime":1153,"items_purged":[],"score":102,"play_id":"d818c11f-18a6-4a5d-bb43-85aae10150fa","local_time":"20210128050032","is_ascension_mode":false,"campfire_choices":[{"floor":1.0,"key":"RECALL"},{"data":"Slimebound:Split","floor":8.0,"key":"SMITH"},{"floor":12.0,"key":"REST"}],"circlet_count":0,"master_deck":["Slimebound:Strike_Slimebound","Slimebound:Strike_Slimebound","Slimebound:Tackle","Slimebound:Defend_Slimebound","Slimebound:Defend_Slimebound","Slimebound:Defend_Slimebound","Slimebound:Split+1","Slimebound:CorrosiveSpit","Slimebound:Repurpose","Slimebound:LeechingTouch+1","Slimebound:FlameTackle","Slimebound:BestDefense","Slimebound:MegaLick","Slimebound:GrowthPunch","Slimebound:Overexert","Slimebound:SlimeSpikes","Slimebound:DisruptingSlam"],"relics":["Slimebound:AbsorbEndCombat","Lantern","SsserpentHead","Potion Belt"],"acts_visited":["Exordium"],"potions_floor_usage":[14],"damage_taken":[{"damage":7.0,"enemies":"Cultist","floor":2.0,"turns":5.0},{"damage":8.0,"enemies":"Small Slimes","floor":5.0,"turns":4.0},{"damage":0.0,"enemies":"2 Louse","floor":6.0,"turns":3.0},{"damage":24.0,"enemies":"downfall:Heads","floor":9.0,"turns":6.0},{"damage":37.0,"enemies":"Gremlin Gang","floor":11.0,"turns":4.0},{"damage":7,"enemies":"2 Fungi Beasts","floor":13,"turns":3},{"damage":16,"enemies":"3 Sentries","floor":14,"turns":5},{"damage":1,"enemies":"Exordium Wildlife","floor":15,"turns":3},{"damage":28,"enemies":"WA_ARCHETYPE_RETAIN","floor":16,"turns":7}],"seed_played":"7960315305150631157","potions_obtained":[{"floor":2.0,"key":"Guardian:BlockOnCardUsePotion"},{"floor":6.0,"key":"SpeedPotion"},{"floor":13,"key":"Slimebound:ThreeZeroPotion"},{"floor":14,"key":"AttackPotion"}],"is_trial":false,"path_per_floor":["R","M","T","?","M","M","T","R","?","?","M","R","M","E","M","B"],"character_chosen":"SLIMEBOUND","items_purchased":[],"campfire_rested":1,"item_purchase_floors":[],"current_hp_per_floor":[65,60,60,60,56,56,56,56,40,40,9,28,23,15,20,0,0,0],"gold":418,"neow_bonus":"ONE_RANDOM_RARE_CARD","is_daily":false,"chose_seed":false,"campfire_upgraded":1,"win_rate":0.0,"timestamp":1611777632,"path_taken":["R","M","?","?","M","?","T","R","?","?","M","R","M","E","M","BOSS"],"items_purchased_type":[],"build_version":"2020-12-22","purchased_purges":0,"victory":false,"max_hp_per_floor":[65,65,65,65,65,65,65,65,65,65,65,65,65,65,65,65,65,65],"card_choices":[{"not_picked":["Slimebound:Gluttony","Slimebound:Dissolve"],"picked":"Slimebound:Repurpose","floor":2.0},{"not_picked":["Slimebound:SlimeTap","Slimebound:SlimeBrawl"],"picked":"Slimebound:LeechingTouch","floor":5.0},{"not_picked":["Slimebound:SlimeBrawl","Slimebound:SlimeTap"],"picked":"Slimebound:FlameTackle","floor":6.0},{"not_picked":["Slimebound:ItLooksTasty","Slimebound:SamplingLick"],"picked":"Slimebound:BestDefense","floor":9.0},{"not_picked":["Slimebound:MegaLick","Slimebound:SplitAcid"],"picked":"Slimebound:GrowthPunch","floor":11.0},{"not_picked":["Slimebound:SplitLeeching","Slimebound:LeechEnergy"],"picked":"Slimebound:Overexert","floor":13},{"not_picked":["Slimebound:FinishingTackle","Slimebound:LeechingTouch"],"picked":"Slimebound:SlimeSpikes","floor":14},{"not_picked":["Slimebound:Repurpose","Slimebound:Nibble"],"picked":"Slimebound:DisruptingSlam","floor":15}],"player_experience":55215,"relics_obtained":[{"floor":7.0,"key":"Lantern"},{"floor":14,"key":"Potion Belt"}],"event_choices":[{"damage_healed":0.0,"max_hp_gain":0.0,"max_hp_loss":0.0,"gold_gain":0.0,"event_name":"FaceTrader","player_choice":"Trade","floor":10.0,"gold_loss":0.0,"damage_taken":0.0,"relics_obtained":["SsserpentHead"]}],"is_beta":false,"boss_relics":[],"items_purged_floors":[],"is_endless":false,"potions_floor_spawned":[2,6,13,14],"killed_by":"WA_ARCHETYPE_RETAIN","ascension_level":0}}