{"host":"43vb3u4kiuosyd1s","time":1611750940,"event":{"mods":["BaseMod","HololiveMod","Koishi","Minty Spire (QoL Compilation)","StSLib"],"gold_per_floor":[78,89,99,99,64,64,91,91,91,101,113,128,128,138,138,233,233,247,258,288,203,214,248,248,248,272,283,301,401,415,433,433,531,531,545,1,1,14,64,99,99,127,153,153,153,153,173,192,192,192,192,192,14,14,14],"floor_reached":54,"language":"KOR","playtime":2865,"items_purged":["Writhe"],"score":971,"play_id":"0773f18a-861f-4b28-97a6-9ede903260de","local_time":"20210127213540","is_ascension_mode":false,"campfire_choices":[{"data":"Hololive_CallAmaneKanata","floor":6,"key":"SMITH"},{"data":"Hololive_CallOmaruPolka","floor":8,"key":"SMITH"},{"data":"Hololive_CallTsunomakiWatame","floor":15,"key":"SMITH"},{"data":"Hololive_BeCareful","floor":25,"key":"SMITH"},{"data":"Hololive_Thief","floor":32,"key":"SMITH"},{"data":"Hololive_SoulCatcher","floor":41,"key":"SMITH"},{"data":"Hololive_SummonFox","floor":44,"key":"SMITH"},{"data":"Hololive_Thief","floor":46,"key":"SMITH"},{"floor":49,"key":"RECALL"},{"data":"Hololive_CallShirakamiFubuki","floor":52,"key":"SMITH"}],"circlet_count":0,"master_deck":["Hololive_Sequa","Hololive_CallTokoyamiTowa","Hololive_CallTokinoSora","Hololive_Psychosis","Hololive_CallAmaneKanata+1","Hololive_CallOmaruPolka+1","Hololive_CallAkaiHaato","Hololive_CandyCastle","Hololive_SummonFox+1","Hololive_CallTsunomakiWatame+1","Hololive_FlyingPonyTail","Hololive_Thief+1","Hololive_SoulCatcher+1","Hololive_Recruit","Hololive_CallShirakamiFubuki+1","Hololive_BeCareful+1","Hololive_FlyingPonyTail+1","Hololive_StrengthChampion+1","Hololive_CandyCastle+1","Hololive_Thief+1","Hololive_ASMR"],"relics":["Hololive_TheStar","Bottled Tornado","Pandora\u0027s Box","Red Mask","Orichalcum","Lizard Tail","The Courier","Anchor","Hololive_TopUpMoneyS","Oddly Smooth Stone","Bag of Preparation","Vajra","Nunchaku","Prayer Wheel","Bronze Scales","Juzu Bracelet","MealTicket","HandDrill"],"acts_visited":["Exordium","TheCity","TheBeyond","TheEnding"],"potions_floor_usage":[33,39,50,50,54],"damage_taken":[{"damage":0,"enemies":"2 Louse","floor":1,"turns":3},{"damage":0,"enemies":"Cultist","floor":2,"turns":4},{"damage":1,"enemies":"Jaw Worm","floor":3,"turns":4},{"damage":7,"enemies":"3 Sentries","floor":7,"turns":8},{"damage":0,"enemies":"Exordium Thugs","floor":10,"turns":4},{"damage":0,"enemies":"2 Fungi Beasts","floor":11,"turns":4},{"damage":0,"enemies":"Looter","floor":12,"turns":3},{"damage":0,"enemies":"Exordium Wildlife","floor":14,"turns":3},{"damage":0,"enemies":"Slime Boss","floor":16,"turns":8},{"damage":0,"enemies":"Spheric Guardian","floor":18,"turns":3},{"damage":0,"enemies":"3 Byrds","floor":19,"turns":3},{"damage":3,"enemies":"Masked Bandits","floor":20,"turns":3},{"damage":0,"enemies":"Sentry and Sphere","floor":22,"turns":4},{"damage":0,"enemies":"Book of Stabbing","floor":23,"turns":4},{"damage":0,"enemies":"Chosen and Byrds","floor":27,"turns":5},{"damage":0,"enemies":"Snake Plant","floor":28,"turns":4},{"damage":0,"enemies":"Centurion and Healer","floor":30,"turns":3},{"damage":0,"enemies":"3 Cultists","floor":31,"turns":4},{"damage":0,"enemies":"Automaton","floor":33,"turns":6},{"damage":0,"enemies":"3 Shapes","floor":35,"turns":4},{"damage":0,"enemies":"3 Darklings","floor":38,"turns":4},{"damage":0,"enemies":"Mind Bloom Boss Battle","floor":39,"turns":4},{"damage":0,"enemies":"Reptomancer","floor":40,"turns":7},{"damage":0,"enemies":"Giant Head","floor":42,"turns":6},{"damage":0,"enemies":"Jaw Worm Horde","floor":47,"turns":4},{"damage":0,"enemies":"Maw","floor":48,"turns":4},{"damage":0,"enemies":"Time Eater","floor":50,"turns":6},{"damage":68,"enemies":"Shield and Spear","floor":54,"turns":6}],"seed_played":"2531937081316242910","potions_obtained":[{"floor":1,"key":"Weak Potion"},{"floor":10,"key":"ColorlessPotion"},{"floor":12,"key":"Ancient Potion"},{"floor":14,"key":"SkillPotion"},{"floor":16,"key":"SkillPotion"},{"floor":35,"key":"BlessingOfTheForge"},{"floor":42,"key":"Ancient Potion"},{"floor":47,"key":"EssenceOfSteel"}],"is_trial":false,"path_per_floor":["M","M","M","?","$","R","E","R","T","M","M","M","?","M","R","B",null,"M","M","?","?","M","E","?","R","T","M","M","?","M","M","R","B",null,"M","$","?","M","?","E","R","E","T","R","?","R","M","M","R","B",null,"R","$","E"],"character_chosen":"Hololive_HololiveCharacter","items_purchased":["Hololive_CandyCastle","Oddly Smooth Stone","Bag of Preparation","Vajra","Nunchaku","HandDrill","DuplicationPotion"],"campfire_rested":0,"item_purchase_floors":[5,36,36,36,36,53,53],"current_hp_per_floor":[35,35,34,34,34,34,27,27,27,27,27,27,35,35,35,35,35,35,35,32,32,32,32,32,32,32,32,32,32,32,32,32,32,35,35,35,35,35,35,35,35,35,35,35,33,33,33,33,33,33,33,33,33,0,0],"gold":14,"neow_bonus":"THREE_CARDS","is_daily":false,"chose_seed":false,"campfire_upgraded":9,"win_rate":0.0,"timestamp":1611750940,"path_taken":["M","M","M","?","$","R","E","R","T","M","M","?","?","M","R","BOSS","M","M","?","?","M","E","?","R","T","?","M","?","?","M","R","BOSS","M","$","?","M","?","E","R","E","T","R","?","R","M","M","R","BOSS","R","$","E"],"items_purchased_type":["Card","Relic","Relic","Relic","Relic","Relic","Potion"],"build_version":"2020-12-22","purchased_purges":1,"victory":false,"max_hp_per_floor":[35,35,35,35,35,35,35,35,35,35,35,35,35,35,35,35,35,35,35,35,35,35,35,35,35,35,35,35,35,35,35,35,35,35,35,35,35,35,35,35,35,35,35,35,33,33,33,33,33,33,33,33,33,33,33],"card_choices":[{"not_picked":["Hololive_LuckPotion","Hololive_Rebound"],"picked":"Hololive_Psychosis","floor":0},{"not_picked":["Hololive_Trident","Hololive_RevenueBasedLive","Hololive_Psychosis","Hololive_LuckPotion"],"picked":"SKIP","floor":1},{"not_picked":["Hololive_Psychosis","Hololive_CallArtia","Hololive_StrengthChampion"],"picked":"Hololive_CallAmaneKanata","floor":2},{"not_picked":["Hololive_Yoholoon","Hololive_LuckPotion","Hololive_CallDoris"],"picked":"Hololive_CallOmaruPolka","floor":3},{"not_picked":["Hololive_WolfAndLamb","Hololive_HuntDinosaur","Hololive_CallHoshimachiSuisei","Hololive_CallYogiri"],"picked":"SKIP","floor":7},{"not_picked":["Hololive_Watashimo","Hololive_Breathe","Hololive_CocoNews"],"picked":"Hololive_SummonFox","floor":10},{"not_picked":["Hololive_CallHimemoriLuna","Hololive_Trident","Hololive_LuckPotion"],"picked":"Hololive_CallTsunomakiWatame","floor":11},{"not_picked":["Hololive_HuntDinosaur","Hololive_Trident","Hololive_Psychosis"],"picked":"Hololive_FlyingPonyTail","floor":12},{"not_picked":["Hololive_CallMinatoAqua","Hololive_CallNakiriAyame","Hololive_OvertimeWork","Hololive_Trident"],"picked":"SKIP","floor":14},{"not_picked":["Hololive_ASMR","Hololive_Recruit","Hololive_DDD"],"picked":"Hololive_Thief","floor":16},{"not_picked":["Hololive_ManjiGathering","Hololive_OvertimeWork+1","Hololive_LuckPotion","Hololive_HuntDinosaur+1"],"picked":"SKIP","floor":18},{"not_picked":["Hololive_CallOmaruPolka","Hololive_HuntDinosaur+1","Hololive_CallYukihanaLamy","Hololive_Trident"],"picked":"SKIP","floor":19},{"not_picked":["Hololive_OvertimeWork","Hololive_CallMomosuzuNene","Hololive_StrengthChampion"],"picked":"Hololive_FlyingPonyTail+1","floor":20},{"not_picked":["Hololive_FlyingPonyTail","Hololive_CallSakuraMiko","Hololive_CallHoshimachiSuisei"],"picked":"Hololive_StrengthChampion+1","floor":22},{"not_picked":["Hololive_HuntDinosaur","Hololive_RevenueBasedLive","Hololive_Trident+1"],"picked":"Hololive_CandyCastle+1","floor":23},{"not_picked":["Hololive_StrengthChampion","Hololive_CocoNews","Hololive_Rebound","Hololive_Teleport+1"],"picked":"SKIP","floor":27},{"not_picked":["Hololive_CocoNews","Hololive_CallAyundaRisu","Hololive_Drill","Hololive_CallYogiri"],"picked":"SKIP","floor":28},{"not_picked":["Hololive_Spy","Hololive_CallYogiri","Hololive_CocoNews"],"picked":"Hololive_Thief","floor":30},{"not_picked":["Hololive_Rebound","Hololive_Trident","Hololive_FlyingPonyTail","Hololive_Recruit"],"picked":"SKIP","floor":31},{"not_picked":["Hololive_WolfAndLamb","Hololive_MaximGun","Hololive_DiamondStrike"],"picked":"Hololive_ASMR","floor":33}],"player_experience":182926,"relics_obtained":[{"floor":7,"key":"Bottled Tornado"},{"floor":20,"key":"Red Mask"},{"floor":23,"key":"Lizard Tail"},{"floor":26,"key":"Anchor"},{"floor":39,"key":"Prayer Wheel"},{"floor":40,"key":"Bronze Scales"},{"floor":42,"key":"Juzu Bracelet"},{"floor":43,"key":"MealTicket"}],"event_choices":[{"damage_healed":0,"gold_gain":0,"cards_transformed":["Hololive_CallTokoyamiTowa"],"player_choice":"Transformed","damage_taken":0,"max_hp_gain":0,"max_hp_loss":0,"event_name":"Transmorgrifier","floor":4,"gold_loss":0,"cards_obtained":["Hololive_CallAkaiHaato"]},{"cards_removed":["Hololive_CallAkiRosenthal"],"damage_healed":8,"gold_gain":0,"player_choice":"Offered Uncommon","damage_taken":0,"max_hp_gain":0,"max_hp_loss":0,"event_name":"Bonfire Elementals","floor":13,"gold_loss":0},{"damage_healed":0,"gold_gain":0,"player_choice":"Fought Bandits","damage_taken":0,"max_hp_gain":0,"max_hp_loss":0,"event_name":"Masked Bandits","floor":20,"gold_loss":0},{"damage_healed":0,"gold_gain":0,"player_choice":"Obtained Relic","damage_taken":0,"relics_obtained":["Orichalcum"],"max_hp_gain":0,"max_hp_loss":0,"event_name":"Addict","floor":21,"gold_loss":85},{"damage_healed":0,"gold_gain":0,"player_choice":"Opened","damage_taken":0,"relics_obtained":["The Courier"],"max_hp_gain":0,"max_hp_loss":0,"event_name":"The Mausoleum","floor":24,"gold_loss":0,"cards_obtained":["Writhe"]},{"damage_healed":0,"gold_gain":100,"player_choice":"Pray","damage_taken":0,"max_hp_gain":0,"max_hp_loss":0,"event_name":"Golden Shrine","floor":29,"gold_loss":0},{"cards_removed":["Hololive_CallAkiRosenthal"],"damage_healed":0,"gold_gain":0,"player_choice":"Removed Power","damage_taken":0,"max_hp_gain":0,"max_hp_loss":0,"event_name":"Falling","floor":37,"gold_loss":0},{"damage_healed":0,"gold_gain":0,"player_choice":"Fight","damage_taken":0,"max_hp_gain":0,"max_hp_loss":0,"event_name":"MindBloom","floor":39,"gold_loss":0},{"damage_healed":0,"gold_gain":0,"player_choice":"Max HP","damage_taken":0,"max_hp_gain":0,"max_hp_loss":2,"event_name":"Winding Halls","floor":45,"gold_loss":0}],"is_beta":false,"boss_relics":[{"not_picked":["Empty Cage","Ectoplasm"],"picked":"Pandora\u0027s Box"},{"not_picked":["Runic Dome","Coffee Dripper"],"picked":"Hololive_TopUpMoneyS"}],"items_purged_floors":[36],"is_endless":false,"potions_floor_spawned":[1,10,12,14,16,20,22,27,31,35,42,47],"killed_by":"Shield and Spear","ascension_level":0}}