{"host":"h4qgcirtxz6qax9j","time":1611731563,"event":{"mods":["2.2 Compatiblity","AchievementEnabler","BaseMod","Colored Powertips","Custom Start","Hermit","Marisa£¨Ùöéë¡¡Øª×âÞÞ£©","Minty Spire (QoL Compilation)","Replay The Spire","StSLib","SuperFastMode","The Servant 0.9.4"],"gold_per_floor":[117,82,59,59,72,72,72,92,118,155,172,183,198,212,212,313,313,332,346,371,384,396,396,408,408,408,408,428,428,428,428,428],"floor_reached":31,"language":"KOR","playtime":802,"items_purged":[],"score":254,"play_id":"de0de20d-c318-435c-b401-df3e97ef79b7","local_time":"20210127161243","is_ascension_mode":true,"campfire_choices":[{"data":"UpSweep","floor":6,"key":"SMITH"},{"floor":15,"key":"REST"},{"floor":23,"key":"REST"},{"floor":27,"key":"REST"}],"circlet_count":0,"master_deck":["Strike_MRS","Strike_MRS","Strike_MRS","Strike_MRS","Defend_MRS","Defend_MRS","Defend_MRS","MasterSpark","UpSweep+1","Parasite","Spreading Infection","PowerUp","6A","DoubleSpark","GalacticHalo","GalacticHalo","AsteroidBelt","LuminesStrike","PowerUp","Singularity","FinalSpark","PulseMagic+1","UltimateShortwave"],"relics":["MiniHakkero","Honey Jar","Replay:Baseball","Potion Belt","Philosopher\u0027s Stone","Red Mask","HornCleat"],"acts_visited":["Exordium","TheCity"],"potions_floor_usage":[14],"damage_taken":[{"damage":6,"enemies":"Cultist","floor":1,"turns":3},{"damage":0,"enemies":"2 Louse","floor":5,"turns":2},{"damage":2,"enemies":"Jaw Worm","floor":8,"turns":2},{"damage":0,"enemies":"Large Slime","floor":11,"turns":4},{"damage":0,"enemies":"2 Fungi Beasts","floor":12,"turns":3},{"damage":10,"enemies":"Exordium Wildlife","floor":13,"turns":4},{"damage":20,"enemies":"Exordium Thugs","floor":14,"turns":4},{"damage":50,"enemies":"Fading Forest","floor":16,"turns":11},{"damage":19,"enemies":"2 Thieves","floor":18,"turns":3},{"damage":0,"enemies":"Chosen","floor":19,"turns":3},{"damage":14,"enemies":"Masked Bandits","floor":20,"turns":3},{"damage":0,"enemies":"Centurion and Healer","floor":21,"turns":5},{"damage":28,"enemies":"Snake Plant","floor":22,"turns":4},{"damage":14,"enemies":"Chosen and Byrds","floor":24,"turns":4},{"damage":5,"enemies":"Snecko","floor":28,"turns":4},{"damage":43,"enemies":"Cultist and Chosen","floor":31,"turns":8}],"seed_played":"-7561331262602739408","potions_obtained":[{"floor":1,"key":"Explosive Potion"},{"floor":10,"key":"FairyPotion"},{"floor":10,"key":"FearPotion"},{"floor":10,"key":"ShroomBrew"},{"floor":12,"key":"SteroidPotion"},{"floor":16,"key":"DuplicationPotion"},{"floor":19,"key":"DistilledChaos"},{"floor":21,"key":"BlessingOfTheForge"}],"is_trial":false,"path_per_floor":["M","?","$","?","M","R","?","M","T","?","M","M","M","M","R","B",null,"M","M","?","M","M","R","M","?","T","R","M","?","$","M"],"character_chosen":"MARISA","items_purchased":["6A"],"campfire_rested":3,"item_purchase_floors":[3],"current_hp_per_floor":[69,75,75,75,75,75,57,55,55,25,25,25,15,22,44,18,75,56,56,42,42,14,36,22,22,22,44,39,39,39,0,0],"gold":428,"neow_bonus":"CURSED_BOSS_RELIC","is_daily":false,"chose_seed":false,"campfire_upgraded":1,"win_rate":0.0,"timestamp":1611731563,"path_taken":["M","?","$","?","?","R","?","M","T","?","M","M","M","?","R","BOSS","M","M","?","M","M","R","M","?","T","R","M","?","$","M"],"items_purchased_type":["Card"],"build_version":"2020-12-22","purchased_purges":0,"victory":false,"max_hp_per_floor":[75,75,75,75,75,75,75,75,75,75,75,75,75,75,75,75,75,75,75,75,75,75,75,75,75,75,75,75,75,75,75,75],"card_choices":[{"not_picked":["GravityBeat","SprinkleStarSeal","MagicChant"],"picked":"PowerUp","floor":1},{"not_picked":["MilkyWay","MysteriousBeam","IllusionStar"],"picked":"DoubleSpark","floor":5},{"not_picked":["GrandCross","DC","AsteroidBelt"],"picked":"GalacticHalo","floor":8},{"not_picked":["LuminesStrike","EnergyRecoil","StarlightTyphoon"],"picked":"GalacticHalo","floor":10},{"not_picked":["ShootingEcho","LuminesStrike","MeteoricShower"],"picked":"AsteroidBelt","floor":11},{"not_picked":["AbsoluteMagnitude","Singularity","IllusionStar"],"picked":"LuminesStrike","floor":12},{"not_picked":["PropBag","MilkyWay","ChargeUpSpray"],"picked":"PowerUp","floor":13},{"not_picked":["FairyDestructionRay","SporeBomb","IllusionStar"],"picked":"Singularity","floor":14},{"not_picked":["TreasureHunter","BigCrunch","CasketOfStar"],"picked":"FinalSpark","floor":16},{"not_picked":["PowerUp","NonDirectionalLaser","IllusionStar"],"picked":"PulseMagic+1","floor":18},{"not_picked":["GalacticHalo","6A","OneTimeOff","GrandCross"],"picked":"SKIP","floor":19},{"not_picked":["GrandCross","WitchLeyline+1","WitchOfGreed","SuperPerseids"],"picked":"SKIP","floor":21},{"not_picked":["GalacticHalo","EnergyRecoil+1","GrandCross","DarkMatter"],"picked":"SKIP","floor":22},{"not_picked":["PowerUp","IllusionStar","NonDirectionalLaser+1","StarBarrage+1"],"picked":"SKIP","floor":24},{"not_picked":["AsteroidBelt+1","GravityBeat","Acceleration"],"picked":"UltimateShortwave","floor":28}],"player_experience":123295,"relics_obtained":[{"floor":9,"key":"Potion Belt"},{"floor":20,"key":"Red Mask"},{"floor":26,"key":"HornCleat"}],"event_choices":[{"damage_healed":18,"gold_gain":0,"player_choice":"Healed","damage_taken":0,"max_hp_gain":0,"max_hp_loss":0,"event_name":"The Cleric","floor":2,"gold_loss":35},{"cards_removed":["Defend_MRS"],"damage_healed":0,"gold_gain":0,"player_choice":"Purged","damage_taken":0,"max_hp_gain":0,"max_hp_loss":0,"event_name":"Purifier","floor":4,"gold_loss":0},{"damage_healed":0,"gold_gain":0,"player_choice":"Success","damage_taken":18,"relics_obtained":["Replay:Baseball"],"max_hp_gain":0,"max_hp_loss":0,"event_name":"Scrap Ooze","floor":7,"gold_loss":0},{"damage_healed":0,"gold_gain":0,"player_choice":"Fought Bandits","damage_taken":0,"max_hp_gain":0,"max_hp_loss":0,"event_name":"Masked Bandits","floor":20,"gold_loss":0},{"damage_healed":0,"gold_gain":0,"player_choice":"Ignored","damage_taken":0,"max_hp_gain":0,"max_hp_loss":0,"event_name":"Beggar","floor":25,"gold_loss":0},{"damage_healed":0,"gold_gain":0,"player_choice":"Ignored","damage_taken":0,"max_hp_gain":0,"max_hp_loss":0,"event_name":"Vampires","floor":29,"gold_loss":0}],"is_beta":false,"boss_relics":[{"not_picked":["Velvet Choker","SacredBark"],"picked":"Philosopher\u0027s Stone"}],"items_purged_floors":[],"is_endless":false,"potions_floor_spawned":[1,12,16,19,21,24],"killed_by":"Cultist and Chosen","ascension_level":2}}