{"host":"o6j8h35axmoodbwy","time":1611758942,"event":{"mods":["2.2 Compatiblity","Act Like it!","BaseMod","Colored Map","Colored Powertips","Gensokyo","MarisaÅiñ∂âJÅ@ñÇóùçπÅj","Minty Spire (QoL Compilation)","Prisma Mod","Quick Restart","Shop Mod","StSLib","SuperFastMode","Td1madao Mod"],"gold_per_floor":[109,71,71,82,82,116,116,8,8,8,22,48,48,48,48,121,121,138,63,63,63,63,63,94,94,169,169,194,194,229,243,243,320,320,336,336,98,118,118,118,66,66,148,165,165,182,196,210,210,210],"floor_reached":51,"language":"JPN","playtime":2322,"items_purged":["Strike_R"],"score":1268,"play_id":"ecccaf4f-0f40-4706-a6b5-dc82ecc203c5","local_time":"20210127234902","is_ascension_mode":true,"campfire_choices":[{"data":"Blood for Blood","floor":7,"key":"SMITH"},{"data":"Whirlwind","floor":10,"key":"SMITH"},{"data":"Flame Barrier","floor":15,"key":"SMITH"},{"data":"Limit Break","floor":23,"key":"SMITH"},{"data":"Heavy Blade","floor":25,"key":"SMITH"},{"data":"Shrug It Off","floor":27,"key":"SMITH"},{"data":"Exhume","floor":29,"key":"SMITH"},{"floor":32,"key":"REST"},{"data":"Defend_R","floor":40,"key":"SMITH"},{"data":"Defend_R","floor":45,"key":"SMITH"},{"floor":49,"key":"REST"}],"circlet_count":0,"master_deck":["AscendersBane","Strike_R","Defend_R+1","Defend_R+1","Defend_R","Defend_R","Bash","Shrug It Off+1","Flame Barrier+1","Blood for Blood+1","Headbutt","Spot Weakness","Whirlwind+1","Inflame","Fire Breathing","Limit Break+1","Heavy Blade+1","Shockwave","Exhume+1","Sword Boomerang+1","Battle Trance+1","Pommel Strike+1","Immolate+1","CurseOfTheBell","Intimidate+1","Rage+1","Shrug It Off+1","Apotheosis+1","Shrug It Off+1","True Grit+1","Mayhem","Feel No Pain+1","Seeing Red+1","Body Slam+1","Power Through+1","Impervious+1"],"relics":["Burning Blood","NeowsBlessing","Orichalcum","Art of War","Darkstone Periapt","Singing Bowl","Mummified Hand","Mark of Pain","White Beast Statue","Molten Egg 2","Toxic Egg 2","Prayer Wheel","Red Mask","Calling Bell","Lantern","Pantograph","Champion Belt","StrikeDummy"],"acts_visited":["Exordium","TheCity","TheBeyond"],"potions_floor_usage":[16,24,24,28,28,33,35,50],"damage_taken":[{"damage":0,"enemies":"Small Slimes","floor":1,"turns":1},{"damage":0,"enemies":"2 Louse","floor":4,"turns":2},{"damage":0,"enemies":"3 Sentries","floor":6,"turns":2},{"damage":0,"enemies":"Cultist","floor":11,"turns":3},{"damage":18,"enemies":"Gremlin Nob","floor":12,"turns":5},{"damage":30,"enemies":"The Guardian","floor":16,"turns":9},{"damage":0,"enemies":"3 Byrds","floor":18,"turns":4},{"damage":15,"enemies":"Slavers","floor":24,"turns":3},{"damage":15,"enemies":"Book of Stabbing","floor":28,"turns":4},{"damage":29,"enemies":"Masked Bandits","floor":30,"turns":4},{"damage":9,"enemies":"Shell Parasite","floor":31,"turns":4},{"damage":23,"enemies":"Champ","floor":33,"turns":7},{"damage":31,"enemies":"3 Shapes","floor":35,"turns":4},{"damage":4,"enemies":"Orb Walker","floor":38,"turns":4},{"damage":6,"enemies":"Maw","floor":44,"turns":7},{"damage":0,"enemies":"4 Shapes","floor":46,"turns":5},{"damage":0,"enemies":"3 Darklings","floor":47,"turns":4},{"damage":28,"enemies":"Sphere and 2 Shapes","floor":48,"turns":4},{"damage":95,"enemies":"Donu and Deca","floor":50,"turns":10}],"seed_played":"5299386772305769964","potions_obtained":[{"floor":11,"key":"LiquidMemories"},{"floor":12,"key":"DuplicationPotion"},{"floor":24,"key":"EntropicBrew"},{"floor":28,"key":"FairyPotion"},{"floor":30,"key":"EssenceOfSteel"},{"floor":33,"key":"SpeedPotion"},{"floor":35,"key":"Weak Potion"},{"floor":36,"key":"SmokeBomb"},{"floor":47,"key":"Strength Potion"}],"is_trial":false,"path_per_floor":["M","$","?","M","?","E","R","$","T","R","M","E","?","T","R","B",null,"M","$","T","?","?","R","E","R","T","R","E","R","?","M","R","B",null,"M","?","$","M","?","R","$","?","T","M","R","M","M","M","R","B",null],"character_chosen":"IRONCLAD","items_purchased":["Flame Barrier","Spot Weakness","Whirlwind","Shrug It Off+1","Apotheosis+1","True Grit+1"],"campfire_rested":2,"item_purchase_floors":[2,8,8,37,37,41],"current_hp_per_floor":[74,74,79,80,73,79,79,79,79,79,80,68,68,68,68,44,71,79,79,79,79,79,79,70,70,70,70,61,61,40,39,64,47,82,57,57,57,61,61,61,61,61,61,63,63,69,77,57,87,11],"gold":210,"neow_bonus":"THREE_ENEMY_KILL","is_daily":false,"chose_seed":false,"campfire_upgraded":9,"win_rate":0.0,"timestamp":1611758942,"path_taken":["M","$","?","M","?","E","R","$","T","R","M","E","?","?","R","BOSS","M","$","?","?","?","R","E","R","T","R","E","R","?","M","R","BOSS","M","?","$","?","?","R","?","?","T","M","R","M","M","M","R","BOSS"],"items_purchased_type":["Card","Card","Card","Card","Card","Card"],"build_version":"2020-12-22","purchased_purges":1,"victory":true,"max_hp_per_floor":[75,75,80,80,80,80,80,80,80,80,80,80,80,80,80,80,80,82,82,82,82,82,82,82,82,82,82,82,82,84,86,86,86,92,92,92,92,94,94,94,94,94,94,96,96,96,98,100,100,100],"card_choices":[{"not_picked":["Armaments","Warcry"],"picked":"Shrug It Off","floor":1},{"not_picked":["Havoc","Anger"],"picked":"Blood for Blood","floor":4},{"not_picked":["Hemokinesis","Wild Strike"],"picked":"Headbutt","floor":6},{"not_picked":["Thunderclap","Rage"],"picked":"Inflame","floor":11},{"not_picked":["Anger","Dropkick"],"picked":"Fire Breathing","floor":12},{"not_picked":["Double Tap","Fiend Fire"],"picked":"Limit Break","floor":16},{"not_picked":["Armaments+1","Havoc+1","Warcry"],"picked":"Singing Bowl","floor":18},{"not_picked":["Hemokinesis+1","Corruption"],"picked":"Sword Boomerang+1","floor":24},{"not_picked":["Whirlwind+1","Thunderclap+1"],"picked":"Battle Trance+1","floor":28},{"not_picked":["Reckless Charge+1","Warcry+1","Cleave+1"],"picked":"Singing Bowl","floor":30},{"not_picked":["Uppercut+1","Heavy Blade+1","Headbutt+1"],"picked":"Singing Bowl","floor":31},{"not_picked":["Searing Blow+1","Armaments+1"],"picked":"Pommel Strike+1","floor":31},{"not_picked":["Exhume+1","Demon Form"],"picked":"Immolate+1","floor":33},{"not_picked":["Anger+1","Clothesline+1"],"picked":"Intimidate+1","floor":35},{"not_picked":["Perfected Strike+1","Warcry+1"],"picked":"Rage+1","floor":35},{"not_picked":["Sentinel+1","Rampage+1"],"picked":"Shrug It Off+1","floor":38},{"not_picked":["Blood for Blood+1","Clash+1","Perfected Strike+1"],"picked":"Singing Bowl","floor":38},{"not_picked":["Finesse+1","Discovery+1"],"picked":"Mayhem","floor":42},{"not_picked":["Heavy Blade+1","Wild Strike+1"],"picked":"Feel No Pain+1","floor":44},{"not_picked":["Twin Strike+1","Anger+1","Uppercut+1"],"picked":"Singing Bowl","floor":44},{"not_picked":["Battle Trance+1","Searing Blow+1"],"picked":"Seeing Red+1","floor":46},{"not_picked":["Rampage+1","Twin Strike+1"],"picked":"Body Slam+1","floor":46},{"not_picked":["Pommel Strike+1","Clothesline+1","Havoc+1"],"picked":"Singing Bowl","floor":47},{"not_picked":["Intimidate+1","Shrug It Off+1"],"picked":"Power Through+1","floor":47},{"not_picked":["Body Slam+1","Whirlwind+1","Sword Boomerang+1"],"picked":"Singing Bowl","floor":48},{"not_picked":["Perfected Strike+1","Pommel Strike+1"],"picked":"Impervious+1","floor":48}],"player_experience":597683,"relics_obtained":[{"floor":6,"key":"Art of War"},{"floor":9,"key":"Darkstone Periapt"},{"floor":12,"key":"Singing Bowl"},{"floor":14,"key":"Mummified Hand"},{"floor":20,"key":"White Beast Statue"},{"floor":24,"key":"Molten Egg 2"},{"floor":26,"key":"Toxic Egg 2"},{"floor":28,"key":"Prayer Wheel"},{"floor":30,"key":"Red Mask"},{"floor":34,"key":"Lantern"},{"floor":34,"key":"Pantograph"},{"floor":34,"key":"Champion Belt"},{"floor":43,"key":"StrikeDummy"}],"event_choices":[{"damage_healed":0,"gold_gain":0,"player_choice":"Donut","damage_taken":0,"max_hp_gain":5,"max_hp_loss":0,"event_name":"Big Fish","floor":3,"gold_loss":0},{"damage_healed":0,"gold_gain":0,"player_choice":"Success","damage_taken":7,"relics_obtained":["Orichalcum"],"max_hp_gain":0,"max_hp_loss":0,"event_name":"Scrap Ooze","floor":5,"gold_loss":0},{"damage_healed":0,"gold_gain":0,"cards_transformed":["Strike_R"],"player_choice":"Change","damage_taken":0,"max_hp_gain":0,"max_hp_loss":0,"event_name":"Living Wall","floor":13,"gold_loss":0,"cards_obtained":["Spot Weakness"]},{"damage_healed":0,"gold_gain":0,"player_choice":"Read","damage_taken":0,"max_hp_gain":0,"max_hp_loss":0,"event_name":"The Library","floor":21,"gold_loss":0,"cards_obtained":["Heavy Blade"]},{"damage_healed":0,"gold_gain":0,"cards_transformed":["Spot Weakness","Strike_R"],"player_choice":"Became Test Subject","damage_taken":0,"max_hp_gain":0,"max_hp_loss":0,"event_name":"Drug Dealer","floor":22,"gold_loss":0,"cards_obtained":["Shockwave","Exhume"]},{"damage_healed":0,"gold_gain":0,"player_choice":"Fought Bandits","damage_taken":0,"max_hp_gain":0,"max_hp_loss":0,"event_name":"Masked Bandits","floor":30,"gold_loss":0},{"damage_healed":0,"gold_gain":0,"player_choice":"Got Potions","damage_taken":0,"max_hp_gain":0,"max_hp_loss":0,"event_name":"Lab","floor":36,"gold_loss":0},{"cards_removed":["Strike_R"],"damage_healed":0,"gold_gain":0,"player_choice":"Removed Attack","damage_taken":0,"max_hp_gain":0,"max_hp_loss":0,"event_name":"Falling","floor":39,"gold_loss":0},{"damage_healed":0,"gold_gain":0,"player_choice":"Memory 1","damage_taken":0,"max_hp_gain":0,"max_hp_loss":0,"event_name":"SensoryStone","floor":42,"gold_loss":0}],"is_beta":false,"boss_relics":[{"not_picked":["SacredBark","Pandora\u0027s Box"],"picked":"Mark of Pain"},{"not_picked":["Black Star","Runic Dome"],"picked":"Calling Bell"}],"items_purged_floors":[19],"is_endless":false,"potions_floor_spawned":[11,12,24,28,30,31,33,35,38,44,46,47,48],"ascension_level":14}}