{"host":"1gh1pdv85cipbjj7","time":1611788352,"event":{"mods":["BaseMod","Colored Map","Downfall","GifTheSpireLib","Infinite Spire","Minty Spire (QoL Compilation)","Permanent Neow","StSLib","The Jungle"],"gold_per_floor":[99,112,129,141,153,185,185,185,72,86,86,106,106,116,134,234,234,234,250,250,250,262,287,287,305,305,305,317,317,330,315,326,431,431,431,447,458,154,173,203,229,229,229,229,229,156,171,184,200,200],"floor_reached":51,"language":"ENG","playtime":5458,"items_purged":["champ:Strike","champ:Defend","champ:Defend+1"],"score":680,"play_id":"3594719d-c1a9-4839-923c-8b437804876d","local_time":"20210127165912","is_ascension_mode":false,"campfire_choices":[{"data":"champ:GladiatorForm","floor":1,"key":"SMITH"},{"floor":8,"key":"REST"},{"data":"champ:Taunt","floor":11,"key":"SMITH"},{"floor":13,"key":"REST"},{"data":"champ:ShieldWall","floor":18,"key":"SMITH"},{"data":"infinitespire:Punishment","floor":35,"key":"SMITH"},{"data":"champ:ShieldWall","floor":42,"key":"SMITH"},{"data":"champ:FaceSlap","floor":44,"key":"SMITH"}],"circlet_count":0,"master_deck":["champ:Execute","champ:Taunt+1","champ:GladiatorForm+1","champ:CalledShot","champ:PreciseThrust","champ:CrookedStrike","champ:Haymaker","champ:VampiricStrike","champ:FlashCut","champ:AdrenalArmor+1","champ:Lariat+1","champ:ShieldWall+1","champ:TornadoPunch","champ:UltimateStance+1","champ:Endure+1","champ:Endure+1","champ:HoldFirm+1","champ:FocusedDefense+1","champ:BringItOn+1","champ:ShieldWall+1","infinitespire:Punishment+1","champ:ShieldSlam+1","champ:RecklessLeap","champ:EnGarde+1","champ:FaceSlap+1","champ:IronFortress+1","champ:Circumvent","champ:StanceDance+1"],"relics":["champ:ChampionCrown","infinitespire:ShieldingShard","Astrolabe","downfall:RedIOU","champ:BerserkersGuideToSlaughter","Vajra","Thread and Needle","War Paint","infinitespire:BottledMercury","Empty Cage","Pen Nib","Eternal Feather","Nunchaku","Gremlin Horn","HandDrill","infinitespire:Satchel"],"acts_visited":["Exordium","TheCity","TheBeyond"],"potions_floor_usage":[6,6,23,25,33,50,50],"damage_taken":[{"damage":13,"enemies":"2 Louse","floor":2,"turns":5},{"damage":27,"enemies":"Jaw Worm","floor":3,"turns":7},{"damage":20,"enemies":"Small Slimes","floor":4,"turns":3},{"damage":35,"enemies":"Exordium Thugs","floor":5,"turns":5},{"damage":25,"enemies":"Gremlin Nob","floor":6,"turns":4},{"damage":17,"enemies":"downfall:FleeingMerchant","floor":9,"turns":4},{"damage":7,"enemies":"Red Slaver","floor":10,"turns":2},{"damage":18,"enemies":"Large Slime","floor":12,"turns":7},{"damage":18,"enemies":"2 Fungi Beasts","floor":14,"turns":3},{"damage":7,"enemies":"Lots of Slimes","floor":15,"turns":4},{"damage":13,"enemies":"WA_ARCHETYPE_RETAIN","floor":16,"turns":10},{"damage":14,"enemies":"Shell Parasite","floor":19,"turns":4},{"damage":23,"enemies":"Cultist and Chosen","floor":22,"turns":6},{"damage":4,"enemies":"Slavers","floor":23,"turns":6},{"damage":4,"enemies":"Sentry and Sphere","floor":25,"turns":7},{"damage":11,"enemies":"Snake Plant","floor":28,"turns":3},{"damage":0,"enemies":"Snecko","floor":30,"turns":4},{"damage":0,"enemies":"downfall:FleeingMerchant","floor":31,"turns":4},{"damage":7,"enemies":"Chosen and Byrds","floor":32,"turns":7},{"damage":54,"enemies":"IC_MUSHROOM_ARCHETYPE","floor":33,"turns":6},{"damage":0,"enemies":"3 Shapes","floor":36,"turns":4},{"damage":8,"enemies":"Orb Walker","floor":37,"turns":4},{"damage":0,"enemies":"downfall:FleeingMerchant","floor":38,"turns":4},{"damage":23,"enemies":"Maw","floor":39,"turns":7},{"damage":46,"enemies":"Giant Head","floor":40,"turns":11},{"damage":26,"enemies":"downfall:FleeingMerchant","floor":46,"turns":4},{"damage":28,"enemies":"Writhing Mass","floor":47,"turns":5},{"damage":0,"enemies":"4 Shapes","floor":48,"turns":5},{"damage":6,"enemies":"Sphere and 2 Shapes","floor":49,"turns":5},{"damage":13,"enemies":"DF_ARCHETYPE_ORBS","floor":50,"turns":9}],"seed_played":"-340684874792254543","potions_obtained":[{"floor":2,"key":"FearPotion"},{"floor":5,"key":"ColorlessPotion"},{"floor":10,"key":"BlessingOfTheForge"},{"floor":12,"key":"EssenceOfSteel"},{"floor":14,"key":"infinitespire:BlackPotion"},{"floor":23,"key":"Fire Potion"},{"floor":28,"key":"SpeedPotion"},{"floor":30,"key":"PowerPotion"},{"floor":33,"key":"champ:CounterPotion"}],"is_trial":false,"path_per_floor":["R","M","M","M","M","E","T","R","$","M","R","M","R","M","M","B",null,"R","M","?","?","M","E","T","M","AVR","T","M","?","M","$","M","B",null,"R","M","M","$","M","E","T","R","AVR","R","?","$","M","M","M","B",null],"character_chosen":"THE_CHAMP","items_purchased":["champ:AdrenalArmor+1","Pen Nib","champ:IronFortress","HandDrill","infinitespire:Satchel"],"campfire_rested":2,"item_purchase_floors":[9,38,38,46,46],"current_hp_per_floor":[90,87,85,85,70,55,55,82,85,88,88,70,90,90,90,77,90,90,90,90,90,90,86,86,90,90,90,79,79,79,79,72,63,90,90,90,90,90,90,59,59,74,74,89,89,90,72,87,90,90],"gold":200,"neow_bonus":"ONE_RANDOM_RARE_CARD","is_daily":false,"chose_seed":false,"campfire_upgraded":6,"win_rate":0.0,"timestamp":1611788352,"path_taken":["R","M","M","M","M","E","T","R","$","M","R","M","R","M","M","BOSS","R","M","?","?","M","E","T","M","AVR","?","M","?","?","$","M","BOSS","R","M","M","$","?","E","T","R","AVR","R","?","?","M","M","M","BOSS"],"items_purchased_type":["Card","Relic","Card","Relic","Relic"],"build_version":"2020-12-22","purchased_purges":3,"victory":true,"max_hp_per_floor":[90,90,90,90,90,90,90,90,90,90,90,90,90,90,90,90,90,90,90,90,90,90,90,90,90,90,90,90,90,90,90,90,90,90,90,90,90,90,90,90,90,90,90,90,90,90,90,90,90,90],"card_choices":[{"not_picked":["champ:Encircle","champ:FanOfKnives"],"picked":"champ:CalledShot","floor":2},{"not_picked":["champ:BladeFlurry","champ:AdrenalArmor"],"picked":"champ:PreciseThrust","floor":3},{"not_picked":["champ:BringItOn","champ:BerserkersShout"],"picked":"champ:CrookedStrike","floor":4},{"not_picked":["champ:BladeFlurry","champ:FocusedDefense"],"picked":"champ:Haymaker","floor":5},{"not_picked":["champ:Parry","champ:Encircle"],"picked":"champ:VampiricStrike","floor":6},{"not_picked":["champ:Encircle","champ:FocusedDefense+1"],"picked":"champ:FlashCut","floor":9},{"not_picked":["champ:GladiatorStyle","champ:RisingSlash"],"picked":"champ:Lariat+1","floor":10},{"not_picked":["champ:Haymaker","champ:FlashCut","champ:CrownThrow"],"picked":"SKIP","floor":12},{"not_picked":["champ:Backstep+1","champ:Circumvent+1"],"picked":"champ:ShieldWall","floor":14},{"not_picked":["champ:FancyFootwork+1","champ:PreemptiveStrike"],"picked":"champ:TornadoPunch","floor":15},{"not_picked":["champ:LastStand","champ:TripleStrike"],"picked":"champ:UltimateStance+1","floor":16},{"not_picked":["champ:DefensiveShout+1","champ:RecklessLeap"],"picked":"champ:FocusedDefense+1","floor":19},{"not_picked":["champ:Endure","champ:GutPunch"],"picked":"champ:BringItOn","floor":22},{"not_picked":["champ:AdrenalArmor","champ:CheapShot"],"picked":"champ:ShieldWall","floor":23},{"not_picked":["champ:ShieldWall","champ:BladeFlurry","champ:PreciseThrust"],"picked":"SKIP","floor":25},{"not_picked":["champ:EnGarde+1","champ:SetATrap+1"],"picked":"champ:ShieldSlam+1","floor":28},{"not_picked":["champ:BringItOn","champ:RapidStrikes","champ:GutPunch+1"],"picked":"SKIP","floor":30},{"not_picked":["champ:CrownThrow+1","champ:ShieldSlam"],"picked":"champ:RecklessLeap","floor":31},{"not_picked":["champ:DeathBlow+1","champ:Encircle"],"picked":"champ:EnGarde+1","floor":32},{"not_picked":["champ:FlashCut","champ:PerfectedStrike","champ:EndlessRage"],"picked":"SKIP","floor":36},{"not_picked":["champ:FocusedDefense+1","champ:StrikeOfGenius","champ:TornadoPunch"],"picked":"SKIP","floor":37},{"not_picked":["champ:VampiricStrike","champ:PreciseThrust"],"picked":"champ:FaceSlap","floor":38},{"not_picked":["champ:TornadoPunch","champ:Parry","champ:Lariat+1"],"picked":"SKIP","floor":39},{"not_picked":["champ:TornadoPunch","champ:BladeFlurry","champ:CrownThrow+1"],"picked":"SKIP","floor":40},{"not_picked":["champ:Shatter+1","champ:GutPunch+1"],"picked":"champ:Circumvent","floor":46},{"not_picked":["champ:EnragedBash+1","champ:SteelEdge"],"picked":"champ:StanceDance+1","floor":47},{"not_picked":["champ:CrookedStrike+1","champ:ShieldWall+1","champ:CalledShot+1"],"picked":"SKIP","floor":48},{"not_picked":["champ:BerserkersShout+1","champ:Backstep+1","champ:RapidStrikes"],"picked":"SKIP","floor":49}],"player_experience":759898,"relics_obtained":[{"floor":6,"key":"infinitespire:ShieldingShard"},{"floor":7,"key":"Toxic Egg 2"},{"floor":23,"key":"Vajra"},{"floor":24,"key":"Thread and Needle"},{"floor":27,"key":"infinitespire:BottledMercury"},{"floor":40,"key":"Eternal Feather"},{"floor":41,"key":"Nunchaku"}],"event_choices":[{"damage_healed":0,"gold_gain":0,"player_choice":"Forge","damage_taken":0,"max_hp_gain":0,"max_hp_loss":0,"event_name":"Accursed Blacksmith","floor":45,"gold_loss":0,"cards_upgraded":["champ:IronFortress"]}],"is_beta":false,"boss_relics":[{"not_picked":["SlaversCollar","Coffee Dripper"],"picked":"Astrolabe"},{"not_picked":["Runic Dome","infinitespire:Cupcake"],"picked":"Empty Cage"}],"items_purged_floors":[9,38,46],"is_endless":false,"potions_floor_spawned":[2,5,10,12,14,15,23,28,30,33,39,40,47,48,49],"ascension_level":0}}