{"host":"2q4w55ev63ot6isg","time":1611767842,"event":{"mods":["Aspiration","BaseMod","Downfall","Hubris","Marisa????????","Minty Spire (QoL Compilation)","Replay The Spire","StSLib","The Cursed","The Jungle","The Servant 0.9.4"],"gold_per_floor":[115,115,115,115,134,134,134,150,200,235,160,185,203,221,221,321,321,340,340,265,316,336,364,380,380,428,456,456,476,476,81,81,186,186,203,78,128,157,178,178,221,221,295,369,369,369,1,16,16,42],"floor_reached":51,"language":"ENG","playtime":1582,"items_purged":["Defend_P","Strike_P","Ball Lightning","downfall:Haunted"],"score":855,"play_id":"255befcb-10b7-4391-a0e0-0c0992220e2f","local_time":"20210127091722","is_ascension_mode":true,"campfire_choices":[{"data":"WheelKick","floor":6,"key":"SMITH"},{"data":"Vault","floor":15,"key":"SMITH"},{"data":"MasterReality","floor":25,"key":"SMITH"},{"floor":30,"key":"REST"},{"data":"Hyperbeam","floor":32,"key":"SMITH"},{"data":"Devotion","floor":40,"key":"SMITH"},{"data":"hubris:DuctTapeCard","floor":49,"key":"SMITH"}],"circlet_count":0,"master_deck":["Defend_P+1","Defend_P+1","Eruption+1","Vigilance","WheelKick+1","WreathOfFlame+1","Worship","Protect","Evaluate","Vault+1","MasterReality+1","Hyperbeam+1","Replay:BluntJabs","Devotion+1","ThirdEye+1","Sickly","Conserve Battery","Conserve Battery+1","Panic Button","hubris:DuctTapeCard+2","Finesse","Dramatic Entrance","downfall:Haunted","hubris:Despair","Midas Touch","Normality"],"relics":["PureWater","aspiration:Nostalgia","Ring of the Snake","Tiny Chest","Happy Flower","Replay:Baseball","aspiration:DefectSkillbook","hubris:SlimyHat","Juzu Bracelet","aspiration:HiddenCompartment","Pen Nib","Torii","Cursed Key","Ring of Greed","Membership Card","Replay:Bandana","hubris:DuctTape","Mirror","hubris:TinFlute","hubris:Icosahedron","Bag of Marbles","hubris:SphereOfDissonance","TheAbacus"],"acts_visited":["Exordium","TheCity","TheBeyond"],"potions_floor_usage":[16,18,22,27,33,33,41],"damage_taken":[{"damage":2,"enemies":"2 Louse","floor":1,"turns":3},{"damage":0,"enemies":"Jaw Worm","floor":5,"turns":4},{"damage":0,"enemies":"Small Slimes","floor":8,"turns":2},{"damage":0,"enemies":"Gremlin Nob","floor":10,"turns":2},{"damage":0,"enemies":"Lagavulin","floor":12,"turns":3},{"damage":0,"enemies":"Blue Slaver","floor":13,"turns":5},{"damage":3,"enemies":"Exordium Wildlife","floor":14,"turns":4},{"damage":0,"enemies":"Slime Boss","floor":16,"turns":4},{"damage":0,"enemies":"Shell Parasite","floor":18,"turns":2},{"damage":0,"enemies":"2 Thieves","floor":22,"turns":2},{"damage":5,"enemies":"Slavers","floor":23,"turns":8},{"damage":0,"enemies":"Sentry and Sphere","floor":24,"turns":4},{"damage":0,"enemies":"Replay:Snechameleon","floor":27,"turns":2},{"damage":36,"enemies":"Centurion and Healer","floor":29,"turns":2},{"damage":2,"enemies":"Champ","floor":33,"turns":7},{"damage":1,"enemies":"3 Darklings","floor":35,"turns":2},{"damage":0,"enemies":"3 Shapes","floor":38,"turns":3},{"damage":0,"enemies":"Sphere and 2 Shapes","floor":39,"turns":1},{"damage":1,"enemies":"Reptomancer","floor":41,"turns":4},{"damage":0,"enemies":"Spire Growth","floor":48,"turns":3},{"damage":33,"enemies":"Replay:Hell Engine","floor":50,"turns":4}],"seed_played":"-7088041482565613978","potions_obtained":[{"floor":1,"key":"GamblersBrew"},{"floor":8,"key":"Adrenaline Potion"},{"floor":14,"key":"Strength Potion"},{"floor":16,"key":"hexamod:SoulburnPotion"},{"floor":18,"key":"LiquidBronze"},{"floor":23,"key":"GamblersBrew"},{"floor":33,"key":"DuplicationPotion"},{"floor":35,"key":"sneckomod:MuddlingPotion"},{"floor":38,"key":"Weak Potion"}],"is_trial":false,"path_per_floor":["M","?","?","?","M","R","?","M","T","E","$","E","M","M","R","B",null,"M","?","?","T","M","E","M","R","T","E","?","M","R","$","R","B",null,"M","$","?","M","M","R","E","?","T","T","?","?","$","M","R","B",null],"character_chosen":"WATCHER","items_purchased":["Torii","hubris:SphereOfDissonance","TheAbacus","Midas Touch"],"campfire_rested":1,"item_purchase_floors":[31,47,47,47],"current_hp_per_floor":[70,70,56,56,56,56,56,56,56,56,56,56,56,53,53,53,72,72,72,72,72,72,67,67,67,67,67,67,31,52,52,52,50,72,71,71,71,71,71,71,70,65,65,65,65,65,65,65,65,32],"gold":42,"neow_bonus":"NOSTALGIA","is_daily":false,"chose_seed":false,"campfire_upgraded":6,"win_rate":0.0,"timestamp":1611767842,"path_taken":["M","?","?","?","M","R","?","M","T","E","$","E","?","M","R","BOSS","M","?","?","?","M","E","M","R","T","E","?","M","R","$","R","BOSS","M","$","?","M","M","R","E","?","T","?","?","?","$","M","R","BOSS"],"items_purchased_type":["Relic","Relic","Relic","Card"],"build_version":"2020-12-22","purchased_purges":4,"victory":true,"max_hp_per_floor":[72,72,72,72,72,72,72,72,72,72,72,72,72,72,72,72,72,72,72,72,72,72,72,72,72,72,72,72,72,72,72,72,72,72,72,72,72,72,72,72,72,72,72,72,72,72,72,72,72,72],"card_choices":[{"not_picked":["Collect","Replay:DivineShield"],"picked":"WheelKick","floor":1},{"not_picked":["FollowUp","CutThroughFate","EmptyFist"],"picked":"SKIP","floor":5},{"not_picked":["EmptyFist","CrushJoints"],"picked":"Worship","floor":8},{"not_picked":["Adaptation","FlyingSleeves"],"picked":"Protect","floor":10},{"not_picked":["FlurryOfBlows","PathToVictory"],"picked":"Pray","floor":12},{"not_picked":["Replay:Anticipation","FollowUp"],"picked":"Evaluate","floor":13},{"not_picked":["LikeWater","FlyingSleeves"],"picked":"Vault","floor":14},{"not_picked":["Blasphemy","DeusExMachina"],"picked":"MasterReality","floor":16},{"not_picked":["Steam","ReplayTheSpireMod:GoodbyeWorld+1","Wireheading"],"picked":"Prostrate","floor":18},{"not_picked":["CutThroughFate","Crescendo+1","Storm","Time Bomb"],"picked":"SKIP","floor":22},{"not_picked":["Swivel+1","Adaptation","Barrage","Halt"],"picked":"SKIP","floor":23},{"not_picked":["Replay:AtTheReady+1","ReachHeaven","Barrage"],"picked":"Ball Lightning","floor":24},{"not_picked":["FollowUp+1","Perseverance","Collect"],"picked":"Hyperbeam","floor":27},{"not_picked":["Tempest","FlurryOfBlows","Study"],"picked":"Replay:BluntJabs","floor":29},{"not_picked":["Brilliance","hubris:SpecializedCircuitry","Scrawl"],"picked":"Devotion","floor":33},{"not_picked":["Heatsinks+1","Rebound","Double Energy+1"],"picked":"ThirdEye+1","floor":35},{"not_picked":["Time Bomb","Steam","Indignation"],"picked":"Conserve Battery","floor":38},{"not_picked":["Tantrum+1","Adaptation","EmptyBody+1"],"picked":"Conserve Battery+1","floor":39},{"not_picked":["Crescendo","Swivel+1","Replay:ManipulateFuture+1"],"picked":"Panic Button","floor":41},{"not_picked":["hubris:Insight","Replay:Bootleg Shield Generator","PanicButton"],"picked":"Finesse","floor":42},{"not_picked":["hubris:Ssssneak","Transmutation","Mind Blast"],"picked":"Dramatic Entrance","floor":42},{"not_picked":["Coolheaded","Replay:AtTheReady+1","Compile Driver+1","Turbo+1"],"picked":"SKIP","floor":48}],"player_experience":175262,"relics_obtained":[{"floor":9,"key":"Tiny Chest"},{"floor":10,"key":"Happy Flower"},{"floor":12,"key":"Replay:Baseball"},{"floor":21,"key":"hubris:SlimyHat"},{"floor":23,"key":"Juzu Bracelet"},{"floor":26,"key":"aspiration:HiddenCompartment"},{"floor":27,"key":"Pen Nib"},{"floor":37,"key":"Ring of Greed"},{"floor":37,"key":"Membership Card"},{"floor":37,"key":"Replay:Bandana"},{"floor":41,"key":"hubris:DuctTape"},{"floor":43,"key":"Mirror"},{"floor":44,"key":"hubris:TinFlute"}],"event_choices":[{"damage_healed":0,"gold_gain":0,"player_choice":"Entered Light","damage_taken":14,"max_hp_gain":0,"max_hp_loss":0,"event_name":"Shining Light","floor":3,"gold_loss":0,"cards_upgraded":["Defend_P","Defend_P"]},{"cards_removed":["Strike_P"],"damage_healed":0,"gold_gain":0,"player_choice":"Offered Basic","damage_taken":0,"max_hp_gain":0,"max_hp_loss":0,"event_name":"Bonfire Elementals","floor":7,"gold_loss":0},{"cards_removed":["Strike_P"],"damage_healed":0,"gold_gain":0,"player_choice":"Elegance","damage_taken":0,"max_hp_gain":0,"max_hp_loss":0,"event_name":"Back to Basics","floor":19,"gold_loss":0},{"cards_removed":["Defend_P"],"damage_healed":0,"gold_gain":0,"player_choice":"Gave Gold","damage_taken":0,"max_hp_gain":0,"max_hp_loss":0,"event_name":"Beggar","floor":20,"gold_loss":75},{"damage_healed":0,"gold_gain":0,"player_choice":"Memory 2","damage_taken":5,"max_hp_gain":0,"max_hp_loss":0,"event_name":"SensoryStone","floor":42,"gold_loss":0},{"damage_healed":0,"gold_gain":0,"player_choice":"Gave Potion","damage_taken":0,"relics_obtained":["Bag of Marbles"],"max_hp_gain":0,"max_hp_loss":0,"event_name":"WeMeetAgain","floor":46,"gold_loss":0}],"is_beta":false,"boss_relics":[{"not_picked":["Abe\u0027s Treasure","Philosopher\u0027s Stone"],"picked":"aspiration:DefectSkillbook"},{"not_picked":["ReplayTheSpireMod:DimensionalGlitch","Runic Pyramid"],"picked":"Cursed Key"}],"items_purged_floors":[11,31,36,47],"is_endless":false,"potions_floor_spawned":[1,8,14,16,18,23,33,35,38],"ascension_level":4}}