{"host":"e326moqq81vao3qq","time":1611778580,"event":{"mods":["BaseMod","Colored Powertips","Highlight Path","Minty Spire (QoL Compilation)","Quick Restart","Relic Stats","Spicy Shops","StSLib","The Druid"],"gold_per_floor":[118,128,203,203,223,223,223],"floor_reached":6,"language":"ENG","playtime":50,"items_purged":[],"score":40,"play_id":"19277fc3-05d3-4439-bb8e-0d1127f9c9d2","local_time":"20210127151620","is_ascension_mode":true,"campfire_choices":[],"circlet_count":0,"master_deck":["theDruid:Strike_O+1","theDruid:Strike_O","theDruid:Strike_O","theDruid:Strike_O","theDruid:Defend_O","theDruid:Defend_O","theDruid:Defend_O","theDruid:Defend_O","theDruid:BriarArmor","theDruid:WildSlash+1","theDruid:Forage"],"relics":["theDruid:CrownOfTheWilds","NeowsBlessing"],"acts_visited":["Exordium"],"potions_floor_usage":[],"damage_taken":[{"damage":0,"enemies":"Jaw Worm","floor":1,"turns":1},{"damage":0,"enemies":"2 Louse","floor":2,"turns":1},{"damage":0,"enemies":"Cultist","floor":5,"turns":1},{"damage":0,"enemies":"Gremlin Nob","floor":6,"turns":1}],"seed_played":"7976425283475879014","potions_obtained":[{"floor":2,"key":"PowerPotion"},{"floor":5,"key":"SpeedPotion"}],"is_trial":false,"path_per_floor":["M","M","?","?","M","E"],"character_chosen":"DRUID","items_purchased":[],"campfire_rested":0,"item_purchase_floors":[],"current_hp_per_floor":[75,75,64,49,49,49,49],"gold":223,"neow_bonus":"THREE_ENEMY_KILL","is_daily":false,"chose_seed":false,"campfire_upgraded":0,"win_rate":0.0,"timestamp":1611778580,"path_taken":["M","M","?","?","?","E"],"items_purchased_type":[],"build_version":"2020-12-22","purchased_purges":0,"victory":false,"max_hp_per_floor":[75,75,75,75,75,75,75],"relic_stats":{"counters":[4,3],"obtain_stats":[{"NeowsBlessing":0,"theDruid:CrownOfTheWilds":0},{"NeowsBlessing":0,"theDruid:CrownOfTheWilds":0},{"NeowsBlessing":0,"theDruid:CrownOfTheWilds":0}]},"card_choices":[{"not_picked":["theDruid:PlagueClaw","theDruid:Stampede"],"picked":"theDruid:Forage","floor":1},{"not_picked":["theDruid:PlagueClaw","theDruid:BlessedStrike","theDruid:Slingshot"],"picked":"SKIP","floor":2},{"not_picked":["theDruid:PlagueClaw","theDruid:Swipe","theDruid:Resupply"],"picked":"SKIP","floor":5}],"player_experience":257506,"relics_obtained":[],"event_choices":[{"damage_healed":0,"gold_gain":75,"player_choice":"Gather Gold","damage_taken":11,"max_hp_gain":0,"max_hp_loss":0,"event_name":"World of Goop","floor":3,"gold_loss":0},{"damage_healed":0,"gold_gain":0,"player_choice":"Entered Light","damage_taken":15,"max_hp_gain":0,"max_hp_loss":0,"event_name":"Shining Light","floor":4,"gold_loss":0,"cards_upgraded":["theDruid:Strike_O","theDruid:WildSlash"]}],"is_beta":false,"boss_relics":[],"items_purged_floors":[],"is_endless":false,"potions_floor_spawned":[2,5],"killed_by":"Gremlin Nob","ascension_level":2}}