{"host":"zybdh2ue20qfjbiz","time":1611762589,"event":{"mods":["AchievementEnabler","BaseMod","Better Altar","Better Skull","BetterRewards","Friendly Minions","Kiyohime（清?）","Koishi","Lobotomy","LobotomyExtend","Marisa（霧雨　魔理沙）","Minty Spire (QoL Compilation)","Remilia（蕾米莉?）","StSLib"],"gold_per_floor":[112,112,130,144,144,144,170,187,187,187,187,187,217,228,228,332,332,345,345,115,390,404,404,430,446,446,521,554,554,569,585,585,682,682,692,692,712,729,741,741,754,714,714,714,731,731,470,504,504,504,504,504,504,46,78,78],"floor_reached":57,"language":"ENG","playtime":4654,"items_purged":["Logging","Logging"],"score":1875,"play_id":"ae4af006-219a-47b8-bf63-b87f4296d86a","local_time":"20210127184949","is_ascension_mode":true,"campfire_choices":[{"floor":49,"key":"RECALL"},{"data":"Adoration","floor":53,"key":"SMITH"}],"circlet_count":0,"master_deck":["ApocalypseBird","PunishingBird","LongBird","BigBird","SecurityCode","ExtractionCode","DisciplinaryCode","SpiderBud","LifeForTheDareDevil+1","WallGazer","DaCapo","VoidDream","Adoration+1","Variant","Lamp+21","MHz","Diffraction+1","RecordCode","TheSmile+1","SoundOfStar+1","SpecialBullet","Master of Strategy+1"],"relics":["CogitoBucket","RabbitCall","Strange Spoon","Ice Cream","Sling","Membership Card","LetterFromLob","Pear","Matryoshka","Bottled Lightning","Happy Flower","Shovel","LuminousBracelet","Cursed Key","Torii","DollysMirror","Juzu Bracelet","SkinProphecy","Pantograph","Anchor","Art of War","Coffee Dripper","AspirationHeart","Twilight","Pocketwatch","Orrery","Question Card","Letter Opener","Mercury Hourglass","TheAbacus","Whetstone"],"acts_visited":["Exordium","TheCity","TheBeyond","TheEnding"],"potions_floor_usage":[4,14,14,14,56,56,56],"damage_taken":[{"damage":11,"enemies":"Jaw Worm","floor":1,"turns":3},{"damage":0,"enemies":"Cultist","floor":3,"turns":2},{"damage":0,"enemies":"2 Louse","floor":4,"turns":1},{"damage":14,"enemies":"Lagavulin","floor":7,"turns":5},{"damage":9,"enemies":"2 Fungi Beasts","floor":8,"turns":2},{"damage":10,"enemies":"Gremlin Nob","floor":13,"turns":3},{"damage":4,"enemies":"Exordium Thugs","floor":14,"turns":3},{"damage":20,"enemies":"Hexaghost","floor":16,"turns":5},{"damage":5,"enemies":"Chosen","floor":18,"turns":2},{"damage":3,"enemies":"3 Byrds","floor":22,"turns":2},{"damage":0,"enemies":"Slavers","floor":24,"turns":3},{"damage":9,"enemies":"Centurion and Healer","floor":25,"turns":11},{"damage":15,"enemies":"Book of Stabbing","floor":28,"turns":3},{"damage":32,"enemies":"3 Cultists","floor":30,"turns":7},{"damage":24,"enemies":"Snecko","floor":31,"turns":5},{"damage":24,"enemies":"Collector","floor":33,"turns":13},{"damage":32,"enemies":"Orb Walker","floor":35,"turns":10},{"damage":10,"enemies":"3 Darklings","floor":37,"turns":2},{"damage":2,"enemies":"Spire Growth","floor":38,"turns":2},{"damage":10,"enemies":"Jaw Worm Horde","floor":39,"turns":2},{"damage":5,"enemies":"Maw","floor":41,"turns":4},{"damage":6,"enemies":"4 Shapes","floor":45,"turns":3},{"damage":137,"enemies":"Jaw Worm Horde","floor":46,"turns":13},{"damage":5,"enemies":"Reptomancer","floor":48,"turns":2},{"damage":2,"enemies":"FixerMidnight","floor":50,"turns":6},{"damage":3,"enemies":"Shield and Spear","floor":55,"turns":2},{"damage":7,"enemies":"The Heart","floor":56,"turns":2}],"seed_played":"3737225046192710773","potions_obtained":[{"floor":3,"key":"PowerPotion"},{"floor":4,"key":"Fruit Juice"},{"floor":7,"key":"Regen Potion"},{"floor":8,"key":"FearPotion"},{"floor":18,"key":"Explosive Potion"},{"floor":30,"key":"LiquidBronze"},{"floor":33,"key":"SneckoOil"},{"floor":41,"key":"Weak Potion"},{"floor":42,"key":"CultistPotion"}],"is_trial":false,"path_per_floor":["M","?","M","M","?","R","E","M","T","R","?","R","E","M","R","B",null,"M","?","$","?","M","R","E","M","T","?","E","R","M","M","R","B",null,"M","?","M","M","M","R","M","?","T","R","M","M","$","E","R","B",null,null,"R","$","E","B",null],"character_chosen":"Angela","items_purchased":["Strange Spoon","Ice Cream","Sling","Membership Card","Torii","DollysMirror","Pocketwatch","Orrery","Master of Strategy+1","Letter Opener","Mercury Hourglass","TheAbacus"],"campfire_rested":0,"item_purchase_floors":[0,0,0,0,20,20,47,47,54,54,54,54],"current_hp_per_floor":[30,30,30,43,41,41,27,26,26,26,26,26,16,36,36,33,100,97,97,97,97,96,96,96,100,100,90,74,74,74,70,70,105,105,119,119,105,99,86,86,79,79,79,254,253,195,195,187,187,207,207,259,259,259,261,257],"gold":78,"neow_bonus":"","is_daily":false,"chose_seed":false,"campfire_upgraded":1,"win_rate":0.0,"timestamp":1611762589,"path_taken":["M","?","M","?","?","R","E","M","T","R","?","R","E","M","R","BOSS","M","?","$","?","M","R","E","M","T","?","E","R","M","M","R","BOSS","M","?","M","M","M","R","M","?","T","R","M","M","$","E","R","BOSS","R","$","E","BOSS"],"items_purchased_type":["Relic","Relic","Relic","Relic","Relic","Relic","Relic","Relic","Card","Relic","Relic","Relic"],"build_version":"2020-12-22","purchased_purges":2,"victory":true,"max_hp_per_floor":[70,70,70,75,85,85,85,85,85,85,85,85,85,100,100,100,100,100,100,100,100,100,100,100,100,100,100,102,102,104,103,103,105,105,119,119,121,123,125,125,127,127,127,254,253,255,255,257,257,259,259,259,259,259,261,263],"card_choices":[{"not_picked":["OldLady","MeatLantern"],"picked":"SpiderBud","floor":1},{"not_picked":["WristCuter"],"picked":"LifeForTheDareDevil","floor":1},{"not_picked":["Tough","Lantern"],"picked":"SKIP","floor":1},{"not_picked":["Soda"],"picked":"FourthMatchFlame","floor":3},{"not_picked":["Porccubus","ShyLook"],"picked":"WallGazer","floor":4},{"not_picked":["SomewhereSpear","Lantern"],"picked":"SKIP","floor":4},{"not_picked":["CherryBlossom"],"picked":"DaCapo","floor":7},{"not_picked":["WristCuter","TodaysExpression"],"picked":"SKIP","floor":7},{"not_picked":["Bloodbath","BeautyBeast"],"picked":"VoidDream","floor":8},{"not_picked":["Pleasure","Soda"],"picked":"SKIP","floor":8},{"not_picked":["Woodsman","CherryBlossoms"],"picked":"PunishingBird","floor":13},{"not_picked":["Hornet","Loneliness"],"picked":"Logging","floor":13},{"not_picked":["Hornet","Wingbeat","Regret_ego"],"picked":"SKIP","floor":13},{"not_picked":["WristCuter","Diffraction","ParadiseLost"],"picked":"SKIP","floor":14},{"not_picked":["ScreamingWedge","LifeForTheDareDevil","RapturousDream"],"picked":"SKIP","floor":14},{"not_picked":["Porccubus","Alriune","FairyFestival"],"picked":"Singing Bowl","floor":16},{"not_picked":["Pinks","CENSORED_ego"],"picked":"Adoration","floor":16},{"not_picked":["RedShoes","Woodsman","OSAHOGD"],"picked":"Singing Bowl","floor":18},{"not_picked":["GreedKing","MeatLantern"],"picked":"Variant","floor":18},{"not_picked":["FrostShard+1","Soda","FourthMatchFlame+1"],"picked":"SKIP","floor":18},{"not_picked":["Harmony","ParadiseLost","Galaxy+1"],"picked":"SKIP","floor":18},{"not_picked":["Bloodbath","SilentOrchestra"],"picked":"LongBird","floor":22},{"not_picked":["FourthMatchFlame","RedEyes+1"],"picked":"Lamp","floor":22},{"not_picked":["RedEyes","FourthMatchFlame","Soda+1"],"picked":"SKIP","floor":22},{"not_picked":["RedEyes","Beak","CherryBlossom"],"picked":"SKIP","floor":22},{"not_picked":["BlackSwan","Woodsman","Wellcheers"],"picked":"Singing Bowl","floor":24},{"not_picked":["CUTE","RedEyes+1","ParadiseLost"],"picked":"SKIP","floor":24},{"not_picked":["Beak","Harmony","InTheNameOfLoveAndHate"],"picked":"SKIP","floor":24},{"not_picked":["Scorched","FairyFestival","CENSORED"],"picked":"Singing Bowl","floor":25},{"not_picked":["ScreamingWedge","GreenStem+1","SomewhereSpear"],"picked":"SKIP","floor":25},{"not_picked":["MagicBullet","Lantern","Harvest+1"],"picked":"SKIP","floor":25},{"not_picked":["BlackSwan","Funeral","OldLady"],"picked":"Singing Bowl","floor":28},{"not_picked":["Loneliness","SoundOfStar","DaCapo"],"picked":"SKIP","floor":28},{"not_picked":["Horn+1","MagicBullet","Lantern+1"],"picked":"SKIP","floor":28},{"not_picked":["Harmony","Tough","GreenStem"],"picked":"SKIP","floor":28},{"not_picked":["BigBadWolf","Porccubus","Laetitia"],"picked":"Singing Bowl","floor":30},{"not_picked":["LittlePrince","CrumblingArmor"],"picked":"MHz","floor":30},{"not_picked":["FourthMatchFlame+1","Loneliness+1","RedEyes+1"],"picked":"SKIP","floor":30},{"not_picked":["Beak+1","SwordSharpenedByTears+1","Noise+1"],"picked":"SKIP","floor":30},{"not_picked":["Wingbeat+1","Loneliness+1","CherryBlossom+1"],"picked":"SKIP","floor":30},{"not_picked":["Scorched","BlackArmy","Freischutz"],"picked":"Singing Bowl","floor":31},{"not_picked":["RapturousDream+1","Beak+1"],"picked":"Diffraction+1","floor":31},{"not_picked":["TodaysExpression+1","Beak+1","Harvest+1"],"picked":"SKIP","floor":31},{"not_picked":["Adoration+1","Twilight+1"],"picked":"TheSmile+1","floor":33},{"not_picked":["Murderer","LittlePrince","DespairKnight"],"picked":"Singing Bowl","floor":33},{"not_picked":["CherryBlossoms","DespairKnight","LittlePrince"],"picked":"Singing Bowl","floor":35},{"not_picked":["Heaven+1","Penitence+1","FourthMatchFlame+1"],"picked":"SKIP","floor":35},{"not_picked":["WristCuter+1","SomewhereSpear+1","RedEyes+1"],"picked":"SKIP","floor":35},{"not_picked":["FairyFestival","Wellcheers","SnowQueen"],"picked":"Singing Bowl","floor":37},{"not_picked":["TodaysExpression+1","Tough+1","Lantern+1"],"picked":"SKIP","floor":37},{"not_picked":["ScreamingWedge+1","Harmony+1","BlackSwan_ego+1"],"picked":"SKIP","floor":37},{"not_picked":["HappyTeddy","LittleHelper","LaLuna"],"picked":"Singing Bowl","floor":38},{"not_picked":["Penitence+1","Tough+1"],"picked":"SoundOfStar+1","floor":38},{"not_picked":["SingingMachine","Mercenary","BodiesMountain"],"picked":"Singing Bowl","floor":39},{"not_picked":["Christmas+1","WristCuter+1","Ecstasy+1"],"picked":"SKIP","floor":39},{"not_picked":["Beak+1","CherryBlossom+1","Gaze+1"],"picked":"SKIP","floor":39},{"not_picked":["MeatLantern","BlackSwan","RedShoes"],"picked":"Singing Bowl","floor":41},{"not_picked":["Ecstasy+1","Discord+1","Noise+1"],"picked":"SKIP","floor":41},{"not_picked":["Noise+1","FourthMatchFlame+1","Tough+1"],"picked":"SKIP","floor":41},{"not_picked":["Mercenary","Porccubus","WhitesApple"],"picked":"Singing Bowl","floor":45},{"not_picked":["OldLady","BigBadWolf"],"picked":"BigBird","floor":45},{"not_picked":["SomewhereSpear+1","TodaysExpression+1","Tough+1"],"picked":"SKIP","floor":45},{"not_picked":["Wingbeat+1","Moonlight+1","CUTE+1"],"picked":"SKIP","floor":45},{"not_picked":["Scarecrow","OldLady","HeroicMonk"],"picked":"Singing Bowl","floor":46},{"not_picked":["Mercenary","BlackArmy","QueenBee"],"picked":"Singing Bowl","floor":48},{"not_picked":["RapturousDream+1","Hypocrisy+1","BearPaw+1"],"picked":"SKIP","floor":48},{"not_picked":["ParadiseLost+1","Noise+1","Lantern+1"],"picked":"SKIP","floor":48},{"not_picked":["SilentOrchestra","Porccubus","Yin"],"picked":"Singing Bowl","floor":55},{"not_picked":["BlueScar+1","TheSmile+1","CherryBlossom+1","WristCuter+1"],"picked":"SKIP","floor":55},{"not_picked":["WristCuter+1","Horn+1","Lamp+1","Soda+1"],"picked":"SKIP","floor":55}],"player_experience":427053,"relics_obtained":[{"floor":1,"key":"LetterFromLob"},{"floor":7,"key":"Matryoshka"},{"floor":9,"key":"Bottled Lightning"},{"floor":9,"key":"Happy Flower"},{"floor":13,"key":"Shovel"},{"floor":24,"key":"Juzu Bracelet"},{"floor":26,"key":"Pantograph"},{"floor":26,"key":"Anchor"},{"floor":28,"key":"Art of War"},{"floor":46,"key":"Twilight"},{"floor":48,"key":"Question Card"},{"floor":55,"key":"Whetstone"}],"event_choices":[{"damage_healed":0,"gold_gain":0,"player_choice":"Forge","damage_taken":0,"max_hp_gain":0,"max_hp_loss":0,"event_name":"Accursed Blacksmith","floor":2,"gold_loss":0,"cards_upgraded":["LifeForTheDareDevil"]},{"damage_healed":0,"gold_gain":0,"player_choice":"Success","damage_taken":12,"relics_obtained":["Pear"],"max_hp_gain":0,"max_hp_loss":0,"event_name":"Scrap Ooze","floor":5,"gold_loss":0},{"cards_removed":["SpecialBullet"],"damage_healed":0,"gold_gain":0,"player_choice":"Card Removal","damage_taken":0,"max_hp_gain":0,"max_hp_loss":0,"event_name":"Wheel of Change","floor":11,"gold_loss":0},{"cards_removed":["FourthMatchFlame"],"damage_healed":0,"gold_gain":0,"player_choice":"Elegance","damage_taken":0,"max_hp_gain":0,"max_hp_loss":0,"event_name":"Back to Basics","floor":19,"gold_loss":0},{"damage_healed":0,"gold_gain":275,"player_choice":"Desecrate","damage_taken":0,"max_hp_gain":0,"max_hp_loss":0,"event_name":"Golden Shrine","floor":21,"gold_loss":0,"cards_obtained":["Regret"]},{"damage_healed":0,"gold_gain":75,"player_choice":"Touch","damage_taken":10,"max_hp_gain":0,"max_hp_loss":0,"event_name":"FaceTrader","floor":27,"gold_loss":0},{"damage_healed":0,"gold_gain":0,"player_choice":"Bought 3 Potions","damage_taken":0,"max_hp_gain":0,"max_hp_loss":0,"event_name":"The Woman in Blue","floor":42,"gold_loss":0}],"is_beta":false,"boss_relics":[{"not_picked":["Astrolabe","Snecko Eye"],"picked":"Cursed Key"},{"not_picked":["Black Star","SlaversCollar"],"picked":"Coffee Dripper"}],"items_purged_floors":[47,54],"is_endless":false,"potions_floor_spawned":[3,4,7,8,18,30,33,35,39,41,48,55],"ascension_level":1}}