{"host":"kydqlojjt9mno5rv","time":1611728453,"event":{"mods":["AchievementEnabler","BaseMod","Colored Powertips","DeckTracker","Minty Spire (QoL Compilation)","Spicy Shops","Spire Arcade","StSLib","SuperFastMode","Synergy Search","Weighted Paths"],"gold_per_floor":[112,125,125,425,445,485,31,106,106,106,129,129,152,166,166,166,166],"floor_reached":16,"language":"ENG","playtime":429,"items_purged":["Defend_R"],"score":102,"play_id":"505bd6ca-8d91-4534-9968-4a113065431c","local_time":"20210127012053","is_ascension_mode":false,"campfire_choices":[{"floor":12,"key":"REST"},{"floor":15,"key":"REST"}],"circlet_count":0,"master_deck":["Strike_R","Strike_R","Strike_R","Strike_R+1","Strike_R+1","Defend_R","Defend_R","Defend_R","Bash","Limit Break","Shrug It Off","Warcry","Injury","Regret","Inflame","Headbutt","Warcry","Pommel Strike","Flex"],"relics":["Burning Blood","Golden Idol","Old Coin","Pen Nib","Sling","Whetstone","Strawberry","Mercury Hourglass"],"acts_visited":["Exordium"],"potions_floor_usage":[11,11],"damage_taken":[{"damage":13,"enemies":"2 Louse","floor":1,"turns":2},{"damage":13,"enemies":"Small Slimes","floor":2,"turns":4},{"damage":2,"enemies":"Cultist","floor":5,"turns":4},{"damage":54,"enemies":"3 Sentries","floor":6,"turns":9},{"damage":0,"enemies":"Exordium Wildlife","floor":11,"turns":3},{"damage":11,"enemies":"Blue Slaver","floor":13,"turns":3},{"damage":7,"enemies":"Looter","floor":14,"turns":2},{"damage":65,"enemies":"Hexaghost","floor":16,"turns":8}],"seed_played":"-1018357375181267463","potions_obtained":[{"floor":2,"key":"Regen Potion"},{"floor":5,"key":"SteroidPotion"},{"floor":11,"key":"ElixirPotion"},{"floor":14,"key":"EssenceOfSteel"}],"is_trial":false,"path_per_floor":["M","M","?","?","M","E","$","?","T","?","M","R","M","M","R","B"],"character_chosen":"IRONCLAD","items_purchased":["Sling","Whetstone","Strawberry"],"campfire_rested":2,"item_purchase_floors":[7,7,7],"current_hp_per_floor":[65,58,58,58,62,14,21,10,10,10,25,48,43,42,65,0,0],"gold":166,"neow_bonus":"THREE_RARE_CARDS","is_daily":false,"chose_seed":false,"campfire_upgraded":0,"win_rate":0.0,"timestamp":1611728453,"path_taken":["M","M","?","?","M","E","$","?","T","?","M","R","M","M","R","BOSS"],"items_purchased_type":["Relic","Relic","Relic"],"build_version":"2020-12-22","purchased_purges":1,"victory":false,"max_hp_per_floor":[72,72,72,72,72,72,79,79,79,79,79,79,79,79,79,79,79],"card_choices":[{"not_picked":["Brutality","Corruption"],"picked":"Limit Break","floor":0},{"not_picked":["Armaments","Flame Barrier"],"picked":"Shrug It Off","floor":1},{"not_picked":["Sword Boomerang","Body Slam"],"picked":"Warcry","floor":2},{"not_picked":["Twin Strike","Fire Breathing"],"picked":"Inflame","floor":5},{"not_picked":["Uppercut","Clash"],"picked":"Headbutt","floor":6},{"not_picked":["Armaments","Havoc"],"picked":"Warcry","floor":11},{"not_picked":["Shrug It Off","Dropkick"],"picked":"Pommel Strike","floor":13},{"not_picked":["Entrench","Clash"],"picked":"Flex","floor":14}],"player_experience":124432,"relics_obtained":[{"floor":6,"key":"Pen Nib"},{"floor":9,"key":"Mercury Hourglass"}],"event_choices":[{"damage_healed":0,"gold_gain":0,"player_choice":"Take Wound","damage_taken":0,"relics_obtained":["Golden Idol"],"max_hp_gain":0,"max_hp_loss":0,"event_name":"Golden Idol","floor":3,"gold_loss":0,"cards_obtained":["Injury"]},{"damage_healed":0,"gold_gain":0,"player_choice":"Box","damage_taken":0,"relics_obtained":["Old Coin"],"max_hp_gain":0,"max_hp_loss":0,"event_name":"Big Fish","floor":4,"gold_loss":0,"cards_obtained":["Regret"]},{"damage_healed":0,"gold_gain":75,"player_choice":"Gather Gold","damage_taken":11,"max_hp_gain":0,"max_hp_loss":0,"event_name":"World of Goop","floor":8,"gold_loss":0},{"damage_healed":0,"gold_gain":0,"player_choice":"Bought 0 Potions","damage_taken":0,"max_hp_gain":0,"max_hp_loss":0,"event_name":"The Woman in Blue","floor":10,"gold_loss":0}],"is_beta":false,"boss_relics":[],"items_purged_floors":[7],"is_endless":false,"potions_floor_spawned":[2,5,11,14],"killed_by":"Hexaghost","ascension_level":0}}