{"host":"o7j6aatxjwpw1421","time":1611763692,"event":{"mods":["2.2 Compatiblity","AchievementEnabler","BaseMod","Colored Map","DeckTracker","Highlight Path","Keyboard Shortcuts","Minty Spire (QoL Compilation)","Permanent Neow","Quick Restart","StSLib","SuperFastMode","everything is the same but u backflip on backflip"],"gold_per_floor":[114,114,114,132,204,233,233,260,286,361,374,374,385,420,420,420,420],"floor_reached":16,"language":"KOR","playtime":473,"items_purged":[],"score":286,"play_id":"06ce8e44-8a8a-4754-a002-4bdcff530dcc","local_time":"20210128010812","is_ascension_mode":true,"campfire_choices":[{"data":"Glass Knife","floor":7.0,"key":"SMITH"},{"floor":12.0,"key":"REST"},{"data":"Adrenaline","floor":15.0,"key":"SMITH"}],"circlet_count":0,"master_deck":["AscendersBane","Strike_G","Strike_G+1","Strike_G","Strike_G+1","Defend_G","Defend_G","Defend_G","Defend_G","Defend_G","Survivor","Neutralize","Infinite Blades","Cloak And Dagger","Glass Knife+1","Adrenaline+1","Crippling Poison","Dagger Spray"],"relics":["Ring of the Snake","NeowsBlessing","HornCleat","Whetstone","Potion Belt","Bag of Preparation","Boot"],"acts_visited":["Exordium"],"potions_floor_usage":[16],"damage_taken":[{"damage":0.0,"enemies":"Jaw Worm","floor":1.0,"turns":1.0},{"damage":0.0,"enemies":"2 Louse","floor":4.0,"turns":1.0},{"damage":0.0,"enemies":"3 Sentries","floor":6.0,"turns":1.0},{"damage":23.0,"enemies":"Gremlin Nob","floor":8.0,"turns":4.0},{"damage":0.0,"enemies":"Small Slimes","floor":11.0,"turns":4.0},{"damage":0.0,"enemies":"Red Slaver","floor":13.0,"turns":2.0},{"damage":5.0,"enemies":"Lagavulin","floor":14.0,"turns":4.0},{"damage":15,"enemies":"The Guardian","floor":16,"turns":8}],"seed_played":"3436707687686941627","potions_obtained":[{"floor":1.0,"key":"Strength Potion"},{"floor":4.0,"key":"FearPotion"},{"floor":13.0,"key":"Strength Potion"}],"is_trial":false,"path_per_floor":["M","?","?","M","T","E","R","E","T","?","M","R","M","E","R","B"],"character_chosen":"THE_SILENT","items_purchased":[],"campfire_rested":1,"item_purchase_floors":[],"current_hp_per_floor":[59,59,59,59,59,59,59,36,36,25,25,44,44,39,39,24,24],"gold":420,"neow_bonus":"THREE_ENEMY_KILL","is_daily":false,"chose_seed":false,"campfire_upgraded":2,"win_rate":0.0,"timestamp":1611763692,"path_taken":["M","?","?","M","?","E","R","E","T","?","M","R","?","E","R","BOSS"],"items_purchased_type":[],"build_version":"2020-12-22","purchased_purges":0,"victory":false,"max_hp_per_floor":[66,66,66,66,66,66,66,66,66,66,66,66,66,66,66,66,66],"card_choices":[{"not_picked":["Flying Knee","Flechettes"],"picked":"Infinite Blades","floor":1.0},{"not_picked":["Sucker Punch","Flying Knee"],"picked":"Cloak And Dagger","floor":4.0},{"not_picked":["Calculated Gamble","Bane"],"picked":"Glass Knife","floor":6.0},{"not_picked":["Deadly Poison","Riddle With Holes"],"picked":"Adrenaline","floor":8.0},{"not_picked":["Flying Knee","PiercingWail"],"picked":"Crippling Poison","floor":11.0},{"not_picked":["Outmaneuver","Sucker Punch"],"picked":"Dagger Spray","floor":13.0},{"not_picked":["Noxious Fumes","Cloak And Dagger","Dagger Spray"],"picked":"SKIP","floor":14.0}],"player_experience":631870,"relics_obtained":[{"floor":5.0,"key":"HornCleat"},{"floor":6.0,"key":"Whetstone"},{"floor":8.0,"key":"Potion Belt"},{"floor":9.0,"key":"Bag of Preparation"},{"floor":14.0,"key":"Boot"}],"event_choices":[{"damage_healed":0.0,"max_hp_gain":0.0,"max_hp_loss":0.0,"gold_gain":0.0,"event_name":"Liars Game","player_choice":"Ignored","floor":2.0,"gold_loss":0.0,"damage_taken":0.0},{"cards_removed":["Strike_G"],"damage_healed":0.0,"max_hp_gain":0.0,"max_hp_loss":0.0,"gold_gain":0.0,"event_name":"Living Wall","player_choice":"Forget","floor":3.0,"gold_loss":0.0,"damage_taken":0.0},{"damage_healed":0.0,"max_hp_gain":0.0,"max_hp_loss":0.0,"gold_gain":75.0,"event_name":"World of Goop","player_choice":"Gather Gold","floor":10.0,"gold_loss":0.0,"damage_taken":11.0}],"is_beta":false,"boss_relics":[],"items_purged_floors":[],"is_endless":false,"potions_floor_spawned":[1,4,6,13],"killed_by":"The Guardian","ascension_level":20}}