{"host":"gop1q6bv59twswbp","time":1611734264,"event":{"mods":["AlwaysNeverKeys","BaseMod","Downfall","Hermit","Minty Spire (QoL Compilation)","Permanent Neow","Rare Cards Sparkle","StSLib","The Cursed"],"gold_per_floor":[99,119,119,131,131,131,131,62,87,87,97,97,117,447,462,566,566,366,366,381,381,10,20,45,55,55,55,87,87,98,98,118,218,218,118,133,143,143,50,50,105,130,130,146,162,6,6,39,49,49,49,77,5,5,5,5],"floor_reached":57,"language":"ENG","playtime":5198,"items_purged":["bronze:Defend"],"score":1465,"play_id":"763a79e5-69c2-4cec-a564-b4483a94d0f1","local_time":"20210127025744","is_ascension_mode":false,"campfire_choices":[{"data":"bronze:HardenedForm","floor":1.0,"key":"SMITH"},{"data":"bronze:Goto","floor":6.0,"key":"SMITH"},{"data":"bronze:Branch","floor":10.0,"key":"SMITH"},{"data":"bronze:SpaghettiCode","floor":18.0,"key":"SMITH"},{"data":"bronze:FineTuning","floor":27.0,"key":"SMITH"},{"data":"bronze:Optimize","floor":29.0,"key":"SMITH"},{"data":"bronze:BurnOut","floor":35.0,"key":"SMITH"},{"data":"bronze:Verify","floor":43.0,"key":"SMITH"},{"data":"expansioncontent:PolyBeam","floor":54.0,"key":"SMITH"}],"circlet_count":0,"master_deck":["bronze:Strike","bronze:Strike","bronze:Strike","bronze:Defend+1","bronze:Defend","bronze:Defend","bronze:Replicate","bronze:Goto+1","bronze:HardenedForm+1","bronze:FollowUp","bronze:Shell+1","bronze:Branch+1","bronze:Shield","bronze:Terminator","bronze:SpaghettiCode+1","bronze:BugBarrage","bronze:FineTuning+1","bronze:Constructor","bronze:BurnOut+1","bronze:ChildClass+1","bronze:Optimize+1","bronze:BugBarrage","bronze:WildBeam+1","bronze:Shell","bronze:MaxOutput+1","bronze:Turbo","bronze:GetLatest","bronze:Virus","bronze:Return","expansioncontent:PolyBeam+1","bronze:BuggyMess","bronze:Verify+1","bronze:Safeguard+1","bronze:ItsAFeature+1","bronze:Invalidate","bronze:Turbo+1","bronze:Optimize"],"relics":["bronze:BronzeCore","Dead Branch","Mercury Hourglass","Old Coin","Sozu","downfall:HeartBlessingRed","downfall:HeartBlessingGreen","Bottled Lightning","Omamori","Mummified Hand","bronze:MakeshiftBattery","downfall:HeartBlessingBlue","Incense Burner","Smiling Mask","Calipers","hexamod:BolsterEngine","Bag of Marbles","StrikeDummy"],"acts_visited":["Exordium","TheCity","TheBeyond","TheEnding"],"potions_floor_usage":[56,56],"damage_taken":[{"damage":2.0,"enemies":"Small Slimes","floor":2.0,"turns":4.0},{"damage":0.0,"enemies":"Cultist","floor":4.0,"turns":3.0},{"damage":0.0,"enemies":"downfall:FleeingMerchant","floor":8.0,"turns":4.0},{"damage":27.0,"enemies":"Lagavulin","floor":9.0,"turns":7.0},{"damage":6.0,"enemies":"Jaw Worm","floor":11.0,"turns":2.0},{"damage":0.0,"enemies":"Blue Slaver","floor":13.0,"turns":2.0},{"damage":0.0,"enemies":"3 Sentries","floor":14.0,"turns":5.0},{"damage":0.0,"enemies":"2 Fungi Beasts","floor":15.0,"turns":3.0},{"damage":25.0,"enemies":"DF_ARCHETYPE_STREAMLINE","floor":16.0,"turns":12.0},{"damage":0.0,"enemies":"Chosen","floor":20.0,"turns":2.0},{"damage":7.0,"enemies":"downfall:FleeingMerchant","floor":22.0,"turns":4.0},{"damage":0.0,"enemies":"3 Byrds","floor":23.0,"turns":4.0},{"damage":0.0,"enemies":"Snecko","floor":25.0,"turns":3.0},{"damage":0.0,"enemies":"Book of Stabbing","floor":28.0,"turns":5.0},{"damage":0.0,"enemies":"Snake Plant","floor":30.0,"turns":3.0},{"damage":0.0,"enemies":"3 Cultists","floor":32.0,"turns":3.0},{"damage":0.0,"enemies":"IC_MUSHROOM_ARCHETYPE","floor":33.0,"turns":6.0},{"damage":0.0,"enemies":"3 Shapes","floor":36.0,"turns":4.0},{"damage":0.0,"enemies":"Orb Walker","floor":37.0,"turns":2.0},{"damage":0.0,"enemies":"downfall:FleeingMerchant","floor":39.0,"turns":4.0},{"damage":0.0,"enemies":"Reptomancer","floor":42.0,"turns":4.0},{"damage":0.0,"enemies":"Maw","floor":44.0,"turns":2.0},{"damage":1.0,"enemies":"4 Shapes","floor":45.0,"turns":3.0},{"damage":0.0,"enemies":"Nemesis","floor":48.0,"turns":3.0},{"damage":0.0,"enemies":"3 Darklings","floor":49.0,"turns":3.0},{"damage":0.0,"enemies":"WA_ARCHETYPE_DIVINITY","floor":50.0,"turns":11.0},{"damage":0.0,"enemies":"downfall:CharBossMerchant","floor":52.0,"turns":7.0},{"damage":0.0,"enemies":"downfall:NeowBoss","floor":55.0,"turns":10.0},{"damage":30,"enemies":"downfall:NeowBossFinal","floor":56,"turns":11}],"seed_played":"-4632234357020058988","potions_obtained":[{"floor":3.0,"key":"CultistPotion"},{"floor":3.0,"key":"Regen Potion"},{"floor":3.0,"key":"FearPotion"},{"floor":4.0,"key":"Regen Potion"},{"floor":11.0,"key":"AttackPotion"},{"floor":16.0,"key":"SneckoOil"}],"is_trial":false,"path_per_floor":["R","M","?","M","?","R","T","$","E","R","M","?","M","E","M","B",null,"R","?","M","?","$","M","T","M","?","R","E","R","M","?","M","B",null,"R","M","M","?","$","?","T","E","R","M","M","$","?","E","M","B",null,"E","$","R","B","B",null],"character_chosen":"THE_AUTOMATON","items_purchased":["bronze:Shield","Bottled Lightning","bronze:BugBarrage","bronze:Verify","Incense Burner","hexamod:BolsterEngine","bronze:Optimize"],"campfire_rested":0,"item_purchase_floors":[8,22,22,39,39,46,53],"current_hp_per_floor":[49,47,47,47,47,47,47,59,37,37,31,54,54,54,54,29,70,70,70,70,70,63,63,63,63,63,63,63,63,63,63,63,63,70,80,80,80,80,80,80,80,80,80,80,79,79,70,70,70,70,70,70,70,70,70,40],"gold":5,"neow_bonus":"THREE_RARE_CARDS","is_daily":false,"chose_seed":false,"campfire_upgraded":9,"win_rate":0.0,"timestamp":1611734264,"path_taken":["R","M","?","?","?","R","T","$","E","R","M","?","M","E","M","BOSS","R","?","M","?","$","M","T","M","?","R","E","R","M","?","M","BOSS","R","M","M","?","$","?","T","E","R","M","?","?","?","E","M","BOSS","E","$","R","BOSS","BOSS"],"items_purchased_type":["Card","Relic","Card","Card","Relic","Relic","Card"],"build_version":"2020-12-22","purchased_purges":1,"victory":true,"max_hp_per_floor":[70,70,70,70,70,70,70,70,70,70,70,70,70,70,70,70,70,70,70,70,70,70,70,70,70,70,70,70,70,70,70,70,70,70,80,80,80,80,80,80,80,80,80,80,80,80,70,70,70,70,70,70,70,70,70,70],"card_choices":[{"not_picked":["bronze:BurnOut","bronze:FindAndReplace"],"picked":"bronze:HardenedForm","floor":0.0},{"not_picked":["bronze:Invalidate","bronze:Shield"],"picked":"bronze:FollowUp","floor":2.0},{"not_picked":["bronze:Refactor","bronze:Repulsor"],"picked":"bronze:Shell","floor":4.0},{"not_picked":["bronze:Overheat","bronze:DelayedGuard"],"picked":"bronze:Branch","floor":8.0},{"not_picked":["bronze:ForceShield","bronze:BronzeArmor"],"picked":"bronze:Terminator","floor":9.0},{"not_picked":["bronze:OilSpill","bronze:Frontload"],"picked":"bronze:SpaghettiCode","floor":11.0},{"not_picked":["bronze:Separator","bronze:Invalidate"],"picked":"bronze:BugBarrage","floor":13.0},{"not_picked":["bronze:ForLoop","bronze:HardenedForm"],"picked":"bronze:FineTuning","floor":14.0},{"not_picked":["bronze:Deprecate","bronze:ItsAFeature"],"picked":"bronze:Constructor","floor":15.0},{"not_picked":["bronze:HardenedForm","bronze:Assembly"],"picked":"bronze:BurnOut","floor":16.0},{"not_picked":["bronze:Flail","bronze:CutThrough+1"],"picked":"bronze:ChildClass","floor":20.0},{"not_picked":["bronze:BitShift","bronze:WhirlingStrike"],"picked":"bronze:Optimize","floor":22.0},{"not_picked":["bronze:CutThrough","bronze:Flail"],"picked":"bronze:WildBeam+1","floor":23.0},{"not_picked":["bronze:Iterate","bronze:WhirlingStrike+1"],"picked":"bronze:Shell","floor":25.0},{"not_picked":["bronze:ThunderWave","bronze:FollowUp"],"picked":"bronze:MaxOutput+1","floor":28.0},{"not_picked":["bronze:WhirlingStrike+1","bronze:Shield+1"],"picked":"bronze:Turbo","floor":30.0},{"not_picked":["bronze:Invalidate+1","bronze:CutThrough"],"picked":"bronze:GetLatest","floor":32.0},{"not_picked":["bronze:Assembly","bronze:Format"],"picked":"bronze:Virus","floor":33.0},{"not_picked":["bronze:Invalidate+1","bronze:OilSpill"],"picked":"bronze:Return","floor":36.0},{"not_picked":["bronze:CutThrough","bronze:ForLoop","bronze:Turbo"],"picked":"SKIP","floor":37.0},{"not_picked":["expansioncontent:PrepareCrush","expansioncontent:InvincibleStrength"],"picked":"expansioncontent:PolyBeam","floor":38.0},{"not_picked":["bronze:Format","bronze:CutThrough"],"picked":"bronze:BuggyMess","floor":39.0},{"not_picked":["bronze:Return","bronze:Turbo"],"picked":"bronze:Safeguard+1","floor":42.0},{"not_picked":["bronze:Terminator","bronze:BugBarrage+1"],"picked":"bronze:ItsAFeature+1","floor":44.0},{"not_picked":["bronze:Overheat+1","bronze:Overload","bronze:DelayedGuard"],"picked":"SKIP","floor":45.0},{"not_picked":["bronze:Overload+1","bronze:Overheat"],"picked":"bronze:Invalidate","floor":48.0},{"not_picked":["bronze:Branch","bronze:WildBeam","bronze:DelayedSlice"],"picked":"SKIP","floor":49.0},{"not_picked":["bronze:InfiniteLoop","bronze:DelayedGuard+1"],"picked":"bronze:Turbo+1","floor":52.0}],"player_experience":844136,"relics_obtained":[{"floor":7.0,"key":"Dead Branch"},{"floor":9.0,"key":"Mercury Hourglass"},{"floor":14.0,"key":"Old Coin"},{"floor":24.0,"key":"Omamori"},{"floor":28.0,"key":"Mummified Hand"},{"floor":41.0,"key":"Smiling Mask"},{"floor":42.0,"key":"Calipers"},{"floor":48.0,"key":"Bag of Marbles"},{"floor":52.0,"key":"StrikeDummy"}],"event_choices":[{"damage_healed":0.0,"max_hp_gain":0.0,"max_hp_loss":0.0,"gold_gain":0.0,"event_name":"Lab","player_choice":"Got Potions","floor":3.0,"gold_loss":0.0,"damage_taken":0.0},{"cards_removed":["bronze:Strike"],"damage_healed":0.0,"max_hp_gain":0.0,"max_hp_loss":0.0,"gold_gain":0.0,"event_name":"The Cleric","player_choice":"Card Removal","floor":5.0,"gold_loss":0.0,"damage_taken":0.0},{"damage_healed":23.0,"max_hp_gain":0.0,"max_hp_loss":0.0,"gold_gain":0.0,"event_name":"Big Fish","player_choice":"Banana","floor":12.0,"gold_loss":0.0,"damage_taken":0.0},{"damage_healed":0.0,"max_hp_gain":0.0,"max_hp_loss":0.0,"gold_gain":0.0,"event_name":"Ghosts","player_choice":"Ignored","floor":26.0,"gold_loss":0.0,"damage_taken":0.0},{"damage_healed":0.0,"max_hp_gain":0.0,"max_hp_loss":0.0,"gold_gain":0.0,"event_name":"NoteForYourself","player_choice":"Ignored","floor":40.0,"gold_loss":0.0,"damage_taken":0.0}],"is_beta":false,"boss_relics":[{"not_picked":["Busted Crown","Runic Dome"],"picked":"Sozu"},{"not_picked":["Velvet Choker","Empty Cage"],"picked":"bronze:MakeshiftBattery"}],"items_purged_floors":[22],"is_endless":false,"potions_floor_spawned":[4,11,16,20,30,32,44,45,48,52],"ascension_level":0}}