{"host":"2eswhqk6sgfpt1j1","time":1611753062,"event":{"mods":["Act Like it!","BaseMod","Colored Powertips","Hallownest","Lobotomy","Minty Spire (QoL Compilation)","Replay The Spire","StSLib","The Bug Knight","The Cursed","The Hierophant","The Servant 0.9.4"],"gold_per_floor":[118,135,95,105,121,0,13,27,73,73,85,85,85,100,100,196,196,216,236,236,11,11,11],"floor_reached":22,"language":"ZHS","playtime":1441,"items_purged":["HollowMod:NailStrikeStart","Overencumbered"],"score":180,"play_id":"ebe51aaf-f483-4ba6-a82e-42402802a067","local_time":"20210127211102","is_ascension_mode":false,"campfire_choices":[{"data":"HollowMod:NewJinnsSoul","floor":10,"key":"SMITH"},{"data":"HollowMod:MothsMistake","floor":12,"key":"SMITH"},{"data":"HollowMod:InfectedCysts","floor":15,"key":"SMITH"}],"circlet_count":0,"master_deck":["HollowMod:NailStrikeStart","HollowMod:NailStrikeStart","HollowMod:NailStrikeStart","HollowMod:QuickDashStart","HollowMod:QuickDashStart","HollowMod:QuickDashStart","HollowMod:QuickDashStart","HollowMod:FocusHealStart","HollowMod:PogoStrike","HollowMod:MothsMistake+1","HollowMod:InfectedCysts+1","HollowMod:InfectedAttack","HollowMod:CloakDash","HollowMod:NewJinnsSoul+1","HollowMod:LifebloodCore","CommonCold","CommonCold","Violence","Bandage Up","Poisoned Strike"],"relics":["HollowMod:VesselMask","Bronze Scales","Replay:Ancient Bell","Gremlin Food","Iron Hammer","Du-Vu Doll","ReplayTheSpireMod:ShopPack"],"acts_visited":["Hallownest:Greenpath","Hallownest:CityofTears"],"potions_floor_usage":[2,4,14],"damage_taken":[{"damage":4,"enemies":"Hallownest:2_MossCreeps","floor":1,"turns":5},{"damage":9,"enemies":"Hallownest:monsterHuskGuard","floor":2,"turns":4},{"damage":4,"enemies":"Hallownest:1_Baldur_1_Crawlid_1_Warrior","floor":4,"turns":7},{"damage":4,"enemies":"Hallownest:monsterAspidMother","floor":5,"turns":4},{"damage":6,"enemies":"Hallownest:monsterMossCharger","floor":7,"turns":5},{"damage":8,"enemies":"Hallownest:Wandering_and_Horned","floor":8,"turns":7},{"damage":0,"enemies":"Hallownest:Guard_and_Warrior","floor":11,"turns":6},{"damage":18,"enemies":"Hallownest:monsterFoolEater","floor":14,"turns":4},{"damage":24,"enemies":"Hallownest:BossFalseKnight","floor":16,"turns":8},{"damage":22,"enemies":"Hallownest:Guard_and_Sentry","floor":18,"turns":5},{"damage":33,"enemies":"Hallownest:3_Youths","floor":19,"turns":5}],"seed_played":"6656402435119417630","potions_obtained":[{"floor":1,"key":"DistilledChaos"},{"floor":2,"key":"SpeedPotion"},{"floor":4,"key":"SpeedPotion"},{"floor":8,"key":"SmokeBomb"},{"floor":16,"key":"Dexterity Potion"},{"floor":19,"key":"LifebloodPotion"}],"is_trial":false,"path_per_floor":["M","?","?","M","M","$","M","M","T","R","M","R","$","M","R","B",null,"M","M","?","$","?"],"character_chosen":"THE_BUGKNIGHT","items_purchased":["HollowMod:CloakDash","ReplayTheSpireMod:ShopPack"],"campfire_rested":0,"item_purchase_floors":[6,21],"current_hp_per_floor":[71,62,68,74,70,70,69,71,71,71,71,71,71,63,63,39,75,53,20,20,20,0,0],"gold":11,"neow_bonus":"THREE_CARDS","is_daily":false,"chose_seed":false,"campfire_upgraded":3,"win_rate":0.0,"timestamp":1611753062,"path_taken":["M","?","?","?","M","?","M","M","T","R","?","R","$","M","R","BOSS","M","?","?","$","?"],"items_purchased_type":["Card","Relic"],"build_version":"2020-12-22","purchased_purges":2,"victory":false,"max_hp_per_floor":[75,75,75,75,75,75,75,75,75,75,75,75,75,75,75,75,75,75,75,75,75,75,75],"card_choices":[{"not_picked":["HollowMod:InfectedCysts","HollowMod:SharpenedNail"],"picked":"HollowMod:MothsMistake","floor":0},{"not_picked":["HollowMod:LuriensSpire","HollowMod:MonomonsArchive"],"picked":"HollowMod:InfectedCysts","floor":1},{"not_picked":["HollowMod:DoubleDash","HollowMod:GoodIntentions","HollowMod:GrimmsGift"],"picked":"SKIP","floor":2},{"not_picked":["HollowMod:HeavyBlow","HollowMod:HowlingWraiths","HollowMod:DescendingDark"],"picked":"SKIP","floor":4},{"not_picked":["HollowMod:HowlingWraiths","HollowMod:NewLittleFool"],"picked":"HollowMod:InfectedAttack","floor":5},{"not_picked":["HollowMod:HowlingWraiths","HollowMod:SoulStrike","HollowMod:theNailsmith"],"picked":"SKIP","floor":7},{"not_picked":["HollowMod:QuirrelsAssistance","HollowMod:Grubsong"],"picked":"HollowMod:NewJinnsSoul","floor":8},{"not_picked":["HollowMod:ShadowDash","HollowMod:ChannelNail","HollowMod:VengefulVoid"],"picked":"SKIP","floor":11},{"not_picked":["HollowMod:PureNailStrike","HollowMod:SiblingsSouls","HollowMod:SharpenedShadows"],"picked":"SKIP","floor":14},{"not_picked":["HollowMod:ZotesMagnificence","HollowMod:MidwifesHunger"],"picked":"HollowMod:LifebloodCore","floor":16},{"not_picked":["Hallownest:curseDreamersLament","Pain"],"picked":"CommonCold","floor":17},{"not_picked":["Normality","AbeCurse"],"picked":"CommonCold","floor":17},{"not_picked":["Pain","ReplayTheSpireMod:Restless Dread"],"picked":"Overencumbered","floor":17},{"not_picked":["HollowMod:NewLittleFool","HollowMod:CycloneSlash+1","HollowMod:Grubsong+1"],"picked":"SKIP","floor":18},{"not_picked":["HollowMod:MonomonsArchive","HollowMod:MothsMistake","HollowMod:PureNailStrike"],"picked":"SKIP","floor":19},{"not_picked":["ReplayUltimateDefense","ReplayTheSpireMod:Brewmster"],"picked":"Violence","floor":21},{"not_picked":["Survey Options","Enlightenment"],"picked":"Bandage Up","floor":21},{"not_picked":["Replay:Parry","Discovery"],"picked":"Poisoned Strike","floor":21}],"player_experience":421059,"relics_obtained":[{"floor":9,"key":"Bronze Scales"}],"event_choices":[],"is_beta":false,"boss_relics":[{"not_picked":["Replay:Bronze Core","Replay:Wanted Poster"],"picked":"Replay:Ancient Bell"},{"not_picked":["Tiny Chest","War Paint"],"picked":"Gremlin Food"},{"not_picked":["HollowMod:MantisClawRelic","Frozen Egg 2"],"picked":"Iron Hammer"},{"not_picked":["Ginger","Replay:Kaleidoscope"],"picked":"Du-Vu Doll"}],"items_purged_floors":[6,21],"is_endless":false,"potions_floor_spawned":[1,2,4,8,16,19],"ascension_level":0}}