{"host":"uv5ws9rdk87e8i5k","time":1611716490,"event":{"mods":["AchievementEnabler","BaseMod","Colored Map","Minty Spire (QoL Compilation)","Permanent Neow","Quick Restart","StSLib","SuperFastMode","The Animator","The Cursed","The Hierophant","The Necromancer"],"gold_per_floor":[19,35,35,52,116,141,141,151,151,165,176,192,222,242,242,342,342],"floor_reached":16,"language":"ENG","playtime":357,"items_purged":[],"score":257,"play_id":"f06b9e3f-b1f1-48a6-bf45-50ff130f3a90","local_time":"20210126210130","is_ascension_mode":true,"campfire_choices":[{"data":"Life_Drain","floor":7,"key":"SMITH"},{"data":"Summon_Undead_Army","floor":15,"key":"SMITH"}],"circlet_count":0,"master_deck":["AscendersBane","Strike_W","Strike_W","Strike_W","Strike_W","Defend_W","Defend_W","Defend_W","Defend_W","Negative_Energy_Arrows","Bone_Wall","Hellfire","Life_Drain+1","Spectral_Armor","Negative_Energy_Burst","Life_Drain+1","Summon_Undead_Army+1","Spectral_Walk","Hellfire"],"relics":["Vampire_Amulet","Juzu Bracelet","Bottled Lightning","Pantograph"],"acts_visited":["Exordium"],"potions_floor_usage":[6,14,16],"damage_taken":[{"damage":0.0,"enemies":"2 Louse","floor":1.0,"turns":3.0},{"damage":0.0,"enemies":"Small Slimes","floor":2.0,"turns":3.0},{"damage":2.0,"enemies":"Jaw Worm","floor":4.0,"turns":3.0},{"damage":25,"enemies":"Gremlin Nob","floor":6,"turns":4},{"damage":5,"enemies":"Exordium Wildlife","floor":8,"turns":3},{"damage":2,"enemies":"Red Slaver","floor":10,"turns":2},{"damage":12,"enemies":"Gremlin Gang","floor":11,"turns":4},{"damage":0,"enemies":"Large Slime","floor":12,"turns":5},{"damage":30,"enemies":"Lagavulin","floor":13,"turns":9},{"damage":11,"enemies":"Blue Slaver","floor":14,"turns":4},{"damage":37,"enemies":"Hexaghost","floor":16,"turns":9}],"seed_played":"7100035206106642148","potions_obtained":[{"floor":1.0,"key":"BlessingOfTheForge"},{"floor":6,"key":"LiquidBronze"},{"floor":8,"key":"Weak Potion"},{"floor":14,"key":"Energy Potion"}],"is_trial":false,"path_per_floor":["M","M","?","M","?","E","R","M","T","M","M","M","E","M","R","B"],"character_chosen":"NECROMANCER","items_purchased":[],"campfire_rested":0,"item_purchase_floors":[],"current_hp_per_floor":[72,75,75,75,75,52,52,57,57,63,69,75,59,62,62,62,62],"gold":342,"neow_bonus":"THREE_RARE_CARDS","is_daily":false,"chose_seed":false,"campfire_upgraded":2,"win_rate":0.0,"timestamp":1611716490,"path_taken":["M","M","?","M","?","E","R","M","T","M","M","M","E","M","R","BOSS"],"items_purchased_type":[],"build_version":"2020-12-22","purchased_purges":0,"victory":false,"max_hp_per_floor":[75,75,75,75,75,75,75,75,75,75,75,75,75,75,75,75,75],"card_choices":[{"not_picked":["Negative_Energy_Bomb","Blood_Magic"],"picked":"Hellfire","floor":0.0},{"not_picked":["Uncharnel","Toxic_Smoke_Screen"],"picked":"Life_Drain","floor":1.0},{"not_picked":["Summon_Undead_Army","Scare"],"picked":"Spectral_Armor","floor":2.0},{"not_picked":["Strike_from_Beyond","Blood_Whip"],"picked":"Negative_Energy_Burst","floor":4.0},{"not_picked":["Blood_Whip","Death_Coil"],"picked":"Life_Drain","floor":6},{"not_picked":["Bone_Armor","Reap_The_Weak","Blood_Curse"],"picked":"SKIP","floor":8},{"not_picked":["Chill_Blood","Bone_Spikes"],"picked":"Summon_Undead_Army","floor":10},{"not_picked":["Bone_Spikes","Bone_Armor","Finger_Of_Death"],"picked":"SKIP","floor":11},{"not_picked":["Reap_The_Weak","Blood_for_Blood","Blood_Curse"],"picked":"SKIP","floor":12},{"not_picked":["Bone_Bullets","Bones_to_Steel"],"picked":"Spectral_Walk","floor":13},{"not_picked":["Shackles_Of_Pain","Vampiric_Strike","Death_March_Dance"],"picked":"SKIP","floor":14},{"not_picked":["Detonate_Bones","Blood_Magic"],"picked":"Hellfire","floor":16}],"player_experience":295267,"relics_obtained":[{"floor":6,"key":"Juzu Bracelet"},{"floor":9,"key":"Bottled Lightning"},{"floor":13,"key":"Pantograph"}],"event_choices":[{"damage_healed":0.0,"max_hp_gain":0.0,"max_hp_loss":0.0,"gold_gain":0.0,"event_name":"Living Wall","player_choice":"Grow","floor":3.0,"gold_loss":0.0,"damage_taken":0.0,"cards_upgraded":["Life_Drain"]},{"damage_healed":0.0,"max_hp_gain":0.0,"max_hp_loss":0.0,"gold_gain":64.0,"event_name":"Golden Wing","player_choice":"Gained Gold","floor":5.0,"gold_loss":0.0,"damage_taken":0.0}],"is_beta":false,"boss_relics":[],"items_purged_floors":[],"is_endless":false,"potions_floor_spawned":[1,6,8,12,14],"killed_by":"Hexaghost","ascension_level":11}}