{"host":"nnxvcju6x1qybncj","time":1611765131,"event":{"mods":["BaseMod","Block Reminder","Curses Come First","Custom Start","Dark Map","Displayed Cursed Tome","Downfall","Evolution","Jorbs\u0027s Wanderer Trilogy","Minty Spire (QoL Compilation)","Quick Restart","Relic Stats","StSLib"],"gold_per_floor":[114,114,38,55,74,74,109,109,109,136,13,27,37,54,54,127,127,140,140,157,157,157,157],"floor_reached":22,"language":"ENG","playtime":949,"items_purged":[],"score":442,"play_id":"34ad59a5-05ad-4dc7-985e-cd90b54dbc4f","local_time":"20210127173211","is_ascension_mode":true,"campfire_choices":[{"floor":6.0,"key":"REST"},{"floor":15.0,"key":"REST"}],"circlet_count":0,"master_deck":["AscendersBane","Ball Lightning","Cold Snap","Defend_B","Defend_B","Defend_B","Defend_B","Zap","Dualcast","Darkness","Buffer","Ball Lightning","Defragment+1","Storm","Self Repair","Capacitor","Reinforced Body","Blizzard","Leap","Conserve Battery","Fission","Hologram","Hologram+1"],"relics":["Cracked Core","EVO:Axolotl","Mummified Hand","Kunai","Cursed Key"],"acts_visited":["Exordium","TheCity"],"potions_floor_usage":[],"damage_taken":[{"damage":5.0,"enemies":"Small Slimes","floor":1.0,"turns":3.0},{"damage":0.0,"enemies":"Cultist","floor":4.0,"turns":3.0},{"damage":0.0,"enemies":"2 Louse","floor":5.0,"turns":2.0},{"damage":0.0,"enemies":"Lagavulin","floor":7.0,"turns":5.0},{"damage":25.0,"enemies":"3 Sentries","floor":10.0,"turns":6.0},{"damage":12.0,"enemies":"Exordium Wildlife","floor":12.0,"turns":4.0},{"damage":0.0,"enemies":"3 Louse","floor":13.0,"turns":4.0},{"damage":4.0,"enemies":"Blue Slaver","floor":14.0,"turns":3.0},{"damage":27.0,"enemies":"Slime Boss","floor":16.0,"turns":9.0},{"damage":11,"enemies":"Shell Parasite","floor":18,"turns":6},{"damage":36,"enemies":"2 Thieves","floor":20,"turns":4},{"damage":30,"enemies":"Centurion and Healer","floor":22,"turns":5}],"seed_played":"-7805649268441415867","potions_obtained":[{"floor":4.0,"key":"BlessingOfTheForge"},{"floor":5.0,"key":"Fruit Juice"},{"floor":7.0,"key":"ColorlessPotion"},{"floor":10.0,"key":"FearPotion"},{"floor":12.0,"key":"SkillPotion"},{"floor":20,"key":"Fire Potion"}],"is_trial":false,"path_per_floor":["M","?","$","M","M","R","E","?","T","E","$","M","M","M","R","B",null,"M","T","M","?","M"],"character_chosen":"DEFECT","items_purchased":["Buffer","Capacitor","Reinforced Body"],"campfire_rested":2,"item_purchase_floors":[3,11,11],"current_hp_per_floor":[41,37,37,37,37,58,58,58,58,38,38,33,40,36,58,38,67,63,63,27,27,0,0],"gold":157,"neow_bonus":"REMOVE_TWO","is_daily":false,"chose_seed":false,"campfire_upgraded":0,"win_rate":0.0,"timestamp":1611765131,"path_taken":["M","?","?","?","M","R","E","?","T","E","$","M","M","M","R","BOSS","M","?","M","?","M"],"items_purchased_type":["Card","Card","Card"],"build_version":"2020-12-22","purchased_purges":0,"victory":false,"max_hp_per_floor":[71,71,71,71,71,71,71,71,71,76,76,76,76,76,76,76,76,76,76,76,76,76,76],"relic_stats":{"counters":[12,54],"Mummified Hand":[34],"Kunai":[0],"Cursed Key":0,"obtain_stats":[{"Mummified Hand":7,"EVO:Axolotl":0,"Kunai":10,"Cracked Core":0,"Cursed Key":17},{"Mummified Hand":4,"EVO:Axolotl":0,"Kunai":5,"Cracked Core":0,"Cursed Key":9},{"Mummified Hand":13,"EVO:Axolotl":0,"Kunai":19,"Cracked Core":0,"Cursed Key":39}]},"card_choices":[{"not_picked":["Stack","Rebound"],"picked":"Darkness","floor":1.0},{"not_picked":["Force Field","Chaos"],"picked":"Ball Lightning","floor":4.0},{"not_picked":["Tempest","Fusion"],"picked":"Defragment","floor":5.0},{"not_picked":["Leap","Steam"],"picked":"Storm","floor":7.0},{"not_picked":["Skim","Sweeping Beam"],"picked":"Self Repair","floor":10.0},{"not_picked":["Redo","Stack"],"picked":"Blizzard","floor":12.0},{"not_picked":["Sunder","Streamline"],"picked":"Leap","floor":13.0},{"not_picked":["Chaos","Scrape"],"picked":"Conserve Battery","floor":14.0},{"not_picked":["Seek","Amplify"],"picked":"Fission","floor":16.0},{"not_picked":["Go for the Eyes","Redo"],"picked":"Hologram","floor":18},{"not_picked":["Compile Driver","Aggregate"],"picked":"Hologram+1","floor":20}],"player_experience":709166,"relics_obtained":[{"floor":7.0,"key":"Mummified Hand"},{"floor":10.0,"key":"Kunai"}],"event_choices":[{"damage_healed":0.0,"max_hp_gain":0.0,"max_hp_loss":0.0,"gold_gain":0.0,"event_name":"The Woman in Blue","player_choice":"Bought 0 Potions","floor":2.0,"gold_loss":0.0,"damage_taken":0.0},{"damage_healed":0.0,"max_hp_gain":0.0,"max_hp_loss":0.0,"gold_gain":0.0,"event_name":"Upgrade Shrine","player_choice":"Upgraded","floor":8.0,"gold_loss":0.0,"damage_taken":0.0,"cards_upgraded":["Defragment"]},{"damage_healed":0,"gold_gain":0,"player_choice":"Ignored","damage_taken":0,"max_hp_gain":0,"max_hp_loss":0,"event_name":"The Mausoleum","floor":21,"gold_loss":0}],"is_beta":false,"boss_relics":[{"not_picked":["SlaversCollar","Pandora\u0027s Box"],"picked":"Cursed Key"}],"items_purged_floors":[],"is_endless":false,"potions_floor_spawned":[4,5,7,10,12,20],"killed_by":"Centurion and Healer","ascension_level":20}}