{"host":"yq854828l1wg20je","time":1611774929,"event":{"mods":["AchievementEnabler","BaseMod","Colored Powertips","Downfall","Hubris","Minty Spire (QoL Compilation)","Quick Restart","READ ME - Snecko Mod","Replay The Spire","StSLib","The Construct","The Cursed","The Disciple","The Senshi","The Servant 0.9.4"],"gold_per_floor":[119,136,231,243,17,17,17,17,17,29,29,40,40,68,68,169,169,189,199,199,249,249,249],"floor_reached":22,"language":"ENG","playtime":2140,"items_purged":[],"score":209,"play_id":"1052b347-253a-470b-acc4-4306cefb0ac0","local_time":"20210127141529","is_ascension_mode":false,"campfire_choices":[{"floor":6.0,"key":"REST"},{"data":"construct:AttackMode","floor":8.0,"key":"SMITH"},{"floor":13.0,"key":"REST"},{"data":"construct:Anticipate","floor":15.0,"key":"SMITH"}],"circlet_count":0,"master_deck":["construct:Strike_Gold","construct:Strike_Gold","construct:Strike_Gold","construct:Strike_Gold","construct:Defend_Gold","construct:Defend_Gold","construct:Defend_Gold","construct:Defend_Gold","construct:Defend_Gold","construct:AttackMode+1","construct:DefenseMode","construct:Anticipate+1","construct:Boost","construct:SuppressiveFire","construct:SuppressiveFire","construct:Versatility+1","construct:PowerUp","construct:Missile","construct:Disrupt","construct:ClockworkEgg","construct:FlakBarrage+1","construct:MemoryTap+1","construct:Chainstrike+1","construct:OneWayMirror","construct:Analyze"],"relics":["construct:Cogwheel","Pen Nib","Matryoshka","hubris:DeckOfHolding","Astrolabe"],"acts_visited":[],"potions_floor_usage":[],"damage_taken":[{"damage":8.0,"enemies":"2 Louse","floor":1.0,"turns":3.0},{"damage":0.0,"enemies":"Cultist","floor":2.0,"turns":5.0},{"damage":1.0,"enemies":"Jaw Worm","floor":4.0,"turns":5.0},{"damage":20.0,"enemies":"Exordium Thugs","floor":10.0,"turns":6.0},{"damage":6.0,"enemies":"3 Louse","floor":12.0,"turns":3.0},{"damage":0.0,"enemies":"Lagavulin","floor":14.0,"turns":5.0},{"damage":31.0,"enemies":"The Guardian","floor":16.0,"turns":13.0},{"damage":49.0,"enemies":"3 Byrds","floor":18.0,"turns":6.0},{"damage":13.0,"enemies":"Shell Parasite","floor":19.0,"turns":6.0},{"damage":13,"enemies":"Chosen and Byrds","floor":22,"turns":4}],"seed_played":"-1140163312780248934","potions_obtained":[{"floor":2.0,"key":"SmokeBomb"},{"floor":10.0,"key":"Fire Potion"},{"floor":14.0,"key":"Venom Potion"},{"floor":18.0,"key":"SteroidPotion"}],"is_trial":false,"path_per_floor":["M","M","?","M","$","R","?","R","T","M","$","M","R","E","R","B",null,"M","M","?","?","M"],"character_chosen":"THE_CONSTRUCT_MOD","items_purchased":["Pen Nib","construct:PowerUp"],"campfire_rested":2,"item_purchase_floors":[5,5],"current_hp_per_floor":[85,85,62,61,61,88,88,88,88,68,68,62,89,89,89,58,93,52,39,10,10,0,0],"gold":249,"neow_bonus":"TEN_PERCENT_HP_BONUS","is_daily":false,"chose_seed":false,"campfire_upgraded":2,"win_rate":0.0,"timestamp":1611774929,"path_taken":["M","M","?","M","?","R","?","R","T","M","?","M","R","E","R","BOSS","M","M","?","?","M"],"items_purchased_type":["Relic","Card"],"build_version":"2020-12-22","purchased_purges":0,"victory":false,"max_hp_per_floor":[93,93,93,93,93,93,93,93,93,93,93,93,93,93,93,93,93,93,93,93,93,93,93],"card_choices":[{"not_picked":["construct:Backfire","construct:VentSteam"],"picked":"construct:Anticipate","floor":1.0},{"not_picked":["construct:ScopeCore","construct:ClusterMines"],"picked":"construct:Boost","floor":2.0},{"not_picked":["construct:Boost","construct:SyphonStrike"],"picked":"construct:SuppressiveFire","floor":3.0},{"not_picked":["construct:GatlingGun","construct:SaveState"],"picked":"construct:SuppressiveFire","floor":3.0},{"not_picked":["construct:Analyze","construct:Zapper"],"picked":"construct:Versatility","floor":3.0},{"not_picked":["construct:Anticipate","construct:SweepLaser"],"picked":"construct:ShiftStrike","floor":4.0},{"not_picked":["construct:Bunker","construct:Reinforce"],"picked":"construct:Missile","floor":10.0},{"not_picked":["construct:Versatility","construct:Failsafe"],"picked":"construct:Disrupt","floor":12.0},{"not_picked":["construct:Failsafe","construct:OmegaCannon"],"picked":"construct:ScopeCore","floor":14.0},{"not_picked":["construct:ShiftingStance","construct:HastyRepair"],"picked":"construct:ClockworkEgg","floor":16.0},{"not_picked":["construct:Overcharge","construct:FocusedBeam"],"picked":"construct:OneWayMirror","floor":18.0},{"not_picked":["construct:VentSteam","construct:Boost"],"picked":"construct:Analyze","floor":19.0}],"player_experience":16287,"relics_obtained":[{"floor":9.0,"key":"Matryoshka"},{"floor":14.0,"key":"hubris:DeckOfHolding"}],"event_choices":[{"damage_healed":0.0,"max_hp_gain":0.0,"max_hp_loss":0.0,"gold_gain":0.0,"event_name":"Living Wall","player_choice":"Grow","floor":7.0,"gold_loss":0.0,"damage_taken":0.0,"cards_upgraded":["construct:Versatility"]},{"damage_healed":0.0,"max_hp_gain":0.0,"max_hp_loss":0.0,"gold_gain":100.0,"event_name":"The Joust","player_choice":"Bet on Murderer","floor":21.0,"gold_loss":50.0,"damage_taken":0.0}],"is_beta":false,"boss_relics":[{"not_picked":["ReplayTheSpireMod:DimensionalGlitch","Replay:Drink Me"],"picked":"Astrolabe"}],"items_purged_floors":[],"is_endless":false,"potions_floor_spawned":[2,10,14,18],"killed_by":"Chosen and Byrds","ascension_level":0}}