{"host":"kg61lsvem4dxoat8","time":1611756628,"event":{"mods":["AchievementEnabler","BaseMod","Better Altar","Better Match","Better Sensory Stone","Highlight Path","Minty Spire (QoL Compilation)","Quick Restart","Relic Sorter","Relic Stats","StSLib","Synergy Search","slay the spire mod where everything is the same but ironclad has a cowboy hat"],"gold_per_floor":[118,118,118,134,8,41,41,75,100,100,100,121,146,70,70,190,190,215,215,130,55,55,100,112,74,101,124,143,183,183,109,109,232,232,255,255,270,295,46,46,85,85,85,418,428,455,66,66,66,66,66],"floor_reached":50,"language":"ENG","playtime":1384,"items_purged":["Strike_P","Strike_P","Strike_P","Strike_P+1","FlurryOfBlows"],"score":982,"play_id":"6a5b1659-d76f-4234-bd91-9649ae94833d","local_time":"20210127221028","is_ascension_mode":true,"campfire_choices":[{"data":"Wallop","floor":7.0,"key":"SMITH"},{"data":"Eruption","floor":10.0,"key":"SMITH"},{"floor":15.0,"key":"REST"},{"data":"Adaptation","floor":24.0,"key":"SMITH"},{"data":"Vault","floor":30.0,"key":"SMITH"},{"floor":32.0,"key":"REST"},{"floor":40.0,"key":"REST"},{"floor":42,"key":"REST"},{"floor":49,"key":"REST"}],"circlet_count":0,"master_deck":["Defend_P","Defend_P","Defend_P","Defend_P+1","Eruption+1","Vigilance","Tantrum","Wallop+1","FlurryOfBlows","EmptyBody","EmptyBody","Vault+1","CurseOfTheBell","Halt","DevaForm","Finesse+1","Adaptation+1","FearNoEvil","TalkToTheHand","EmptyFist+1","FlurryOfBlows","FlurryOfBlows","MentalFortress+1","Sanctity","FlurryOfBlows+1","ClearTheMind","EmptyFist","Crescendo+1"],"relics":["PureWater","Boot","Smiling Mask","Vajra","Lantern","Tiny Chest","Calling Bell","Oddly Smooth Stone","Meat on the Bone","Torii","Toy Ornithopter","MawBank","Dream Catcher","Bag of Preparation","Omamori","Fusion Hammer","Medical Kit","Pantograph","Prayer Wheel","Regal Pillow","Membership Card","Pen Nib","Ancient Tea Set","Strawberry"],"acts_visited":["Exordium","TheCity","TheBeyond"],"potions_floor_usage":[46,46,46],"damage_taken":[{"damage":0.0,"enemies":"Cultist","floor":1.0,"turns":3.0},{"damage":1.0,"enemies":"2 Louse","floor":4.0,"turns":2.0},{"damage":21.0,"enemies":"3 Sentries","floor":6.0,"turns":6.0},{"damage":0.0,"enemies":"Gremlin Nob","floor":8.0,"turns":2.0},{"damage":0.0,"enemies":"Jaw Worm","floor":12.0,"turns":1.0},{"damage":0.0,"enemies":"Red Slaver","floor":13.0,"turns":2.0},{"damage":0.0,"enemies":"Slime Boss","floor":16.0,"turns":8.0},{"damage":1.0,"enemies":"Shell Parasite","floor":18.0,"turns":3.0},{"damage":1.0,"enemies":"Book of Stabbing","floor":23.0,"turns":4.0},{"damage":0.0,"enemies":"Chosen","floor":27.0,"turns":3.0},{"damage":40.0,"enemies":"Snake Plant","floor":28.0,"turns":4.0},{"damage":0.0,"enemies":"Gremlin Leader","floor":29.0,"turns":6.0},{"damage":0.0,"enemies":"Collector","floor":33.0,"turns":7.0},{"damage":1.0,"enemies":"3 Shapes","floor":35.0,"turns":3.0},{"damage":1.0,"enemies":"Orb Walker","floor":37.0,"turns":3.0},{"damage":1.0,"enemies":"Maw","floor":38.0,"turns":9.0},{"damage":0,"enemies":"Giant Head","floor":41,"turns":5},{"damage":0,"enemies":"Sphere and 2 Shapes","floor":45,"turns":3},{"damage":44,"enemies":"Reptomancer","floor":46,"turns":5},{"damage":82,"enemies":"Time Eater","floor":50,"turns":7}],"seed_played":"-1583313245292685407","potions_obtained":[{"floor":1.0,"key":"Weak Potion"},{"floor":4.0,"key":"SteroidPotion"},{"floor":8.0,"key":"Ambrosia"},{"floor":16.0,"key":"Regen Potion"},{"floor":29.0,"key":"Weak Potion"},{"floor":33.0,"key":"BottledMiracle"},{"floor":38.0,"key":"BottledMiracle"},{"floor":41,"key":"LiquidMemories"},{"floor":45,"key":"PowerPotion"}],"is_trial":false,"path_per_floor":["M","?","?","M","$","E","R","E","T","R","?","M","M","$","R","B",null,"M","?","?","?","T","E","R","$","T","M","M","E","R","$","R","B",null,"M","?","M","M","$","R","E","R","T","?","M","E","$","T","R","B"],"character_chosen":"WATCHER","items_purchased":["Strength Potion","EmptyBody","FearNoEvil","Medical Kit","FlurryOfBlows","Membership Card","Pen Nib","Ancient Tea Set","ClearTheMind","EmptyFist"],"campfire_rested":5,"item_purchase_floors":[5,14,31,39,39,47,47,47,47,47],"current_hp_per_floor":[65,65,52,51,51,30,30,30,30,30,27,27,27,27,47,47,62,61,48,48,48,48,67,67,67,67,67,39,39,39,39,59,64,66,66,64,63,62,62,64,64,64,64,64,64,32,32,39,71,0,0],"gold":66,"neow_bonus":"RANDOM_COMMON_RELIC","is_daily":false,"chose_seed":false,"campfire_upgraded":4,"win_rate":0.0,"timestamp":1611756628,"path_taken":["M","?","?","?","?","E","R","E","T","R","?","M","M","$","R","BOSS","M","?","?","?","?","E","R","$","T","M","M","E","R","?","R","BOSS","M","?","M","M","$","R","E","R","T","?","M","E","$","?","R","BOSS"],"items_purchased_type":["Potion","Card","Card","Relic","Card","Relic","Relic","Relic","Card","Card"],"build_version":"2020-12-22","purchased_purges":5,"victory":false,"max_hp_per_floor":[72,67,67,67,67,67,67,67,67,67,67,67,67,67,67,67,67,67,67,67,67,67,67,67,67,67,67,67,67,67,67,67,67,67,67,64,64,64,64,64,64,64,64,64,64,64,64,71,71,71,71],"relic_stats":{"Regal Pillow":11,"Torii":17,"counters":[20,86],"Pen Nib":[3],"Bag of Preparation":[22],"Boot":[141],"Smiling Mask":263,"MawBank":36,"Medical Kit":[1],"Dream Catcher":4,"Pantograph":0,"Tiny Chest":2,"Prayer Wheel":1,"obtain_stats":[{"Lantern":9,"Regal Pillow":46,"Torii":17,"Vajra":8,"Bag of Preparation":26,"Boot":0,"Smiling Mask":6,"Ancient Tea Set":47,"Dream Catcher":23,"Pantograph":41,"Strawberry":48,"Tiny Chest":11,"Prayer Wheel":43,"Fusion Hammer":34,"Golden Idol":2,"Oddly Smooth Stone":17,"Pen Nib":47,"Omamori":29,"MawBank":22,"Medical Kit":39,"Calling Bell":17,"Membership Card":47,"PureWater":0,"Toy Ornithopter":20,"Meat on the Bone":17},{"Lantern":4,"Regal Pillow":19,"Torii":7,"Vajra":4,"Bag of Preparation":9,"Boot":0,"Smiling Mask":3,"Ancient Tea Set":19,"Dream Catcher":9,"Pantograph":17,"Strawberry":19,"Tiny Chest":4,"Prayer Wheel":17,"Fusion Hammer":13,"Golden Idol":1,"Oddly Smooth Stone":7,"Pen Nib":19,"Omamori":12,"MawBank":8,"Medical Kit":16,"Calling Bell":7,"Membership Card":19,"PureWater":0,"Toy Ornithopter":8,"Meat on the Bone":7},{"Lantern":13,"Regal Pillow":79,"Torii":24,"Vajra":13,"Bag of Preparation":31,"Boot":0,"Smiling Mask":11,"Ancient Tea Set":79,"Dream Catcher":31,"Pantograph":71,"Strawberry":79,"Tiny Chest":13,"Prayer Wheel":71,"Fusion Hammer":51,"Golden Idol":3,"Oddly Smooth Stone":24,"Pen Nib":79,"Omamori":44,"MawBank":27,"Medical Kit":66,"Calling Bell":24,"Membership Card":79,"PureWater":0,"Toy Ornithopter":27,"Meat on the Bone":24}],"Toy Ornithopter":16,"Meat on the Bone":24},"card_choices":[{"not_picked":["EmptyMind","Conclude"],"picked":"Tantrum","floor":1.0},{"not_picked":["PathToVictory","BowlingBash"],"picked":"Wallop","floor":4.0},{"not_picked":["Brilliance","SashWhip"],"picked":"FlurryOfBlows","floor":6.0},{"not_picked":["Nirvana","Swivel"],"picked":"FlurryOfBlows","floor":8.0},{"not_picked":["JustLucky","Study"],"picked":"EmptyBody","floor":12.0},{"not_picked":["CrushJoints","PathToVictory","SignatureMove"],"picked":"SKIP","floor":13.0},{"not_picked":["Omniscience","Ragnarok"],"picked":"Vault","floor":16.0},{"not_picked":["CarveReality","SignatureMove"],"picked":"Halt","floor":18.0},{"not_picked":["Blind+1","Impatience+1"],"picked":"Finesse+1","floor":21.0},{"not_picked":["Alpha","FollowUp"],"picked":"Adaptation","floor":23.0},{"not_picked":["FollowUp","Evaluate","CrushJoints"],"picked":"SKIP","floor":27.0},{"not_picked":["Nirvana","PathToVictory","Sanctity+1"],"picked":"SKIP","floor":28.0},{"not_picked":["ClearTheMind","Worship","CutThroughFate+1"],"picked":"SKIP","floor":29.0},{"not_picked":["Protect","Halt"],"picked":"TalkToTheHand","floor":32.0},{"not_picked":["Consecrate","FlyingSleeves"],"picked":"EmptyFist+1","floor":35.0},{"not_picked":["Study","FollowUp+1","ThirdEye"],"picked":"SKIP","floor":37.0},{"not_picked":["Meditate","Protect"],"picked":"FlurryOfBlows","floor":38.0},{"not_picked":["DevaForm","CutThroughFate"],"picked":"MentalFortress+1","floor":40.0},{"not_picked":["InnerPeace","MentalFortress"],"picked":"Sanctity","floor":41},{"not_picked":["BowlingBash+1","Evaluate+1","CutThroughFate+1"],"picked":"SKIP","floor":45},{"not_picked":["FlurryOfBlows","ThirdEye","Protect"],"picked":"SKIP","floor":45},{"not_picked":["InnerPeace+1","CrushJoints+1"],"picked":"FlurryOfBlows+1","floor":46},{"not_picked":["ThirdEye","FlyingSleeves+1"],"picked":"Crescendo+1","floor":49}],"player_experience":1410470,"relics_obtained":[{"floor":6.0,"key":"Smiling Mask"},{"floor":8.0,"key":"Vajra"},{"floor":9.0,"key":"Lantern"},{"floor":17.0,"key":"Oddly Smooth Stone"},{"floor":17.0,"key":"Meat on the Bone"},{"floor":17.0,"key":"Torii"},{"floor":22.0,"key":"MawBank"},{"floor":23.0,"key":"Dream Catcher"},{"floor":26.0,"key":"Bag of Preparation"},{"floor":29.0,"key":"Omamori"},{"floor":41,"key":"Pantograph"},{"floor":43,"key":"Prayer Wheel"},{"floor":46,"key":"Regal Pillow"},{"floor":48,"key":"Strawberry"}],"event_choices":[{"damage_healed":0.0,"max_hp_gain":0.0,"max_hp_loss":5.0,"gold_gain":0.0,"event_name":"Golden Idol","player_choice":"Lose Max HP","floor":2.0,"gold_loss":0.0,"damage_taken":0.0,"relics_obtained":["Golden Idol"]},{"damage_healed":0.0,"max_hp_gain":0.0,"max_hp_loss":0.0,"gold_gain":0.0,"event_name":"Shining Light","player_choice":"Entered Light","floor":3.0,"gold_loss":0.0,"damage_taken":13.0,"cards_upgraded":["Defend_P","Strike_P"]},{"damage_healed":0.0,"max_hp_gain":0.0,"max_hp_loss":0.0,"gold_gain":0.0,"event_name":"Scrap Ooze","player_choice":"Success","floor":11.0,"gold_loss":0.0,"damage_taken":3.0,"relics_obtained":["Tiny Chest"]},{"damage_healed":0.0,"max_hp_gain":0.0,"max_hp_loss":13.0,"gold_gain":2.0,"event_name":"betterStone:BetterStone","player_choice":"2","floor":19.0,"gold_loss":0.0,"damage_taken":0.0},{"damage_healed":0.0,"max_hp_gain":0.0,"max_hp_loss":0.0,"gold_gain":0.0,"event_name":"Addict","player_choice":"Obtained Relic","floor":20.0,"gold_loss":85.0,"damage_taken":0.0,"relics_obtained":["Toy Ornithopter"]},{"damage_healed":0.0,"max_hp_gain":0.0,"max_hp_loss":0.0,"gold_gain":0.0,"event_name":"betterMatch:BetterMatch","player_choice":"2","floor":21.0,"gold_loss":0.0,"damage_taken":0.0,"cards_obtained":["betterMatch:ColorlessUncommonCard"]},{"damage_healed":0.0,"max_hp_gain":0.0,"max_hp_loss":3.0,"gold_gain":0.0,"event_name":"Winding Halls","player_choice":"Max HP","floor":36.0,"gold_loss":0.0,"damage_taken":0.0},{"damage_healed":0,"gold_gain":333,"player_choice":"Gave Idol","damage_taken":0,"max_hp_gain":0,"max_hp_loss":0,"event_name":"The Moai Head","floor":44,"relics_lost":["Golden Idol"],"gold_loss":0}],"is_beta":false,"boss_relics":[{"not_picked":["HolyWater","Astrolabe"],"picked":"Calling Bell"},{"not_picked":["Pandora\u0027s Box","Tiny House"],"picked":"Fusion Hammer"}],"items_purged_floors":[5,14,25,39,47],"is_endless":false,"potions_floor_spawned":[1,4,8,16,18,29,33,38,41,45],"killed_by":"Time Eater","ascension_level":6}}