{"host":"nj4msrt0z6tj4wtb","time":1611755428,"event":{"mods":["AchievementEnabler","BaseMod","Colored Map","Colored Powertips","DeckTracker","Highlight Path","Keyboard Shortcuts","Minty Spire (QoL Compilation)","Quick Restart","Random Character Button","StSLib","SuperFastMode"],"gold_per_floor":[219,219,219,219,235,235,160,176,223,123,123,149,149,167,167,270,270,284,300,57,83,83,83],"floor_reached":22,"language":"KOR","playtime":463,"items_purged":["Pain","Strike_R"],"score":218,"play_id":"fe100c01-a917-4771-bd5a-9412291e1c92","local_time":"20210127225028","is_ascension_mode":true,"campfire_choices":[{"floor":6.0,"key":"DIG"},{"floor":11.0,"key":"DIG"},{"floor":13.0,"key":"DIG"},{"floor":15.0,"key":"DIG"}],"circlet_count":0,"master_deck":["Strike_R","Strike_R","Strike_R","Strike_R","Defend_R","Defend_R","Defend_R","Defend_R","Bash","Rampage","Cleave","Shrug It Off","Rampage+1","Clothesline+1","Corruption","Sword Boomerang+1","Power Through","Battle Trance","Evolve","Flash of Steel+1"],"relics":["Burning Blood","Shovel","WarpedTongs","Molten Egg 2","Omamori","Pen Nib","Unceasing Top","Oddly Smooth Stone","Akabeko","SlaversCollar","Red Mask"],"acts_visited":["Exordium","TheCity"],"potions_floor_usage":[21,21],"damage_taken":[{"damage":12.0,"enemies":"Jaw Worm","floor":1.0,"turns":2.0},{"damage":4.0,"enemies":"Small Slimes","floor":5.0,"turns":4.0},{"damage":6.0,"enemies":"Cultist","floor":8.0,"turns":3.0},{"damage":40.0,"enemies":"Lagavulin","floor":12.0,"turns":6.0},{"damage":5.0,"enemies":"Looter","floor":14.0,"turns":4.0},{"damage":12.0,"enemies":"Slime Boss","floor":16.0,"turns":7.0},{"damage":9.0,"enemies":"3 Byrds","floor":18.0,"turns":5.0},{"damage":0.0,"enemies":"Chosen","floor":19.0,"turns":4.0},{"damage":51,"enemies":"Masked Bandits","floor":21,"turns":5},{"damage":42,"enemies":"Snake Plant","floor":22,"turns":7}],"seed_played":"9177992764039652585","potions_obtained":[{"floor":8.0,"key":"EssenceOfSteel"},{"floor":12.0,"key":"Explosive Potion"},{"floor":19.0,"key":"HeartOfIron"},{"floor":21,"key":"SmokeBomb"}],"is_trial":false,"path_per_floor":["M","?","T","?","M","R","$","M","T","$","R","E","R","M","R","B",null,"M","M","$","?","M"],"character_chosen":"IRONCLAD","items_purchased":["Battle Trance","Evolve","Flash of Steel+1"],"campfire_rested":0,"item_purchase_floors":[20,20,20],"current_hp_per_floor":[74,74,74,74,76,76,76,76,76,76,76,42,42,43,43,37,80,77,80,80,35,0,0],"gold":83,"neow_bonus":"HUNDRED_GOLD","is_daily":false,"chose_seed":false,"campfire_upgraded":0,"win_rate":0.0,"timestamp":1611755428,"path_taken":["M","?","?","?","M","R","$","M","T","$","R","E","R","M","R","BOSS","M","?","$","?","M"],"items_purchased_type":["Card","Card","Card"],"build_version":"2020-12-22","purchased_purges":2,"victory":false,"max_hp_per_floor":[80,80,80,80,80,80,80,80,80,80,80,80,80,80,80,80,80,80,80,80,80,80,80],"card_choices":[{"not_picked":["Iron Wave","Sword Boomerang"],"picked":"Rampage","floor":1.0},{"not_picked":["True Grit","Clash"],"picked":"Cleave","floor":5.0},{"not_picked":["Warcry","Thunderclap+1"],"picked":"Shrug It Off","floor":8.0},{"not_picked":["Sentinel","Headbutt+1"],"picked":"Rampage+1","floor":12.0},{"not_picked":["Sword Boomerang+1","Anger+1"],"picked":"Clothesline+1","floor":14.0},{"not_picked":["Exhume","Bludgeon+1"],"picked":"Corruption","floor":16.0},{"not_picked":["Clothesline+1","Heavy Blade+1"],"picked":"Sword Boomerang+1","floor":18.0},{"not_picked":["Heavy Blade+1","Body Slam+1"],"picked":"Power Through","floor":19.0}],"player_experience":650101,"relics_obtained":[{"floor":3.0,"key":"Shovel"},{"floor":6.0,"key":"Molten Egg 2"},{"floor":9.0,"key":"Omamori"},{"floor":11.0,"key":"Pen Nib"},{"floor":12.0,"key":"Unceasing Top"},{"floor":13.0,"key":"Oddly Smooth Stone"},{"floor":15.0,"key":"Akabeko"},{"floor":21,"key":"Red Mask"}],"event_choices":[{"damage_healed":0.0,"max_hp_gain":0.0,"max_hp_loss":0.0,"gold_gain":0.0,"event_name":"Liars Game","player_choice":"Ignored","floor":2.0,"gold_loss":0.0,"damage_taken":0.0},{"damage_healed":0.0,"max_hp_gain":0.0,"max_hp_loss":0.0,"gold_gain":0.0,"event_name":"Accursed Blacksmith","player_choice":"Rummage","floor":4.0,"gold_loss":0.0,"damage_taken":0.0,"relics_obtained":["WarpedTongs"],"cards_obtained":["Pain"]},{"damage_healed":0,"gold_gain":0,"player_choice":"Fought Bandits","damage_taken":0,"max_hp_gain":0,"max_hp_loss":0,"event_name":"Masked Bandits","floor":21,"gold_loss":0}],"is_beta":false,"boss_relics":[{"not_picked":["Snecko Eye","Busted Crown"],"picked":"SlaversCollar"}],"items_purged_floors":[7,10],"is_endless":false,"potions_floor_spawned":[8,12,19,21],"killed_by":"Snake Plant","ascension_level":4}}