{"host":"pp3uwnbh7ie47cnx","time":1611732888,"event":{"mods":["AchievementEnabler","Act Like it!","Aspiration","BaseMod","BetterRewards","Card Forge","Colored Powertips","Conspire","Marked Mod","Minty Spire (QoL Compilation)","Quarter Circle Forward PUNCH!","Relic Stats","Replay The Spire","StSLib","óô»ðÖ¸ÄÏ"],"gold_per_floor":[13,25,2603,2603,2613,2613,2647,2667,2739,2772,2783,2211,2237,2256,1562,1641,1641,1657,1668,622,3622,3637,2658,2688,1878,1878,1909,1909,1909,1937,1948,1333,1421,1433,1455,1478,1501,1580,1608,866,905,926,963,326,370,195,2797,2823,2482,2482,2482,2157,1745,1773,1773,1773],"floor_reached":55,"language":"ZHS","playtime":2935,"items_purged":["Defend_R","Defend_R","Defend_R","Bash+1","Delirium","ReplayTheSpireMod:Strike From Hell+1","Flex"],"score":1477,"play_id":"b2c17cac-c544-4272-bf54-860f72031891","local_time":"20210127153448","is_ascension_mode":true,"campfire_choices":[{"floor":6,"key":"RECALL"}],"circlet_count":0,"master_deck":["AscendersBane","Strike_R+2","Strike_R+3","Strike_R+3","Strike_R+3","Perfected Strike+1","Pommel Strike+1","Twin Strike+1","Perfected Strike+1","Twin Strike+1","Inflame+1","Perfected Strike+1","Wild Strike+1","ReplayTheSpireMod:LeadingStrike+1","Flex+1","ReplayTheSpireMod:LeadingStrike+1","Mayhem+1","Poisoned Strike+1","Double Tap+1","Wild Strike+1","Fire Breathing+1","Inflame+1","Berserk+1","Feel No Pain+1","Twin Strike+1","Perfected Strike+1","ReplayTheSpireMod:LeadingStrike+1","Dark Embrace+1","Poisoned Strike+1","Spot Weakness+1","Perfected Strike+1","Pommel Strike+1","Second Wind+1","Berserk+1","Wild Strike+1","Perfected Strike+1","Evolve+1","Wild Strike+1","conspire:Charge+1","Flex+1","ReplayUltimateDefense"],"relics":["Burning Blood","Hammer of Thor","Seething Fire","Anvil of the Gods","TheAbacus","qcfpunch:Red_Beret","Molten Egg 2","Regal Pillow","Strange Spoon","qcfpunch:Broken_Tusk","Simple Rune","Prayer Wheel","Chemical X","Vajra","Whetstone","conspire:SlowCooker","conspire:TreasureMap","Unceasing Top","aspiration:HummingbirdHeart","ReplayTheSpireMod:Ring of Addiction","Toy Ornithopter","White Beast Statue","Ring of Fury","CaptainsWheel","qcfpunch:Fighting_Gloves","aspiration:FrozenJewel","Frozen Eye","aspiration:HiddenCompartment","Onion Ring","Replay:PocketPolymizer","Replay:Mystery Machine","qcfpunch:Wild_Herbs_Ointment","Brimstone","MawBank","Runic Dome","qcfpunch:Red_Gi","DollysMirror","CeramicFish","ReplayTheSpireMod:Lightbulb","Blood Vial","Oddly Smooth Stone","InkBottle","Orrery","ReplayTheSpireMod:Spearhead","Pet Ghost","Membership Card","aspiration:Lifesprig","ReplayFunnel","qcfpunch:Handcuffs","Medical Kit","aspiration:Nostalgia","Replay:M_SmolderingBlood","Mummified Hand","aspiration:StickyExplosives_weak","Strawberry","Replay:Accelerometer","ClockworkSouvenir","qcfpunch:Not_Strongest_Fighting_Style_Guidebook"],"acts_visited":["Exordium","TheCity","TheBeyond","TheEnding"],"potions_floor_usage":[13,13,22,24,24,30,33,45,48,48],"damage_taken":[{"damage":11,"enemies":"2 Louse","floor":1,"turns":3},{"damage":0,"enemies":"Small Slimes","floor":2,"turns":3},{"damage":8,"enemies":"Jaw Worm","floor":5,"turns":3},{"damage":8,"enemies":"Gremlin Nob","floor":7,"turns":3},{"damage":11,"enemies":"Looter","floor":8,"turns":2},{"damage":46,"enemies":"Replay:BlueRogue","floor":10,"turns":4},{"damage":13,"enemies":"3 Louse","floor":11,"turns":2},{"damage":40,"enemies":"Lagavulin","floor":13,"turns":4},{"damage":14,"enemies":"Exordium Wildlife","floor":14,"turns":3},{"damage":48,"enemies":"Fading Forest","floor":16,"turns":11},{"damage":14,"enemies":"conspire:FuzzyDice","floor":18,"turns":4},{"damage":33,"enemies":"3 Byrds","floor":19,"turns":4},{"damage":17,"enemies":"Sentry and Sphere","floor":22,"turns":3},{"damage":20,"enemies":"Slavers","floor":24,"turns":3},{"damage":7,"enemies":"Gremlin Leader","floor":27,"turns":4},{"damage":0,"enemies":"Slavers","floor":30,"turns":4},{"damage":45,"enemies":"conspire:HollyBat","floor":31,"turns":7},{"damage":18,"enemies":"Champ","floor":33,"turns":6},{"damage":7,"enemies":"Orb Walker","floor":35,"turns":2},{"damage":6,"enemies":"3 Shapes","floor":36,"turns":2},{"damage":22,"enemies":"Maw","floor":37,"turns":4},{"damage":22,"enemies":"4 Shapes","floor":39,"turns":3},{"damage":9,"enemies":"3 Darklings","floor":41,"turns":3},{"damage":22,"enemies":"Maw","floor":45,"turns":4},{"damage":19,"enemies":"Writhing Mass","floor":48,"turns":2},{"damage":0,"enemies":"conspire:OrnateMirror","floor":50,"turns":2},{"damage":4,"enemies":"Shield and Spear","floor":54,"turns":2},{"damage":79,"enemies":"The Heart","floor":55,"turns":3}],"seed_played":"2455641203424231236","potions_obtained":[{"floor":1,"key":"SkillPotion"},{"floor":11,"key":"Strength Potion"},{"floor":14,"key":"SpeedPotion"},{"floor":16,"key":"SpeedPotion"},{"floor":19,"key":"Death Potion"},{"floor":21,"key":"Strength Potion"},{"floor":22,"key":"AttackPotion"},{"floor":24,"key":"Reflective Coating"},{"floor":27,"key":"Block Potion"},{"floor":30,"key":"Fire Potion"},{"floor":33,"key":"FearPotion"},{"floor":35,"key":"Strength Potion"},{"floor":37,"key":"Adrenaline Potion"},{"floor":45,"key":"BloodPotion"},{"floor":48,"key":"SneckoOil"}],"is_trial":false,"path_per_floor":["M","M","$","?","M","R","E","M","T","E","M","R","E","M","R","B",null,"M","M","$","?","M","R","E","R","T","E","?","?","E","M","R","B",null,"M","M","M","?","M","R","M","?","T","R","M","R","$","M","R","B",null,"R","$","E","B"],"character_chosen":"IRONCLAD","items_purchased":["TheAbacus","qcfpunch:Red_Beret","Twin Strike","Strange Spoon","Perfected Strike+1","qcfpunch:Broken_Tusk","Simple Rune","Chemical X","Vajra","Whetstone","Flex+1","ReplayTheSpireMod:LeadingStrike+1","conspire:TreasureMap","Unceasing Top","aspiration:HummingbirdHeart","Mayhem","qcfpunch:Cattail","CaptainsWheel","qcfpunch:Fighting_Gloves","Flex","Frozen Eye","aspiration:HiddenCompartment","Poisoned Strike+1","Double Tap","qcfpunch:Wild_Herbs_Ointment","Brimstone","MawBank","Inflame","DollysMirror","CeramicFish","ReplayTheSpireMod:Lightbulb","ReplayTheSpireMod:LeadingStrike+1","Oddly Smooth Stone","InkBottle","Spot Weakness","Perfected Strike+1","Pommel Strike+1","Orrery","Perfected Strike+1","ReplayTheSpireMod:Spearhead","Pet Ghost","Membership Card","aspiration:Lifesprig","Evolve","ReplayFunnel","qcfpunch:Handcuffs","Medical Kit","conspire:Charge+1","Flex","aspiration:Nostalgia","Mummified Hand","aspiration:StickyExplosives_weak","Strawberry","Replay:Accelerometer","ClockworkSouvenir","ReplayUltimateDefense","PowerPotion","Dexterity Potion"],"campfire_rested":0,"item_purchase_floors":[3,3,3,12,12,12,12,15,15,15,15,15,20,20,20,20,23,23,23,23,25,25,25,25,32,32,32,32,40,40,40,40,44,44,44,44,44,44,46,46,47,47,47,47,49,49,49,49,49,52,52,52,53,53,53,53,53,53],"current_hp_per_floor":[67,73,73,73,71,71,69,64,64,24,17,17,13,15,15,33,68,60,33,33,33,27,27,23,23,23,22,22,22,33,44,44,37,68,67,67,51,21,55,55,52,52,52,52,43,43,43,56,56,64,70,70,77,77,0,0],"gold":1773,"neow_bonus":"REMOVE_TWO","is_daily":false,"chose_seed":false,"campfire_upgraded":0,"win_rate":0.0,"timestamp":1611732888,"path_taken":["M","M","$","?","M","R","E","M","T","E","M","R","E","M","R","BOSS","M","M","$","?","M","R","E","R","T","E","?","?","E","M","R","BOSS","M","M","M","?","M","R","M","?","T","R","M","R","$","?","R","BOSS","R","$","E","BOSS"],"items_purchased_type":["Relic","Relic","Card","Relic","Card","Relic","Relic","Relic","Relic","Relic","Card","Card","Relic","Relic","Relic","Card","Relic","Relic","Relic","Card","Relic","Relic","Card","Card","Relic","Relic","Relic","Card","Relic","Relic","Relic","Card","Relic","Relic","Card","Card","Card","Relic","Card","Relic","Relic","Relic","Relic","Card","Relic","Relic","Relic","Card","Card","Relic","Relic","Relic","Relic","Relic","Relic","Card","Potion","Potion"],"build_version":"2020-12-22","purchased_purges":7,"victory":false,"max_hp_per_floor":[80,80,80,80,80,80,80,80,80,80,80,80,80,80,80,80,80,80,80,80,80,80,80,80,80,80,80,78,78,78,78,78,78,78,78,78,76,76,76,74,74,74,72,72,72,72,72,72,72,72,72,70,77,77,75,75],"relic_stats":{"Regal Pillow":0,"counters":[28,100],"CeramicFish":135,"Whetstone":["Perfected Strike","Bash"],"MawBank":180,"Medical Kit":[3],"Burning Blood":160,"Blood Vial":6,"Strange Spoon":[12],"TheAbacus":[90],"Mummified Hand":[6],"Prayer Wheel":12,"Chemical X":[1],"obtain_stats":[{"Replay:Accelerometer":53,"CeramicFish":40,"Vajra":15,"Hammer of Thor":0,"qcfpunch:Red_Beret":3,"Whetstone":15,"Blood Vial":43,"DollysMirror":40,"qcfpunch:Red_Gi":38,"Strawberry":53,"Prayer Wheel":13,"qcfpunch:Handcuffs":49,"conspire:TreasureMap":20,"aspiration:Nostalgia":52,"ReplayTheSpireMod:Ring of Addiction":21,"Oddly Smooth Stone":44,"conspire:SlowCooker":17,"aspiration:HiddenCompartment":25,"aspiration:FrozenJewel":24,"Runic Dome":34,"ReplayTheSpireMod:Spearhead":46,"qcfpunch:Broken_Tusk":12,"Anvil of the Gods":0,"Brimstone":32,"Molten Egg 2":7,"Simple Rune":12,"Onion Ring":26,"Unceasing Top":20,"ReplayFunnel":49,"Regal Pillow":10,"aspiration:Lifesprig":47,"Replay:PocketPolymizer":27,"qcfpunch:Not_Strongest_Fighting_Style_Guidebook":54,"Replay:Mystery Machine":30,"Burning Blood":0,"Pet Ghost":47,"qcfpunch:Wild_Herbs_Ointment":32,"aspiration:StickyExplosives_weak":52,"ClockworkSouvenir":53,"Frozen Eye":25,"TheAbacus":3,"Replay:M_SmolderingBlood":52,"Mummified Hand":52,"qcfpunch:Cattail":23,"Chemical X":15,"InkBottle":44,"aspiration:HummingbirdHeart":20,"Seething Fire":0,"MawBank":32,"Medical Kit":49,"White Beast Statue":21,"Strange Spoon":12,"CaptainsWheel":23,"qcfpunch:Fighting_Gloves":23,"Orrery":44,"Ring of Fury":21,"Membership Card":47,"ReplayTheSpireMod:Lightbulb":40,"Toy Ornithopter":21},{"Replay:Accelerometer":26,"CeramicFish":22,"Vajra":9,"Hammer of Thor":0,"qcfpunch:Red_Beret":2,"Whetstone":9,"Blood Vial":23,"DollysMirror":22,"qcfpunch:Red_Gi":21,"Strawberry":26,"Prayer Wheel":8,"qcfpunch:Handcuffs":25,"conspire:TreasureMap":12,"aspiration:Nostalgia":26,"ReplayTheSpireMod:Ring of Addiction":12,"Oddly Smooth Stone":23,"conspire:SlowCooker":10,"aspiration:HiddenCompartment":14,"aspiration:FrozenJewel":14,"Runic Dome":18,"ReplayTheSpireMod:Spearhead":24,"qcfpunch:Broken_Tusk":7,"Anvil of the Gods":0,"Brimstone":17,"Molten Egg 2":4,"Simple Rune":7,"Onion Ring":14,"Unceasing Top":12,"ReplayFunnel":25,"Regal Pillow":6,"aspiration:Lifesprig":24,"Replay:PocketPolymizer":15,"qcfpunch:Not_Strongest_Fighting_Style_Guidebook":27,"Replay:Mystery Machine":16,"Burning Blood":0,"Pet Ghost":24,"qcfpunch:Wild_Herbs_Ointment":17,"aspiration:StickyExplosives_weak":26,"ClockworkSouvenir":26,"Frozen Eye":14,"TheAbacus":2,"Replay:M_SmolderingBlood":26,"Mummified Hand":26,"qcfpunch:Cattail":13,"Chemical X":9,"InkBottle":23,"aspiration:HummingbirdHeart":12,"Seething Fire":0,"MawBank":17,"Medical Kit":25,"White Beast Statue":12,"Strange Spoon":7,"CaptainsWheel":13,"qcfpunch:Fighting_Gloves":13,"Orrery":23,"Ring of Fury":12,"Membership Card":24,"ReplayTheSpireMod:Lightbulb":22,"Toy Ornithopter":12},{"Replay:Accelerometer":95,"CeramicFish":84,"Vajra":27,"Hammer of Thor":0,"qcfpunch:Red_Beret":6,"Whetstone":27,"Blood Vial":87,"DollysMirror":84,"qcfpunch:Red_Gi":81,"Strawberry":95,"Prayer Wheel":24,"qcfpunch:Handcuffs":93,"conspire:TreasureMap":46,"aspiration:Nostalgia":95,"ReplayTheSpireMod:Ring of Addiction":46,"Oddly Smooth Stone":87,"conspire:SlowCooker":38,"aspiration:HiddenCompartment":52,"aspiration:FrozenJewel":52,"Runic Dome":73,"ReplayTheSpireMod:Spearhead":91,"qcfpunch:Broken_Tusk":20,"Anvil of the Gods":0,"Brimstone":67,"Molten Egg 2":12,"Simple Rune":20,"Onion Ring":52,"Unceasing Top":46,"ReplayFunnel":93,"Regal Pillow":18,"aspiration:Lifesprig":91,"Replay:PocketPolymizer":56,"qcfpunch:Not_Strongest_Fighting_Style_Guidebook":97,"Replay:Mystery Machine":60,"Burning Blood":0,"Pet Ghost":91,"qcfpunch:Wild_Herbs_Ointment":67,"aspiration:StickyExplosives_weak":95,"ClockworkSouvenir":95,"Frozen Eye":52,"TheAbacus":6,"Replay:M_SmolderingBlood":95,"Mummified Hand":95,"qcfpunch:Cattail":49,"Chemical X":27,"InkBottle":87,"aspiration:HummingbirdHeart":46,"Seething Fire":0,"MawBank":67,"Medical Kit":93,"White Beast Statue":46,"Strange Spoon":20,"CaptainsWheel":49,"qcfpunch:Fighting_Gloves":49,"Orrery":87,"Ring of Fury":46,"Membership Card":91,"ReplayTheSpireMod:Lightbulb":84,"Toy Ornithopter":46}],"Unceasing Top":[8],"Toy Ornithopter":40,"InkBottle":[6]},"card_choices":[{"not_picked":["Shockwave","Replay:Undeath\u0027s Touch"],"picked":"Perfected Strike","floor":1},{"not_picked":["Headbutt","ReplayTheSpireMod:Strike From Hell"],"picked":"Pommel Strike","floor":2},{"not_picked":["Replay:Undeath\u0027s Touch","Cleave"],"picked":"Perfected Strike","floor":5},{"not_picked":["Anger+1","ReplayReversal"],"picked":"Twin Strike+1","floor":7},{"not_picked":["Brutality","Twin Strike+1","Searing Blow+1"],"picked":"SKIP","floor":8},{"not_picked":["Pommel Strike+1","conspire:Purge"],"picked":"Inflame","floor":10},{"not_picked":["Defy Death","Dropkick+1"],"picked":"ReplayTheSpireMod:Strike From Hell+1","floor":11},{"not_picked":["Armaments","Headbutt+1","Run Through+1"],"picked":"SKIP","floor":13},{"not_picked":["Thunderclap+1","Heavy Blade+1"],"picked":"Wild Strike+1","floor":14},{"not_picked":["Body Slam+1","Immolate+1"],"picked":"ReplayTheSpireMod:LeadingStrike+1","floor":14},{"not_picked":["Armaments","Fire Breathing","ReplayTheSpireMod:Stacked"],"picked":"SKIP","floor":18},{"not_picked":["Body Slam+1","ReplayTheSpireMod:Strike From Hell+1","Feel No Pain"],"picked":"SKIP","floor":18},{"not_picked":["Warcry","Perfected Strike+1"],"picked":"True Grit","floor":19},{"not_picked":["conspire:HitWhereItHurts+1","Cleave+1","Clothesline+1"],"picked":"SKIP","floor":19},{"not_picked":["Battle Trance+1","Rampage+1","True Grit"],"picked":"SKIP","floor":22},{"not_picked":["Shrug It Off","Replay:Undeath\u0027s Touch+1","Sword Boomerang+1"],"picked":"SKIP","floor":22},{"not_picked":["Fire Breathing","Second Wind","Heavy Blade+1"],"picked":"SKIP","floor":24},{"not_picked":["Headbutt+1","Dual Wield+1","ReplayTheSpireMod:Stacked"],"picked":"SKIP","floor":27},{"not_picked":["Cleave+1","Twin Strike+1","Abandon"],"picked":"SKIP","floor":30},{"not_picked":["Offering","Clash+1"],"picked":"Fire Breathing","floor":31},{"not_picked":["Armaments","Warcry","Body Slam+1"],"picked":"SKIP","floor":31},{"not_picked":["Fiend Fire+1","Double Tap"],"picked":"Berserk","floor":33},{"not_picked":["Shrug It Off","Anger+1","Body Slam+1"],"picked":"SKIP","floor":35},{"not_picked":["Flex","ReplayTheSpireMod:Stacked","Rupture"],"picked":"SKIP","floor":35},{"not_picked":["Flex","Anger+1"],"picked":"Feel No Pain","floor":36},{"not_picked":["Heavy Blade+1","Armaments","Sword Boomerang+1"],"picked":"SKIP","floor":36},{"not_picked":["Ghostly Armor","True Grit"],"picked":"Twin Strike+1","floor":37},{"not_picked":["Reaper+1","ReplayTheSpireMod:Corrosion Curse"],"picked":"Bloodletting+1","floor":37},{"not_picked":["Iron Wave+1","Havoc","Clash+1"],"picked":"SKIP","floor":39},{"not_picked":["Cleave+1","Dual Wield","ReplayReversal"],"picked":"SKIP","floor":39},{"not_picked":["Iron Wave+1","Thunderclap+1"],"picked":"Dark Embrace+1","floor":41},{"not_picked":["Fire Breathing","Heavy Blade+1","ReplayTheSpireMod:Stacked"],"picked":"SKIP","floor":41},{"not_picked":["Swift Strike+1","Deep Breath"],"picked":"Poisoned Strike+1","floor":42},{"not_picked":["Body Slam+1","Reckless Charge+1"],"picked":"Second Wind+1","floor":44},{"not_picked":["Headbutt+1","True Grit"],"picked":"Berserk","floor":45},{"not_picked":["Warcry","Havoc"],"picked":"Wild Strike+1","floor":45},{"not_picked":["Dark Embrace","Second Wind"],"picked":"Wild Strike+1","floor":48},{"not_picked":["Feel No Pain+1","Warcry","Thunderclap+1"],"picked":"SKIP","floor":48},{"not_picked":["Tantrum+1","Anger+1","Entrench"],"picked":"SKIP","floor":54}],"player_experience":200960,"relics_obtained":[{"floor":7,"key":"Molten Egg 2"},{"floor":10,"key":"Regal Pillow"},{"floor":13,"key":"Prayer Wheel"},{"floor":21,"key":"ReplayTheSpireMod:Ring of Addiction"},{"floor":21,"key":"Toy Ornithopter"},{"floor":21,"key":"White Beast Statue"},{"floor":21,"key":"Ring of Fury"},{"floor":24,"key":"aspiration:FrozenJewel"},{"floor":26,"key":"Onion Ring"},{"floor":27,"key":"Replay:PocketPolymizer"},{"floor":30,"key":"Replay:Mystery Machine"},{"floor":38,"key":"qcfpunch:Red_Gi"},{"floor":43,"key":"Blood Vial"},{"floor":54,"key":"qcfpunch:Not_Strongest_Fighting_Style_Guidebook"}],"event_choices":[{"damage_healed":0,"gold_gain":0,"player_choice":"Ignored","damage_taken":0,"max_hp_gain":0,"max_hp_loss":0,"event_name":"Liars Game","floor":4,"gold_loss":0},{"damage_healed":0,"gold_gain":0,"player_choice":"Leave","damage_taken":0,"max_hp_gain":0,"max_hp_loss":0,"event_name":"conspire:Investor","floor":28,"gold_loss":0},{"damage_healed":0,"gold_gain":0,"player_choice":"Read","damage_taken":0,"max_hp_gain":0,"max_hp_loss":0,"event_name":"The Library","floor":29,"gold_loss":0,"cards_obtained":["Wild Strike"]},{"damage_healed":0,"gold_gain":0,"player_choice":"Memory 1","damage_taken":0,"max_hp_gain":0,"max_hp_loss":0,"event_name":"SensoryStone","floor":42,"gold_loss":0}],"is_beta":false,"boss_relics":[{"not_picked":["Replay:Wanted Poster","qcfpunch:Dark_Gi"],"picked":"conspire:SlowCooker"},{"not_picked":["aspiration:SilentSkillbook","Replay:Bronze Core"],"picked":"Runic Dome"}],"items_purged_floors":[3,12,15,20,23,25,40],"is_endless":false,"potions_floor_spawned":[1,11,14,16,19,22,24,27,30,31,33,35,36,37,39,41,45,48,54],"killed_by":"The Heart","ascension_level":13}}