{"host":"y24pqu7jih1n8m3t","time":1611718641,"event":{"mods":["AchievementEnabler","BaseMod","Bestiary","Block Reminder","Colored Map","Colored Powertips","DeckTracker","Highlight Path","Minty Spire (QoL Compilation)","Permanent Neow","Quick Restart","Rare Cards Sparkle","Relic Stats"],"gold_per_floor":[11,23,40,50,61,90,103,103,103,103,14,14,14,47,47,149,149,162,180,12,12,12,12,12,12],"floor_reached":24,"language":"ENG","playtime":1261,"items_purged":[],"score":287,"play_id":"ed26e75f-ece6-4f2f-8071-c289a0be87d1","local_time":"20210126223721","is_ascension_mode":true,"campfire_choices":[{"data":"Zap","floor":8,"key":"SMITH"},{"data":"Dualcast","floor":10,"key":"SMITH"},{"data":"Zap","floor":13,"key":"SMITH"},{"data":"Electrodynamics","floor":15,"key":"SMITH"},{"floor":23,"key":"REST"}],"circlet_count":0,"master_deck":["Strike_B","Strike_B","Strike_B","Strike_B","Defend_B","Defend_B","Defend_B","Defend_B","Zap+1","Dualcast+1","Conserve Battery","Go for the Eyes","Rebound","Thunder Strike","Streamline","Ball Lightning","Reinforced Body","Zap+1","Electrodynamics+1","Darkness","Electrodynamics","Conserve Battery+1","Hologram"],"relics":["Cracked Core","Mango","Ancient Tea Set","Boot","Black Star","Membership Card"],"acts_visited":["Exordium","TheCity"],"potions_floor_usage":[6,6,19,24,24],"damage_taken":[{"damage":1,"enemies":"Cultist","floor":1,"turns":3},{"damage":0,"enemies":"Jaw Worm","floor":2,"turns":4},{"damage":6,"enemies":"Small Slimes","floor":3,"turns":4},{"damage":2,"enemies":"3 Louse","floor":4,"turns":4},{"damage":2,"enemies":"2 Fungi Beasts","floor":5,"turns":3},{"damage":28,"enemies":"3 Sentries","floor":6,"turns":6},{"damage":8,"enemies":"Looter","floor":7,"turns":3},{"damage":15,"enemies":"Lagavulin","floor":14,"turns":3},{"damage":23,"enemies":"Hexaghost","floor":16,"turns":6},{"damage":39,"enemies":"2 Thieves","floor":18,"turns":3},{"damage":18,"enemies":"Shell Parasite","floor":19,"turns":3},{"damage":57,"enemies":"Slavers","floor":24,"turns":3}],"seed_played":"4958737864307935682","potions_obtained":[{"floor":2,"key":"FearPotion"},{"floor":5,"key":"Block Potion"},{"floor":14,"key":"Dexterity Potion"},{"floor":16,"key":"Ancient Potion"},{"floor":18,"key":"PowerPotion"}],"is_trial":false,"path_per_floor":["M","M","M","M","M","E","M","R","T","R","$","?","R","E","R","B",null,"M","M","$","$","?","R","E"],"character_chosen":"DEFECT","items_purchased":["Explosive Potion","Reinforced Body","Membership Card","Explosive Potion"],"campfire_rested":1,"item_purchase_floors":[11,11,20,20],"current_hp_per_floor":[88,88,82,80,78,64,56,56,56,56,56,56,56,41,41,18,103,64,46,46,46,25,57,0,0],"gold":12,"neow_bonus":"TWENTY_PERCENT_HP_BONUS","is_daily":false,"chose_seed":false,"campfire_upgraded":4,"win_rate":0.0,"timestamp":1611718641,"path_taken":["M","M","M","M","M","E","?","R","T","R","$","?","R","E","R","BOSS","M","M","?","$","?","R","E"],"items_purchased_type":["Potion","Card","Relic","Potion"],"build_version":"2020-12-22","purchased_purges":0,"victory":false,"max_hp_per_floor":[89,89,89,89,89,103,103,103,103,103,103,103,103,103,103,103,103,103,103,103,103,108,108,108,108],"relic_stats":{"counters":[12,45],"Black Star":0,"Boot":[12],"obtain_stats":[{"Mango":6,"Black Star":17,"Membership Card":20,"Cracked Core":0,"Ancient Tea Set":9,"Boot":14},{"Mango":6,"Black Star":9,"Membership Card":11,"Cracked Core":0,"Ancient Tea Set":7,"Boot":8},{"Mango":24,"Black Star":36,"Membership Card":42,"Cracked Core":0,"Ancient Tea Set":27,"Boot":30}]},"card_choices":[{"not_picked":["Sweeping Beam","Steam"],"picked":"Conserve Battery","floor":1},{"not_picked":["Coolheaded","White Noise"],"picked":"Go for the Eyes","floor":2},{"not_picked":["Barrage","Go for the Eyes"],"picked":"Rebound","floor":3},{"not_picked":["Leap","Sunder"],"picked":"Thunder Strike","floor":4},{"not_picked":["BootSequence","Turbo"],"picked":"Streamline","floor":5},{"not_picked":["Leap","Turbo","Hello World"],"picked":"SKIP","floor":6},{"not_picked":["Static Discharge","Barrage"],"picked":"Ball Lightning","floor":7},{"not_picked":["Leap","Beam Cell"],"picked":"Darkness","floor":14},{"not_picked":["Hyperbeam","Creative AI"],"picked":"Electrodynamics","floor":16},{"not_picked":["Reprogram","Barrage"],"picked":"Conserve Battery+1","floor":18},{"not_picked":["Compile Driver","Barrage"],"picked":"Hologram","floor":19}],"player_experience":203653,"relics_obtained":[{"floor":6,"key":"Mango"},{"floor":9,"key":"Ancient Tea Set"},{"floor":14,"key":"Boot"}],"event_choices":[{"damage_healed":0,"gold_gain":0,"player_choice":"2 cards matched","damage_taken":0,"max_hp_gain":0,"max_hp_loss":0,"event_name":"Match and Keep!","floor":12,"gold_loss":0,"cards_obtained":["Zap","Electrodynamics"]},{"damage_healed":0,"gold_gain":0,"player_choice":"Shed Blood","damage_taken":26,"max_hp_gain":5,"max_hp_loss":0,"event_name":"Forgotten Altar","floor":22,"gold_loss":0}],"is_beta":false,"boss_relics":[{"not_picked":["Sozu","Empty Cage"],"picked":"Black Star"}],"items_purged_floors":[],"is_endless":false,"potions_floor_spawned":[2,5,14,16,18],"killed_by":"Slavers","ascension_level":3}}