{"host":"mi0eibewekhugwl1","time":1611734655,"event":{"mods":["AchievementEnabler","BaseMod","Colored Map","Colored Powertips","DeckTracker","Keyboard Shortcuts","Minty Spire (QoL Compilation)","Quick Restart","Rare Cards Sparkle","Relic Stats","StSLib","SuperFastMode","everything is the same but u backflip on backflip"],"gold_per_floor":[111,129,146,163,183,183,193,193,218,218,235,267,277,290,290,290,290],"floor_reached":16,"language":"KOR","playtime":259,"items_purged":[],"score":216,"play_id":"ded8e06c-19a9-4857-9340-e4f45a93fca4","local_time":"20210127170415","is_ascension_mode":true,"campfire_choices":[{"data":"Eruption","floor":6,"key":"SMITH"},{"data":"CrushJoints","floor":8,"key":"SMITH"},{"floor":10,"key":"REST"},{"data":"FollowUp","floor":15,"key":"SMITH"}],"circlet_count":0,"master_deck":["AscendersBane","Strike_P","Strike_P","Strike_P","Strike_P","Defend_P","Defend_P","Defend_P","Eruption+1","Vigilance","CrushJoints+1","FollowUp+1","Consecrate","EmptyBody","InnerPeace"],"relics":["PureWater","Regal Pillow","Juzu Bracelet"],"acts_visited":["Exordium"],"potions_floor_usage":[7,11,12],"damage_taken":[{"damage":7,"enemies":"Jaw Worm","floor":1,"turns":3},{"damage":0,"enemies":"Cultist","floor":2,"turns":2},{"damage":8,"enemies":"2 Louse","floor":3,"turns":3},{"damage":12,"enemies":"2 Fungi Beasts","floor":4,"turns":3},{"damage":7,"enemies":"Exordium Wildlife","floor":5,"turns":3},{"damage":0,"enemies":"Gremlin Gang","floor":7,"turns":1},{"damage":2,"enemies":"3 Louse","floor":11,"turns":2},{"damage":6,"enemies":"Gremlin Nob","floor":12,"turns":3},{"damage":11,"enemies":"Blue Slaver","floor":13,"turns":4},{"damage":16,"enemies":"Lots of Slimes","floor":14,"turns":3},{"damage":32,"enemies":"Hexaghost","floor":16,"turns":7}],"seed_played":"8522517515938340786","potions_obtained":[{"floor":2,"key":"Ambrosia"},{"floor":5,"key":"BlessingOfTheForge"},{"floor":7,"key":"AttackPotion"},{"floor":11,"key":"SteroidPotion"}],"is_trial":false,"path_per_floor":["M","M","M","M","M","R","M","R","T","R","M","E","M","M","R","B"],"character_chosen":"WATCHER","items_purchased":[],"campfire_rested":1,"item_purchase_floors":[],"current_hp_per_floor":[54,54,46,34,27,27,27,27,27,62,60,54,43,27,27,0,0],"gold":290,"neow_bonus":"REMOVE_CARD","is_daily":false,"chose_seed":false,"campfire_upgraded":3,"win_rate":0.0,"timestamp":1611734655,"path_taken":["M","M","M","M","M","R","M","R","T","R","M","E","M","M","R","BOSS"],"items_purchased_type":[],"build_version":"2020-12-22","purchased_purges":0,"victory":false,"max_hp_per_floor":[68,68,68,68,68,68,68,68,68,68,68,68,68,68,68,68,68],"relic_stats":{"Regal Pillow":15,"counters":[11,34],"Juzu Bracelet":0,"obtain_stats":[{"Regal Pillow":9,"Juzu Bracelet":12,"PureWater":0},{"Regal Pillow":6,"Juzu Bracelet":8,"PureWater":0},{"Regal Pillow":15,"Juzu Bracelet":20,"PureWater":0}]},"card_choices":[{"not_picked":["Protect","ReachHeaven"],"picked":"CrushJoints","floor":1},{"not_picked":["Crescendo","Wallop"],"picked":"FollowUp","floor":2},{"not_picked":["WaveOfTheHand","ReachHeaven","FlurryOfBlows"],"picked":"SKIP","floor":3},{"not_picked":["Sanctity","Conclude"],"picked":"Consecrate","floor":4},{"not_picked":["PathToVictory","FollowUp","FlurryOfBlows"],"picked":"SKIP","floor":5},{"not_picked":["Swivel","JustLucky","CrushJoints"],"picked":"SKIP","floor":7},{"not_picked":["Crescendo","ClearTheMind"],"picked":"EmptyBody","floor":11},{"not_picked":["ClearTheMind","Swivel","EmptyBody"],"picked":"SKIP","floor":12},{"not_picked":["ClearTheMind","Halt","ThirdEye"],"picked":"SKIP","floor":13},{"not_picked":["CutThroughFate","SignatureMove"],"picked":"InnerPeace","floor":14}],"player_experience":1770530,"relics_obtained":[{"floor":9,"key":"Regal Pillow"},{"floor":12,"key":"Juzu Bracelet"}],"event_choices":[],"is_beta":false,"boss_relics":[],"items_purged_floors":[],"is_endless":false,"potions_floor_spawned":[2,5,7,11],"killed_by":"Hexaghost","ascension_level":20}}