{"host":"v3kezv78kizrjutp","time":1611777694,"event":{"mods":["BaseMod","BetterRewards","Colored Map","DeckTracker","Downfall","Duelist Mod","GifTheSpireLib","Highlight Path","Hubris","Infinite Spire","Jorbs\u0027s Wanderer Trilogy","Koishi","Marisa????????","Minty Spire (QoL Compilation)","Permanent Neow","Quick Restart","Random Character Button","Replay The Spire","Robot Space Explorer","Shop Mod","StSLib","Stuff the Spire","SuperFastMode","The Animator","The Blackbeard","The Construct","The Disciple","The Elementalist","The Jungle","The Necromancer","The Poker Player","The Runesmith","The Wild Card","TheBandit","thorton"],"gold_per_floor":[109,109,119,129,140,174,99,99,99,110,125,125,43,71,71,168,168,185,196,208,218,218,247,267,287,310,326,337,337,370,380,380,485,485,500,500,516,516,528,559,559,633,633,663,713,728,728,743,743,743],"floor_reached":51,"language":"ENG","playtime":1684,"items_purged":["RobotSpaceExplorer:Defend","RobotSpaceExplorer:GlueShot"],"score":1115,"play_id":"68dabe57-524c-486d-bc2d-975c7f8e7c9a","local_time":"20210127210134","is_ascension_mode":false,"campfire_choices":[{"data":"RobotSpaceExplorer:Pulsar","floor":8,"key":"SMITH"},{"data":"RobotSpaceExplorer:LaserBurst","floor":15,"key":"SMITH"},{"data":"RobotSpaceExplorer:MiniLasers","floor":29,"key":"SMITH"},{"data":"RobotSpaceExplorer:LaserBurst","floor":32,"key":"SMITH"},{"data":"RobotSpaceExplorer:MiniDrones","floor":41,"key":"SMITH"},{"data":"RobotSpaceExplorer:ScrapMissile","floor":47,"key":"SMITH"},{"floor":49,"key":"REST"}],"circlet_count":0,"master_deck":["RobotSpaceExplorer:Strike","RobotSpaceExplorer:Strike","RobotSpaceExplorer:Strike","RobotSpaceExplorer:Scan","RobotSpaceExplorer:SurgingStrike","RobotSpaceExplorer:MiniDrones+1","RobotSpaceExplorer:Pulsar+1","RobotSpaceExplorer:MiniLasers+1","RobotSpaceExplorer:LaserBurst+1","RobotSpaceExplorer:StarLightning+1","RobotSpaceExplorer:ScrapMissile+1","RobotSpaceExplorer:LaserBurst+1","RobotSpaceExplorer:MetalStrike+1","RobotSpaceExplorer:ScrapMissile+1"],"relics":["RobotSpaceExplorer:RoboCore","Pocketwatch","hubris:Metronome","StuffTheSpire:Mouthbags","Potion Belt","Art of War","Busted Crown","infinitespire:Lucky Rock","RobotSpaceExplorer:FoglandsKnife","Oddly Smooth Stone","hubris:ScarierMask","infinitespire:Lychee Nut","RobotSpaceExplorer:BottledGravity","RobotSpaceExplorer:ToughPlating","Prayer Wheel","Tiny House","Happy Flower"],"acts_visited":["Exordium","TheCity","TheBeyond"],"potions_floor_usage":[20,33,50,50,50,50,50],"damage_taken":[{"damage":0,"enemies":"2 Louse","floor":1,"turns":2},{"damage":0,"enemies":"Cultist","floor":3,"turns":2},{"damage":1,"enemies":"Jaw Worm","floor":4,"turns":3},{"damage":0,"enemies":"Gremlin Gang","floor":5,"turns":5},{"damage":4,"enemies":"Replay:BlueRogue","floor":6,"turns":7},{"damage":0,"enemies":"Lots of Slimes","floor":10,"turns":3},{"damage":0,"enemies":"2 Fungi Beasts","floor":11,"turns":2},{"damage":0,"enemies":"Lagavulin","floor":14,"turns":2},{"damage":0,"enemies":"Slime Boss","floor":16,"turns":2},{"damage":3,"enemies":"Chosen","floor":18,"turns":2},{"damage":0,"enemies":"2 Thieves","floor":19,"turns":2},{"damage":9,"enemies":"Snake Plant","floor":20,"turns":2},{"damage":0,"enemies":"Cultist and Chosen","floor":21,"turns":3},{"damage":0,"enemies":"theDuelist:KaibaA2","floor":23,"turns":1},{"damage":0,"enemies":"Snecko","floor":24,"turns":1},{"damage":0,"enemies":"Shelled Parasite and Fungi","floor":25,"turns":1},{"damage":1,"enemies":"Chosen and Byrds","floor":27,"turns":2},{"damage":0,"enemies":"Centurion and Healer","floor":28,"turns":3},{"damage":0,"enemies":"Book of Stabbing","floor":30,"turns":2},{"damage":0,"enemies":"Snecko","floor":31,"turns":2},{"damage":0,"enemies":"Champ","floor":33,"turns":3},{"damage":0,"enemies":"Orb Walker","floor":35,"turns":1},{"damage":0,"enemies":"3 Darklings","floor":37,"turns":1},{"damage":0,"enemies":"Spire Growth","floor":39,"turns":2},{"damage":22,"enemies":"R_Hoarder","floor":40,"turns":5},{"damage":0,"enemies":"Reptomancer","floor":44,"turns":2},{"damage":0,"enemies":"Writhing Mass","floor":46,"turns":1},{"damage":0,"enemies":"3 Darklings","floor":48,"turns":1},{"damage":0,"enemies":"Time Eater","floor":50,"turns":3}],"seed_played":"5196879530177935414","potions_obtained":[{"floor":4,"key":"Weak Potion"},{"floor":10,"key":"RobotSpaceExplorer:LiquidFusion"},{"floor":14,"key":"SkillPotion"},{"floor":19,"key":"hexamod:SoulburnPotion"},{"floor":24,"key":"sneckomod:MuddlingPotion"},{"floor":25,"key":"SkillPotion"},{"floor":27,"key":"Toxic Potion"},{"floor":33,"key":"Toxic Potion"},{"floor":40,"key":"Reflective Coating"},{"floor":45,"key":"Guardian:BlockOnCardUsePotion"}],"is_trial":false,"path_per_floor":["M","?","M","M","M","E","$","R","T","M","M","?","$","E","R","B",null,"M","M","M","M","?","E","M","M","T","M","M","R","E","M","R","B",null,"M","?","M","?","M","E","R","T","T","E","AVR","M","R","M","R","B",null],"character_chosen":"RobotSpaceExplorer","items_purchased":["RobotSpaceExplorer:StarLightning"],"campfire_rested":1,"item_purchase_floors":[13],"current_hp_per_floor":[54,54,54,53,53,49,49,49,49,49,49,49,49,49,49,49,75,72,72,63,63,63,63,63,63,63,62,62,62,62,62,62,62,75,75,56,56,56,56,34,34,34,34,37,42,42,42,42,60,61],"gold":743,"neow_bonus":"ONE_RARE_RELIC","is_daily":false,"chose_seed":false,"campfire_upgraded":6,"win_rate":0.0,"timestamp":1611777694,"path_taken":["M","?","M","M","M","E","?","R","T","?","?","?","$","E","R","BOSS","M","M","M","M","?","E","M","M","T","M","M","R","E","M","R","BOSS","M","?","M","?","M","E","R","?","T","E","AVR","?","R","M","R","BOSS"],"items_purchased_type":["Card"],"build_version":"2020-12-22","purchased_purges":2,"victory":true,"max_hp_per_floor":[75,75,75,75,75,75,75,75,75,75,75,75,75,75,75,75,75,75,75,75,75,75,75,75,75,75,75,75,75,75,75,75,75,75,75,75,75,75,75,56,56,56,56,56,61,61,61,61,61,61],"card_choices":[{"not_picked":["RobotSpaceExplorer:FranticSearch","RobotSpaceExplorer:Probe"],"picked":"RobotSpaceExplorer:SurgingStrike","floor":1},{"not_picked":["RobotSpaceExplorer:SurgingShield","RobotSpaceExplorer:ExhaustFan"],"picked":"RobotSpaceExplorer:MiniDrones","floor":3},{"not_picked":["RobotSpaceExplorer:ImprovisedAttack","RobotSpaceExplorer:FranticSearch"],"picked":"RobotSpaceExplorer:GlueShot","floor":4},{"not_picked":["RobotSpaceExplorer:ScrapMissile","RobotSpaceExplorer:FranticSearch"],"picked":"RobotSpaceExplorer:Wormhole","floor":5},{"not_picked":["RobotSpaceExplorer:Counterblock","RobotSpaceExplorer:Probe"],"picked":"RobotSpaceExplorer:Pulsar","floor":6},{"not_picked":["RobotSpaceExplorer:FrostMissile","RobotSpaceExplorer:BigMissile","RobotSpaceExplorer:ShockKick"],"picked":"SKIP","floor":10},{"not_picked":["RobotSpaceExplorer:FrostMissile","RobotSpaceExplorer:BigMissile","RobotSpaceExplorer:ShockKick"],"picked":"SKIP","floor":10},{"not_picked":["RobotSpaceExplorer:Probe","RobotSpaceExplorer:ShovelStrike"],"picked":"RobotSpaceExplorer:LaserBurst","floor":11},{"not_picked":["RobotSpaceExplorer:DualCore","RobotSpaceExplorer:RigExplosive","RobotSpaceExplorer:ToxicBomb"],"picked":"SKIP","floor":14},{"not_picked":["RobotSpaceExplorer:ChargingLaser","RobotSpaceExplorer:Explosion"],"picked":"RobotSpaceExplorer:Wormhole","floor":16},{"not_picked":["RobotSpaceExplorer:GlueShot"],"picked":"SKIP","floor":18},{"not_picked":[],"picked":"RobotSpaceExplorer:ScrapMissile","floor":19},{"not_picked":["RobotSpaceExplorer:GlueShot"],"picked":"SKIP","floor":20},{"not_picked":[],"picked":"RobotSpaceExplorer:LaserBurst","floor":21},{"not_picked":[],"picked":"RobotSpaceExplorer:MetalStrike+1","floor":23},{"not_picked":["RobotSpaceExplorer:ShockKick"],"picked":"SKIP","floor":24},{"not_picked":["RobotSpaceExplorer:Counterblock"],"picked":"SKIP","floor":25},{"not_picked":["RobotSpaceExplorer:RigExplosive"],"picked":"SKIP","floor":27},{"not_picked":["RobotSpaceExplorer:TurboDodge"],"picked":"SKIP","floor":28},{"not_picked":[],"picked":"RobotSpaceExplorer:ScrapMissile+1","floor":30},{"not_picked":["RobotSpaceExplorer:Asteroid"],"picked":"SKIP","floor":31},{"not_picked":["RobotSpaceExplorer:FranticSearch+1"],"picked":"SKIP","floor":35},{"not_picked":["RobotSpaceExplorer:SlimeMissile+1"],"picked":"SKIP","floor":37},{"not_picked":["RobotSpaceExplorer:ScrapShield"],"picked":"SKIP","floor":39},{"not_picked":["RobotSpaceExplorer:FreezingShield+1"],"picked":"SKIP","floor":40},{"not_picked":["RobotSpaceExplorer:FreezingShield+1"],"picked":"SKIP","floor":40},{"not_picked":["RobotSpaceExplorer:ScrapToss+1"],"picked":"SKIP","floor":44},{"not_picked":["RobotSpaceExplorer:MiniDrones"],"picked":"SKIP","floor":46},{"not_picked":["RobotSpaceExplorer:StarDust+1"],"picked":"SKIP","floor":46},{"not_picked":["RobotSpaceExplorer:MiniDrones"],"picked":"SKIP","floor":48},{"not_picked":["RobotSpaceExplorer:Probe+1"],"picked":"SKIP","floor":48}],"player_experience":1114778,"relics_obtained":[{"floor":6,"key":"hubris:Metronome"},{"floor":9,"key":"StuffTheSpire:Mouthbags"},{"floor":12,"key":"Potion Belt"},{"floor":14,"key":"Art of War"},{"floor":23,"key":"infinitespire:Lucky Rock"},{"floor":26,"key":"RobotSpaceExplorer:FoglandsKnife"},{"floor":30,"key":"Oddly Smooth Stone"},{"floor":40,"key":"infinitespire:Lychee Nut"},{"floor":42,"key":"RobotSpaceExplorer:BottledGravity"},{"floor":43,"key":"RobotSpaceExplorer:ToughPlating"},{"floor":44,"key":"Prayer Wheel"}],"event_choices":[{"cards_removed":["RobotSpaceExplorer:Strike"],"damage_healed":0,"gold_gain":0,"player_choice":"Purged","damage_taken":0,"max_hp_gain":0,"max_hp_loss":0,"event_name":"Purifier","floor":2,"gold_loss":0}],"is_beta":false,"boss_relics":[{"not_picked":["hubris:VirtuousBlindfold","Abe\u0027s Treasure"],"picked":"Busted Crown"},{"not_picked":["Runesmith:UraniumAnvil","Coffee Dripper"],"picked":"hubris:ScarierMask"}],"items_purged_floors":[7,45],"is_endless":false,"potions_floor_spawned":[4,10,14,19,24,25,27,33,39,40],"ascension_level":0}}