{"host":"a1eatafr7pisesky","time":1611768687,"event":{"mods":["AchievementEnabler","BaseMod","Colored Map","Keyboard Shortcuts","Minty Spire (QoL Compilation)","Say the Spire","StSLib","SuperFastMode","everything is the same but u backflip on backflip"],"gold_per_floor":[119,69,86,96,106,106,106,106,130,159,159,184,184,204,204,283,283,295,295,64,96,195,521,521,537,563,579,605,623,623,643,643,721,721,731,743,756,767,291,291,322,322,322,322,340,372,387,387,387,387,387,387,20,49,49],"floor_reached":56,"language":"KOR","playtime":3333,"items_purged":["Strike_B"],"score":2069,"play_id":"37270719-846f-4f82-a99d-88aee970df10","local_time":"20210128023127","is_ascension_mode":true,"campfire_choices":[{"floor":7.0,"key":"REST"},{"floor":11.0,"key":"REST"},{"floor":13.0,"key":"REST"},{"data":"Aggregate","floor":15.0,"key":"SMITH"},{"floor":24.0,"key":"REST"},{"floor":32.0,"key":"REST"},{"floor":40.0,"key":"REST"},{"data":"Stack","floor":42.0,"key":"SMITH"},{"data":"Reboot","floor":44.0,"key":"SMITH"},{"floor":49.0,"key":"RECALL"},{"data":"Recycle","floor":52.0,"key":"SMITH"}],"circlet_count":0,"master_deck":["AscendersBane","Zap","Dualcast","CurseOfTheBell","Cold Snap","Stack+1","Turbo","Reboot","Undo","Sweeping Beam","Recycle+1","Aggregate+1","Hologram","Go for the Eyes","All For One","Stack","Steam Power+1","Thunder Strike","Darkness+1","Go for the Eyes","Skim","Defragment","Coolheaded","Redo","FTL","Reboot","Redo","Fusion","Reboot+1","Steam Power","Consume","Tempest","Recycle","Stack","Ball Lightning","Parasite","Seek","Self Repair","Cold Snap","Beam Cell+1","Scrape+1","Skim+1","Aggregate","Chill","Reinforced Body+1"],"relics":["Calling Bell","Dead Branch","Eternal Feather","Dream Catcher","Oddly Smooth Stone","MealTicket","Akabeko","Bag of Preparation","Inserter","Enchiridion","OrangePellets","Red Mask","Old Coin","DataDisk","Matryoshka","Pandora\u0027s Box","Bottled Lightning","HandDrill","Ornamental Fan","Blood Vial","Potion Belt","Cables","Bronze Scales"],"acts_visited":["Exordium","TheCity","TheBeyond","TheEnding"],"potions_floor_usage":[55,55,55],"damage_taken":[{"damage":8.0,"enemies":"Small Slimes","floor":1.0,"turns":5.0},{"damage":6.0,"enemies":"Jaw Worm","floor":3.0,"turns":4.0},{"damage":11.0,"enemies":"2 Louse","floor":4.0,"turns":3.0},{"damage":14.0,"enemies":"2 Fungi Beasts","floor":5.0,"turns":4.0},{"damage":28.0,"enemies":"3 Sentries","floor":10.0,"turns":7.0},{"damage":35.0,"enemies":"Lagavulin","floor":12.0,"turns":8.0},{"damage":3.0,"enemies":"Looter","floor":14.0,"turns":3.0},{"damage":43.0,"enemies":"Hexaghost","floor":16.0,"turns":12.0},{"damage":0.0,"enemies":"Spheric Guardian","floor":18.0,"turns":3.0},{"damage":5.0,"enemies":"Masked Bandits","floor":21.0,"turns":6.0},{"damage":25.0,"enemies":"Book of Stabbing","floor":23.0,"turns":5.0},{"damage":2.0,"enemies":"Chosen","floor":25.0,"turns":4.0},{"damage":11.0,"enemies":"Snake Plant","floor":27.0,"turns":7.0},{"damage":10.0,"enemies":"Gremlin Leader","floor":28.0,"turns":12.0},{"damage":24.0,"enemies":"Snecko","floor":29.0,"turns":6.0},{"damage":5.0,"enemies":"Centurion and Healer","floor":31.0,"turns":6.0},{"damage":38.0,"enemies":"Automaton","floor":33.0,"turns":10.0},{"damage":12.0,"enemies":"3 Shapes","floor":35.0,"turns":4.0},{"damage":0.0,"enemies":"Orb Walker","floor":36.0,"turns":4.0},{"damage":16.0,"enemies":"Transient","floor":37.0,"turns":5.0},{"damage":14.0,"enemies":"Writhing Mass","floor":38.0,"turns":7.0},{"damage":0.0,"enemies":"Nemesis","floor":41.0,"turns":5.0},{"damage":14.0,"enemies":"Spire Growth","floor":45.0,"turns":3.0},{"damage":0.0,"enemies":"Reptomancer","floor":46.0,"turns":2.0},{"damage":0.0,"enemies":"Maw","floor":47.0,"turns":7.0},{"damage":26.0,"enemies":"Time Eater","floor":50.0,"turns":8.0},{"damage":0.0,"enemies":"Shield and Spear","floor":54.0,"turns":5.0},{"damage":45,"enemies":"The Heart","floor":55,"turns":12}],"seed_played":"-5360213915747093581","potions_obtained":[{"floor":4.0,"key":"AttackPotion"},{"floor":5.0,"key":"SkillPotion"},{"floor":10.0,"key":"Explosive Potion"},{"floor":16.0,"key":"SkillPotion"},{"floor":21.0,"key":"LiquidBronze"},{"floor":27.0,"key":"Block Potion"},{"floor":30.0,"key":"LiquidMemories"},{"floor":30.0,"key":"DistilledChaos"},{"floor":31.0,"key":"PotionOfCapacity"},{"floor":37.0,"key":"FocusPotion"},{"floor":45.0,"key":"Weak Potion"},{"floor":47.0,"key":"ColorlessPotion"},{"floor":54.0,"key":"BlessingOfTheForge"}],"is_trial":false,"path_per_floor":["M","?","M","M","M","?","R","?","T","E","R","E","R","M","R","B",null,"M","?","$","?","?","E","R","M","T","M","E","M","?","M","R","B",null,"M","M","M","M","$","R","E","R","T","R","M","E","M","?","R","B",null,"R","$","E","B",null],"character_chosen":"DEFECT","items_purchased":["OrangePellets","Self Repair","Bottled Lightning","HandDrill","Cold Snap","GamblersBrew","Cables","Chill"],"campfire_rested":6,"item_purchase_floors":[20,39,39,39,39,53,53,53],"current_hp_per_floor":[60,60,54,43,29,4,35,60,60,32,63,28,59,56,68,25,63,63,47,62,57,57,32,66,64,64,53,43,19,19,14,54,16,60,48,48,32,18,33,75,75,75,75,75,68,70,75,75,75,56,70,75,75,75,37],"gold":49,"neow_bonus":"BOSS_RELIC","is_daily":false,"chose_seed":false,"campfire_upgraded":4,"win_rate":0.0,"timestamp":1611768687,"path_taken":["M","?","M","M","M","?","R","?","T","E","R","E","R","M","R","BOSS","M","?","$","?","?","E","R","M","T","?","E","M","?","M","R","BOSS","M","M","?","M","$","R","E","R","T","R","M","E","?","?","R","BOSS","R","$","E","BOSS"],"items_purchased_type":["Relic","Card","Relic","Relic","Card","Potion","Relic","Card"],"build_version":"2020-12-22","purchased_purges":1,"victory":true,"max_hp_per_floor":[75,75,75,75,75,75,75,75,75,75,75,75,75,75,75,75,75,75,75,75,75,75,75,75,75,75,75,75,75,75,75,75,75,75,75,75,75,75,75,75,75,75,75,75,75,75,75,75,75,75,75,75,75,75,75],"card_choices":[{"not_picked":["Lockon","Blizzard"],"picked":"Cold Snap","floor":1.0},{"not_picked":["Gash","Compile Driver"],"picked":"Stack","floor":3.0},{"not_picked":["Streamline","Steam"],"picked":"Turbo","floor":4.0},{"not_picked":["Stack","Cold Snap"],"picked":"Reboot","floor":5.0},{"not_picked":["Turbo","Go for the Eyes"],"picked":"Undo","floor":7.0},{"not_picked":["Beam Cell","Barrage"],"picked":"Sweeping Beam","floor":10.0},{"not_picked":["Coolheaded","Glacier"],"picked":"Recycle","floor":11.0},{"not_picked":["Conserve Battery","Consume"],"picked":"Aggregate","floor":12.0},{"not_picked":["Loop","Gash"],"picked":"Hologram","floor":13.0},{"not_picked":["Steam Power","Redo"],"picked":"Go for the Eyes","floor":14.0},{"not_picked":["Amplify","Hyperbeam"],"picked":"All For One","floor":16.0},{"not_picked":["Rebound","Sweeping Beam"],"picked":"Stack","floor":18.0},{"not_picked":["Recycle","Chaos+1"],"picked":"Steam Power+1","floor":21.0},{"not_picked":["Hologram","Double Energy"],"picked":"Thunder Strike","floor":23.0},{"not_picked":["Rebound","Glacier"],"picked":"Darkness+1","floor":24.0},{"not_picked":["Steam","Turbo","Go for the Eyes"],"picked":"SKIP","floor":25.0},{"not_picked":["Steam","Turbo"],"picked":"Go for the Eyes","floor":25.0},{"not_picked":["Aggregate","Leap"],"picked":"Skim","floor":27.0},{"not_picked":["Conserve Battery","Redo"],"picked":"Defragment","floor":28.0},{"not_picked":["Hello World+1","Beam Cell+1"],"picked":"Coolheaded","floor":29.0},{"not_picked":["Rip and Tear","Conserve Battery"],"picked":"Redo","floor":31.0},{"not_picked":["Capacitor","Fusion"],"picked":"FTL","floor":32.0},{"not_picked":["Rainbow","Hyperbeam"],"picked":"Reboot","floor":33.0},{"not_picked":["Chaos","Capacitor"],"picked":"Recycle","floor":35.0},{"not_picked":["Streamline+1","Gash"],"picked":"Stack","floor":36.0},{"not_picked":["Steam+1","Genetic Algorithm"],"picked":"Ball Lightning","floor":37.0},{"not_picked":["Lockon","Capacitor"],"picked":"Seek","floor":38.0},{"not_picked":["Streamline+1","Gash"],"picked":"Beam Cell+1","floor":40.0},{"not_picked":["Rebound+1","Sweeping Beam","Steam"],"picked":"SKIP","floor":41.0},{"not_picked":["Rebound+1","Sweeping Beam","Steam"],"picked":"SKIP","floor":41.0},{"not_picked":["Beam Cell","Gash"],"picked":"Scrape+1","floor":45.0},{"not_picked":["Beam Cell","Tempest"],"picked":"Skim+1","floor":46.0},{"not_picked":["Skim","Gash"],"picked":"Aggregate","floor":47.0},{"not_picked":["Loop","Recycle"],"picked":"Reinforced Body+1","floor":54.0}],"player_experience":370181,"relics_obtained":[{"floor":0.0,"key":"Dead Branch"},{"floor":0.0,"key":"Eternal Feather"},{"floor":0.0,"key":"Dream Catcher"},{"floor":9.0,"key":"MealTicket"},{"floor":10.0,"key":"Akabeko"},{"floor":12.0,"key":"Bag of Preparation"},{"floor":19.0,"key":"Enchiridion"},{"floor":21.0,"key":"Red Mask"},{"floor":23.0,"key":"Old Coin"},{"floor":26.0,"key":"DataDisk"},{"floor":28.0,"key":"Matryoshka"},{"floor":41.0,"key":"Ornamental Fan"},{"floor":43.0,"key":"Blood Vial"},{"floor":46.0,"key":"Potion Belt"},{"floor":54.0,"key":"Bronze Scales"}],"event_choices":[{"cards_removed":["Defend_B"],"damage_healed":0.0,"max_hp_gain":0.0,"max_hp_loss":0.0,"gold_gain":0.0,"event_name":"The Cleric","player_choice":"Card Removal","floor":2.0,"gold_loss":50.0,"damage_taken":0.0},{"damage_healed":0.0,"max_hp_gain":0.0,"max_hp_loss":0.0,"gold_gain":0.0,"event_name":"Scrap Ooze","player_choice":"Success","floor":6.0,"gold_loss":0.0,"damage_taken":25.0,"relics_obtained":["Oddly Smooth Stone"]},{"damage_healed":25.0,"max_hp_gain":0.0,"max_hp_loss":0.0,"gold_gain":0.0,"event_name":"Big Fish","player_choice":"Banana","floor":8.0,"gold_loss":0.0,"damage_taken":0.0},{"damage_healed":0.0,"max_hp_gain":0.0,"max_hp_loss":0.0,"gold_gain":0.0,"event_name":"Cursed Tome","player_choice":"Obtained Book","floor":19.0,"gold_loss":0.0,"damage_taken":16.0},{"damage_healed":0.0,"max_hp_gain":0.0,"max_hp_loss":0.0,"gold_gain":0.0,"event_name":"Masked Bandits","player_choice":"Fought Bandits","floor":21.0,"gold_loss":0.0,"damage_taken":0.0},{"damage_healed":0.0,"max_hp_gain":0.0,"max_hp_loss":0.0,"gold_gain":99.0,"event_name":"Nest","player_choice":"Stole From Cult","floor":22.0,"gold_loss":0.0,"damage_taken":0.0},{"damage_healed":0.0,"max_hp_gain":0.0,"max_hp_loss":0.0,"gold_gain":0.0,"event_name":"Lab","player_choice":"Got Potions","floor":30.0,"gold_loss":0.0,"damage_taken":0.0},{"damage_healed":0.0,"max_hp_gain":0.0,"max_hp_loss":0.0,"gold_gain":0.0,"event_name":"Fountain of Cleansing","player_choice":"Ignored","floor":48.0,"gold_loss":0.0,"damage_taken":0.0}],"is_beta":false,"boss_relics":[{"not_picked":["Sozu","Runic Pyramid"],"picked":"Inserter"},{"not_picked":["Snecko Eye","Philosopher\u0027s Stone"],"picked":"Pandora\u0027s Box"}],"items_purged_floors":[20],"is_endless":false,"potions_floor_spawned":[4,5,10,16,21,27,31,37,45,47,54],"ascension_level":13}}