{"host":"yqa5il53nhlo2jdd","time":1611727803,"event":{"mods":["AchievementEnabler","Arknights The Spire","BaseMod","BetterRewards","Minty Spire (QoL Compilation)","StSLib","[IsaacMod]ÒÔÈö¼âËþ"],"gold_per_floor":[117,192,117,129,29,29,43,55,82,82,98,112,129,4,4,77,77,88,107,107,118,118,118,129,141,141,31,31,42,54,64,64,141,141,160,160,160,10,0,0,15,15,69,102,102,102,152,168,168,168],"floor_reached":51,"language":"ZHS","playtime":7132,"items_purged":["ats:Strike V","ats:Strike G","ats:Defend","ats:Defend","ats:Strike C"],"score":1669,"play_id":"d644b97e-b1bd-47a3-b131-e4ee98c7ad5c","local_time":"20210127141003","is_ascension_mode":true,"campfire_choices":[{"data":"ats:Emotion Absorption","floor":6.0,"key":"SMITH"},{"data":"ats:Very Hot Blade","floor":10.0,"key":"SMITH"},{"data":"ats:Healing Strengthening","floor":15.0,"key":"SMITH"},{"data":"ats:Burning Ground","floor":23.0,"key":"SMITH"},{"data":"ats:Soul Absorption","floor":32.0,"key":"SMITH"},{"data":"ats:Healing Drone","floor":40.0,"key":"SMITH"},{"data":"ats:Hook Shot","floor":42.0,"key":"SMITH"},{"data":"ats:Composite Medical Shells","floor":45.0,"key":"SMITH"},{"data":"ats:Defend","floor":49,"key":"SMITH"}],"circlet_count":0,"master_deck":["AscendersBane","ats:Armor Crushing Shot+1","ats:Defend+1","ats:Emotion Absorption+1","ats:Hook Shot+1","ats:Healing Strengthening+1","ats:Healing Drone+1","ats:Very Hot Blade+1","ats:Burning Ground+1","ats:Soul Absorption+1","ats:Composite Medical Shells+1"],"relics":["ats:Sanity","HushsDoor","BelialBook","Bronze Scales","Velvet Choker","Molten Egg 2","MagicMushroom","Red Mask","Juzu Bracelet","ats:Originium","Boot"],"acts_visited":["Exordium","TheCity","TheBeyond"],"potions_floor_usage":[50,50],"damage_taken":[{"damage":18.0,"enemies":"2 Louse","floor":1.0,"turns":7.0},{"damage":9.0,"enemies":"Jaw Worm","floor":4.0,"turns":8.0},{"damage":1.0,"enemies":"Small Slimes","floor":7.0,"turns":7.0},{"damage":14.0,"enemies":"3 Louse","floor":8.0,"turns":8.0},{"damage":22.0,"enemies":"Lots of Slimes","floor":11.0,"turns":5.0},{"damage":16.0,"enemies":"2 Fungi Beasts","floor":12.0,"turns":5.0},{"damage":10.0,"enemies":"Looter","floor":13.0,"turns":4.0},{"damage":32.0,"enemies":"Slime Boss","floor":16.0,"turns":12.0},{"damage":71.0,"enemies":"Shell Parasite","floor":18.0,"turns":9.0},{"damage":39.0,"enemies":"Chosen","floor":19.0,"turns":7.0},{"damage":99.0,"enemies":"3 Cultists","floor":21.0,"turns":7.0},{"damage":45.0,"enemies":"Snecko","floor":24.0,"turns":7.0},{"damage":23.0,"enemies":"Snake Plant","floor":25.0,"turns":4.0},{"damage":25.0,"enemies":"Sentry and Sphere","floor":29.0,"turns":4.0},{"damage":7.0,"enemies":"Centurion and Healer","floor":30.0,"turns":4.0},{"damage":32.0,"enemies":"Snake Plant","floor":31.0,"turns":3.0},{"damage":115.0,"enemies":"Champ","floor":33.0,"turns":11.0},{"damage":16.0,"enemies":"3 Shapes","floor":35.0,"turns":3.0},{"damage":11.0,"enemies":"Orb Walker","floor":41.0,"turns":3.0},{"damage":17.0,"enemies":"Giant Head","floor":44.0,"turns":8.0},{"damage":3,"enemies":"Sphere and 2 Shapes","floor":48,"turns":3},{"damage":37,"enemies":"Time Eater","floor":50,"turns":9}],"seed_played":"3252811002539786492","potions_obtained":[{"floor":4.0,"key":"Weak Potion"},{"floor":7.0,"key":"FearPotion"},{"floor":16.0,"key":"BlessingOfTheForge"},{"floor":18.0,"key":"Weak Potion"},{"floor":21.0,"key":"LiquidBronze"},{"floor":30.0,"key":"DuplicationPotion"}],"is_trial":false,"path_per_floor":["M","?","?","M","$","R","M","M","T","R","M","M","M","$","R","B",null,"M","M","?","M","$","R","M","M","T","?","?","M","M","M","R","B",null,"M","?","?","$","?","R","M","R","T","E","R","$","?","M","R","B",null],"character_chosen":"DOCTOR_CLASS","items_purchased":["ats:Hook Shot","ats:Healing Strengthening","ats:Healing Drone"],"campfire_rested":0,"item_purchase_floors":[0,0,0],"current_hp_per_floor":[70,59,59,71,71,71,71,69,69,69,71,67,71,71,71,71,71,69,54,54,25,25,25,52,64,64,64,64,71,71,55,55,30,64,55,55,55,55,55,55,73,73,73,73,73,73,73,73,73,73],"gold":168,"neow_bonus":"","is_daily":false,"chose_seed":false,"campfire_upgraded":9,"win_rate":0.0,"timestamp":1611727803,"path_taken":["M","?","?","M","$","R","M","M","T","R","?","M","M","$","R","BOSS","M","M","?","M","$","R","M","M","T","?","?","M","M","M","R","BOSS","M","?","?","$","?","R","M","R","T","E","R","$","?","M","R","BOSS"],"items_purchased_type":["Card","Card","Card"],"build_version":"2020-12-22","purchased_purges":5,"victory":true,"max_hp_per_floor":[71,71,71,71,71,71,71,71,71,71,71,71,71,71,71,71,71,71,71,71,71,71,71,71,71,71,71,71,71,71,71,71,71,73,73,73,73,73,73,73,73,73,73,73,73,73,73,73,73,73],"card_choices":[{"not_picked":["ats:Hook Shot","ats:Phantom","ats:Powerful Strike"],"picked":"SKIP","floor":1.0},{"not_picked":["ats:Echo Reverb","ats:Directed Diagnosis","ats:Consecutive Shot Auto"],"picked":"SKIP","floor":4.0},{"not_picked":["ats:Healing Strengthening","ats:Beaten Up","ats:Leaping Hammer"],"picked":"SKIP","floor":7.0},{"not_picked":["ats:Assault Order","ats:Burning Ground"],"picked":"ats:Very Hot Blade","floor":8.0},{"not_picked":["ats:Demon Strength","ats:Curse Doll","ats:Shell Defense"],"picked":"SKIP","floor":11.0},{"not_picked":["ats:Demon Strength","ats:Curse Doll","ats:Shell Defense"],"picked":"SKIP","floor":11.0},{"not_picked":["ats:Apocalypse","ats:Echo Reverb","ats:Sunburst"],"picked":"SKIP","floor":12.0},{"not_picked":["ats:Cat Scratch","ats:Collapsing Strike","ats:Consecutive Shot Auto"],"picked":"SKIP","floor":13.0},{"not_picked":["ats:Cat Scratch","ats:Collapsing Strike","ats:Consecutive Shot Auto"],"picked":"SKIP","floor":13.0},{"not_picked":["ats:Very Hot Blade","ats:Powerful Strike","ats:Directed Diagnosis"],"picked":"SKIP","floor":18.0},{"not_picked":["ats:Chain Hook","ats:Guardian Obelisk+1","ats:Curse Doll"],"picked":"SKIP","floor":19.0},{"not_picked":["ats:Poison Spread","ats:Demon Strength+1"],"picked":"ats:Burning Ground","floor":21.0},{"not_picked":["ats:Hook Shot","ats:Consecutive Shot Auto","ats:Very Hot Blade"],"picked":"SKIP","floor":24.0},{"not_picked":["ats:Thermite Blade+1","ats:Closed Bolt Burst Fire","ats:Revitalization+1"],"picked":"SKIP","floor":25.0},{"not_picked":["ats:Sunburst+1","ats:Part Time Job","ats:Ignite+1"],"picked":"SKIP","floor":29.0},{"not_picked":["ats:Powerful Strike+1","ats:Closed Bolt Burst Fire+1","ats:Healing Drone"],"picked":"SKIP","floor":30.0},{"not_picked":["ats:Apocalypse+1","ats:Hook Shot"],"picked":"ats:Composite Medical Shells","floor":31.0},{"not_picked":["ats:Serious Mode","ats:Burning Ground","ats:Chain Hook+1"],"picked":"SKIP","floor":35.0},{"not_picked":["ats:Absolute Focus","ats:Shell Defense","ats:Revitalization"],"picked":"SKIP","floor":41.0},{"not_picked":["ats:Absolute Focus+1","ats:Directed Diagnosis","ats:Poison Spread+1"],"picked":"SKIP","floor":44.0},{"not_picked":["ats:Leaping Hammer+1","ats:Absolute Focus","ats:Counter Healing Mode"],"picked":"SKIP","floor":48}],"player_experience":717198,"relics_obtained":[{"floor":9.0,"key":"Bronze Scales"},{"floor":26.0,"key":"Molten Egg 2"},{"floor":43.0,"key":"Juzu Bracelet"},{"floor":44.0,"key":"ats:Originium"},{"floor":44.0,"key":"Boot"}],"event_choices":[{"damage_healed":0.0,"max_hp_gain":0.0,"max_hp_loss":0.0,"gold_gain":75.0,"event_name":"World of Goop","player_choice":"Gather Gold","floor":2.0,"gold_loss":0.0,"damage_taken":11.0},{"cards_removed":["ats:Defend"],"damage_healed":0.0,"max_hp_gain":0.0,"max_hp_loss":0.0,"gold_gain":0.0,"event_name":"The Cleric","player_choice":"Card Removal","floor":3.0,"gold_loss":75.0,"damage_taken":0.0},{"damage_healed":0.0,"max_hp_gain":0.0,"max_hp_loss":0.0,"gold_gain":0.0,"event_name":"Vampires","player_choice":"Ignored","floor":20.0,"gold_loss":0.0,"damage_taken":0.0},{"cards_removed":["ats:Strike S"],"damage_healed":0.0,"max_hp_gain":0.0,"max_hp_loss":0.0,"gold_gain":0.0,"event_name":"Designer","player_choice":"Upgrade and Remove","floor":27.0,"gold_loss":110.0,"damage_taken":0.0,"cards_upgraded":["ats:Armor Crushing Shot"]},{"damage_healed":0.0,"max_hp_gain":0.0,"max_hp_loss":0.0,"gold_gain":0.0,"event_name":"The Library","player_choice":"Read","floor":28.0,"gold_loss":0.0,"damage_taken":0.0,"cards_obtained":["ats:Soul Absorption"]},{"damage_healed":0.0,"max_hp_gain":0.0,"max_hp_loss":0.0,"gold_gain":0.0,"event_name":"Mysterious Sphere","player_choice":"Ignored","floor":36.0,"gold_loss":0.0,"damage_taken":0.0},{"damage_healed":0.0,"max_hp_gain":0.0,"max_hp_loss":0.0,"gold_gain":0.0,"event_name":"SensoryStone","player_choice":"Memory 1","floor":37.0,"gold_loss":0.0,"damage_taken":0.0},{"damage_healed":0.0,"max_hp_gain":0.0,"max_hp_loss":0.0,"gold_gain":0.0,"event_name":"Tomb of Lord Red Mask","player_choice":"Paid","floor":39.0,"gold_loss":10.0,"damage_taken":0.0,"relics_obtained":["Red Mask"]},{"damage_healed":0,"gold_gain":50,"player_choice":"Pray","damage_taken":0,"max_hp_gain":0,"max_hp_loss":0,"event_name":"Golden Shrine","floor":47,"gold_loss":0}],"is_beta":false,"boss_relics":[{"not_picked":["Calling Bell","ats:Tactical Delivery"],"picked":"Velvet Choker"},{"not_picked":[]},{"not_picked":["Busted Crown","SacredBark"],"picked":"MagicMushroom"},{"not_picked":[]}],"items_purged_floors":[0,5,14,34,38],"is_endless":false,"potions_floor_spawned":[4,7,16,18,21,30],"ascension_level":17}}