{"host":"zrtolk9726p85qr7","time":1611708074,"event":{"mods":["BaseMod","BetterRewards","Colored Powertips","Minty Spire (QoL Compilation)","Permanent Neow","Quick Restart","Spire Arcade","StSLib","The Animator","The Necromancer","The Wild Card"],"gold_per_floor":[119,119,133,152,163,193,193,193,193],"floor_reached":8,"language":"ENG","playtime":666,"items_purged":[],"score":58,"play_id":"cb128092-514b-4d9d-8794-639e27106250","local_time":"20210127014114","is_ascension_mode":false,"campfire_choices":[{"floor":7,"key":"REST"}],"circlet_count":0,"master_deck":["theWildCard:BasicStrike","theWildCard:BasicStrike","theWildCard:BasicStrike","theWildCard:BasicStrike","theWildCard:BasicDefend","theWildCard:BasicDefend+1","theWildCard:BasicDefend","theWildCard:CallToAdventure","theWildCard:Arsene","theWildCard:MagicMettle"],"relics":["theWildCard:VelvetContract","War Paint","Nunchaku"],"acts_visited":["Exordium"],"potions_floor_usage":[6,6],"damage_taken":[{"damage":0.0,"enemies":"Small Slimes","floor":1.0,"turns":3.0},{"damage":0.0,"enemies":"Cultist","floor":3.0,"turns":3.0},{"damage":2.0,"enemies":"Jaw Worm","floor":4.0,"turns":2.0},{"damage":29.0,"enemies":"Large Slime","floor":5.0,"turns":6.0},{"damage":24,"enemies":"3 Sentries","floor":6,"turns":7},{"damage":6,"enemies":"Lagavulin","floor":8,"turns":4}],"seed_played":"9032001798029084391","potions_obtained":[{"floor":3.0,"key":"BlessingOfTheForge"},{"floor":4.0,"key":"SteroidPotion"}],"is_trial":false,"path_per_floor":["M","?","M","M","M","E","R","E"],"character_chosen":"THE_WILD_CARD","items_purchased":[],"campfire_rested":1,"item_purchase_floors":[],"current_hp_per_floor":[60,60,60,58,29,5,23,17,17],"gold":193,"neow_bonus":"RANDOM_COMMON_RELIC","is_daily":false,"chose_seed":false,"campfire_upgraded":0,"win_rate":0.0,"timestamp":1611708074,"path_taken":["M","?","M","?","M","E","R","E"],"items_purchased_type":[],"build_version":"2020-12-22","purchased_purges":0,"victory":false,"max_hp_per_floor":[60,60,60,60,60,60,60,60,60],"card_choices":[{"not_picked":["theWildCard:SacrificialStroke","theWildCard:TheGreatSeal","theWildCard:Attunement"],"picked":"SKIP","floor":1.0},{"not_picked":["theWildCard:SacrificialStroke","theWildCard:UnendingRitual","theWildCard:MasterPlan"],"picked":"SKIP","floor":3.0},{"not_picked":["theWildCard:Proficiency","theWildCard:Polydeuces","theWildCard:ArcaneArts"],"picked":"SKIP","floor":4.0},{"not_picked":["theWildCard:Polydeuces","theWildCard:EnergizedStroke","theWildCard:MaskChange"],"picked":"SKIP","floor":5.0},{"not_picked":["theWildCard:PaleRider","theWildCard:UnderLockAndKey"],"picked":"theWildCard:MagicMettle","floor":6}],"player_experience":109859,"relics_obtained":[{"floor":6,"key":"Nunchaku"}],"event_choices":[{"cards_removed":["theWildCard:BasicDefend"],"damage_healed":0.0,"max_hp_gain":0.0,"max_hp_loss":0.0,"gold_gain":0.0,"event_name":"Bonfire Elementals","player_choice":"Offered Basic","floor":2.0,"gold_loss":0.0,"damage_taken":0.0}],"is_beta":false,"boss_relics":[],"items_purged_floors":[],"is_endless":false,"potions_floor_spawned":[3,4],"killed_by":"Lagavulin","ascension_level":0}}