{"host":"4kmvpqjeiacgn1pr","time":1611711009,"event":{"mods":["AchievementEnabler","BaseMod","Better Altar","Better Match","Better Note","Better Sensory Stone","Better Skull","Better Third Choice","Colored Map","Colored Powertips","Curses Come First","Highlight Path","Minty Spire (QoL Compilation)","Permanent Neow","Rare Cards Sparkle","Replay The Spire","Spicy Shops","StSLib"],"gold_per_floor":[111,111,111,169,232,232,287,302,302],"floor_reached":8,"language":"ENG","playtime":449,"items_purged":[],"score":55,"play_id":"d741a6fb-500d-4d6a-9dc7-9d24fb7d486b","local_time":"20210126203009","is_ascension_mode":true,"campfire_choices":[{"data":"Apotheosis","floor":6,"key":"SMITH"}],"circlet_count":0,"master_deck":["Strike_P","Strike_P","Strike_P","Strike_P","Defend_P","Defend_P","Defend_P","Defend_P","Eruption","Vigilance","Eruption","Defend_R","Apotheosis+1","Prostrate","Replay:Hum","Replay:Vibes","Adaptation"],"relics":["PureWater","Ring of Panic","ReplayTheSpireMod:Ring of Challenge","SsserpentHead"],"acts_visited":["Exordium"],"potions_floor_usage":[4],"damage_taken":[{"damage":11,"enemies":"Small Slimes","floor":1,"turns":4},{"damage":0,"enemies":"Cultist","floor":4,"turns":4},{"damage":1,"enemies":"Jaw Worm","floor":5,"turns":4},{"damage":14,"enemies":"Exordium Wildlife","floor":7,"turns":3},{"damage":63,"enemies":"Gremlin Nob","floor":8,"turns":4}],"seed_played":"8622827632535252123","potions_obtained":[{"floor":1,"key":"DistilledChaos"},{"floor":7,"key":"GamblersBrew"}],"is_trial":false,"path_per_floor":["M","?","?","M","M","R","M","E"],"character_chosen":"WATCHER","items_purchased":[],"campfire_rested":0,"item_purchase_floors":[],"current_hp_per_floor":[61,61,61,61,60,60,46,0,0],"gold":302,"neow_bonus":"RANDOM_COLORLESS_2","is_daily":false,"chose_seed":false,"campfire_upgraded":1,"win_rate":0.0,"timestamp":1611711009,"path_taken":["M","?","?","M","M","R","M","E"],"items_purchased_type":[],"build_version":"2020-12-22","purchased_purges":0,"victory":false,"max_hp_per_floor":[72,72,72,72,72,72,72,72,72],"card_choices":[{"not_picked":["Transmutation","Thinking Ahead"],"picked":"Apotheosis","floor":0},{"not_picked":["FlyingSleeves","ThirdEye"],"picked":"Prostrate","floor":1},{"not_picked":["FearNoEvil","Consecrate"],"picked":"Replay:Hum","floor":4},{"not_picked":["ConjureBlade","CrushJoints"],"picked":"Replay:Vibes","floor":5},{"not_picked":["Wallop","ThirdEye"],"picked":"Adaptation","floor":7}],"player_experience":358552,"relics_obtained":[{"floor":2,"key":"Ring of Panic"},{"floor":2,"key":"ReplayTheSpireMod:Ring of Challenge"}],"event_choices":[{"damage_healed":0,"gold_gain":0,"player_choice":"Trade","damage_taken":0,"relics_obtained":["SsserpentHead"],"max_hp_gain":0,"max_hp_loss":0,"event_name":"FaceTrader","floor":3,"gold_loss":0}],"is_beta":false,"boss_relics":[],"items_purged_floors":[],"is_endless":false,"potions_floor_spawned":[1,7],"killed_by":"Gremlin Nob","ascension_level":3}}