{"host":"i391n33tccqevi90","time":1611789008,"event":{"mods":["2.2 Compatiblity","AchievementEnabler","AlwaysNeverKeys","BaseMod","Better Third Choice","Conspire","Emptier Cage","Filter the Spire","Good Game Mod","Grow up Mod","Hero for Fun","Minty Spire (QoL Compilation)","Remove Card Discount Mod","Spicy Shops","StSLib"],"gold_per_floor":[366,366,377,327,375,375,401,412,412,427,131,141,160,195,195,293,293,309,327,337,350,364,398,46,46,69,101,101,120,130,141,141,241,241,255,1,12,12,26,57,49,64,64,64,83,83,114,129,129,129,129,129,57,92,92],"floor_reached":56,"language":"ENG","playtime":4238,"items_purged":["Strike_G","Strike_G","Strike_G","Defend_G","Defend_G","Defend_G","Defend_G","Defend_G","conspire:DoublingDagger","Parasite"],"score":1265,"play_id":"3deb06de-19ff-4211-8c49-1a3388fc5a11","local_time":"20210127171008","is_ascension_mode":false,"campfire_choices":[{"data":"Neutralize","floor":6,"key":"SMITH"},{"data":"Noxious Fumes","floor":15,"key":"SMITH"},{"data":"Night Terror","floor":25,"key":"SMITH"},{"data":"After Image","floor":32,"key":"SMITH"},{"data":"After Image","floor":44,"key":"SMITH"},{"data":"Footwork","floor":46,"key":"SMITH"},{"data":"A Thousand Cuts","floor":49,"key":"SMITH"},{"data":"Prepared","floor":52,"key":"SMITH"}],"circlet_count":0,"master_deck":["Survivor","Neutralize+1","Core Surge","Footwork+1","Dagger Spray","Unload","Noxious Fumes+1","Crippling Poison","Cloak And Dagger","Burst","Deadly Poison","Underhanded Strike","Night Terror+1","Footwork+1","Deadly Poison","Blade Dance+1","Poisoned Stab+1","Accuracy","After Image+1","After Image+1","Reflex+1","Prepared+1","Calculated Gamble","A Thousand Cuts+1","Poisoned Stab","Deadly Poison+1","Sucker Punch+1","Bane+1","Noxious Fumes"],"relics":["Ring of the Snake","REME:ComplimentaryCards","Du-Vu Doll","Oddly Smooth Stone","The Specimen","Anchor","Letter Opener","conspire:SlowCooker","PreservedInsect","Orichalcum","Strawberry","Dream Catcher","Regal Pillow","Cursed Key","White Beast Statue","Lantern","Mercury Hourglass","conspire:TopHat","Bronze Scales"],"acts_visited":["Exordium","TheCity","TheBeyond","TheEnding"],"potions_floor_usage":[14,14,18,27,33,39,40,50,55,55,55],"damage_taken":[{"damage":1,"enemies":"2 Louse","floor":1,"turns":4},{"damage":0,"enemies":"Small Slimes","floor":3,"turns":4},{"damage":48,"enemies":"conspire:MimicChest","floor":5,"turns":12},{"damage":9,"enemies":"3 Sentries","floor":7,"turns":9},{"damage":5,"enemies":"Jaw Worm","floor":8,"turns":3},{"damage":0,"enemies":"2 Fungi Beasts","floor":10,"turns":3},{"damage":0,"enemies":"Blue Slaver","floor":12,"turns":3},{"damage":5,"enemies":"Lots of Slimes","floor":13,"turns":3},{"damage":15,"enemies":"Gremlin Nob","floor":14,"turns":4},{"damage":45,"enemies":"The Guardian","floor":16,"turns":9},{"damage":49,"enemies":"3 Byrds","floor":18,"turns":5},{"damage":21,"enemies":"Chosen","floor":19,"turns":6},{"damage":3,"enemies":"conspire:HollyBat","floor":20,"turns":8},{"damage":22,"enemies":"3 Cultists","floor":21,"turns":7},{"damage":6,"enemies":"Cultist and Chosen","floor":22,"turns":6},{"damage":7,"enemies":"conspire:Head Lice","floor":23,"turns":7},{"damage":35,"enemies":"Book of Stabbing","floor":27,"turns":5},{"damage":12,"enemies":"Snake Plant","floor":29,"turns":5},{"damage":12,"enemies":"3 Cultists","floor":30,"turns":5},{"damage":17,"enemies":"Centurion and Healer","floor":31,"turns":6},{"damage":22,"enemies":"Collector","floor":33,"turns":9},{"damage":8,"enemies":"3 Shapes","floor":35,"turns":4},{"damage":21,"enemies":"Orb Walker","floor":37,"turns":5},{"damage":8,"enemies":"3 Darklings","floor":39,"turns":3},{"damage":27,"enemies":"Nemesis","floor":40,"turns":7},{"damage":26,"enemies":"Jaw Worm Horde","floor":42,"turns":4},{"damage":4,"enemies":"Sphere and 2 Shapes","floor":45,"turns":4},{"damage":27,"enemies":"Giant Head","floor":47,"turns":7},{"damage":36,"enemies":"Spire Growth","floor":48,"turns":5},{"damage":112,"enemies":"Time Eater","floor":50,"turns":13},{"damage":64,"enemies":"Shield and Spear","floor":54,"turns":6},{"damage":146,"enemies":"The Heart","floor":55,"turns":9}],"seed_played":"6143607818689228608","potions_obtained":[{"floor":5,"key":"ColorlessPotion"},{"floor":8,"key":"ColorlessPotion"},{"floor":10,"key":"PowerPotion"},{"floor":14,"key":"DistilledChaos"},{"floor":16,"key":"CultistPotion"},{"floor":19,"key":"SteroidPotion"},{"floor":23,"key":"AttackPotion"},{"floor":30,"key":"LiquidMemories"},{"floor":33,"key":"SpeedPotion"},{"floor":35,"key":"SkillPotion"},{"floor":39,"key":"SteroidPotion"},{"floor":40,"key":"Poison Potion"},{"floor":54,"key":"SkillPotion"}],"is_trial":false,"path_per_floor":["M","?","M","?","?","R","E","M","T","M","$","M","M","E","R","B",null,"M","M","M","M","M","E","$","R","T","E","?","M","M","M","R","B",null,"M","$","M","$","M","E","$","M","T","R","M","R","E","M","R","B",null,"R","$","E","B",null],"character_chosen":"THE_SILENT","items_purchased":["Anchor","Burst","Accuracy","Orichalcum","Strawberry","White Beast Statue","Noxious Fumes"],"campfire_rested":0,"item_purchase_floors":[11,11,24,24,24,36,53],"current_hp_per_floor":[68,71,81,91,53,63,64,69,79,89,99,109,114,109,119,84,250,211,200,207,195,199,202,219,229,239,214,224,222,220,213,223,211,427,429,439,428,438,440,423,433,417,427,437,443,453,436,410,420,318,597,607,614,560,424],"gold":92,"neow_bonus":"TWO_FIFTY_GOLD","is_daily":false,"chose_seed":false,"campfire_upgraded":8,"win_rate":0.0,"timestamp":1611789008,"path_taken":["M","?","M","?","?","R","E","M","T","M","?","M","M","E","R","BOSS","M","M","M","M","M","E","$","R","T","E","?","M","M","M","R","BOSS","M","$","M","?","M","E","$","?","T","R","M","R","E","M","R","BOSS","R","$","E","BOSS"],"items_purchased_type":["Relic","Card","Card","Relic","Relic","Relic","Card"],"build_version":"2020-12-22","purchased_purges":10,"victory":true,"max_hp_per_floor":[90,100,110,120,130,140,150,160,170,180,190,200,210,220,230,240,250,260,270,280,290,300,310,327,337,347,357,367,377,387,397,407,417,427,437,447,457,467,477,487,497,507,517,527,537,547,557,567,577,587,597,607,614,624,634],"card_choices":[{"not_picked":["Choke","Acrobatics"],"picked":"Footwork","floor":1},{"not_picked":["Backflip","Quick Slash"],"picked":"Dagger Spray","floor":3},{"not_picked":["Dodge and Roll","Flying Knee"],"picked":"Unload","floor":5},{"not_picked":["Endless Agony","Tactician"],"picked":"Noxious Fumes","floor":7},{"not_picked":["Bouncing Flask","Deflect"],"picked":"Crippling Poison","floor":8},{"not_picked":["Blade Dance","Flying Knee"],"picked":"Cloak And Dagger","floor":10},{"not_picked":["Quick Slash","Cloak And Dagger"],"picked":"Deadly Poison","floor":12},{"not_picked":["Dodge and Roll","Deflect"],"picked":"Underhanded Strike","floor":13},{"not_picked":["Acrobatics","Slice"],"picked":"conspire:DoublingDagger","floor":14},{"not_picked":["Wraith Form v2","A Thousand Cuts"],"picked":"Night Terror","floor":16},{"not_picked":["Backstab+1","Reflex"],"picked":"Footwork+1","floor":18},{"not_picked":["Bouncing Flask","Deflect","Sucker Punch"],"picked":"SKIP","floor":19},{"not_picked":["PiercingWail","Blade Dance"],"picked":"Deadly Poison","floor":20},{"not_picked":["Prepared","Heel Hook"],"picked":"Blade Dance+1","floor":21},{"not_picked":["Dagger Spray","Distraction"],"picked":"Poisoned Stab+1","floor":22},{"not_picked":["Calculated Gamble+1","Underhanded Strike","Blade Dance"],"picked":"SKIP","floor":23},{"not_picked":["Calculated Gamble","Deadly Poison+1"],"picked":"After Image","floor":27},{"not_picked":["Quick Slash","Acrobatics"],"picked":"Reflex+1","floor":29},{"not_picked":["Deadly Poison+1","Underhanded Strike"],"picked":"Prepared","floor":30},{"not_picked":["Night Terror","Masterful Stab"],"picked":"Calculated Gamble","floor":31},{"not_picked":["Venomology","Tools of the Trade"],"picked":"A Thousand Cuts","floor":33},{"not_picked":["Endless Agony+1","Flechettes","Deflect+1"],"picked":"SKIP","floor":35},{"not_picked":["PiercingWail","Blade Dance","Cloak And Dagger+1"],"picked":"SKIP","floor":37},{"not_picked":["Backstab+1","Cloak And Dagger"],"picked":"Poisoned Stab","floor":39},{"not_picked":["Dodge and Roll+1","Tools of the Trade"],"picked":"Deadly Poison+1","floor":40},{"not_picked":["Slice","Flying Knee+1"],"picked":"Sucker Punch+1","floor":42},{"not_picked":["Underhanded Strike","Accuracy+1","Eviscerate"],"picked":"SKIP","floor":45},{"not_picked":["Infinite Blades","Deadly Poison+1"],"picked":"Bane+1","floor":47},{"not_picked":["Heel Hook","Dagger Throw","Masterful Stab"],"picked":"SKIP","floor":48},{"not_picked":["Deadly Poison","Sucker Punch","Masterful Stab+1"],"picked":"SKIP","floor":54}],"player_experience":560834,"relics_obtained":[{"floor":5,"key":"Du-Vu Doll"},{"floor":7,"key":"Oddly Smooth Stone"},{"floor":9,"key":"The Specimen"},{"floor":14,"key":"Letter Opener"},{"floor":23,"key":"PreservedInsect"},{"floor":26,"key":"Dream Catcher"},{"floor":27,"key":"Regal Pillow"},{"floor":40,"key":"Lantern"},{"floor":43,"key":"Mercury Hourglass"},{"floor":47,"key":"conspire:TopHat"},{"floor":54,"key":"Bronze Scales"}],"event_choices":[{"cards_removed":["Strike_G"],"damage_healed":0,"gold_gain":0,"player_choice":"Card Removal","damage_taken":7,"max_hp_gain":0,"max_hp_loss":0,"event_name":"Golden Wing","floor":2,"gold_loss":0},{"cards_removed":["Strike_G"],"damage_healed":0,"gold_gain":0,"player_choice":"Card Removal","damage_taken":0,"max_hp_gain":0,"max_hp_loss":0,"event_name":"The Cleric","floor":4,"gold_loss":50},{"damage_healed":0,"gold_gain":0,"player_choice":"Copied","damage_taken":0,"max_hp_gain":0,"max_hp_loss":0,"event_name":"Duplicator","floor":28,"gold_loss":0,"cards_obtained":["After Image"]}],"is_beta":false,"boss_relics":[{"not_picked":["conspire:RunicOctahedron","Calling Bell"],"picked":"conspire:SlowCooker"},{"not_picked":["Empty Cage","HoveringKite"],"picked":"Cursed Key"}],"items_purged_floors":[24,24,24,36,36,41,41,41,41,53],"is_endless":false,"potions_floor_spawned":[5,8,10,14,16,19,23,30,33,35,37,39,40,42,45,47,48,54],"ascension_level":0}}