{"host":"3a1ypf1irl30q4k8","time":1611767215,"event":{"mods":["AchievementEnabler","BaseMod","Bestiary","Colored Map","Minty Spire (QoL Compilation)","Relic Stats"],"gold_per_floor":[114,130,130,143,163,163,193,204,204,219,219,39,39,67,67,171,171,183,183,201,201,212,243,243,203,203,223,223,248,265,69,69,69,69],"floor_reached":33,"language":"ENG","playtime":1651,"items_purged":[],"score":356,"play_id":"3a1abeef-b253-48e0-8ede-f266c60bbabe","local_time":"20210127170655","is_ascension_mode":true,"campfire_choices":[{"data":"Streamline","floor":6.0,"key":"SMITH"},{"floor":11.0,"key":"REST"},{"data":"Static Discharge","floor":13.0,"key":"SMITH"},{"floor":15.0,"key":"REST"},{"floor":24.0,"key":"REST"},{"floor":28.0,"key":"REST"},{"floor":32,"key":"REST"}],"circlet_count":0,"master_deck":["Strike_B","Defend_B","Defend_B","Defend_B","Defend_B","Zap","Dualcast","Rebound","Sweeping Beam","Leap","Streamline+1","Skim","Undo","Static Discharge","Static Discharge+1","Seek","Biased Cognition","Hologram+1","Coolheaded","Beam Cell","White Noise","Tempest","Stack+1","Sunder+1","Turbo"],"relics":["Sozu","DataDisk","Art of War","DollysMirror","Anchor","Empty Cage","Darkstone Periapt","Torii","Gremlin Horn","Medical Kit"],"acts_visited":["Exordium","TheCity"],"potions_floor_usage":[],"damage_taken":[{"damage":7.0,"enemies":"Small Slimes","floor":1.0,"turns":3.0},{"damage":7.0,"enemies":"Jaw Worm","floor":2.0,"turns":2.0},{"damage":1.0,"enemies":"Cultist","floor":4.0,"turns":3.0},{"damage":7.0,"enemies":"Large Slime","floor":5.0,"turns":6.0},{"damage":16.0,"enemies":"Lagavulin","floor":7.0,"turns":6.0},{"damage":3.0,"enemies":"Looter","floor":8.0,"turns":3.0},{"damage":8.0,"enemies":"Blue Slaver","floor":10.0,"turns":3.0},{"damage":40.0,"enemies":"Gremlin Nob","floor":14.0,"turns":3.0},{"damage":3.0,"enemies":"Hexaghost","floor":16.0,"turns":9.0},{"damage":20.0,"enemies":"2 Thieves","floor":18.0,"turns":3.0},{"damage":7.0,"enemies":"Spheric Guardian","floor":20.0,"turns":4.0},{"damage":12.0,"enemies":"Snake Plant","floor":22.0,"turns":4.0},{"damage":23.0,"enemies":"Book of Stabbing","floor":23.0,"turns":3.0},{"damage":12.0,"enemies":"3 Cultists","floor":27.0,"turns":4.0},{"damage":17.0,"enemies":"Gremlin Leader","floor":29.0,"turns":5.0},{"damage":23.0,"enemies":"Centurion and Healer","floor":30.0,"turns":8.0},{"damage":67,"enemies":"Automaton","floor":33,"turns":6}],"seed_played":"8084050393875278167","potions_obtained":[],"is_trial":false,"path_per_floor":["M","M","?","M","M","R","E","M","T","M","R","$","R","E","R","B",null,"M","?","M","?","M","E","R","?","T","M","R","E","M","$","R","B"],"character_chosen":"DEFECT","items_purchased":["Static Discharge","DollysMirror","Turbo","Medical Kit"],"campfire_rested":5,"item_purchase_floors":[12,12,31,31],"current_hp_per_floor":[68,61,61,60,53,53,37,34,34,26,48,48,48,8,30,27,75,55,55,48,48,36,13,35,35,35,23,45,28,5,5,27,0,0],"gold":69,"neow_bonus":"BOSS_RELIC","is_daily":false,"chose_seed":false,"campfire_upgraded":2,"win_rate":0.0,"timestamp":1611767215,"path_taken":["M","M","?","M","M","R","E","M","T","M","R","$","R","E","R","BOSS","M","?","M","?","M","E","R","?","T","M","R","E","?","$","R","BOSS"],"items_purchased_type":["Card","Relic","Card","Relic"],"build_version":"2020-12-22","purchased_purges":0,"victory":false,"max_hp_per_floor":[75,75,75,75,75,75,75,75,75,75,75,75,75,75,75,75,75,75,75,75,75,75,75,75,75,75,75,75,75,75,75,75,75,75],"relic_stats":{"Sozu":8,"Darkstone Periapt":0,"Torii":0,"Gremlin Horn":[3,3],"counters":[17,75],"Art of War":[10],"Medical Kit":[2],"obtain_stats":[{"Sozu":0,"Darkstone Periapt":23,"DataDisk":7,"Anchor":14,"Torii":26,"Gremlin Horn":29,"DollysMirror":12,"Art of War":9,"Cracked Core":0,"Empty Cage":17,"Medical Kit":31},{"Sozu":0,"Darkstone Periapt":13,"DataDisk":5,"Anchor":8,"Torii":13,"Gremlin Horn":15,"DollysMirror":7,"Art of War":6,"Cracked Core":0,"Empty Cage":9,"Medical Kit":16},{"Sozu":0,"Darkstone Periapt":52,"DataDisk":20,"Anchor":29,"Torii":52,"Gremlin Horn":61,"DollysMirror":26,"Art of War":23,"Cracked Core":0,"Empty Cage":38,"Medical Kit":69}]},"card_choices":[{"not_picked":["White Noise","Steam"],"picked":"Rebound","floor":1.0},{"not_picked":["Barrage","Gash"],"picked":"Sweeping Beam","floor":2.0},{"not_picked":["Gash","Hologram"],"picked":"Leap","floor":4.0},{"not_picked":["Beam Cell","Loop"],"picked":"Streamline","floor":5.0},{"not_picked":["Stack","Force Field","Gash"],"picked":"SKIP","floor":7.0},{"not_picked":["Gash","Hologram"],"picked":"Skim","floor":8.0},{"not_picked":["Chill","Capacitor"],"picked":"Undo","floor":10.0},{"not_picked":["Ball Lightning","Leap"],"picked":"Seek","floor":14.0},{"not_picked":["Buffer","Core Surge"],"picked":"Biased Cognition","floor":16.0},{"not_picked":["Ball Lightning","Leap"],"picked":"Hologram+1","floor":18.0},{"not_picked":["Compile Driver","Heatsinks"],"picked":"Coolheaded","floor":20.0},{"not_picked":["Rip and Tear","Stack+1"],"picked":"Beam Cell","floor":22.0},{"not_picked":["Steam Power","Ball Lightning"],"picked":"White Noise","floor":23.0},{"not_picked":["Conserve Battery","Streamline"],"picked":"Tempest","floor":27.0},{"not_picked":["Cold Snap","Machine Learning"],"picked":"Stack+1","floor":29.0},{"not_picked":["Aggregate","Lockon"],"picked":"Sunder+1","floor":30}],"player_experience":1228983,"relics_obtained":[{"floor":7.0,"key":"DataDisk"},{"floor":9.0,"key":"Art of War"},{"floor":14.0,"key":"Anchor"},{"floor":23.0,"key":"Darkstone Periapt"},{"floor":26.0,"key":"Torii"},{"floor":29.0,"key":"Gremlin Horn"}],"event_choices":[{"damage_healed":0.0,"max_hp_gain":0.0,"max_hp_loss":0.0,"gold_gain":0.0,"event_name":"Shining Light","player_choice":"Ignored","floor":3.0,"gold_loss":0.0,"damage_taken":0.0},{"cards_removed":["Strike_B"],"damage_healed":0.0,"max_hp_gain":0.0,"max_hp_loss":0.0,"gold_gain":0.0,"event_name":"Back to Basics","player_choice":"Elegance","floor":19.0,"gold_loss":0.0,"damage_taken":0.0},{"damage_healed":0.0,"max_hp_gain":0.0,"max_hp_loss":0.0,"gold_gain":0.0,"event_name":"Ghosts","player_choice":"Ignored","floor":21.0,"gold_loss":0.0,"damage_taken":0.0},{"damage_healed":0.0,"max_hp_gain":0.0,"max_hp_loss":0.0,"gold_gain":0.0,"event_name":"The Woman in Blue","player_choice":"Bought 3 Potions","floor":25.0,"gold_loss":0.0,"damage_taken":0.0}],"is_beta":false,"boss_relics":[{"not_picked":["Pandora\u0027s Box","Philosopher\u0027s Stone"],"picked":"Empty Cage"}],"items_purged_floors":[],"is_endless":false,"potions_floor_spawned":[1,10,18,23,27],"killed_by":"Automaton","ascension_level":4}}