{"host":"2wp95sdfrgw3k439","time":1611775067,"event":{"mods":["BaseMod","Better Altar","Better Skull","Better Third Choice","Curses Come First","Minty Spire (QoL Compilation)","Permanent Neow","Reliquary","StSLib"],"gold_per_floor":[109,59,59,59,78,78,122,122,175,216,237,253,253,253,253,253,253],"floor_reached":16,"language":"ENG","playtime":531,"items_purged":[],"score":113,"play_id":"b001854f-55a5-4e2b-a0eb-a32877748ffd","local_time":"20210127121747","is_ascension_mode":true,"campfire_choices":[{"data":"Bash","floor":6,"key":"SMITH"},{"floor":8,"key":"REST"},{"floor":15,"key":"REST"}],"circlet_count":0,"master_deck":["Strike_R","Strike_R","Strike_R","Defend_R","Defend_R","Defend_R","Defend_R","Bash+1","Offering","Combust","Cleave","Pummel","Shockwave","Pummel","Burn"],"relics":["Burning Blood","Golden Idol","Smiling Mask","Strawberry","Bottled Tornado","Ice Cream"],"acts_visited":["Exordium"],"potions_floor_usage":[7,10],"damage_taken":[{"damage":6,"enemies":"Cultist","floor":1,"turns":3},{"damage":21,"enemies":"Jaw Worm","floor":5,"turns":4},{"damage":26,"enemies":"Lagavulin","floor":7,"turns":5},{"damage":19,"enemies":"Gremlin Nob","floor":10,"turns":3},{"damage":8,"enemies":"Small Slimes","floor":11,"turns":2},{"damage":20,"enemies":"Exordium Wildlife","floor":12,"turns":4},{"damage":41,"enemies":"Hexaghost","floor":16,"turns":8}],"seed_played":"-3152108153112005788","potions_obtained":[{"floor":5,"key":"ColorlessPotion"},{"floor":7,"key":"Strength Potion"}],"is_trial":false,"path_per_floor":["M","?","?","?","M","R","E","R","T","E","M","M","T","?","R","B"],"character_chosen":"IRONCLAD","items_purchased":[],"campfire_rested":2,"item_purchase_floors":[],"current_hp_per_floor":[72,72,54,54,39,39,19,40,47,34,32,18,18,18,41,0,0],"gold":253,"neow_bonus":"THREE_RARE_CARDS","is_daily":false,"chose_seed":false,"campfire_upgraded":1,"win_rate":0.0,"timestamp":1611775067,"path_taken":["M","?","?","?","?","R","E","R","T","E","M","M","?","?","R","BOSS"],"items_purchased_type":[],"build_version":"2020-12-22","purchased_purges":0,"victory":false,"max_hp_per_floor":[72,72,72,72,72,72,72,72,79,79,79,79,79,79,79,79,79],"card_choices":[{"not_picked":["Juggernaut","Brutality"],"picked":"Offering","floor":0},{"not_picked":["True Grit","Disarm"],"picked":"Combust","floor":1},{"not_picked":["Anger","Power Through"],"picked":"Cleave","floor":5},{"not_picked":["Anger","Twin Strike","Heavy Blade"],"picked":"SKIP","floor":7},{"not_picked":["Corruption","Iron Wave"],"picked":"Pummel","floor":10},{"not_picked":["Anger","Clash"],"picked":"Shockwave","floor":11},{"not_picked":["Flex","Clash"],"picked":"Pummel","floor":12}],"player_experience":476328,"relics_obtained":[{"floor":7,"key":"Smiling Mask"},{"floor":9,"key":"Strawberry"},{"floor":10,"key":"Bottled Tornado"},{"floor":13,"key":"Ice Cream"}],"event_choices":[{"cards_removed":["Strike_R"],"damage_healed":0,"gold_gain":0,"player_choice":"Card Removal","damage_taken":0,"max_hp_gain":0,"max_hp_loss":0,"event_name":"The Cleric","floor":2,"gold_loss":50},{"damage_healed":0,"gold_gain":0,"player_choice":"Take Damage","damage_taken":18,"relics_obtained":["Golden Idol"],"max_hp_gain":0,"max_hp_loss":0,"event_name":"Golden Idol","floor":3,"gold_loss":0},{"cards_removed":["Strike_R"],"damage_healed":0,"gold_gain":0,"player_choice":"Purged","damage_taken":0,"max_hp_gain":0,"max_hp_loss":0,"event_name":"Purifier","floor":4,"gold_loss":0},{"damage_healed":18,"gold_gain":0,"player_choice":"Embrace Burn","damage_taken":0,"max_hp_gain":0,"max_hp_loss":79,"event_name":"betterThird:BetterShining","floor":14,"gold_loss":0}],"is_beta":false,"boss_relics":[],"items_purged_floors":[],"is_endless":false,"potions_floor_spawned":[5,7],"killed_by":"Hexaghost","ascension_level":1}}