{"host":"kydqlojjt9mno5rv","time":1611729006,"event":{"mods":["AchievementEnabler","BaseMod","Colored Powertips","DeckTracker","Minty Spire (QoL Compilation)","Spicy Shops","Spire Arcade","StSLib","SuperFastMode","Synergy Search","Weighted Paths"],"gold_per_floor":[113,133,208,226,226,256,268,268,268,279,279,309,309,325,325,325,325],"floor_reached":16,"language":"ENG","playtime":525,"items_purged":[],"score":112,"play_id":"6ca8b66b-2998-4532-8955-9dbf4ae734d0","local_time":"20210127013006","is_ascension_mode":false,"campfire_choices":[{"floor":8,"key":"REST"},{"floor":11,"key":"REST"},{"floor":13,"key":"REST"},{"data":"Flex","floor":15,"key":"SMITH"}],"circlet_count":0,"master_deck":["Strike_R","Strike_R","Strike_R","Strike_R","Strike_R","Defend_R","Defend_R","Defend_R","Defend_R","Bash","Metallicize","Shrug It Off","Double Tap","Power Through","Flex+1","Reckless Charge","Iron Wave","Armaments"],"relics":["Burning Blood","NeowsBlessing","Oddly Smooth Stone","Smiling Mask","Shuriken","Bottled Tornado"],"acts_visited":["Exordium"],"potions_floor_usage":[],"damage_taken":[{"damage":0,"enemies":"Small Slimes","floor":1,"turns":1},{"damage":0,"enemies":"Jaw Worm","floor":2,"turns":1},{"damage":0,"enemies":"2 Louse","floor":4,"turns":1},{"damage":39,"enemies":"3 Sentries","floor":6,"turns":12},{"damage":11,"enemies":"Looter","floor":7,"turns":4},{"damage":13,"enemies":"Exordium Thugs","floor":10,"turns":8},{"damage":26,"enemies":"Gremlin Nob","floor":12,"turns":4},{"damage":4,"enemies":"Large Slime","floor":14,"turns":6},{"damage":82,"enemies":"Slime Boss","floor":16,"turns":12}],"seed_played":"-3706741876893391058","potions_obtained":[{"floor":1,"key":"SmokeBomb"},{"floor":14,"key":"FearPotion"}],"is_trial":false,"path_per_floor":["M","M","?","M","T","E","M","R","T","M","R","E","R","M","R","B"],"character_chosen":"IRONCLAD","items_purchased":[],"campfire_rested":3,"item_purchase_floors":[],"current_hp_per_floor":[80,80,69,75,75,42,37,61,61,54,78,58,80,80,80,0,0],"gold":325,"neow_bonus":"THREE_ENEMY_KILL","is_daily":false,"chose_seed":false,"campfire_upgraded":1,"win_rate":0.0,"timestamp":1611729006,"path_taken":["M","M","?","M","?","E","M","R","T","M","R","E","R","M","R","BOSS"],"items_purchased_type":[],"build_version":"2020-12-22","purchased_purges":0,"victory":false,"max_hp_per_floor":[80,80,80,80,80,80,80,80,80,80,80,80,80,80,80,80,80],"card_choices":[{"not_picked":["Reckless Charge","Wild Strike"],"picked":"Metallicize","floor":1},{"not_picked":["Perfected Strike","True Grit"],"picked":"Shrug It Off","floor":2},{"not_picked":["Warcry","Pommel Strike"],"picked":"Double Tap","floor":4},{"not_picked":["Shockwave","Sentinel"],"picked":"Power Through","floor":6},{"not_picked":["Hemokinesis","Entrench"],"picked":"Flex","floor":7},{"not_picked":["Anger","Sword Boomerang"],"picked":"Reckless Charge","floor":10},{"not_picked":["Perfected Strike","Rupture"],"picked":"Iron Wave","floor":12},{"not_picked":["Anger","Fire Breathing"],"picked":"Armaments","floor":14}],"player_experience":124870,"relics_obtained":[{"floor":5,"key":"Oddly Smooth Stone"},{"floor":6,"key":"Smiling Mask"},{"floor":9,"key":"Shuriken"},{"floor":12,"key":"Bottled Tornado"}],"event_choices":[{"damage_healed":0,"gold_gain":75,"player_choice":"Gather Gold","damage_taken":11,"max_hp_gain":0,"max_hp_loss":0,"event_name":"World of Goop","floor":3,"gold_loss":0}],"is_beta":false,"boss_relics":[],"items_purged_floors":[],"is_endless":false,"potions_floor_spawned":[1,14],"killed_by":"Slime Boss","ascension_level":0}}