{"host":"eaiphzh066bwqdh7","time":1611786648,"event":{"mods":["BaseMod","Better Note","Colored Map","Halation","Hubris","Minty Spire (QoL Compilation)","Reliquary","Replay The Spire","StSLib"],"gold_per_floor":[214,38,38,51,51,83,83,93,93,93,104,122,122,133,133,235,235,253,265,265,265],"floor_reached":20,"language":"ENG","playtime":795,"items_purged":[],"score":202,"play_id":"c568c6e3-61f1-49ab-9218-b5df7d7d4804","local_time":"20210127173048","is_ascension_mode":true,"campfire_choices":[{"floor":7,"key":"REST"},{"data":"Unload","floor":10,"key":"SMITH"},{"floor":13,"key":"REST"},{"floor":15,"key":"REST"}],"circlet_count":0,"master_deck":["Strike_G","Strike_G+1","Strike_G","Strike_G","Strike_G","Defend_G","Defend_G","Defend_G","Defend_G","Defend_G","Survivor","Neutralize","Poisoned Stab","Deadly Poison","Poisoned Stab+1","Unload+1","Crippling Poison","Toxin Wave","After Image","Deadly Poison+1","Backflip"],"relics":["Ring of the Snake","Boot","Replay:Accelerometer","reliquary:IridiumChain","halation:LoveArrow"],"acts_visited":["Exordium","TheCity"],"potions_floor_usage":[11,16],"damage_taken":[{"damage":4,"enemies":"2 Louse","floor":1,"turns":4},{"damage":0,"enemies":"Jaw Worm","floor":4,"turns":4},{"damage":16,"enemies":"Gremlin Nob","floor":6,"turns":4},{"damage":0,"enemies":"Small Slimes","floor":8,"turns":2},{"damage":14,"enemies":"3 Louse","floor":11,"turns":3},{"damage":3,"enemies":"Looter","floor":12,"turns":3},{"damage":12,"enemies":"Large Slime","floor":14,"turns":5},{"damage":48,"enemies":"Hexaghost","floor":16,"turns":8},{"damage":19,"enemies":"Spheric Guardian","floor":18,"turns":4},{"damage":21,"enemies":"3 Byrds","floor":19,"turns":6},{"damage":37,"enemies":"3 Cultists","floor":20,"turns":4}],"seed_played":"-7795235454567931825","potions_obtained":[{"floor":8,"key":"Weak Potion"},{"floor":12,"key":"DistilledChaos"}],"is_trial":false,"path_per_floor":["M","$","?","M","?","E","R","M","T","R","M","M","R","M","R","B",null,"M","M","M"],"character_chosen":"THE_SILENT","items_purchased":["Boot","Deadly Poison"],"campfire_rested":3,"item_purchase_floors":[2,2],"current_hp_per_floor":[66,66,71,71,56,40,62,62,62,62,48,45,67,55,75,27,75,56,35,0,0],"gold":265,"neow_bonus":"HUNDRED_GOLD","is_daily":false,"chose_seed":false,"campfire_upgraded":1,"win_rate":0.0,"timestamp":1611786648,"path_taken":["M","$","?","M","?","E","R","M","T","R","M","M","R","M","R","BOSS","M","M","M"],"items_purchased_type":["Relic","Card"],"build_version":"2020-12-22","purchased_purges":0,"victory":false,"max_hp_per_floor":[70,70,75,75,75,75,75,75,75,75,75,75,75,75,75,75,75,75,75,75,75],"card_choices":[{"not_picked":["Bane","Deadly Poison"],"picked":"Poisoned Stab","floor":1},{"not_picked":["Quick Slash","Dagger Throw"],"picked":"Poisoned Stab","floor":4},{"not_picked":["Deflect","Choke"],"picked":"Unload","floor":6},{"not_picked":["Dagger Throw","Hidden Blade"],"picked":"Crippling Poison","floor":8},{"not_picked":["Crippling Poison","Backflip","Blade Dance"],"picked":"SKIP","floor":11},{"not_picked":["Eviscerate","Masterful Stab","Blade Dance"],"picked":"SKIP","floor":12},{"not_picked":["Noxious Fumes","Blade Dance"],"picked":"Toxin Wave","floor":14},{"not_picked":["Doppelganger","Tools of the Trade"],"picked":"After Image","floor":16},{"not_picked":["Poisoned Stab+1","Sneak Up"],"picked":"Deadly Poison+1","floor":18},{"not_picked":["Outmaneuver","Acrobatics"],"picked":"Backflip","floor":19}],"player_experience":194913,"relics_obtained":[{"floor":6,"key":"Replay:Accelerometer"},{"floor":9,"key":"reliquary:IridiumChain"}],"event_choices":[{"damage_healed":0,"gold_gain":0,"player_choice":"Donut","damage_taken":0,"max_hp_gain":5,"max_hp_loss":0,"event_name":"Big Fish","floor":3,"gold_loss":0},{"damage_healed":0,"gold_gain":0,"player_choice":"Entered Light","damage_taken":15,"max_hp_gain":0,"max_hp_loss":0,"event_name":"Shining Light","floor":5,"gold_loss":0,"cards_upgraded":["Strike_G","Poisoned Stab"]}],"is_beta":false,"boss_relics":[{"not_picked":["hubris:TerracottaHorce","ReplayTheSpireMod:DimensionalGlitch"],"picked":"halation:LoveArrow"}],"items_purged_floors":[],"is_endless":false,"potions_floor_spawned":[8,12],"killed_by":"3 Cultists","ascension_level":3}}