{"host":"agdto6ifbg57aw9m","time":1611784234,"event":{"mods":["2.2 Compatiblity","Aspiration","BaseMod","BetterRewards","Duelist Mod","Friendly Minions","GifTheSpireLib","Halation","Infinite Spire","Minty Spire (QoL Compilation)","Replay The Spire","Spikes Relics","StSLib","Stuff the Spire","The Spell Scribe"],"gold_per_floor":[137,155,169,187,68,68,96,96,96,127,146,156,156,174,174,278,278,295,307,317,328,344,377,377,394,394,426,426,426],"floor_reached":28,"language":"ENG","playtime":2568,"items_purged":[],"score":348,"play_id":"16bfbae5-0932-4e48-b550-4a42dfa3ad72","local_time":"20210127165034","is_ascension_mode":true,"campfire_choices":[{"data":"theDuelist:ConvulsionNature","floor":6,"key":"SMITH"},{"data":"Mayhem","floor":8,"key":"SMITH"},{"data":"theDuelist:NaturiaGaiastrio","floor":15,"key":"SMITH"},{"data":"theDuelist:NaturiaSacredTree","floor":24,"key":"SMITH"}],"circlet_count":0,"master_deck":["theDuelist:NaturiaBeast","theDuelist:NaturiaCliff","theDuelist:NaturiaRock","theDuelist:NaturiaTulip","theDuelist:Sparks","theDuelist:Sparks","theDuelist:Sparks","theDuelist:SummoningSwarm","Mayhem+1","theDuelist:SummoningSwarm+1","theDuelist:ConvulsionNature+1","theDuelist:NaturiaDragonfly","theDuelist:NaturiaHorneedle","theDuelist:WingedKuriboh","theDuelist:MudGolem","theDuelist:NaturiaGaiastrio+1","theDuelist:Mudora","theDuelist:NaturiaBarkion","theDuelist:NaturiaStagBeetle+1","theDuelist:WildNatureRelease+1","theDuelist:AfterGenocide+1","theDuelist:NaturiaHydrangea+1","theDuelist:Wiretap","theDuelist:NaturiaCosmobeet","theDuelist:NaturiaPumpkin+1","theDuelist:PotGenerosity","theDuelist:NaturiaSacredTree+1","theDuelist:PotGenerosity+1","theDuelist:MillenniumGolem"],"relics":["theDuelist:MillenniumPuzzle","theDuelist:CardPoolRelic","theDuelist:CardPoolBasicRelic","theDuelist:BoosterPackPoolRelic","theDuelist:CardPoolAddRelic","theDuelist:CardPoolMinusRelic","theDuelist:CardPoolSaveRelic","theDuelist:CardPoolOptionsRelic","Anchor","infinitespire:SolderingIron","TungstenRod","Astrolabe","Paper Crane","Red Mask"],"acts_visited":["Exordium","TheCity"],"potions_floor_usage":[],"damage_taken":[{"damage":0,"enemies":"Cultist","floor":1,"turns":4},{"damage":0,"enemies":"Small Slimes","floor":2,"turns":4},{"damage":0,"enemies":"Jaw Worm","floor":3,"turns":4},{"damage":6,"enemies":"2 Fungi Beasts","floor":4,"turns":4},{"damage":8,"enemies":"Gremlin Nob","floor":7,"turns":4},{"damage":7,"enemies":"Replay:BlueRogue","floor":10,"turns":6},{"damage":0,"enemies":"Lots of Slimes","floor":11,"turns":3},{"damage":0,"enemies":"3 Louse","floor":12,"turns":3},{"damage":0,"enemies":"Looter","floor":14,"turns":3},{"damage":0,"enemies":"Fading Forest","floor":16,"turns":11},{"damage":0,"enemies":"Chosen","floor":18,"turns":4},{"damage":0,"enemies":"3 Byrds","floor":19,"turns":3},{"damage":0,"enemies":"Cultist and Chosen","floor":20,"turns":5},{"damage":34,"enemies":"3 Cultists","floor":21,"turns":6},{"damage":21,"enemies":"Sentry and Sphere","floor":22,"turns":4},{"damage":0,"enemies":"Nightmare","floor":23,"turns":6},{"damage":0,"enemies":"Cultist and Chosen","floor":25,"turns":5},{"damage":19,"enemies":"Masked Bandits","floor":27,"turns":4},{"damage":27,"enemies":"Book of Stabbing","floor":28,"turns":3}],"seed_played":"-1832494716397056045","potions_obtained":[{"floor":3,"key":"EssenceOfSteel"},{"floor":7,"key":"theDuelist:OrbBottle"},{"floor":10,"key":"theDuelist:CoolBottle"}],"is_trial":false,"path_per_floor":["M","M","M","M","$","R","E","R","T","E","M","M","?","M","R","B",null,"M","M","M","M","M","NM","R","M","T","?","E"],"character_chosen":"THE_DUELIST","items_purchased":["theDuelist:ConvulsionNature","theDuelist:NaturiaDragonfly"],"campfire_rested":0,"item_purchase_floors":[5,5],"current_hp_per_floor":[88,94,94,88,88,88,80,80,80,73,73,73,73,73,73,73,94,94,94,94,60,39,39,39,39,39,20,0,0],"gold":426,"neow_bonus":"TEN_PERCENT_HP_BONUS","is_daily":false,"chose_seed":false,"campfire_upgraded":4,"win_rate":0.0,"timestamp":1611784234,"path_taken":["M","M","M","M","$","R","E","R","T","E","M","M","?","M","R","BOSS","M","M","M","M","M","NM","R","M","T","?","E"],"items_purchased_type":["Card","Card"],"build_version":"2020-12-22","purchased_purges":0,"victory":false,"max_hp_per_floor":[88,94,94,94,94,94,94,94,94,94,94,94,94,94,94,94,94,94,94,94,94,94,94,94,94,94,94,94,94],"card_choices":[{"not_picked":["theDuelist:Sangan","theDuelist:Cloning","theDuelist:GraniteLoyalist","theDuelist:ForbiddenChalice"],"picked":"theDuelist:DestructPotion","floor":1},{"not_picked":["theDuelist:NaturiaHydrangea","theDuelist:NaturiaRock","theDuelist:NaturiaMarron","theDuelist:NaturiaGuardian"],"picked":"theDuelist:SummoningSwarm","floor":2},{"not_picked":["Chrysalis","Swift Strike","The Bomb"],"picked":"Mayhem","floor":3},{"not_picked":["theDuelist:DestructPotion"],"picked":"theDuelist:SummoningSwarm","floor":4},{"not_picked":["theDuelist:NaturiaForest","theDuelist:DemiseLand","theDuelist:ClosedForest","theDuelist:Canyon"],"picked":"theDuelist:NaturiaHorneedle","floor":7},{"not_picked":["theDuelist:ForbiddenChalice","theDuelist:MillenniumGolem","theDuelist:AttackTheMoon","theDuelist:BigEye"],"picked":"theDuelist:WingedKuriboh","floor":10},{"not_picked":["theDuelist:Sangan","theDuelist:HammerShot","theDuelist:MillenniumGolem","theDuelist:WingedKuriboh"],"picked":"theDuelist:MudGolem","floor":11},{"not_picked":["theDuelist:NaturiaRock","theDuelist:CrystalRose","theDuelist:NaturiaLandoise","theDuelist:NaturiaCliff"],"picked":"theDuelist:NaturiaGaiastrio","floor":12},{"not_picked":["theDuelist:GraniteLoyalist","theDuelist:HammerShot","theDuelist:WingedKuriboh","theDuelist:AttackTheMoon"],"picked":"theDuelist:Mudora","floor":14},{"not_picked":["theDuelist:SeismicShockwave","theDuelist:NaturiaVein","theDuelist:HuntingInstinct","theDuelist:Wildfire"],"picked":"theDuelist:NaturiaBarkion","floor":16},{"not_picked":["theDuelist:SummoningSwarm+1","theDuelist:LonefireBlossom+1","theDuelist:FossilDig+1","theDuelist:NaturiaCliff"],"picked":"theDuelist:NaturiaHydrangea+1","floor":18},{"not_picked":["theDuelist:NaturiaHydrangea+1","theDuelist:NaturiaCliff","theDuelist:NaturiaMarron+1","theDuelist:FossilDig+1"],"picked":"theDuelist:Wiretap","floor":19},{"not_picked":["theDuelist:Pollinosis","theDuelist:NaturiaMarron","theDuelist:NaturiaLadybug","theDuelist:BarkionBark"],"picked":"theDuelist:NaturiaCosmobeet","floor":20},{"not_picked":["theDuelist:NaturiaHydrangea+1","theDuelist:NaturiaDragonfly+1","theDuelist:NaturiaBrambi","theDuelist:BrainCrusher"],"picked":"theDuelist:NaturiaPumpkin+1","floor":21},{"not_picked":["theDuelist:MudragonSwamp","theDuelist:GemArmadillo","theDuelist:Blockman","theDuelist:TheCreator+1"],"picked":"theDuelist:PotGenerosity","floor":22},{"not_picked":["theDuelist:ConvulsionNature","theDuelist:NaturiaLeodrake","theDuelist:LairWire","theDuelist:Canyon"],"picked":"theDuelist:NaturiaSacredTree","floor":23},{"not_picked":["theDuelist:DestructPotion","theDuelist:SummoningSwarm","theDuelist:DemiseLand","theDuelist:Wiretap"],"picked":"theDuelist:PotGenerosity+1","floor":25},{"not_picked":["theDuelist:Sangan","theDuelist:AttackTheMoon","theDuelist:GraniteLoyalist","theDuelist:HammerShot"],"picked":"theDuelist:MillenniumGolem","floor":27}],"player_experience":533085,"relics_obtained":[{"floor":7,"key":"Anchor"},{"floor":9,"key":"infinitespire:SolderingIron"},{"floor":10,"key":"TungstenRod"},{"floor":23,"key":"Paper Crane"},{"floor":27,"key":"Red Mask"}],"event_choices":[{"damage_healed":0,"gold_gain":0,"player_choice":"Upgraded","damage_taken":0,"max_hp_gain":0,"max_hp_loss":0,"event_name":"Upgrade Shrine","floor":13,"gold_loss":0,"cards_upgraded":["theDuelist:SummoningSwarm"]},{"damage_healed":0,"gold_gain":0,"player_choice":"Fought Bandits","damage_taken":0,"max_hp_gain":0,"max_hp_loss":0,"event_name":"Masked Bandits","floor":27,"gold_loss":0}],"is_beta":false,"boss_relics":[{"not_picked":["Replay:Drink Me","halation:Risk"],"picked":"Astrolabe"}],"items_purged_floors":[],"is_endless":false,"potions_floor_spawned":[3,7,10,12,16,19,20,22],"killed_by":"Book of Stabbing","ascension_level":1}}