{"host":"iphsb0ccnjx0pfn6","time":1611723032,"event":{"mods":["2.2 Compatiblity","AchievementEnabler","BaseMod","Colored Map","DeckTracker","Keyboard Shortcuts","Minty Spire (QoL Compilation)","Permanent Neow","Quick Restart","Relic Stats","StSLib","SuperFastMode","Uncapped","everything is the same but u backflip on backflip"],"gold_per_floor":[119,131,151,226,151,151,184,196,234,246,277,289,17,29,29,105,105,115,115,40,58,58,58,58,58],"floor_reached":24,"language":"KOR","playtime":650,"items_purged":["Strike_B"],"score":388,"play_id":"29f2f7e9-ad51-420d-a9fd-75afb3767c53","local_time":"20210127135032","is_ascension_mode":true,"campfire_choices":[{"floor":6,"key":"REST"},{"data":"Zap","floor":8,"key":"SMITH"},{"data":"Coolheaded","floor":10,"key":"SMITH"},{"data":"Thunder Strike","floor":12,"key":"SMITH"},{"floor":15,"key":"REST"},{"floor":23,"key":"REST"}],"circlet_count":0,"master_deck":["AscendersBane","Strike_B","Strike_B","Defend_B","Defend_B","Defend_B","Defend_B","Zap+1","Dualcast","Loop","Compile Driver","Conserve Battery","Coolheaded+1","Thunder Strike+1","Redo+1","Reboot+1","Turbo+1","Chaos+1"],"relics":["Cracked Core","MawBank","Omamori","Toxic Egg 2","Cursed Key"],"acts_visited":["Exordium","TheCity"],"potions_floor_usage":[7,11,16,21],"damage_taken":[{"damage":9,"enemies":"Jaw Worm","floor":1,"turns":4},{"damage":7,"enemies":"Small Slimes","floor":2,"turns":3},{"damage":14,"enemies":"2 Louse","floor":3,"turns":3},{"damage":15,"enemies":"Lagavulin","floor":7,"turns":7},{"damage":10,"enemies":"Exordium Wildlife","floor":11,"turns":3},{"damage":5,"enemies":"2 Fungi Beasts","floor":14,"turns":3},{"damage":37,"enemies":"The Guardian","floor":16,"turns":14},{"damage":43,"enemies":"3 Byrds","floor":18,"turns":6},{"damage":15,"enemies":"Shell Parasite","floor":21,"turns":5},{"damage":58,"enemies":"Cultist and Chosen","floor":24,"turns":5}],"seed_played":"7715549913871291026","potions_obtained":[{"floor":1,"key":"Weak Potion"},{"floor":3,"key":"Explosive Potion"},{"floor":7,"key":"Dexterity Potion"},{"floor":18,"key":"Regen Potion"}],"is_trial":false,"path_per_floor":["M","M","M","?","?","R","E","R","T","R","M","R","$","M","R","B",null,"M","?","$","M","?","R","M"],"character_chosen":"DEFECT","items_purchased":["Toxic Egg 2"],"campfire_rested":3,"item_purchase_floors":[13],"current_hp_per_floor":[51,44,30,19,19,44,29,29,29,29,19,19,19,14,39,2,64,21,21,21,20,20,45,0,0],"gold":58,"neow_bonus":"TWENTY_PERCENT_HP_BONUS","is_daily":false,"chose_seed":false,"campfire_upgraded":3,"win_rate":0.0,"timestamp":1611723032,"path_taken":["M","M","M","?","?","R","E","R","T","R","M","R","$","M","R","BOSS","M","?","$","M","?","R","M"],"items_purchased_type":["Relic"],"build_version":"2020-12-22","purchased_purges":1,"victory":false,"max_hp_per_floor":[85,85,85,85,85,85,85,85,85,85,85,85,85,85,85,85,85,85,85,85,85,85,85,85,85],"relic_stats":{"counters":[10,53],"MawBank":72,"Cursed Key":0,"obtain_stats":[{"Omamori":9,"Toxic Egg 2":13,"Cracked Core":0,"MawBank":7,"Cursed Key":17},{"Omamori":4,"Toxic Egg 2":5,"Cracked Core":0,"MawBank":4,"Cursed Key":7},{"Omamori":17,"Toxic Egg 2":20,"Cracked Core":0,"MawBank":17,"Cursed Key":37}]},"card_choices":[{"not_picked":["Capacitor","Steam Power"],"picked":"Loop","floor":1},{"not_picked":["Hello World","Blizzard"],"picked":"Compile Driver","floor":2},{"not_picked":["Barrage","Coolheaded"],"picked":"Conserve Battery","floor":3},{"not_picked":["BootSequence","Rebound"],"picked":"Coolheaded","floor":7},{"not_picked":["Cold Snap","Beam Cell"],"picked":"Thunder Strike","floor":11},{"not_picked":["Beam Cell","Rebound"],"picked":"Redo+1","floor":14},{"not_picked":["Buffer","Amplify+1"],"picked":"Reboot+1","floor":16},{"not_picked":["Force Field+1","Steam Power+1"],"picked":"Turbo+1","floor":18},{"not_picked":["Cold Snap","Go for the Eyes"],"picked":"Chaos+1","floor":21}],"player_experience":1284555,"relics_obtained":[{"floor":7,"key":"MawBank"},{"floor":9,"key":"Omamori"}],"event_choices":[{"damage_healed":0,"gold_gain":75,"player_choice":"Gather Gold","damage_taken":11,"max_hp_gain":0,"max_hp_loss":0,"event_name":"World of Goop","floor":4,"gold_loss":0},{"cards_removed":["Strike_B"],"damage_healed":0,"gold_gain":0,"player_choice":"Card Removal","damage_taken":0,"max_hp_gain":0,"max_hp_loss":0,"event_name":"The Cleric","floor":5,"gold_loss":75},{"damage_healed":0,"gold_gain":0,"player_choice":"Ignored","damage_taken":0,"max_hp_gain":0,"max_hp_loss":0,"event_name":"The Mausoleum","floor":19,"gold_loss":0}],"is_beta":false,"boss_relics":[{"not_picked":["Snecko Eye","SacredBark"],"picked":"Cursed Key"}],"items_purged_floors":[20],"is_endless":false,"potions_floor_spawned":[1,3,7,18],"killed_by":"Cultist and Chosen","ascension_level":20}}