{"host":"5zotnur7vyqtklfj","time":1611707867,"event":{"mods":["AchievementEnabler","BaseMod","Block Reminder","Colored Map","Colored Powertips","Downfall","Hubris","Infinite Spire","Jorbs\u0027s Wanderer Trilogy","Minty Spire (QoL Compilation)","Replay The Spire","StSLib"],"gold_per_floor":[99,117,128,128,145,145,145,145,160,216,216,102,102,102,115,217,217,217,235,250,135,154,154,205,235,255,270,170,185,202,202,214,214,214,214],"floor_reached":33,"language":"ENG","playtime":6098,"items_purged":["hexamod:Strike","hexamod:Strike"],"score":261,"play_id":"3d743ac8-9cd4-4829-8dc0-8c1f728ec05c","local_time":"20210126193747","is_ascension_mode":false,"campfire_choices":[{"data":"hexamod:Float","floor":1,"key":"SMITH"},{"data":"hexamod:Sear","floor":6,"key":"SMITH"},{"data":"hexamod:ChargedBarrage","floor":8,"key":"SMITH"},{"data":"hexamod:EmpoweredFlame","floor":11,"key":"SMITH"},{"data":"hexamod:ShieldOfDarkness","floor":13,"key":"SMITH"},{"data":"hexamod:Defend","floor":28,"key":"SMITH"}],"circlet_count":0,"master_deck":["hexamod:Strike","hexamod:Strike","hexamod:Defend","hexamod:Defend","hexamod:Defend+1","hexamod:Defend+1","hexamod:Sear+1","hexamod:Float+1","hexamod:ChargedBarrage+1","hexamod:FastForward","hexamod:SpectersWail","hexamod:EmpoweredFlame+1","hexamod:GhostOfSpireFuture","hexamod:ShieldOfDarkness+1","hexamod:GhostOfSpirePast","hexamod:TimeWarp+1","hexamod:ThermalTransfer+1","hexamod:ThermalTransfer+1","hexamod:Hexaguard+1","hexamod:Rewind+1","hexamod:ShieldOfDarkness","hexamod:AdvancingGuard","hexamod:FastForward","hexamod:SoulSteal+1","hexamod:CatchUp+1"],"relics":["hexamod:SpiritBrand","Replay:Bottled Flurry","Pen Nib","ReplayTheSpireMod:Lightbulb","Sozu","Lantern","hubris:Teleporter","downfall:HeartBlessingGreen"],"acts_visited":["Exordium","TheCity"],"potions_floor_usage":[10,10,25],"damage_taken":[{"damage":0,"enemies":"Cultist","floor":2,"turns":4},{"damage":0,"enemies":"Small Slimes","floor":3,"turns":3},{"damage":0,"enemies":"Jaw Worm","floor":5,"turns":3},{"damage":16,"enemies":"Lots of Slimes","floor":9,"turns":5},{"damage":0,"enemies":"Gremlin Nob","floor":10,"turns":3},{"damage":0,"enemies":"downfall:FleeingMerchant","floor":12,"turns":4},{"damage":4,"enemies":"Large Slime","floor":15,"turns":6},{"damage":9,"enemies":"DF_ARCHETYPE_STREAMLINE","floor":16,"turns":13},{"damage":2,"enemies":"Shell Parasite","floor":19,"turns":3},{"damage":3,"enemies":"3 Byrds","floor":20,"turns":4},{"damage":5,"enemies":"downfall:FleeingMerchant","floor":21,"turns":4},{"damage":0,"enemies":"Centurion and Healer","floor":22,"turns":5},{"damage":16,"enemies":"Replay:Snechameleon","floor":25,"turns":9},{"damage":0,"enemies":"Snake Plant","floor":26,"turns":3},{"damage":0,"enemies":"Cultist and Chosen","floor":27,"turns":6},{"damage":0,"enemies":"Centurion and Healer","floor":29,"turns":6},{"damage":26,"enemies":"Snecko","floor":30,"turns":7},{"damage":4,"enemies":"Snake Plant","floor":32,"turns":3},{"damage":24,"enemies":"WA_ARCHETYPE_CALM","floor":33,"turns":8}],"seed_played":"-6279672085072134806","potions_obtained":[{"floor":2,"key":"Strength Potion"},{"floor":9,"key":"Venom Potion"},{"floor":16,"key":"Block Potion"}],"is_trial":false,"path_per_floor":["R","M","M","?","M","R","T","R","M","?","R","$","R","T","M","B",null,"R_BF","M","M","$","M","?","T","E","M","M","R","M","M","?","M","B"],"character_chosen":"THE_SPIRIT","items_purchased":["hexamod:ShieldOfDarkness"],"campfire_rested":0,"item_purchase_floors":[12],"current_hp_per_floor":[77,77,77,77,77,77,77,77,61,61,61,61,61,61,57,48,77,77,75,72,67,67,67,67,51,51,51,51,51,25,25,21,0,0,0],"gold":214,"neow_bonus":"TEN_PERCENT_HP_BONUS","is_daily":false,"chose_seed":false,"campfire_upgraded":6,"win_rate":0.0,"timestamp":1611707867,"path_taken":["R","M","M","?","M","R","T","R","?","?","R","$","R","?","M","BOSS","R_BF","M","M","?","M","?","T","E","M","M","R","M","?","?","M","BOSS"],"items_purchased_type":["Card"],"build_version":"2020-12-22","purchased_purges":2,"victory":false,"max_hp_per_floor":[77,77,77,77,77,77,77,77,77,77,77,77,77,77,77,77,77,77,77,77,77,77,77,77,77,77,77,77,77,77,77,77,77,77,77],"card_choices":[{"not_picked":["hexamod:HauntingEcho","hexamod:InspiringFlames"],"picked":"hexamod:ChargedBarrage","floor":2},{"not_picked":["hexamod:BurningTouch","hexamod:FourthSeal"],"picked":"hexamod:FastForward","floor":3},{"not_picked":["hexamod:EtherealExpedition","hexamod:GhostflameBarrier"],"picked":"hexamod:SpectersWail","floor":5},{"not_picked":["hexamod:HeatCrush","hexamod:PhantomCloak"],"picked":"hexamod:EmpoweredFlame","floor":9},{"not_picked":["hexamod:HauntingEcho","hexamod:ThirdSeal"],"picked":"hexamod:GhostOfSpireFuture","floor":12},{"not_picked":["hexamod:GhostLash","hexamod:GhostflameBarrier"],"picked":"hexamod:GhostOfSpirePast","floor":15},{"not_picked":["hexamod:GhostOfSpirePresent","hexamod:GhostflameInferno"],"picked":"hexamod:TimeWarp","floor":16},{"not_picked":["hexamod:SwordOfDarkness","hexamod:AdvancingGuard"],"picked":"hexamod:ThermalTransfer+1","floor":19},{"not_picked":["hexamod:FirstSeal","hexamod:NecessarySacrifice"],"picked":"hexamod:ThermalTransfer+1","floor":20},{"not_picked":["hexamod:HeatMetal+1","hexamod:NightmareStrike+1"],"picked":"hexamod:Hexaguard+1","floor":21},{"not_picked":["hexamod:SwordOfDarkness","hexamod:UnlimitedPower"],"picked":"hexamod:Rewind","floor":22},{"not_picked":["hexamod:SearingWound","hexamod:Again+1"],"picked":"hexamod:ShieldOfDarkness","floor":25},{"not_picked":["hexamod:HauntingEcho","hexamod:StepThrough"],"picked":"hexamod:AdvancingGuard","floor":26},{"not_picked":["hexamod:GhostflameBarrier","hexamod:SwordOfDarkness+1"],"picked":"hexamod:FastForward","floor":27},{"not_picked":["hexamod:HauntingEcho","hexamod:NightmareStrike","hexamod:DynamicBlow"],"picked":"SKIP","floor":29},{"not_picked":["hexamod:NightmareGuise","hexamod:Firestarter"],"picked":"hexamod:SoulSteal+1","floor":30},{"not_picked":["hexamod:BurningTouch","hexamod:Firestarter"],"picked":"hexamod:CatchUp+1","floor":32}],"player_experience":434265,"relics_obtained":[{"floor":7,"key":"Replay:Bottled Flurry"},{"floor":10,"key":"Pen Nib"},{"floor":14,"key":"ReplayTheSpireMod:Lightbulb"},{"floor":24,"key":"Lantern"},{"floor":25,"key":"hubris:Teleporter"}],"event_choices":[],"is_beta":false,"boss_relics":[{"not_picked":["Cursed Key","Replay:Bronze Core"],"picked":"Sozu"}],"items_purged_floors":[12,21],"is_endless":false,"potions_floor_spawned":[2,9,16,19,22,26,29,30],"killed_by":"WA_ARCHETYPE_CALM","ascension_level":0}}