{"host":"l5zfpd2l2htson6l","time":1611717994,"event":{"mods":["AchievementEnabler","BaseMod","Colored Map","Colored Powertips","Minty Spire (QoL Compilation)","Permanent Neow","Quick Restart","Rare Cards Sparkle","Relic Stats","SuperFastMode"],"gold_per_floor":[109,124,139,139,152,186,186,216,216,244,244,263,263,279,279,376,376,396,414,425,443,443,443,474,474,527,527,559,126,139,149,149,149,149],"floor_reached":33,"language":"ENG","playtime":2322,"items_purged":["Strike_R"],"score":433,"play_id":"744803c8-bc65-4d09-8b1e-96eea68f5566","local_time":"20210126192634","is_ascension_mode":true,"campfire_choices":[{"data":"Perfected Strike","floor":7.0,"key":"SMITH"},{"data":"1","floor":11.0,"key":"LIFT"},{"data":"2","floor":13.0,"key":"LIFT"},{"floor":15.0,"key":"REST"},{"data":"3","floor":23.0,"key":"LIFT"},{"data":"Immolate","floor":25.0,"key":"SMITH"},{"floor":27.0,"key":"REST"},{"floor":32.0,"key":"REST"}],"circlet_count":0,"master_deck":["Strike_R","Strike_R","Strike_R","Strike_R+1","Defend_R+1","Defend_R","Defend_R+1","Defend_R","Bash+1","Perfected Strike+1","Cleave","Immolate+1","Battle Trance","Warcry","Metallicize","Hemokinesis","Limit Break","Clothesline","Metallicize","Corruption","Shrug It Off","Headbutt","Disarm"],"relics":["Burning Blood","Bottled Lightning","Girya","Ice Cream","Prayer Wheel","Busted Crown","Nloth\u0027s Gift","TungstenRod","Whetstone","Thread and Needle","Ginger"],"acts_visited":["Exordium","TheCity"],"potions_floor_usage":[33],"damage_taken":[{"damage":3.0,"enemies":"2 Louse","floor":1.0,"turns":3.0},{"damage":0.0,"enemies":"Cultist","floor":2.0,"turns":2.0},{"damage":5.0,"enemies":"Small Slimes","floor":3.0,"turns":3.0},{"damage":0.0,"enemies":"2 Fungi Beasts","floor":5.0,"turns":2.0},{"damage":40.0,"enemies":"Lagavulin","floor":6.0,"turns":5.0},{"damage":8.0,"enemies":"3 Sentries","floor":8.0,"turns":4.0},{"damage":16.0,"enemies":"Gremlin Nob","floor":10.0,"turns":3.0},{"damage":6.0,"enemies":"Looter","floor":12.0,"turns":3.0},{"damage":16.0,"enemies":"Gremlin Gang","floor":14.0,"turns":3.0},{"damage":35.0,"enemies":"The Guardian","floor":16.0,"turns":8.0},{"damage":14.0,"enemies":"2 Thieves","floor":18.0,"turns":4.0},{"damage":27.0,"enemies":"3 Byrds","floor":19.0,"turns":4.0},{"damage":30.0,"enemies":"Snake Plant","floor":20.0,"turns":3.0},{"damage":7.0,"enemies":"3 Cultists","floor":21.0,"turns":4.0},{"damage":39.0,"enemies":"Slavers","floor":24.0,"turns":5.0},{"damage":13.0,"enemies":"Gremlin Leader","floor":28.0,"turns":4.0},{"damage":2.0,"enemies":"Centurion and Healer","floor":30.0,"turns":6.0},{"damage":11.0,"enemies":"Snake Plant","floor":31.0,"turns":4.0},{"damage":80,"enemies":"Collector","floor":33,"turns":6}],"seed_played":"1854140065016565879","potions_obtained":[{"floor":0.0,"key":"BloodPotion"},{"floor":0.0,"key":"Energy Potion"},{"floor":0.0,"key":"SteroidPotion"},{"floor":10.0,"key":"FairyPotion"},{"floor":12.0,"key":"ColorlessPotion"},{"floor":16.0,"key":"CultistPotion"},{"floor":20.0,"key":"LiquidBronze"},{"floor":21.0,"key":"Weak Potion"},{"floor":28.0,"key":"SteroidPotion"},{"floor":30.0,"key":"Ancient Potion"}],"is_trial":false,"path_per_floor":["M","M","M","?","M","E","R","E","T","E","R","M","R","M","R","B",null,"M","M","M","M","?","R","E","R","T","R","E","$","M","M","R","B"],"character_chosen":"IRONCLAD","items_purchased":["Ginger","Shrug It Off"],"campfire_rested":3,"item_purchase_floors":[29,29],"current_hp_per_floor":[75,80,80,80,80,46,46,44,44,34,34,34,34,24,48,19,65,57,36,12,11,11,11,8,8,8,32,25,25,29,24,48,0,0],"gold":149,"neow_bonus":"THREE_SMALL_POTIONS","is_daily":false,"chose_seed":false,"campfire_upgraded":2,"win_rate":0.0,"timestamp":1611717994,"path_taken":["M","M","M","?","M","E","R","E","T","E","R","M","R","?","R","BOSS","M","M","M","M","?","R","E","R","T","R","E","$","?","M","R","BOSS"],"items_purchased_type":["Relic","Card"],"build_version":"2020-12-22","purchased_purges":1,"victory":false,"max_hp_per_floor":[80,80,80,80,80,80,80,80,80,80,80,80,80,80,80,80,80,80,80,80,80,80,80,80,80,80,80,80,80,80,80,80,80,80],"relic_stats":{"Busted Crown":28,"counters":[19,76],"Prayer Wheel":9,"Nloth\u0027s Gift":0,"Whetstone":["Bash","Strike_R"],"Ginger":[5],"obtain_stats":[{"Ice Cream":9,"Girya":8,"Busted Crown":17,"Prayer Wheel":10,"Thread and Needle":28,"Nloth\u0027s Gift":22,"Bottled Lightning":6,"Whetstone":26,"Ginger":29,"War Paint":4,"Burning Blood":0,"TungstenRod":24},{"Ice Cream":6,"Girya":6,"Busted Crown":10,"Prayer Wheel":7,"Thread and Needle":16,"Nloth\u0027s Gift":14,"Bottled Lightning":5,"Whetstone":15,"Ginger":16,"War Paint":3,"Burning Blood":0,"TungstenRod":15},{"Ice Cream":19,"Girya":19,"Busted Crown":36,"Prayer Wheel":22,"Thread and Needle":60,"Nloth\u0027s Gift":51,"Bottled Lightning":15,"Whetstone":56,"Ginger":60,"War Paint":8,"Burning Blood":0,"TungstenRod":56}],"Burning Blood":100,"TungstenRod":20},"card_choices":[{"not_picked":["Havoc","Dual Wield"],"picked":"Perfected Strike","floor":1.0},{"not_picked":["Pommel Strike","Armaments"],"picked":"Cleave","floor":2.0},{"not_picked":["Flame Barrier","Clothesline"],"picked":"Immolate","floor":3.0},{"not_picked":["Shrug It Off","Thunderclap"],"picked":"Battle Trance","floor":5.0},{"not_picked":["Perfected Strike","Pommel Strike","Bludgeon"],"picked":"SKIP","floor":6.0},{"not_picked":["Iron Wave","Thunderclap"],"picked":"Warcry","floor":8.0},{"not_picked":["Combust","Sentinel"],"picked":"Metallicize","floor":10.0},{"not_picked":["Burning Pact","Flex"],"picked":"Hemokinesis","floor":12.0},{"not_picked":["Headbutt","Anger","Thunderclap"],"picked":"SKIP","floor":12.0},{"not_picked":["Headbutt","Combust","Wild Strike"],"picked":"SKIP","floor":14.0},{"not_picked":["Heavy Blade","Burning Pact","Dropkick"],"picked":"SKIP","floor":14.0},{"not_picked":["Juggernaut","Double Tap"],"picked":"Limit Break","floor":16.0},{"not_picked":["Fire Breathing"],"picked":"SKIP","floor":18.0},{"not_picked":["Pommel Strike"],"picked":"SKIP","floor":18.0},{"not_picked":[],"picked":"Clothesline","floor":19.0},{"not_picked":["Cleave"],"picked":"SKIP","floor":19.0},{"not_picked":[],"picked":"Metallicize","floor":20.0},{"not_picked":["Clothesline"],"picked":"SKIP","floor":20.0},{"not_picked":[],"picked":"Corruption","floor":21.0},{"not_picked":["Pommel Strike"],"picked":"SKIP","floor":21.0},{"not_picked":["Warcry"],"picked":"SKIP","floor":24.0},{"not_picked":["Anger"],"picked":"SKIP","floor":28.0},{"not_picked":[],"picked":"Headbutt","floor":30.0},{"not_picked":["Cleave"],"picked":"SKIP","floor":30.0},{"not_picked":[],"picked":"Disarm","floor":31.0},{"not_picked":["Thunderclap"],"picked":"SKIP","floor":31.0}],"player_experience":718410,"relics_obtained":[{"floor":6.0,"key":"Bottled Lightning"},{"floor":8.0,"key":"Girya"},{"floor":9.0,"key":"Ice Cream"},{"floor":10.0,"key":"Prayer Wheel"},{"floor":24.0,"key":"TungstenRod"},{"floor":26.0,"key":"Whetstone"},{"floor":28.0,"key":"Thread and Needle"}],"event_choices":[{"damage_healed":0.0,"max_hp_gain":0.0,"max_hp_loss":0.0,"gold_gain":0.0,"event_name":"WeMeetAgain","player_choice":"Gave Potion","floor":4.0,"gold_loss":0.0,"damage_taken":0.0,"relics_obtained":["War Paint"]},{"damage_healed":0.0,"max_hp_gain":0.0,"max_hp_loss":0.0,"gold_gain":0.0,"event_name":"N\u0027loth","player_choice":"Traded Relic","floor":22.0,"relics_lost":["War Paint"],"gold_loss":0.0,"damage_taken":0.0,"relics_obtained":["Nloth\u0027s Gift"]}],"is_beta":false,"boss_relics":[{"not_picked":["Astrolabe","SlaversCollar"],"picked":"Busted Crown"}],"items_purged_floors":[29],"is_endless":false,"potions_floor_spawned":[2,10,12,16,20,21,28,30],"killed_by":"Collector","ascension_level":8}}