{"host":"x8sop9v6zw8yitbt","time":1611789543,"event":{"mods":["BaseMod","Best Route Mod","Block Reminder","Colored Powertips","Dark Map","DeckTracker","Minty Spire (QoL Compilation)","Permanent Neow","Quick Restart","Relic Stats","Slay-I","StSLib"],"gold_per_floor":[116,48,59,59,75,75,109,120,144,164,197,216,216,241,241,350,350,338,338,158,178,194,232,256,290,290,324,336,382,416,440,452,567,579,608,620,656,362,362,392,392,436,436,462,477,477,220,236,236,236],"floor_reached":51,"language":"ENG","playtime":1949,"items_purged":["Strike_G","Strike_G+1"],"score":1085,"play_id":"d1c5661f-1416-4996-9200-efe6bc933d55","local_time":"20210127181903","is_ascension_mode":true,"campfire_choices":[{"data":"Noxious Fumes","floor":6,"key":"SMITH"},{"data":"Deadly Poison","floor":13,"key":"SMITH"},{"data":"Neutralize","floor":15,"key":"SMITH"},{"data":"Bouncing Flask","floor":28,"key":"SMITH"},{"floor":32,"key":"REST"},{"floor":49,"key":"REST"}],"circlet_count":0,"master_deck":["Strike_G+1","Strike_G+1","Defend_G+1","Defend_G+1","Defend_G+1","Defend_G+1","Survivor+1","Neutralize+1","Leg Sweep+1","Noxious Fumes+1","Footwork+1","Deadly Poison+1","Footwork+1","Malaise+1","Well Laid Plans+1","Deadly Poison+1","Crippling Poison+1","Bouncing Flask+1","Dodge and Roll+1","Backstab+1","Footwork+1","PiercingWail+1"],"relics":["Ring of the Snake","Akabeko","CeramicFish","Bronze Scales","Pen Nib","PreservedInsect","Philosopher\u0027s Stone","Snake Skull","Omamori","Mummified Hand","MawBank","Dream Catcher","Empty Cage","Darkstone Periapt","Lantern","ClockworkSouvenir","Mark of the Bloom","Incense Burner","Calipers","Blood Vial","InkBottle","Bag of Marbles"],"acts_visited":["Exordium","TheCity","TheBeyond"],"potions_floor_usage":[25,33,40,42,50,50,50],"damage_taken":[{"damage":0,"enemies":"Cultist","floor":1,"turns":3},{"damage":0,"enemies":"2 Louse","floor":3,"turns":2},{"damage":0,"enemies":"Jaw Worm","floor":5,"turns":5},{"damage":1,"enemies":"Lagavulin","floor":7,"turns":10},{"damage":0,"enemies":"Exordium Wildlife","floor":8,"turns":4},{"damage":0,"enemies":"3 Louse","floor":10,"turns":4},{"damage":25,"enemies":"Gremlin Nob","floor":11,"turns":6},{"damage":8,"enemies":"Lots of Slimes","floor":12,"turns":4},{"damage":12,"enemies":"3 Sentries","floor":14,"turns":7},{"damage":15,"enemies":"Hexaghost","floor":16,"turns":9},{"damage":2,"enemies":"2 Thieves","floor":18,"turns":4},{"damage":0,"enemies":"Shell Parasite","floor":21,"turns":4},{"damage":8,"enemies":"Centurion and Healer","floor":22,"turns":5},{"damage":0,"enemies":"Book of Stabbing","floor":23,"turns":5},{"damage":5,"enemies":"Snecko","floor":24,"turns":5},{"damage":14,"enemies":"Slavers","floor":25,"turns":4},{"damage":0,"enemies":"Gremlin Leader","floor":27,"turns":5},{"damage":0,"enemies":"Book of Stabbing","floor":29,"turns":5},{"damage":8,"enemies":"Sentry and Sphere","floor":30,"turns":3},{"damage":8,"enemies":"Shelled Parasite and Fungi","floor":31,"turns":5},{"damage":21,"enemies":"Collector","floor":33,"turns":7},{"damage":9,"enemies":"Orb Walker","floor":35,"turns":3},{"damage":0,"enemies":"3 Shapes","floor":37,"turns":3},{"damage":18,"enemies":"Reptomancer","floor":40,"turns":5},{"damage":0,"enemies":"Nemesis","floor":42,"turns":5},{"damage":0,"enemies":"Giant Head","floor":44,"turns":8},{"damage":0,"enemies":"Transient","floor":45,"turns":5},{"damage":0,"enemies":"Sphere and 2 Shapes","floor":48,"turns":4},{"damage":0,"enemies":"Donu and Deca","floor":50,"turns":8}],"seed_played":"-1339353141613811037","potions_obtained":[{"floor":1,"key":"SpeedPotion"},{"floor":4,"key":"LiquidMemories"},{"floor":4,"key":"SteroidPotion"},{"floor":10,"key":"Energy Potion"},{"floor":12,"key":"Poison Potion"},{"floor":25,"key":"BlessingOfTheForge"},{"floor":37,"key":"FearPotion"},{"floor":40,"key":"Swift Potion"},{"floor":45,"key":"SteroidPotion"}],"is_trial":false,"path_per_floor":["M","$","M","?","M","R","E","M","T","M","E","M","R","E","R","B",null,"M","?","$","M","M","E","M","E","T","E","R","E","M","M","R","B",null,"M","T","M","$","?","E","$","E","T","E","M","?","$","M","R","B",null],"character_chosen":"THE_SILENT","items_purchased":["Noxious Fumes","Well Laid Plans","Deadly Poison","Lantern","ClockworkSouvenir","Bag of Marbles"],"campfire_rested":2,"item_purchase_floors":[2,20,20,38,38,47],"current_hp_per_floor":[70,70,70,70,70,70,69,69,69,69,44,36,36,24,24,9,70,68,68,68,68,60,60,55,41,41,41,41,41,33,25,46,25,70,61,61,61,61,61,43,43,43,43,43,43,43,43,43,43,43],"gold":236,"neow_bonus":"RANDOM_COMMON_RELIC","is_daily":false,"chose_seed":false,"campfire_upgraded":4,"win_rate":0.0,"timestamp":1611789543,"path_taken":["M","$","M","?","M","R","E","M","T","?","E","M","R","E","R","BOSS","M","?","$","M","?","E","?","E","T","E","R","E","M","M","R","BOSS","M","?","M","$","?","E","?","E","T","E","?","?","$","M","R","BOSS"],"items_purchased_type":["Card","Card","Card","Relic","Relic","Relic"],"build_version":"2020-12-22","purchased_purges":2,"victory":true,"max_hp_per_floor":[70,70,70,70,70,70,70,70,70,70,70,70,70,70,70,70,70,70,70,70,70,70,70,70,70,70,70,70,70,70,70,70,70,70,70,70,70,70,70,70,70,70,70,70,70,70,70,70,70,70],"relic_stats":{"Darkstone Periapt":0,"Mark of the Bloom":29,"counters":[29,147],"CeramicFish":99,"Pen Nib":[10],"PreservedInsect":394,"Snake Skull":[157],"MawBank":132,"Blood Vial":0,"Dream Catcher":2,"Mummified Hand":[47],"Bronze Scales":[403],"obtain_stats":[{"Darkstone Periapt":36,"Lantern":38,"Mark of the Bloom":39,"Calipers":42,"CeramicFish":7,"Pen Nib":11,"PreservedInsect":14,"Snake Skull":23,"Omamori":25,"Incense Burner":40,"MawBank":27,"Empty Cage":34,"Akabeko":0,"ClockworkSouvenir":38,"Blood Vial":43,"Dream Catcher":29,"Mummified Hand":26,"Bronze Scales":9,"Philosopher\u0027s Stone":17,"Bag of Marbles":47,"InkBottle":44,"Ring of the Snake":0},{"Darkstone Periapt":22,"Lantern":23,"Mark of the Bloom":23,"Calipers":25,"CeramicFish":4,"Pen Nib":7,"PreservedInsect":9,"Snake Skull":14,"Omamori":16,"Incense Burner":24,"MawBank":17,"Empty Cage":21,"Akabeko":0,"ClockworkSouvenir":23,"Blood Vial":25,"Dream Catcher":18,"Mummified Hand":16,"Bronze Scales":5,"Philosopher\u0027s Stone":10,"Bag of Marbles":27,"InkBottle":26,"Ring of the Snake":0},{"Darkstone Periapt":109,"Lantern":112,"Mark of the Bloom":112,"Calipers":122,"CeramicFish":20,"Pen Nib":34,"PreservedInsect":45,"Snake Skull":72,"Omamori":81,"Incense Burner":117,"MawBank":86,"Empty Cage":106,"Akabeko":0,"ClockworkSouvenir":112,"Blood Vial":122,"Dream Catcher":91,"Mummified Hand":81,"Bronze Scales":24,"Philosopher\u0027s Stone":54,"Bag of Marbles":135,"InkBottle":130,"Ring of the Snake":0}],"InkBottle":[6],"Ring of the Snake":[58]},"card_choices":[{"not_picked":["Endless Agony","Prepared"],"picked":"Leg Sweep","floor":1},{"not_picked":["Concentrate","Bouncing Flask"],"picked":"Footwork","floor":3},{"not_picked":["Cloak And Dagger","Terror","Dagger Spray"],"picked":"SKIP","floor":5},{"not_picked":["Poisoned Stab","Slice","All Out Attack"],"picked":"SKIP","floor":7},{"not_picked":["Expertise","Sucker Punch","Masterful Stab"],"picked":"SKIP","floor":8},{"not_picked":["Cloak And Dagger","Reflex"],"picked":"Deadly Poison","floor":10},{"not_picked":["PiercingWail","Venomology","Well Laid Plans"],"picked":"SKIP","floor":11},{"not_picked":["Eviscerate","Flechettes"],"picked":"Footwork","floor":12},{"not_picked":["All Out Attack","Dagger Throw","Acrobatics"],"picked":"SKIP","floor":14},{"not_picked":["Glass Knife","Die Die Die"],"picked":"Malaise","floor":16},{"not_picked":["Prepared","Slice+1","Cloak And Dagger"],"picked":"SKIP","floor":18},{"not_picked":["Dagger Spray+1","Dagger Throw"],"picked":"Crippling Poison+1","floor":21},{"not_picked":["Cloak And Dagger","Prepared+1","Deadly Poison"],"picked":"SKIP","floor":22},{"not_picked":["Deadly Poison","Calculated Gamble"],"picked":"Bouncing Flask","floor":23},{"not_picked":["PiercingWail+1","Quick Slash+1"],"picked":"Dodge and Roll","floor":24},{"not_picked":["Underhanded Strike","Deflect","Distraction"],"picked":"SKIP","floor":25},{"not_picked":["Slice","Deflect","Tactician"],"picked":"SKIP","floor":27},{"not_picked":["Bullet Time","Dagger Spray","Poisoned Stab"],"picked":"SKIP","floor":29},{"not_picked":["Deadly Poison+1","Calculated Gamble+1"],"picked":"Backstab","floor":30},{"not_picked":["Predator","Dagger Throw+1","Doppelganger"],"picked":"SKIP","floor":31},{"not_picked":["Blade Dance","Cloak And Dagger+1","Deflect"],"picked":"SKIP","floor":35},{"not_picked":["Blade Dance+1","Prepared"],"picked":"Footwork+1","floor":37},{"not_picked":["Predator","Outmaneuver+1","Terror+1"],"picked":"SKIP","floor":40},{"not_picked":["All Out Attack+1","Flechettes"],"picked":"PiercingWail+1","floor":42},{"not_picked":["Deflect+1","Calculated Gamble","Finisher"],"picked":"SKIP","floor":44},{"not_picked":["Blade Dance","Crippling Poison","Distraction"],"picked":"SKIP","floor":45},{"not_picked":["Deadly Poison+1","Masterful Stab+1","Leg Sweep"],"picked":"SKIP","floor":48}],"player_experience":859689,"relics_obtained":[{"floor":7,"key":"CeramicFish"},{"floor":9,"key":"Bronze Scales"},{"floor":11,"key":"Pen Nib"},{"floor":14,"key":"PreservedInsect"},{"floor":23,"key":"Snake Skull"},{"floor":25,"key":"Omamori"},{"floor":26,"key":"Mummified Hand"},{"floor":27,"key":"MawBank"},{"floor":29,"key":"Dream Catcher"},{"floor":36,"key":"Darkstone Periapt"},{"floor":40,"key":"Incense Burner"},{"floor":42,"key":"Calipers"},{"floor":43,"key":"Blood Vial"},{"floor":44,"key":"InkBottle"}],"event_choices":[{"damage_healed":0,"gold_gain":0,"player_choice":"Got Potions","damage_taken":0,"max_hp_gain":0,"max_hp_loss":0,"event_name":"Lab","floor":4,"gold_loss":0},{"damage_healed":0,"gold_gain":0,"player_choice":"Bought 0 Potions","damage_taken":0,"max_hp_gain":0,"max_hp_loss":0,"event_name":"The Woman in Blue","floor":19,"gold_loss":0},{"damage_healed":0,"gold_gain":0,"player_choice":"Upgrade","damage_taken":0,"relics_obtained":["Mark of the Bloom"],"max_hp_gain":0,"max_hp_loss":0,"event_name":"MindBloom","floor":39,"gold_loss":0,"cards_upgraded":["Strike_G","Strike_G","Strike_G","Defend_G","Defend_G","Defend_G","Defend_G","Survivor","Leg Sweep","Footwork","Footwork","Malaise","Well Laid Plans","Deadly Poison","Dodge and Roll","Backstab"]},{"damage_healed":0,"gold_gain":0,"player_choice":"Ignored","damage_taken":0,"max_hp_gain":0,"max_hp_loss":0,"event_name":"Tomb of Lord Red Mask","floor":46,"gold_loss":0}],"is_beta":false,"boss_relics":[{"not_picked":["HoveringKite","Ectoplasm"],"picked":"Philosopher\u0027s Stone"},{"not_picked":["Busted Crown","SlaversCollar"],"picked":"Empty Cage"}],"items_purged_floors":[20,47],"is_endless":false,"potions_floor_spawned":[1,10,11,12,23,24,25,31,37,40,45],"ascension_level":1}}