{"host":"agdto6ifbg57aw9m","time":1611789249,"event":{"mods":["2.2 Compatiblity","Aspiration","BaseMod","BetterRewards","Duelist Mod","Friendly Minions","GifTheSpireLib","Halation","Infinite Spire","Minty Spire (QoL Compilation)","Replay The Spire","Spikes Relics","StSLib","Stuff the Spire","The Spell Scribe"],"gold_per_floor":[139,206,266,336,336,414,414,449,475,542,553,553,553,553,582,600,600,695,695,710,721,732,482,482,482,510,510,510,55,68,83,83,101,101,204,204,216,228,238,46,46,79,89,115,196,108,120,152,152,169,169,169,169],"floor_reached":52,"language":"ENG","playtime":3536,"items_purged":["theDuelist:VampireCurse","theDuelist:Sparks","theDuelist:CastleWalls"],"score":720,"play_id":"5ecb99ff-a0f0-426a-8138-cdd34c9e966d","local_time":"20210127181409","is_ascension_mode":true,"campfire_choices":[{"data":"theDuelist:CurseDragon","floor":7,"key":"SMITH"},{"floor":14,"key":"REST"},{"floor":17,"key":"REST"},{"floor":25,"key":"REST"},{"floor":27,"key":"REST"},{"data":"theDuelist:TotemDragon","floor":32,"key":"SMITH"},{"data":"Replay:Fractal Strike","floor":34,"key":"SMITH"},{"data":"theDuelist:PotGreed","floor":49,"key":"SMITH"},{"floor":51,"key":"REST"}],"circlet_count":0,"master_deck":["theDuelist:BabyDragon+1","theDuelist:CastleWalls","theDuelist:CaveDragon+1","theDuelist:CaveDragon+1","theDuelist:GoldenSparks","theDuelist:LesserDragon+1","theDuelist:LesserDragon+1","theDuelist:YamataDragon+1","theDuelist:DefenseZone","theDuelist:Mountain","theDuelist:CyberDinosaur","theDuelist:CurseDragon+1","theDuelist:Mountain","theDuelist:AncientPixieDragon+1","theDuelist:MaskedDragon+1","theDuelist:CyberDragonSieger+1","theDuelist:SeismicShockwave","theDuelist:ArmageddonDragonEmp+1","theDuelist:BabyDragon+1","GremboGang","Replay:Fractal Strike+1","theDuelist:Raigeki","theDuelist:GuardragonJusticia","theDuelist:TotemDragon+1","theDuelist:ThunderDragon","theDuelist:BabyDragon","theDuelist:PotGreed+1","theDuelist:GravityLash","theDuelist:SnowDragon","theDuelist:BarrelDragon","theDuelist:CyberTwinDragon+1","theDuelist:SliferSky","theDuelist:WhiteNightDragon","theDuelist:RedRisingDragon+1","theDuelist:SafeZone+2","theDuelist:SilverWing","theDuelist:AncientRules+1","theDuelist:BlacklandFireDragon","theDuelist:Lancephorhynchus"],"relics":["theDuelist:MillenniumPuzzle","theDuelist:CardPoolRelic","theDuelist:CardPoolBasicRelic","theDuelist:BoosterPackPoolRelic","theDuelist:CardPoolAddRelic","theDuelist:CardPoolMinusRelic","theDuelist:CardPoolSaveRelic","theDuelist:CardPoolOptionsRelic","NeowsBlessing","theDuelist:ResummonBranch","aspiration:ChemicalBlood","Smiling Mask","Omamori","aspiration:FutureDiary","Unceasing Top","StuffTheSpire:GrapeVine","Mercury Hourglass","ReplayTheSpireMod:DimensionalGlitch","Incense Burner","theDuelist:DragonBurnRelic","Mummified Hand","Torii"],"acts_visited":["Exordium","TheCity","TheBeyond"],"potions_floor_usage":[31,31,37,42,43,44,48,52,52],"damage_taken":[{"damage":0,"enemies":"Small Slimes","floor":1,"turns":1},{"damage":0,"enemies":"2 Louse","floor":2,"turns":1},{"damage":0,"enemies":"Jaw Worm","floor":3,"turns":1},{"damage":13,"enemies":"Exordium Thugs","floor":4,"turns":4},{"damage":20,"enemies":"3 Sentries","floor":6,"turns":6},{"damage":18,"enemies":"Lagavulin","floor":8,"turns":6},{"damage":3,"enemies":"Gremlin Gang","floor":10,"turns":4},{"damage":11,"enemies":"Large Slime","floor":11,"turns":4},{"damage":3,"enemies":"Gremlin Nob","floor":15,"turns":3},{"damage":18,"enemies":"Exordium Thugs","floor":16,"turns":4},{"damage":10,"enemies":"The Guardian","floor":18,"turns":6},{"damage":7,"enemies":"Shell Parasite","floor":20,"turns":6},{"damage":8,"enemies":"Chosen","floor":21,"turns":4},{"damage":19,"enemies":"Snecko","floor":22,"turns":5},{"damage":16,"enemies":"Book of Stabbing","floor":26,"turns":4},{"damage":18,"enemies":"Centurion and Healer","floor":30,"turns":7},{"damage":0,"enemies":"Snake Plant","floor":31,"turns":3},{"damage":11,"enemies":"Shelled Parasite and Fungi","floor":33,"turns":4},{"damage":23,"enemies":"Automaton","floor":35,"turns":5},{"damage":0,"enemies":"3 Shapes","floor":37,"turns":5},{"damage":9,"enemies":"Orb Walker","floor":38,"turns":4},{"damage":0,"enemies":"Transient","floor":39,"turns":5},{"damage":12,"enemies":"R_Hoarder","floor":42,"turns":8},{"damage":0,"enemies":"3 Darklings","floor":43,"turns":4},{"damage":0,"enemies":"Nemesis","floor":44,"turns":5},{"damage":8,"enemies":"Sphere and 2 Shapes","floor":47,"turns":3},{"damage":23,"enemies":"Reptomancer","floor":48,"turns":6},{"damage":23,"enemies":"4 Shapes","floor":50,"turns":4},{"damage":30,"enemies":"Time Eater","floor":52,"turns":5}],"seed_played":"2430386018770911529","potions_obtained":[{"floor":1,"key":"Strength Potion"},{"floor":8,"key":"Dexterity Potion"},{"floor":16,"key":"theDuelist:ExtraOrbsBottle"},{"floor":26,"key":"theDuelist:FlamingBottle"},{"floor":31,"key":"Block Potion"},{"floor":38,"key":"theDuelist:SummonArmorPotion"},{"floor":43,"key":"Swift Potion"},{"floor":48,"key":"Doom Potion"},{"floor":50,"key":"theDuelist:DragonOrbBottle"}],"is_trial":false,"path_per_floor":["M","M","M","M","?","E","R","E","T","M","M","PTL","PTL","R","E","M","R","B",null,"M","M","M","?","?","R","E","R","T","$","M","M","R","M","R","B",null,"M","M","M","$","?","E","M","E","T","$","M","E","R","M","R","B"],"character_chosen":"THE_DUELIST","items_purchased":["theDuelist:GuardragonJusticia","theDuelist:TotemDragon","Mercury Hourglass","theDuelist:SliferSky","theDuelist:WhiteNightDragon","theDuelist:SilverWing"],"campfire_rested":5,"item_purchase_floors":[29,29,29,40,40,46],"current_hp_per_floor":[80,80,80,67,67,47,47,29,29,26,15,15,15,39,36,29,53,43,80,73,65,46,46,26,50,34,58,58,58,40,40,40,29,29,6,80,80,71,71,71,71,59,59,59,59,59,51,28,28,5,29,0,0],"gold":169,"neow_bonus":"THREE_ENEMY_KILL","is_daily":false,"chose_seed":false,"campfire_upgraded":4,"win_rate":0.0,"timestamp":1611789249,"path_taken":["M","M","M","M","?","E","R","E","T","M","M","PTL","PTL","R","E","M","R","BOSS","M","M","M","?","?","R","E","R","T","$","M","M","R","M","R","BOSS","M","M","M","$","?","E","M","E","T","?","M","E","R","M","R","BOSS"],"items_purchased_type":["Card","Card","Relic","Card","Card","Card"],"build_version":"2020-12-22","purchased_purges":3,"victory":false,"max_hp_per_floor":[80,80,80,80,80,80,80,80,80,80,80,80,80,80,80,80,80,80,80,80,80,80,80,80,80,80,80,80,80,80,80,80,80,80,80,80,80,80,80,80,80,80,80,80,80,80,80,80,80,80,80,80,80],"card_choices":[{"not_picked":["theDuelist:BlackBrutdrago","theDuelist:MoltenDestruction","theDuelist:YamataDragon","theDuelist:BackupSoldier"],"picked":"theDuelist:DefenseZone","floor":1},{"not_picked":["theDuelist:ToonWorld","theDuelist:DragonRavine","theDuelist:CyberDragonSieger"],"picked":"theDuelist:Mountain","floor":2},{"not_picked":["theDuelist:MangaRyuRan","theDuelist:TwinBarrelDragon","theDuelist:Pyrorex","theDuelist:CyberValley"],"picked":"theDuelist:CyberDinosaur","floor":3},{"not_picked":["theDuelist:LesserDragon","theDuelist:DefenseZone","theDuelist:Earthquake","theDuelist:CyberDinosaur"],"picked":"theDuelist:CurseDragon","floor":4},{"not_picked":["theDuelist:GoldenSparks"],"picked":"theDuelist:Mountain","floor":6},{"not_picked":["theDuelist:MirageDragon","theDuelist:BlackPtera","theDuelist:Anthrosaurus","theDuelist:BlackStego"],"picked":"theDuelist:AncientPixieDragon","floor":8},{"not_picked":["theDuelist:TwinBarrelDragon","theDuelist:MoltenDestruction","theDuelist:DefenseZone","theDuelist:BusterDrake"],"picked":"theDuelist:MaskedDragon","floor":10},{"not_picked":["theDuelist:ToonWorld","theDuelist:Vandalgyon","theDuelist:CastleDragonSouls","theDuelist:SurvivalFittest"],"picked":"theDuelist:CyberDragonSieger","floor":11},{"not_picked":["theDuelist:LightningDarts","theDuelist:DarkFactory","theDuelist:Jinzo","theDuelist:UltimateOffering"],"picked":"theDuelist:DianKeto","floor":15},{"not_picked":["theDuelist:VoidOgreDragon","theDuelist:LostWorld","theDuelist:GaiaDragonChamp","theDuelist:DoomkaiserDragon"],"picked":"theDuelist:SeismicShockwave","floor":16},{"not_picked":["theDuelist:VoidOgreDragon","theDuelist:GaiaDragonChamp","theDuelist:BlasterDragonInfernos","theDuelist:BerserkScales"],"picked":"theDuelist:ArmageddonDragonEmp","floor":18},{"not_picked":["theDuelist:Hinotama","theDuelist:LightningDarts+1","theDuelist:RainbowOverdragon","theDuelist:BattleguardKing","theDuelist:BigFire"],"picked":"SKIP","floor":20},{"not_picked":["theDuelist:CurseDragon","theDuelist:DefenseDraw","theDuelist:Anthrosaurus+1","theDuelist:Destroyersaurus"],"picked":"theDuelist:BabyDragon","floor":21},{"not_picked":["theDuelist:MirageDragon+1","theDuelist:ClawHermos","theDuelist:BlueEyes","theDuelist:CyberDragon"],"picked":"theDuelist:UltraEvolutionPill+1","floor":22},{"not_picked":["infinitespire:Execution","ReplayTheSpireMod:Chaos Vortex"],"picked":"Replay:Fractal Strike","floor":24},{"not_picked":["theDuelist:BattleguardKing","theDuelist:RainbowBridge","theDuelist:OrbMetronome","theDuelist:Solidarity"],"picked":"theDuelist:Raigeki","floor":26},{"not_picked":["theDuelist:CyberEmergency","theDuelist:AmuletDragon+1","theDuelist:CyberneticOverflow","theDuelist:TwinHeadedBehemoth"],"picked":"theDuelist:ThunderDragon","floor":30},{"not_picked":["theDuelist:ViceDragon","theDuelist:ScrapIronScarecrow","theDuelist:CaveDragon","theDuelist:ArmedDragon5+1"],"picked":"theDuelist:BabyDragon","floor":31},{"not_picked":["theDuelist:LightningDarts","theDuelist:LabyrinthWall+1","theDuelist:GreenGraveOni","theDuelist:ForbiddenChalice"],"picked":"theDuelist:PotGreed","floor":33},{"not_picked":["theDuelist:WingedDragonRa","theDuelist:OceanDragonLord","theDuelist:Lancephorhynchus","theDuelist:FiveHeaded"],"picked":"theDuelist:GravityLash","floor":35},{"not_picked":["theDuelist:CurseDragon","theDuelist:CaveDragon+1","theDuelist:Kabazauls+1","theDuelist:EvolutionBurst"],"picked":"theDuelist:SnowDragon","floor":37},{"not_picked":["theDuelist:MadFlameKaiju+1","theDuelist:GiantRex+1","theDuelist:BlackTyranno+1","theDuelist:MadSwordBeast"],"picked":"theDuelist:BarrelDragon","floor":38},{"not_picked":["theDuelist:TrihornedDragon","theDuelist:BlackPtera+1","theDuelist:BlackBrachios+1","theDuelist:BarrelDragon+1"],"picked":"theDuelist:CyberTwinDragon+1","floor":39},{"not_picked":["theDuelist:RedEyesToon","theDuelist:ToonBarrelDragon","theDuelist:BlackStego+1","theDuelist:Beatraptor","theDuelist:ViceDragon"],"picked":"SKIP","floor":42},{"not_picked":["theDuelist:MoltenDestruction","theDuelist:HymnOfLight+1","theDuelist:AncientDragon","theDuelist:MegafleetDragon"],"picked":"theDuelist:RedRisingDragon+1","floor":43},{"not_picked":["theDuelist:SpiralSpearStrike+1","theDuelist:DragonCaptureJar+1","theDuelist:DefenseZone+1","theDuelist:FireDarts"],"picked":"theDuelist:SafeZone+2","floor":44},{"not_picked":["theDuelist:Mountain+1","theDuelist:DefenseZone+1","theDuelist:SeismicShockwave","theDuelist:GravityLash"],"picked":"theDuelist:AncientRules+1","floor":47},{"not_picked":["theDuelist:ThunderDragon","theDuelist:CyberTwinDragon+1"],"picked":"theDuelist:BlacklandFireDragon","floor":48},{"not_picked":["theDuelist:SauropodBrachion","theDuelist:Freezadon","theDuelist:Duoterion","theDuelist:Carboneddon+1"],"picked":"theDuelist:Lancephorhynchus","floor":50}],"player_experience":537077,"relics_obtained":[{"floor":6,"key":"aspiration:ChemicalBlood"},{"floor":8,"key":"theDuelist:BoosterExtraAllRaresRelic"},{"floor":9,"key":"Smiling Mask"},{"floor":15,"key":"Omamori"},{"floor":26,"key":"Unceasing Top"},{"floor":28,"key":"StuffTheSpire:GrapeVine"},{"floor":42,"key":"Incense Burner"},{"floor":44,"key":"theDuelist:DragonBurnRelic"},{"floor":45,"key":"Mummified Hand"},{"floor":48,"key":"Torii"}],"event_choices":[{"damage_healed":0,"gold_gain":0,"player_choice":"Took item - Received: Millennium Branch","duelist":true,"damage_taken":0,"max_hp_gain":0,"max_hp_loss":0,"event_name":"Millennium Items","floor":5,"gold_loss":0},{"damage_healed":0,"gold_gain":0,"player_choice":"Scored: 1202","duelist":true,"damage_taken":0,"max_hp_gain":0,"max_hp_loss":0,"event_name":"Visit from Anubis","floor":41,"gold_loss":0}],"is_beta":false,"boss_relics":[{"not_picked":["Painkiller Herb","Sozu"],"picked":"aspiration:FutureDiary"},{"not_picked":["halation:HeavySnake","StuffTheSpire:RunicHypercube"],"picked":"ReplayTheSpireMod:DimensionalGlitch"}],"items_purged_floors":[29,40,46],"is_endless":false,"potions_floor_spawned":[1,8,10,18,22,26,30,31,35,38,42,43,48,50],"killed_by":"Time Eater","ascension_level":1}}