{"host":"dyzdf8svqmiivg97","time":1611756249,"event":{"mods":["AchievementEnabler","BaseMod","Colored Map","DeckTracker","Minty Spire (QoL Compilation)","Permanent Neow","Quick Restart","Rare Cards Sparkle","SuperFastMode"],"gold_per_floor":[109,109,109,184,205,205,240,270,317,341,385,355,355,369,369,497,497,512,276,300,400,227,270,185,209,235,235,258,272,272,313,313,441,441,461,336,361,361,361,399,92,92,118,39,39,55,55,69,69,69],"floor_reached":51,"language":"KOR","playtime":1266,"items_purged":["Strike_P","Strike_P","Defend_P","Defend_P"],"score":904,"play_id":"29d3a0f9-506d-471d-891a-4b15dbc254ae","local_time":"20210127230409","is_ascension_mode":true,"campfire_choices":[{"data":"Eruption","floor":6.0,"key":"SMITH"},{"data":"MentalFortress","floor":13.0,"key":"SMITH"},{"data":"WheelKick","floor":15.0,"key":"SMITH"},{"data":"Adaptation","floor":27.0,"key":"SMITH"},{"data":"MentalFortress","floor":30.0,"key":"SMITH"},{"floor":32.0,"key":"REST"},{"data":"ConjureBlade","floor":42.0,"key":"SMITH"},{"data":"EmptyMind","floor":47,"key":"SMITH"},{"floor":49,"key":"DIG"}],"circlet_count":0,"master_deck":["Eruption+1","Vigilance","MentalFortress+1","DeusExMachina+1","Tantrum+1","EmptyMind+1","WheelKick+1","DevaForm","EmptyFist+1","FearNoEvil+1","MentalFortress+1","Adaptation+1","ConjureBlade+1"],"relics":["PureWater","NeowsBlessing","Golden Idol","Ancient Tea Set","Akabeko","War Paint","Bronze Scales","Philosopher\u0027s Stone","Juzu Bracelet","Shovel","Pen Nib","Boot","Empty Cage","Lantern","Whetstone","Potion Belt","Damaru"],"acts_visited":["Exordium","TheCity","TheBeyond"],"potions_floor_usage":[50],"damage_taken":[{"damage":0.0,"enemies":"Small Slimes","floor":1.0,"turns":1.0},{"damage":0.0,"enemies":"2 Louse","floor":5.0,"turns":1.0},{"damage":0.0,"enemies":"Lagavulin","floor":7.0,"turns":1.0},{"damage":0.0,"enemies":"Cultist","floor":10.0,"turns":3.0},{"damage":0.0,"enemies":"3 Sentries","floor":11.0,"turns":4.0},{"damage":1.0,"enemies":"Exordium Thugs","floor":14.0,"turns":3.0},{"damage":12.0,"enemies":"The Guardian","floor":16.0,"turns":6.0},{"damage":4.0,"enemies":"3 Byrds","floor":18.0,"turns":3.0},{"damage":0.0,"enemies":"Spheric Guardian","floor":20.0,"turns":2.0},{"damage":21.0,"enemies":"Slavers","floor":23.0,"turns":5.0},{"damage":3.0,"enemies":"3 Cultists","floor":25.0,"turns":3.0},{"damage":0.0,"enemies":"Shelled Parasite and Fungi","floor":28.0,"turns":2.0},{"damage":2.0,"enemies":"Snake Plant","floor":29.0,"turns":2.0},{"damage":26.0,"enemies":"Book of Stabbing","floor":31.0,"turns":4.0},{"damage":26.0,"enemies":"Automaton","floor":33.0,"turns":6.0},{"damage":0.0,"enemies":"3 Darklings","floor":35.0,"turns":4.0},{"damage":2.0,"enemies":"3 Shapes","floor":37.0,"turns":3.0},{"damage":8.0,"enemies":"Giant Head","floor":40.0,"turns":5.0},{"damage":0,"enemies":"Spire Growth","floor":46,"turns":2},{"damage":0,"enemies":"Writhing Mass","floor":48,"turns":2},{"damage":2,"enemies":"Donu and Deca","floor":50,"turns":4}],"seed_played":"7410139802268233598","potions_obtained":[{"floor":5.0,"key":"Ancient Potion"},{"floor":7.0,"key":"AttackPotion"},{"floor":10.0,"key":"Explosive Potion"},{"floor":12.0,"key":"CultistPotion"},{"floor":12.0,"key":"SmokeBomb"},{"floor":25.0,"key":"Block Potion"},{"floor":28.0,"key":"FairyPotion"},{"floor":31.0,"key":"BottledMiracle"},{"floor":35.0,"key":"Block Potion"},{"floor":48,"key":"DuplicationPotion"}],"is_trial":false,"path_per_floor":["M","?","?","?","M","R","E","?","T","M","E","?","R","M","R","B",null,"M","$","M","?","$","E","?","M","T","R","M","M","R","E","R","B",null,"M","$","M","?","?","E","$","R","T","?","$","M","R","M","R","B",null],"character_chosen":"WATCHER","items_purchased":["FearNoEvil","MentalFortress","Adaptation","Whetstone"],"campfire_rested":1,"item_purchase_floors":[19,19,22,41],"current_hp_per_floor":[72,67,60,49,49,49,49,49,49,49,49,49,49,48,48,36,67,63,63,63,63,63,42,42,39,39,39,39,37,37,11,31,5,67,67,67,65,65,64,56,56,56,56,56,56,56,56,56,56,54],"gold":69,"neow_bonus":"THREE_ENEMY_KILL","is_daily":false,"chose_seed":false,"campfire_upgraded":7,"win_rate":0.0,"timestamp":1611756249,"path_taken":["M","?","?","?","M","R","E","?","T","M","E","?","R","M","R","BOSS","M","$","M","?","$","E","?","M","T","R","M","M","R","E","R","BOSS","M","$","M","?","?","E","$","R","T","?","$","M","R","M","R","BOSS"],"items_purchased_type":["Card","Card","Card","Relic"],"build_version":"2020-12-22","purchased_purges":4,"victory":true,"max_hp_per_floor":[72,67,67,67,67,67,67,67,67,67,67,67,67,67,67,67,67,67,67,67,67,67,67,67,67,67,67,67,67,67,67,67,67,67,67,67,67,67,64,64,64,64,64,64,64,64,64,64,64,64],"card_choices":[{"not_picked":["Prostrate","Evaluate","Swivel"],"picked":"SKIP","floor":1.0},{"not_picked":["FlyingSleeves","Wireheading"],"picked":"MentalFortress","floor":5.0},{"not_picked":["Omniscience","Collect"],"picked":"DeusExMachina","floor":7.0},{"not_picked":["Wireheading","Protect"],"picked":"Tantrum","floor":10.0},{"not_picked":["Wireheading","JustLucky"],"picked":"EmptyMind","floor":11.0},{"not_picked":["Halt","ThirdEye"],"picked":"WheelKick","floor":14.0},{"not_picked":["Wish","SpiritShield"],"picked":"DevaForm","floor":16.0},{"not_picked":["CrushJoints","Prostrate+1"],"picked":"EmptyFist+1","floor":18.0},{"not_picked":["Worship","SashWhip","ForeignInfluence+1"],"picked":"SKIP","floor":20.0},{"not_picked":["MentalFortress+1","DevaForm","JustLucky"],"picked":"SKIP","floor":23.0},{"not_picked":["Tantrum+1","FlyingSleeves","Consecrate+1"],"picked":"SKIP","floor":25.0},{"not_picked":["Prostrate","Halt","BowlingBash"],"picked":"SKIP","floor":28.0},{"not_picked":["Vengeance","JustLucky","Crescendo"],"picked":"SKIP","floor":29.0},{"not_picked":["Swivel+1","JustLucky","WreathOfFlame"],"picked":"SKIP","floor":31.0},{"not_picked":["Judgement","Omniscience"],"picked":"ConjureBlade","floor":33.0},{"not_picked":["DeceiveReality","CutThroughFate","EmptyFist+1"],"picked":"SKIP","floor":35.0},{"not_picked":["Protect+1","ReachHeaven","CutThroughFate"],"picked":"SKIP","floor":37.0},{"not_picked":["Pray","Omniscience","Evaluate"],"picked":"SKIP","floor":40.0},{"not_picked":["Consecrate+1","Wallop+1","FlurryOfBlows+1"],"picked":"SKIP","floor":46},{"not_picked":["Alpha","CrushJoints","BowlingBash"],"picked":"SKIP","floor":48}],"player_experience":554964,"relics_obtained":[{"floor":7.0,"key":"Ancient Tea Set"},{"floor":9.0,"key":"War Paint"},{"floor":11.0,"key":"Bronze Scales"},{"floor":23.0,"key":"Juzu Bracelet"},{"floor":26.0,"key":"Pen Nib"},{"floor":31.0,"key":"Boot"},{"floor":40.0,"key":"Lantern"},{"floor":49,"key":"Damaru"}],"event_choices":[{"damage_healed":0.0,"max_hp_gain":0.0,"max_hp_loss":5.0,"gold_gain":0.0,"event_name":"Golden Idol","player_choice":"Lose Max HP","floor":2.0,"gold_loss":0.0,"damage_taken":0.0,"relics_obtained":["Golden Idol"]},{"cards_removed":["Strike_P"],"damage_healed":0.0,"max_hp_gain":0.0,"max_hp_loss":0.0,"gold_gain":0.0,"event_name":"Golden Wing","player_choice":"Card Removal","floor":3.0,"gold_loss":0.0,"damage_taken":7.0},{"damage_healed":0.0,"max_hp_gain":0.0,"max_hp_loss":0.0,"gold_gain":75.0,"event_name":"World of Goop","player_choice":"Gather Gold","floor":4.0,"gold_loss":0.0,"damage_taken":11.0},{"damage_healed":0.0,"max_hp_gain":0.0,"max_hp_loss":0.0,"gold_gain":30.0,"event_name":"Dead Adventurer","player_choice":"Searched \u00272\u0027 times","floor":8.0,"gold_loss":0.0,"damage_taken":0.0,"relics_obtained":["Akabeko"]},{"damage_healed":0.0,"max_hp_gain":0.0,"max_hp_loss":0.0,"gold_gain":0.0,"event_name":"The Woman in Blue","player_choice":"Bought 2 Potions","floor":12.0,"gold_loss":0.0,"damage_taken":0.0},{"damage_healed":0.0,"max_hp_gain":0.0,"max_hp_loss":0.0,"gold_gain":100.0,"event_name":"Golden Shrine","player_choice":"Pray","floor":21.0,"gold_loss":0.0,"damage_taken":0.0},{"damage_healed":0.0,"max_hp_gain":0.0,"max_hp_loss":0.0,"gold_gain":0.0,"event_name":"Addict","player_choice":"Obtained Relic","floor":24.0,"gold_loss":85.0,"damage_taken":0.0,"relics_obtained":["Shovel"]},{"cards_removed":["Defend_P"],"damage_healed":0.0,"max_hp_gain":0.0,"max_hp_loss":0.0,"gold_gain":0.0,"event_name":"Falling","player_choice":"Removed Skill","floor":38.0,"gold_loss":0.0,"damage_taken":0.0},{"damage_healed":0.0,"max_hp_gain":0.0,"max_hp_loss":3.0,"gold_gain":0.0,"event_name":"Winding Halls","player_choice":"Max HP","floor":39.0,"gold_loss":0.0,"damage_taken":0.0},{"damage_healed":0.0,"max_hp_gain":0.0,"max_hp_loss":0.0,"gold_gain":0.0,"event_name":"WeMeetAgain","player_choice":"Paid Gold","floor":44.0,"gold_loss":79.0,"damage_taken":0.0,"relics_obtained":["Potion Belt"]}],"is_beta":false,"boss_relics":[{"not_picked":["HolyWater","Runic Pyramid"],"picked":"Philosopher\u0027s Stone"},{"not_picked":["Runic Dome","Velvet Choker"],"picked":"Empty Cage"}],"items_purged_floors":[19,22,36,41],"is_endless":false,"potions_floor_spawned":[5,7,10,23,25,28,31,35,40,48],"ascension_level":3}}