{"host":"hlz9nytggqnehs39","time":1611756697,"event":{"mods":["BaseMod","Highlight Path","Minty Spire (QoL Compilation)","Relic Stats"],"gold_per_floor":[109,119,41,41,60,85,85,185,235,245,275,286,301,301,301,376,376,392,392,307,307,319,319,348,348,421,241,314,341,189,202,202,280,280,293,304,151,151,2,27,37,64,64,92,92,111,111,123,123,123],"floor_reached":51,"language":"ENG","playtime":2395,"items_purged":["Strike_G+1","Strike_G+1"],"score":1499,"play_id":"d6d7431e-5579-400b-9acb-c6b6f69da1bc","local_time":"20210127151137","is_ascension_mode":true,"campfire_choices":[{"floor":7,"key":"REST"},{"floor":15,"key":"REST"},{"data":"Wraith Form v2","floor":23,"key":"SMITH"},{"data":"Noxious Fumes","floor":25,"key":"SMITH"},{"data":"Catalyst","floor":32,"key":"SMITH"},{"data":"Chrysalis","floor":49,"key":"SMITH"}],"circlet_count":0,"master_deck":["AscendersBane","Strike_G+1","Strike_G+1","Strike_G+1","Defend_G+1","Defend_G+1","Defend_G+1","Defend_G+1","Defend_G+1","Survivor+1","Neutralize+1","Noxious Fumes+1","Bane+1","Noxious Fumes+1","Backflip+1","Backflip+1","Glass Knife+1","Blade Dance+1","Deadly Poison+1","Dash+1","Wraith Form v2+1","Backflip+1","Dodge and Roll+1","Noxious Fumes+1","Leg Sweep+1","Catalyst+1","Deadly Poison+1","Burst+1","PiercingWail+1","Dodge and Roll+1","Chrysalis+1"],"relics":["Ring of the Snake","Unceasing Top","Bag of Marbles","Akabeko","Matryoshka","PreservedInsect","Mercury Hourglass","Coffee Dripper","Ornamental Fan","Dream Catcher","MawBank","Darkstone Periapt","Bottled Flame","Anchor","Black Star","Happy Flower","Mark of the Bloom","OrangePellets","Tough Bandages","Ancient Tea Set","Blood Vial","Bottled Lightning","Molten Egg 2","Mango","Snake Skull"],"acts_visited":["Exordium","TheCity","TheBeyond"],"potions_floor_usage":[6,6,22,24,33,33,40,40,41,41,42,44,50],"damage_taken":[{"damage":0,"enemies":"2 Louse","floor":1,"turns":4},{"damage":1,"enemies":"Small Slimes","floor":2,"turns":4},{"damage":5,"enemies":"Cultist","floor":5,"turns":4},{"damage":19,"enemies":"Lagavulin","floor":6,"turns":8},{"damage":9,"enemies":"Exordium Thugs","floor":10,"turns":4},{"damage":29,"enemies":"Gremlin Nob","floor":11,"turns":4},{"damage":0,"enemies":"Large Slime","floor":12,"turns":3},{"damage":0,"enemies":"Blue Slaver","floor":13,"turns":1},{"damage":25,"enemies":"The Guardian","floor":16,"turns":10},{"damage":2,"enemies":"2 Thieves","floor":18,"turns":3},{"damage":0,"enemies":"3 Byrds","floor":22,"turns":4},{"damage":8,"enemies":"Gremlin Leader","floor":24,"turns":4},{"damage":9,"enemies":"Book of Stabbing","floor":29,"turns":5},{"damage":0,"enemies":"Snecko","floor":31,"turns":4},{"damage":7,"enemies":"Champ","floor":33,"turns":8},{"damage":0,"enemies":"3 Darklings","floor":35,"turns":5},{"damage":0,"enemies":"Orb Walker","floor":36,"turns":2},{"damage":0,"enemies":"Giant Head","floor":40,"turns":7},{"damage":0,"enemies":"Transient","floor":41,"turns":5},{"damage":0,"enemies":"Reptomancer","floor":42,"turns":3},{"damage":0,"enemies":"Giant Head","floor":44,"turns":6},{"damage":0,"enemies":"Writhing Mass","floor":46,"turns":4},{"damage":0,"enemies":"Maw","floor":48,"turns":6},{"damage":27,"enemies":"Donu and Deca","floor":50,"turns":6}],"seed_played":"-7805903326483903791","potions_obtained":[{"floor":1,"key":"Swift Potion"},{"floor":5,"key":"LiquidMemories"},{"floor":13,"key":"PowerPotion"},{"floor":16,"key":"Fruit Juice"},{"floor":22,"key":"SkillPotion"},{"floor":35,"key":"EntropicBrew"},{"floor":41,"key":"FearPotion"},{"floor":46,"key":"BlessingOfTheForge"}],"is_trial":false,"path_per_floor":["M","M","$","?","M","E","R","?","T","M","E","M","M","T","R","B",null,"M","?","?","?","M","R","E","R","T","$","T","E","$","M","R","B",null,"M","M","$","?","$","E","M","E","T","E","?","M","?","M","R","B",null],"character_chosen":"THE_SILENT","items_purchased":["Noxious Fumes","Noxious Fumes","Leg Sweep","Poison Potion","Happy Flower","OrangePellets"],"campfire_rested":2,"item_purchase_floors":[3,27,27,30,37,39],"current_hp_per_floor":[63,62,62,55,50,31,52,52,52,43,14,14,14,14,35,10,55,53,70,70,70,75,75,67,67,67,67,67,58,58,58,58,51,69,69,69,69,69,69,69,69,69,69,69,69,69,69,69,69,42],"gold":123,"neow_bonus":"ONE_RARE_RELIC","is_daily":false,"chose_seed":false,"campfire_upgraded":4,"win_rate":0.0,"timestamp":1611756697,"path_taken":["M","M","$","?","M","E","R","?","T","M","E","?","M","?","R","BOSS","M","?","?","?","M","R","E","R","T","$","?","E","$","M","R","BOSS","M","?","$","?","$","E","M","E","T","E","?","?","?","M","R","BOSS"],"items_purchased_type":["Card","Card","Card","Potion","Relic","Relic"],"build_version":"2020-12-22","purchased_purges":2,"victory":true,"max_hp_per_floor":[70,70,70,70,70,70,70,70,70,70,70,70,70,70,70,70,70,70,70,70,70,75,75,75,75,75,75,75,75,75,75,75,75,75,75,75,75,75,75,75,75,75,75,89,89,89,89,89,89,89],"relic_stats":{"Darkstone Periapt":0,"Mark of the Bloom":22,"Happy Flower":[12],"counters":[24,113],"PreservedInsect":421,"Snake Skull":[30],"MawBank":12,"Mercury Hourglass":[277],"Blood Vial":0,"OrangePellets":[3],"Dream Catcher":0,"Tough Bandages":[12],"Ornamental Fan":[80],"Black Star":3,"obtain_stats":[{"Darkstone Periapt":26,"Mark of the Bloom":38,"Mango":44,"Snake Skull":44,"Ancient Tea Set":40,"Blood Vial":42,"Dream Catcher":24,"Tough Bandages":40,"Matryoshka":11,"Ring of the Snake":0,"Happy Flower":37,"PreservedInsect":14,"MawBank":26,"Akabeko":9,"Mercury Hourglass":14,"OrangePellets":39,"Bottled Flame":28,"Anchor":29,"Ornamental Fan":20,"Molten Egg 2":43,"Bag of Marbles":6,"Coffee Dripper":17,"Black Star":34,"Bottled Lightning":42,"Unceasing Top":0},{"Darkstone Periapt":12,"Mark of the Bloom":17,"Mango":21,"Snake Skull":21,"Ancient Tea Set":18,"Blood Vial":20,"Dream Catcher":12,"Tough Bandages":18,"Matryoshka":6,"Ring of the Snake":0,"Happy Flower":17,"PreservedInsect":8,"MawBank":12,"Akabeko":4,"Mercury Hourglass":8,"OrangePellets":17,"Bottled Flame":12,"Anchor":13,"Ornamental Fan":10,"Molten Egg 2":20,"Bag of Marbles":4,"Coffee Dripper":9,"Black Star":15,"Bottled Lightning":20,"Unceasing Top":0},{"Darkstone Periapt":52,"Mark of the Bloom":76,"Mango":97,"Snake Skull":97,"Ancient Tea Set":83,"Blood Vial":91,"Dream Catcher":52,"Tough Bandages":83,"Matryoshka":28,"Ring of the Snake":0,"Happy Flower":76,"PreservedInsect":32,"MawBank":52,"Akabeko":20,"Mercury Hourglass":32,"OrangePellets":76,"Bottled Flame":52,"Anchor":57,"Ornamental Fan":45,"Molten Egg 2":91,"Bag of Marbles":20,"Coffee Dripper":42,"Black Star":69,"Bottled Lightning":91,"Unceasing Top":0}],"Unceasing Top":[12],"Ring of the Snake":[48]},"card_choices":[{"not_picked":["Endless Agony","Prepared"],"picked":"Noxious Fumes","floor":1},{"not_picked":["Dagger Throw","Acrobatics"],"picked":"Bane","floor":2},{"not_picked":["Endless Agony","Dagger Spray"],"picked":"Backflip","floor":5},{"not_picked":["Slice","Flechettes"],"picked":"Backflip","floor":6},{"not_picked":["Masterful Stab","Backflip"],"picked":"Glass Knife","floor":10},{"not_picked":["Acrobatics","Poisoned Stab"],"picked":"Blade Dance","floor":11},{"not_picked":["Backstab","All Out Attack"],"picked":"Deadly Poison","floor":12},{"not_picked":["Dodge and Roll","Choke"],"picked":"Dash","floor":13},{"not_picked":["Bullet Time","Storm of Steel"],"picked":"Wraith Form v2","floor":16},{"not_picked":["Dagger Throw","Backstab"],"picked":"Backflip","floor":18},{"not_picked":["Accuracy","Prepared"],"picked":"Dodge and Roll","floor":22},{"not_picked":["Blade Dance","Masterful Stab","Acrobatics"],"picked":"SKIP","floor":24},{"not_picked":["Infinite Blades","Calculated Gamble"],"picked":"Catalyst","floor":29},{"not_picked":["Predator","Prepared"],"picked":"Deadly Poison+1","floor":31},{"not_picked":["Bullet Time","Wraith Form v2"],"picked":"Burst","floor":33},{"not_picked":["Dodge and Roll","Riddle With Holes"],"picked":"PiercingWail","floor":35},{"not_picked":["Quick Slash+1","Choke","Skewer"],"picked":"SKIP","floor":36},{"not_picked":["Deflect","Dagger Throw","Endless Agony"],"picked":"SKIP","floor":40},{"not_picked":["Bane","Quick Slash+1"],"picked":"Dodge and Roll+1","floor":41},{"not_picked":["Eviscerate+1","Slice","Backstab"],"picked":"SKIP","floor":42},{"not_picked":["Acrobatics","Dagger Spray+1","Expertise"],"picked":"SKIP","floor":44},{"not_picked":["Endless Agony+1","Sucker Punch+1","Eviscerate+1"],"picked":"SKIP","floor":46},{"not_picked":["Bandage Up","Jack Of All Trades"],"picked":"Chrysalis","floor":47},{"not_picked":["Poisoned Stab+1","Skewer+1","Sucker Punch+1"],"picked":"SKIP","floor":48}],"player_experience":391832,"relics_obtained":[{"floor":6,"key":"Bag of Marbles"},{"floor":9,"key":"Akabeko"},{"floor":11,"key":"Matryoshka"},{"floor":14,"key":"PreservedInsect"},{"floor":14,"key":"Mercury Hourglass"},{"floor":24,"key":"Dream Catcher"},{"floor":26,"key":"MawBank"},{"floor":26,"key":"Darkstone Periapt"},{"floor":28,"key":"Bottled Flame"},{"floor":29,"key":"Anchor"},{"floor":40,"key":"Tough Bandages"},{"floor":40,"key":"Ancient Tea Set"},{"floor":42,"key":"Blood Vial"},{"floor":42,"key":"Bottled Lightning"},{"floor":43,"key":"Molten Egg 2"},{"floor":44,"key":"Mango"},{"floor":44,"key":"Snake Skull"}],"event_choices":[{"cards_removed":["Injury"],"damage_healed":0,"gold_gain":0,"player_choice":"Card Removal","damage_taken":7,"max_hp_gain":0,"max_hp_loss":0,"event_name":"Golden Wing","floor":4,"gold_loss":0},{"damage_healed":0,"gold_gain":100,"player_choice":"Pray","damage_taken":0,"max_hp_gain":0,"max_hp_loss":0,"event_name":"Golden Shrine","floor":8,"gold_loss":0},{"damage_healed":23,"gold_gain":0,"player_choice":"Heal","damage_taken":0,"max_hp_gain":0,"max_hp_loss":0,"event_name":"The Library","floor":19,"gold_loss":0},{"damage_healed":0,"gold_gain":0,"player_choice":"Obtained Relic","damage_taken":0,"relics_obtained":["Ornamental Fan"],"max_hp_gain":0,"max_hp_loss":0,"event_name":"Addict","floor":20,"gold_loss":85},{"damage_healed":0,"gold_gain":0,"player_choice":"Simplicity","damage_taken":0,"max_hp_gain":0,"max_hp_loss":0,"event_name":"Back to Basics","floor":21,"gold_loss":0,"cards_upgraded":["Strike_G","Strike_G","Strike_G","Strike_G","Strike_G","Defend_G","Defend_G","Defend_G","Defend_G","Defend_G"]},{"damage_healed":0,"gold_gain":0,"player_choice":"Upgrade","damage_taken":0,"relics_obtained":["Mark of the Bloom"],"max_hp_gain":0,"max_hp_loss":0,"event_name":"MindBloom","floor":38,"gold_loss":0,"cards_upgraded":["Survivor","Neutralize","Bane","Noxious Fumes","Backflip","Backflip","Glass Knife","Blade Dance","Deadly Poison","Dash","Backflip","Dodge and Roll","Noxious Fumes","Leg Sweep","Burst","PiercingWail"]},{"damage_healed":0,"gold_gain":0,"player_choice":"Ignored","damage_taken":0,"max_hp_gain":0,"max_hp_loss":0,"event_name":"Mysterious Sphere","floor":45,"gold_loss":0},{"damage_healed":0,"gold_gain":0,"player_choice":"Memory 1","damage_taken":0,"max_hp_gain":0,"max_hp_loss":0,"event_name":"SensoryStone","floor":47,"gold_loss":0}],"is_beta":false,"boss_relics":[{"not_picked":["Empty Cage","Sozu"],"picked":"Coffee Dripper"},{"not_picked":["Ring of the Serpent","WristBlade"],"picked":"Black Star"}],"items_purged_floors":[27,30],"is_endless":false,"potions_floor_spawned":[1,5,13,16,22,35,41,46],"ascension_level":13}}