{"host":"pmmuxs046gii331m","time":1611756309,"event":{"mods":["AchievementEnabler","BaseMod","Colored Powertips","Downfall","Gold Saver","Minty Spire (QoL Compilation)","Permanent Neow","Quick Restart","StSLib"],"gold_per_floor":[1915,1915,1479,1579,1579,1579,1579,1579,1592,1626,1638,1550,1574,1237,1252,1351,1351,1351,1368,1368,1378,1397,1397,1421,1212,1212,1227,1246,1146,1146,1175,1187,1283,1283,1283,1298,1298,1553,1553,1566,1612,1512,1512,1531,1531,1549,1260,1270,1287,1287,1287,1287],"floor_reached":50,"language":"ENG","playtime":5399,"items_purged":["champ:Strike","champ:Defend","downfall:Malfunctioning","Writhe","champ:Improvising+1"],"score":510,"play_id":"a6b5ebe2-af89-4e0d-9edf-018d7e8b04e1","local_time":"20210127090509","is_ascension_mode":false,"campfire_choices":[{"data":"champ:Taunt","floor":1.0,"key":"SMITH"},{"data":"champ:UltimateStance","floor":12.0,"key":"SMITH"},{"data":"champ:Backstep","floor":18.0,"key":"SMITH"},{"data":"champ:SwordThrow","floor":23.0,"key":"SMITH"},{"data":"champ:ShieldThrow","floor":29.0,"key":"SMITH"},{"floor":35.0,"key":"RECALL"},{"data":"champ:Backstep","floor":42.0,"key":"PURGE"}],"circlet_count":0,"master_deck":["champ:Execute+1","champ:Taunt+1","champ:FlashCut+1","champ:UltimateStance+1","champ:PreciseThrust+1","champ:Circumvent","champ:Backstep+1","champ:Parry","champ:AdrenalArmor","champ:Improvising+1","champ:FocusedBerserking","champ:ShieldThrow+1","champ:SetATrap","champ:HeavySlash","champ:FlashCut","champ:SwordThrow+1","champ:FanOfKnives+1","Necronomicurse","champ:SteelEdge+1","champ:BerserkersShout"],"relics":["champ:ChampionCrown","downfall:HeartsMalice","FossilizedHelix","champ:LiftRelic","Frozen Egg 2","MawBank","downfall:HeartBlessingGreen","Membership Card","Pandora\u0027s Box","Shuriken","Necronomicon","downfall:HeartBlessingBlue","White Beast Statue","Mercury Hourglass","Sozu","Peace Pipe","Whetstone","downfall:HeartBlessingRed","Singing Bowl","Chemical X"],"acts_visited":["Exordium","TheCity","TheBeyond"],"potions_floor_usage":[50],"damage_taken":[{"damage":0.0,"enemies":"Jaw Worm","floor":2.0,"turns":1.0},{"damage":0.0,"enemies":"downfall:FleeingMerchant","floor":3.0,"turns":1.0},{"damage":0.0,"enemies":"Small Slimes","floor":8.0,"turns":1.0},{"damage":0.0,"enemies":"2 Louse","floor":9.0,"turns":3.0},{"damage":56.0,"enemies":"Lagavulin","floor":10.0,"turns":10.0},{"damage":22.0,"enemies":"Exordium Wildlife","floor":13.0,"turns":6.0},{"damage":10.0,"enemies":"downfall:FleeingMerchant","floor":14.0,"turns":4.0},{"damage":30.0,"enemies":"Large Slime","floor":15.0,"turns":6.0},{"damage":100.0,"enemies":"SI_SHIV_ARCHETYPE","floor":16.0,"turns":11.0},{"damage":40.0,"enemies":"3 Byrds","floor":19.0,"turns":5.0},{"damage":8.0,"enemies":"Snecko","floor":21.0,"turns":4.0},{"damage":26.0,"enemies":"Snake Plant","floor":22.0,"turns":4.0},{"damage":25.0,"enemies":"downfall:FleeingMerchant","floor":25.0,"turns":4.0},{"damage":0.0,"enemies":"Sentry and Sphere","floor":27.0,"turns":3.0},{"damage":55.0,"enemies":"Cultist and Chosen","floor":28.0,"turns":4.0},{"damage":57.0,"enemies":"Gremlin Leader","floor":31.0,"turns":6.0},{"damage":5.0,"enemies":"Shelled Parasite and Fungi","floor":32.0,"turns":3.0},{"damage":12.0,"enemies":"WA_ARCHETYPE_CALM","floor":33.0,"turns":5.0},{"damage":7.0,"enemies":"3 Darklings","floor":36.0,"turns":5.0},{"damage":36.0,"enemies":"downfall:FleeingMerchant","floor":38.0,"turns":4.0},{"damage":22.0,"enemies":"3 Shapes","floor":40.0,"turns":3.0},{"damage":30.0,"enemies":"Sphere and 2 Shapes","floor":44.0,"turns":4.0},{"damage":0.0,"enemies":"3 Darklings","floor":46.0,"turns":3.0},{"damage":5,"enemies":"Spire Growth","floor":48,"turns":2},{"damage":34,"enemies":"Sphere and 2 Shapes","floor":49,"turns":3},{"damage":127,"enemies":"IC_BLOCK_ARCHETYPE","floor":50,"turns":7}],"seed_played":"9024114330069142141","potions_obtained":[{"floor":9.0,"key":"Regen Potion"},{"floor":13.0,"key":"champ:OpenerPotion"},{"floor":16.0,"key":"SteroidPotion"},{"floor":22.0,"key":"Weak Potion"},{"floor":28.0,"key":"Strength Potion"},{"floor":31.0,"key":"champ:UltimateStancePotion"},{"floor":32.0,"key":"Dexterity Potion"},{"floor":33.0,"key":"EssenceOfSteel"}],"is_trial":false,"path_per_floor":["R","M","$","?","?","?","T","M","M","E","?","R","M","$","M","B",null,"R","M","?","M","M","R","T","$","?","M","M","R","?","E","M","B",null,"R","M","?","$","T","M","T","R","?","M","?","M","$","M","M","B"],"character_chosen":"THE_CHAMP","items_purchased":["FossilizedHelix","champ:PreciseThrust","Membership Card","champ:Improvising+1","champ:FocusedBerserking","Regen Potion","Shuriken","Singing Bowl","Chemical X"],"campfire_rested":0,"item_purchase_floors":[3,3,14,14,14,14,25,47,47],"current_hp_per_floor":[90,90,90,90,90,90,90,90,90,54,54,54,37,37,42,7,90,90,90,90,82,61,61,61,66,50,60,60,70,70,53,58,51,100,100,98,98,97,97,100,100,100,100,90,90,90,90,97,95,0,0,0],"gold":1287,"neow_bonus":"THREE_ENEMY_KILL","is_daily":false,"chose_seed":false,"campfire_upgraded":5,"win_rate":0.0,"timestamp":1611756309,"path_taken":["R","M","$","?","?","?","T","M","M","E","?","R","?","$","M","BOSS","R","M","?","?","M","R","T","$","?","M","M","R","?","E","M","BOSS","R","M","?","?","?","M","T","R","?","M","?","?","$","M","M","BOSS"],"items_purchased_type":["Relic","Card","Relic","Card","Card","Potion","Relic","Relic","Relic"],"build_version":"2020-12-22","purchased_purges":5,"victory":false,"max_hp_per_floor":[90,90,90,90,90,90,90,90,90,90,90,90,90,90,90,90,90,90,90,90,90,90,90,90,90,90,90,90,100,100,100,100,100,100,100,100,100,100,100,100,100,100,100,100,100,100,100,102,104,104,104,104],"card_choices":[{"not_picked":["champ:Haymaker","champ:Parry"],"picked":"champ:FlashCut","floor":2.0},{"not_picked":["champ:SwordThrow","champ:FlashCut"],"picked":"champ:UltimateStance","floor":3.0},{"not_picked":["champ:SetATrap","champ:RisingSlash"],"picked":"champ:Circumvent","floor":8.0},{"not_picked":["champ:EndlessRage+1","champ:Circumvent","champ:ArenaPreparation"],"picked":"SKIP","floor":9.0},{"not_picked":["champ:PerfectedStrike","champ:CrookedStrike"],"picked":"champ:Backstep","floor":10.0},{"not_picked":["champ:FlashCut","champ:DeathBlow"],"picked":"champ:Parry","floor":13.0},{"not_picked":["champ:SkillfulDodge","champ:DefensiveShout"],"picked":"champ:AdrenalArmor","floor":14.0},{"not_picked":["champ:Circumvent","champ:StanceDance","champ:BerserkersShout"],"picked":"SKIP","floor":15.0},{"not_picked":["champ:MurderStrike","champ:HeavySlash"],"picked":"champ:ShieldThrow","floor":16.0},{"not_picked":["champ:DefensiveShout","champ:CrownThrow"],"picked":"champ:FanOfKnives+1","floor":19.0},{"not_picked":["champ:PreciseThrust+1","champ:CalledShot","champ:BringItOn"],"picked":"SKIP","floor":21.0},{"not_picked":["champ:PerfectedStrike","champ:DefensiveShout+1","champ:VampiricStrike"],"picked":"SKIP","floor":22.0},{"not_picked":["champ:FalseCounter","champ:ShieldSigil","champ:RecklessLeap"],"picked":"SKIP","floor":25.0},{"not_picked":["champ:SwordSigil","champ:FalseCounter","champ:AdrenalArmor"],"picked":"SKIP","floor":27.0},{"not_picked":["champ:Circumvent","champ:FalseCounter","champ:SwordSigil"],"picked":"SKIP","floor":28.0},{"not_picked":["champ:ShieldSigil","champ:BladeFlurry","champ:FlashCut"],"picked":"SKIP","floor":31.0},{"not_picked":["champ:GutPunch","champ:PerfectedStrike","champ:PreciseThrust"],"picked":"SKIP","floor":32.0},{"not_picked":["champ:Devastate","champ:HoldFirm"],"picked":"champ:SteelEdge","floor":33.0},{"not_picked":["champ:Circumvent","champ:SetATrap","champ:BerserkersShout+1"],"picked":"SKIP","floor":36.0},{"not_picked":["champ:Encircle+1","champ:RecklessLeap+1","champ:SetATrap"],"picked":"SKIP","floor":38.0},{"not_picked":["champ:RageSigil+1","champ:RecklessLeap","champ:RapidStrikes+1"],"picked":"SKIP","floor":40.0},{"not_picked":["champ:FlashCut","champ:SetATrap","champ:HeartStrike+1"],"picked":"SKIP","floor":44.0},{"not_picked":["champ:BerserkerStyle+1","champ:Backstep+1","champ:MurderStrike"],"picked":"SKIP","floor":46.0},{"not_picked":["champ:ArenaPreparation","champ:Circumvent+1","champ:RapidStrikes+1"],"picked":"Singing Bowl","floor":48},{"not_picked":["champ:Backstep","champ:RecklessLeap+1","champ:FlashCut+1"],"picked":"Singing Bowl","floor":49}],"player_experience":394877,"relics_obtained":[{"floor":7.0,"key":"Frozen Egg 2"},{"floor":10.0,"key":"MawBank"},{"floor":26.0,"key":"Necronomicon"},{"floor":31.0,"key":"Mercury Hourglass"},{"floor":39.0,"key":"Peace Pipe"},{"floor":41.0,"key":"Whetstone"}],"event_choices":[{"damage_healed":0.0,"max_hp_gain":0.0,"max_hp_loss":0.0,"gold_gain":0.0,"event_name":"NoteForYourself","player_choice":"Ignored","floor":20.0,"gold_loss":0.0,"damage_taken":0.0}],"is_beta":false,"boss_relics":[{"not_picked":["Velvet Choker","SacredBark"],"picked":"Pandora\u0027s Box"},{"not_picked":["bronze:MakeshiftBattery","Astrolabe"],"picked":"Sozu"}],"items_purged_floors":[3,14,25,38,47],"is_endless":false,"potions_floor_spawned":[9,13,15,16,22,28,31,32,33,36,38,40,44,46,48,49],"killed_by":"IC_BLOCK_ARCHETYPE","ascension_level":0}}