{"host":"vyjryxuuuxkt43k4","time":1611754696,"event":{"mods":["AchievementEnabler","BaseMod","Colored Map","DeckTracker","Keyboard Shortcuts","Minty Spire (QoL Compilation)","Permanent Neow","Quick Restart","Rare Cards Sparkle","StSLib","SuperFastMode","everything is the same but u backflip on backflip"],"gold_per_floor":[17,17,32,45,59,59,234,73,73,73,104,116,140,182,194,311,323,355,367,391,403,433,445,457,457],"floor_reached":24,"language":"KOR","playtime":803,"items_purged":["Doubt"],"score":263,"play_id":"e26a3840-f500-4fde-98c4-98476156a6d8","local_time":"20210127223816","is_ascension_mode":true,"campfire_choices":[{"floor":6.0,"key":"DIG"},{"floor":10.0,"key":"DIG"},{"floor":12.0,"key":"DIG"},{"floor":15.0,"key":"REST"},{"floor":23,"key":"DIG"}],"circlet_count":0,"master_deck":["Strike_B","Strike_B","Strike_B","Strike_B","Defend_B","Defend_B","Defend_B","Defend_B","Zap+1","Dualcast","Streamline","Beam Cell","Rebound","Core Surge","Cold Snap","Auto Shields","Coolheaded","Reinforced Body","Echo Form","Defragment","Steam+1","Doom and Gloom"],"relics":["Cracked Core","Shovel","The Courier","Sundial","MawBank","Pocketwatch","Torii","Nuclear Battery","Matryoshka"],"acts_visited":["Exordium","TheCity"],"potions_floor_usage":[20,20,24],"damage_taken":[{"damage":10.0,"enemies":"Small Slimes","floor":1.0,"turns":3.0},{"damage":7.0,"enemies":"Jaw Worm","floor":3.0,"turns":3.0},{"damage":13.0,"enemies":"2 Louse","floor":4.0,"turns":3.0},{"damage":19.0,"enemies":"Exordium Thugs","floor":5.0,"turns":4.0},{"damage":0.0,"enemies":"2 Fungi Beasts","floor":11.0,"turns":3.0},{"damage":1.0,"enemies":"Blue Slaver","floor":13.0,"turns":2.0},{"damage":12.0,"enemies":"The Guardian","floor":16.0,"turns":13.0},{"damage":7.0,"enemies":"Chosen","floor":18.0,"turns":4.0},{"damage":12,"enemies":"2 Thieves","floor":20,"turns":4},{"damage":24,"enemies":"Cultist and Chosen","floor":22,"turns":8},{"damage":24,"enemies":"Gremlin Leader","floor":24,"turns":6}],"seed_played":"5673222744626128641","potions_obtained":[{"floor":5.0,"key":"Explosive Potion"},{"floor":11.0,"key":"AttackPotion"},{"floor":16.0,"key":"Swift Potion"},{"floor":18.0,"key":"FocusPotion"}],"is_trial":false,"path_per_floor":["M","?","M","M","M","R","?","$","T","R","M","R","M","?","R","B",null,"M","?","M","?","M","R","E"],"character_chosen":"DEFECT","items_purchased":["Cold Snap","Auto Shields"],"campfire_rested":1,"item_purchase_floors":[8,8],"current_hp_per_floor":[58,58,51,38,19,19,19,19,19,19,19,19,18,18,40,28,63,56,56,44,44,20,20,0,0],"gold":457,"neow_bonus":"ONE_RARE_RELIC","is_daily":false,"chose_seed":false,"campfire_upgraded":0,"win_rate":0.0,"timestamp":1611754696,"path_taken":["M","?","M","M","M","R","?","$","T","R","M","R","M","?","R","BOSS","M","?","M","?","M","R","E"],"items_purchased_type":["Card","Card"],"build_version":"2020-12-22","purchased_purges":1,"victory":false,"max_hp_per_floor":[75,75,75,75,75,75,75,75,75,75,75,75,75,75,75,75,75,75,75,75,75,75,75,75,75],"card_choices":[{"not_picked":["Go for the Eyes","FTL"],"picked":"Streamline","floor":1.0},{"not_picked":["White Noise","Leap"],"picked":"Beam Cell","floor":3.0},{"not_picked":["Leap","Redo"],"picked":"Rebound","floor":4.0},{"not_picked":["Sweeping Beam","Stack"],"picked":"Core Surge","floor":5.0},{"not_picked":["Beam Cell","Conserve Battery"],"picked":"Coolheaded","floor":11.0},{"not_picked":["Gash","Hologram"],"picked":"Reinforced Body","floor":13.0},{"not_picked":["Thunder Strike","Seek"],"picked":"Echo Form","floor":16.0},{"not_picked":["Tempest","Blizzard","Barrage"],"picked":"SKIP","floor":18.0},{"not_picked":["Rebound","Ball Lightning"],"picked":"Steam+1","floor":20},{"not_picked":["Coolheaded","Consume"],"picked":"Doom and Gloom","floor":22}],"player_experience":416834,"relics_obtained":[{"floor":6.0,"key":"The Courier"},{"floor":9.0,"key":"Sundial"},{"floor":10.0,"key":"MawBank"},{"floor":12.0,"key":"Pocketwatch"},{"floor":23,"key":"Matryoshka"}],"event_choices":[{"damage_healed":0.0,"max_hp_gain":0.0,"max_hp_loss":0.0,"gold_gain":0.0,"event_name":"Living Wall","player_choice":"Grow","floor":2.0,"gold_loss":0.0,"damage_taken":0.0,"cards_upgraded":["Zap"]},{"damage_healed":0.0,"max_hp_gain":0.0,"max_hp_loss":0.0,"gold_gain":175.0,"event_name":"Liars Game","player_choice":"AGREE","floor":7.0,"gold_loss":0.0,"damage_taken":0.0,"cards_obtained":["Doubt"]},{"damage_healed":0.0,"max_hp_gain":0.0,"max_hp_loss":0.0,"gold_gain":30.0,"event_name":"Dead Adventurer","player_choice":"Searched \u00272\u0027 times","floor":14.0,"gold_loss":0.0,"damage_taken":0.0,"relics_obtained":["Torii"]},{"damage_healed":0.0,"max_hp_gain":0.0,"max_hp_loss":0.0,"gold_gain":0.0,"event_name":"The Library","player_choice":"Read","floor":19.0,"gold_loss":0.0,"damage_taken":0.0,"cards_obtained":["Defragment"]},{"damage_healed":0,"gold_gain":0,"player_choice":"Ignored","damage_taken":0,"max_hp_gain":0,"max_hp_loss":0,"event_name":"The Mausoleum","floor":21,"gold_loss":0}],"is_beta":false,"boss_relics":[{"not_picked":["Runic Pyramid","Snecko Eye"],"picked":"Nuclear Battery"}],"items_purged_floors":[8],"is_endless":false,"potions_floor_spawned":[5,11,16,18],"killed_by":"Gremlin Leader","ascension_level":8}}