{"host":"4lch21uqe3ag08cj","time":1611789527,"event":{"mods":["AchievementEnabler","BaseMod","Block Reminder","Colored Map","Colored Powertips","Minty Spire (QoL Compilation)","Permanent Neow","Relic Stats"],"gold_per_floor":[209,209,221,31,49,74,74,84,84,104,133,150,150,0,0,129,129,150,175,175,94,94,136,136,183,236,259,307,232,261,261,261,389,389,423,445,445,470,486,520,529,559,559,602,148,182,205,220,220,220],"floor_reached":51,"language":"ENG","playtime":3073,"items_purged":["Regret","Defend_B"],"score":956,"play_id":"553be970-25ce-45df-8bfe-dd66582caa94","local_time":"20210127201847","is_ascension_mode":false,"campfire_choices":[{"data":"Loop","floor":7.0,"key":"SMITH"},{"data":"Consume","floor":15.0,"key":"SMITH"},{"floor":24.0,"key":"REST"},{"floor":32,"key":"REST"},{"data":"Creative AI","floor":49,"key":"SMITH"}],"circlet_count":0,"master_deck":["Defend_B","Defend_B","Defend_B","Zap","Dualcast","Consume+1","Ball Lightning","Chill","Loop+1","Capacitor","Leap+1","Loop","Cold Snap","Conserve Battery+1","Fission+1","Redo+1","FTL+1","Aggregate+1","Coolheaded+1","Undo+1","Capacitor","Genetic Algorithm+1","Cold Snap","White Noise+1","Electrodynamics","Electrodynamics","Chill+1","Defragment+1","Heatsinks+1","Fission+1","Chill+1","Creative AI+1","Force Field+1","Coolheaded+1","Undo+1"],"relics":["FrozenCore","StoneCalendar","Toxic Egg 2","Peace Pipe","Mango","Golden Idol","Runic Capacitor","Astrolabe","Shuriken","CeramicFish","Bag of Preparation","Nunchaku","Sundial","Enchiridion","Art of War","Emotion Chip","Akabeko","HornCleat"],"acts_visited":["Exordium","TheCity","TheBeyond"],"potions_floor_usage":[33,40,50],"damage_taken":[{"damage":0.0,"enemies":"2 Louse","floor":1.0,"turns":1.0},{"damage":3.0,"enemies":"Jaw Worm","floor":3.0,"turns":3.0},{"damage":6.0,"enemies":"Small Slimes","floor":5.0,"turns":3.0},{"damage":16.0,"enemies":"Lagavulin","floor":6.0,"turns":6.0},{"damage":6.0,"enemies":"2 Fungi Beasts","floor":8.0,"turns":5.0},{"damage":10.0,"enemies":"Lots of Slimes","floor":10.0,"turns":4.0},{"damage":27.0,"enemies":"Gremlin Nob","floor":11.0,"turns":4.0},{"damage":11.0,"enemies":"3 Louse","floor":12.0,"turns":3.0},{"damage":3.0,"enemies":"Hexaghost","floor":16.0,"turns":7.0},{"damage":25.0,"enemies":"2 Thieves","floor":18.0,"turns":4.0},{"damage":5.0,"enemies":"Chosen","floor":19.0,"turns":4.0},{"damage":7.0,"enemies":"Slavers","floor":23.0,"turns":6.0},{"damage":17.0,"enemies":"Gremlin Leader","floor":25.0,"turns":7.0},{"damage":0,"enemies":"Centurion and Healer","floor":27,"turns":7},{"damage":15,"enemies":"Slavers","floor":28,"turns":7},{"damage":0,"enemies":"Chosen and Byrds","floor":30,"turns":7},{"damage":0,"enemies":"Collector","floor":33,"turns":5},{"damage":0,"enemies":"Orb Walker","floor":35,"turns":6},{"damage":0,"enemies":"3 Shapes","floor":36,"turns":6},{"damage":0,"enemies":"Sphere and 2 Shapes","floor":38,"turns":4},{"damage":0,"enemies":"Transient","floor":39,"turns":5},{"damage":0,"enemies":"Reptomancer","floor":40,"turns":5},{"damage":5,"enemies":"Jaw Worm Horde","floor":42,"turns":3},{"damage":0,"enemies":"Giant Head","floor":44,"turns":7},{"damage":0,"enemies":"4 Shapes","floor":46,"turns":2},{"damage":0,"enemies":"Sphere and 2 Shapes","floor":47,"turns":3},{"damage":0,"enemies":"3 Darklings","floor":48,"turns":2},{"damage":0,"enemies":"Time Eater","floor":50,"turns":11}],"seed_played":"9024491999026995830","potions_obtained":[{"floor":5.0,"key":"Regen Potion"},{"floor":8.0,"key":"FocusPotion"},{"floor":11.0,"key":"BlessingOfTheForge"},{"floor":16.0,"key":"ColorlessPotion"},{"floor":19.0,"key":"DistilledChaos"},{"floor":23.0,"key":"Weak Potion"},{"floor":28,"key":"EssenceOfDarkness"},{"floor":30,"key":"Strength Potion"},{"floor":39,"key":"Fruit Juice"},{"floor":40,"key":"Block Potion"},{"floor":47,"key":"Dexterity Potion"}],"is_trial":false,"path_per_floor":["M","?","M","$","M","E","R","M","T","M","E","M","?","$","R","B",null,"M","M","?","$","?","E","R","E","T","M","E","?","M","?","R","B",null,"M","M","?","M","M","E","?","M","T","E","$","M","M","M","R","B",null],"character_chosen":"DEFECT","items_purchased":["Chill","Loop","Runic Capacitor","Capacitor","Force Field+1","HornCleat","Coolheaded+1"],"campfire_rested":2,"item_purchase_floors":[4,4,14,21,45,45,45],"current_hp_per_floor":[75,75,72,72,66,50,50,58,58,48,35,24,24,24,24,21,82,57,52,52,52,52,45,69,52,52,52,37,37,37,21,45,45,82,82,82,82,82,82,87,87,82,82,82,82,82,82,82,82,82],"gold":220,"neow_bonus":"HUNDRED_GOLD","is_daily":false,"chose_seed":false,"campfire_upgraded":3,"win_rate":0.0,"timestamp":1611789527,"path_taken":["M","?","M","$","M","E","R","M","T","M","E","M","?","$","R","BOSS","M","M","?","$","?","E","R","E","T","M","E","?","M","?","R","BOSS","M","M","?","?","M","E","?","M","T","E","$","?","M","M","R","BOSS"],"items_purchased_type":["Card","Card","Relic","Card","Card","Relic","Card"],"build_version":"2020-12-22","purchased_purges":2,"victory":true,"max_hp_per_floor":[75,75,75,75,75,75,75,75,75,75,89,89,82,82,82,82,82,82,82,82,82,82,82,82,82,82,82,82,82,82,82,82,82,82,82,82,82,82,82,87,87,87,87,87,87,87,87,87,87,87],"relic_stats":{"counters":[28,135],"Golden Idol":168,"Astrolabe":["Redo","FTL","Aggregate"],"CeramicFish":126,"StoneCalendar":[286],"Bag of Preparation":[30],"FrozenCore":[30],"Peace Pipe":0,"Nunchaku":[6],"Emotion Chip":[0,0,0,0,0],"Shuriken":[6],"Sundial":[10],"Art of War":[13],"obtain_stats":[{"Golden Idol":13,"Astrolabe":17,"CeramicFish":23,"Enchiridion":31,"StoneCalendar":2,"Mango":11,"Runic Capacitor":14,"Bag of Preparation":25,"Akabeko":44,"FrozenCore":34,"Peace Pipe":9,"Nunchaku":26,"Emotion Chip":43,"HornCleat":45,"Shuriken":22,"Sundial":28,"Art of War":40,"Toxic Egg 2":6,"Cracked Core":0},{"Golden Idol":8,"Astrolabe":9,"CeramicFish":12,"Enchiridion":16,"StoneCalendar":1,"Mango":7,"Runic Capacitor":8,"Bag of Preparation":13,"Akabeko":24,"FrozenCore":17,"Peace Pipe":5,"Nunchaku":13,"Emotion Chip":23,"HornCleat":24,"Shuriken":11,"Sundial":15,"Art of War":22,"Toxic Egg 2":4,"Cracked Core":0},{"Golden Idol":28,"Astrolabe":35,"CeramicFish":49,"Enchiridion":77,"StoneCalendar":1,"Mango":25,"Runic Capacitor":28,"Bag of Preparation":56,"Akabeko":118,"FrozenCore":82,"Peace Pipe":18,"Nunchaku":56,"Emotion Chip":111,"HornCleat":118,"Shuriken":43,"Sundial":70,"Art of War":108,"Toxic Egg 2":13,"Cracked Core":0}]},"card_choices":[{"not_picked":["Hologram","Double Energy"],"picked":"Consume","floor":1.0},{"not_picked":["FTL","Beam Cell"],"picked":"Ball Lightning","floor":3.0},{"not_picked":["Beam Cell","Turbo","Rebound"],"picked":"SKIP","floor":5.0},{"not_picked":["Reprogram+1","Tempest+1"],"picked":"Capacitor","floor":6.0},{"not_picked":["Beam Cell","Compile Driver"],"picked":"Leap+1","floor":8.0},{"not_picked":["Blizzard","Meteor Strike"],"picked":"Loop","floor":10.0},{"not_picked":["Sweeping Beam","Rebound"],"picked":"Cold Snap","floor":11.0},{"not_picked":["Turbo+1","Leap+1"],"picked":"Conserve Battery+1","floor":12.0},{"not_picked":["Buffer","Hyperbeam"],"picked":"Fission+1","floor":16.0},{"not_picked":["Sweeping Beam","Fusion+1"],"picked":"Coolheaded+1","floor":18.0},{"not_picked":["Beam Cell","Fusion+1"],"picked":"Undo+1","floor":19.0},{"not_picked":["Barrage+1","Static Discharge"],"picked":"Genetic Algorithm+1","floor":23.0},{"not_picked":["Capacitor","Steam Power+1"],"picked":"Cold Snap","floor":25},{"not_picked":["Stack+1","Leap+1","Hologram+1"],"picked":"SKIP","floor":27},{"not_picked":["Cold Snap","Streamline"],"picked":"White Noise+1","floor":28},{"not_picked":["Conserve Battery+1","Turbo+1"],"picked":"Electrodynamics","floor":30},{"not_picked":["Core Surge","Machine Learning"],"picked":"Electrodynamics","floor":33},{"not_picked":["Sunder+1","FTL"],"picked":"Chill+1","floor":35},{"not_picked":["Go for the Eyes","Cold Snap+1"],"picked":"Defragment+1","floor":36},{"not_picked":["Hologram+1","Beam Cell+1"],"picked":"Heatsinks+1","floor":38},{"not_picked":["Cold Snap+1","Rip and Tear","Turbo+1"],"picked":"SKIP","floor":39},{"not_picked":["Ball Lightning","Stack+1","Scrape"],"picked":"SKIP","floor":40},{"not_picked":["Loop","Cold Snap+1"],"picked":"Chill+1","floor":42},{"not_picked":["Self Repair+1","Meteor Strike"],"picked":"Creative AI","floor":44},{"not_picked":["Self Repair+1","Capacitor+1"],"picked":"Undo+1","floor":46},{"not_picked":["Gash","Chaos+1","Hologram+1"],"picked":"SKIP","floor":47},{"not_picked":["Rip and Tear","Beam Cell","Ball Lightning+1"],"picked":"SKIP","floor":48}],"player_experience":9650,"relics_obtained":[{"floor":6.0,"key":"Toxic Egg 2"},{"floor":9.0,"key":"Peace Pipe"},{"floor":11.0,"key":"Mango"},{"floor":23.0,"key":"CeramicFish"},{"floor":25,"key":"Bag of Preparation"},{"floor":26,"key":"Nunchaku"},{"floor":28,"key":"Sundial"},{"floor":31,"key":"Enchiridion"},{"floor":40,"key":"Art of War"},{"floor":43,"key":"Emotion Chip"},{"floor":44,"key":"Akabeko"}],"event_choices":[{"damage_healed":0.0,"max_hp_gain":0.0,"max_hp_loss":0.0,"gold_gain":0.0,"event_name":"Big Fish","player_choice":"Box","floor":2.0,"gold_loss":0.0,"damage_taken":0.0,"relics_obtained":["StoneCalendar"],"cards_obtained":["Regret"]},{"damage_healed":0.0,"max_hp_gain":0.0,"max_hp_loss":7.0,"gold_gain":0.0,"event_name":"Golden Idol","player_choice":"Lose Max HP","floor":13.0,"gold_loss":0.0,"damage_taken":0.0,"relics_obtained":["Golden Idol"]},{"damage_healed":0.0,"max_hp_gain":0.0,"max_hp_loss":0.0,"gold_gain":0.0,"event_name":"Vampires","player_choice":"Ignored","floor":20.0,"gold_loss":0.0,"damage_taken":0.0},{"damage_healed":0.0,"max_hp_gain":0.0,"max_hp_loss":0.0,"gold_gain":0.0,"event_name":"The Mausoleum","player_choice":"Opened","floor":22.0,"gold_loss":0.0,"damage_taken":0.0,"relics_obtained":["Shuriken"]},{"cards_removed":["Strike_B"],"damage_healed":0,"gold_gain":0,"player_choice":"Gave Gold","damage_taken":0,"max_hp_gain":0,"max_hp_loss":0,"event_name":"Beggar","floor":29,"gold_loss":75},{"damage_healed":0,"gold_gain":0,"player_choice":"Obtained Book","damage_taken":16,"max_hp_gain":0,"max_hp_loss":0,"event_name":"Cursed Tome","floor":31,"gold_loss":0},{"damage_healed":0,"gold_gain":0,"player_choice":"Ignored","damage_taken":0,"max_hp_gain":0,"max_hp_loss":0,"event_name":"NoteForYourself","floor":37,"gold_loss":0},{"damage_healed":0,"gold_gain":0,"player_choice":"Copied","damage_taken":0,"max_hp_gain":0,"max_hp_loss":0,"event_name":"Duplicator","floor":41,"gold_loss":0,"cards_obtained":["Fission"]}],"is_beta":false,"boss_relics":[{"not_picked":["Runic Dome","Tiny House"],"picked":"Astrolabe"},{"not_picked":["Black Star","Coffee Dripper"],"picked":"FrozenCore"}],"items_purged_floors":[4,45],"is_endless":false,"potions_floor_spawned":[5,8,11,16,19,23,28,30,39,40,47,48],"ascension_level":0}}