{"host":"y7357sx8ps3jkgoj","time":1611727415,"event":{"mods":["BaseMod","Downfall","Friendly Minions","Minty Spire (QoL Compilation)","Permanent Neow","Relic Stats","Shop Mod","StSLib","The Animator","The Bladedancer","The Bug Knight","The Exalted","The Forsaken","The Mystic","The Necromancer","The Poker Player","The Runesmith","Uncapped","Unceasing Turn Reminder"],"gold_per_floor":[99,110,121,121,141,175,175,193,103,113,13,33,33,44,59,159,159,159,179,64,78,93,193,216,248,248,265,265,282,182,216,229,229,229,229],"floor_reached":33,"language":"ENG","playtime":2688,"items_purged":["theForsaken:PlagueCurse","hexamod:Defend"],"score":293,"play_id":"d5c76f0e-7c60-410b-84e4-2913e0072d98","local_time":"20210127000335","is_ascension_mode":false,"campfire_choices":[{"data":"hexamod:TurnItUp","floor":1,"key":"SMITH"},{"data":"hexamod:GhostflameInferno","floor":11,"key":"SMITH"},{"data":"hexamod:Float","floor":13,"key":"SMITH"},{"data":"hexamod:ForkedFlame","floor":18,"key":"SMITH"},{"floor":26,"key":"RECALL"},{"data":"hexamod:EmpoweredFlame","floor":30,"key":"SMITH"}],"circlet_count":0,"master_deck":["hexamod:Strike","hexamod:Strike","hexamod:Defend","hexamod:Defend","hexamod:Defend","hexamod:Sear","hexamod:Float+1","hexamod:TurnItUp+1","hexamod:FirstSeal","hexamod:NightmareGuise","hexamod:SpectersWail","hexamod:GhostflameInferno+1","hexamod:FastForward","hexamod:StepThrough","hexamod:ForkedFlame+1","hexamod:WildfireWeapon","hexamod:NightmareGuise","hexamod:CatchUp","hexamod:EmpoweredFlame+1","hexamod:ExtraCrispy","Writhe","hexamod:TimeOfNeed","hexamod:StepThrough"],"relics":["hexamod:SpiritBrand","theForsaken:PlagueMask","Gremlin Horn","downfall:HeartBlessingGreen","Velvet Choker","PreservedInsect","Smiling Mask","downfall:HeartBlessingRed","Bromod:ArcaneTempo"],"acts_visited":["Exordium","TheCity"],"potions_floor_usage":[6,16,27,32,32],"damage_taken":[{"damage":0,"enemies":"Small Slimes","floor":2,"turns":3},{"damage":5,"enemies":"2 Louse","floor":3,"turns":3},{"damage":0,"enemies":"Jaw Worm","floor":5,"turns":3},{"damage":35,"enemies":"Gremlin Nob","floor":6,"turns":5},{"damage":2,"enemies":"Red Slaver","floor":8,"turns":3},{"damage":3,"enemies":"downfall:FleeingMerchant","floor":9,"turns":4},{"damage":18,"enemies":"Gremlin Gang","floor":10,"turns":3},{"damage":0,"enemies":"Blue Slaver","floor":12,"turns":3},{"damage":0,"enemies":"Large Slime","floor":14,"turns":3},{"damage":0,"enemies":"2 Fungi Beasts","floor":15,"turns":3},{"damage":43,"enemies":"WA_ARCHETYPE_RETAIN","floor":16,"turns":9},{"damage":7,"enemies":"Shell Parasite","floor":19,"turns":3},{"damage":0,"enemies":"downfall:FleeingMerchant","floor":20,"turns":4},{"damage":12,"enemies":"Centurion and Healer","floor":21,"turns":5},{"damage":0,"enemies":"Cultist and Chosen","floor":22,"turns":5},{"damage":17,"enemies":"Book of Stabbing","floor":25,"turns":4},{"damage":9,"enemies":"Chosen and Byrds","floor":27,"turns":5},{"damage":12,"enemies":"Centurion and Healer","floor":29,"turns":6},{"damage":17,"enemies":"HollowMod:Nosk","floor":31,"turns":5},{"damage":23,"enemies":"Snake Plant","floor":32,"turns":4},{"damage":32,"enemies":"DF_ARCHETYPE_CLAW","floor":33,"turns":4}],"seed_played":"-5735281612952999024","potions_obtained":[{"floor":3,"key":"SkillPotion"},{"floor":6,"key":"hexamod:EctoCoolerPotion"},{"floor":10,"key":"hexamod:EctoCoolerPotion"},{"floor":15,"key":"Weak Potion"},{"floor":19,"key":"Dexterity Potion"},{"floor":21,"key":"EssenceOfSteel"},{"floor":31,"key":"Energy Potion"},{"floor":32,"key":"BlessingOfTheForge"}],"is_trial":false,"path_per_floor":["R","M","M","?","M","E","T","M","$","M","R","M","R","M","M","B",null,"R","M","$","M","M","?","T","E","R","M","?","M","R","E","M","B"],"character_chosen":"THE_SPIRIT","items_purchased":[],"campfire_rested":0,"item_purchase_floors":[],"current_hp_per_floor":[70,70,65,65,70,42,42,40,44,33,33,40,40,47,54,18,70,70,70,70,65,70,70,70,60,60,58,58,53,53,43,27,0,0,0],"gold":229,"neow_bonus":"ONE_RANDOM_RARE_CARD","is_daily":false,"chose_seed":false,"campfire_upgraded":5,"win_rate":0.0,"timestamp":1611727415,"path_taken":["R","M","M","?","M","E","T","M","$","M","R","M","R","M","M","BOSS","R","M","$","M","M","?","T","E","R","M","?","M","R","E","M","BOSS"],"items_purchased_type":[],"build_version":"2020-12-22","purchased_purges":2,"victory":false,"max_hp_per_floor":[70,70,70,70,70,70,70,70,70,70,70,70,70,70,70,70,70,70,70,70,70,70,70,70,70,70,70,70,70,70,70,70,70,70,70],"relic_stats":{"Gremlin Horn":[8,8],"counters":[21,87],"PreservedInsect":52,"Smiling Mask":0,"obtain_stats":[{"Gremlin Horn":6,"downfall:HeartBlessingRed":30,"Velvet Choker":17,"Bromod:ArcaneTempo":31,"downfall:HeartBlessingGreen":11,"PreservedInsect":24,"theForsaken:PlagueMask":4,"Smiling Mask":25,"hexamod:SpiritBrand":0},{"Gremlin Horn":4,"downfall:HeartBlessingRed":18,"Velvet Choker":11,"Bromod:ArcaneTempo":19,"downfall:HeartBlessingGreen":7,"PreservedInsect":15,"theForsaken:PlagueMask":2,"Smiling Mask":16,"hexamod:SpiritBrand":0},{"Gremlin Horn":14,"downfall:HeartBlessingRed":74,"Velvet Choker":42,"Bromod:ArcaneTempo":79,"downfall:HeartBlessingGreen":24,"PreservedInsect":59,"theForsaken:PlagueMask":6,"Smiling Mask":63,"hexamod:SpiritBrand":0}]},"card_choices":[{"not_picked":["hexamod:BurningTouch","hexamod:RecurringNightmare"],"picked":"hexamod:FirstSeal","floor":2},{"not_picked":["hexamod:SpectersWail","hexamod:HeatShield"],"picked":"hexamod:NightmareGuise","floor":3},{"not_picked":["hexamod:InspiringFlames","hexamod:Hexaguard"],"picked":"hexamod:SpectersWail","floor":5},{"not_picked":["hexamod:HeatShield","hexamod:SpectersWail"],"picked":"hexamod:GhostflameInferno","floor":6},{"not_picked":["hexamod:HeatMetal","hexamod:ExtraCrispy"],"picked":"hexamod:FastForward","floor":8},{"not_picked":["hexamod:Rewind","hexamod:ParanormalForm"],"picked":"hexamod:StepThrough","floor":9},{"not_picked":["hexamod:SwordOfDarkness","hexamod:NightmareStrike"],"picked":"hexamod:EtherealExpedition","floor":10},{"not_picked":["hexamod:ExtraCrispy","hexamod:GhostLash","hexamod:GhostShield"],"picked":"SKIP","floor":12},{"not_picked":["hexamod:CatchUp","hexamod:ThermalTransfer","hexamod:PhantomFireball"],"picked":"SKIP","floor":14},{"not_picked":["hexamod:ExtraCrispy","hexamod:BurningTouch","hexamod:HeatMetal"],"picked":"SKIP","floor":15},{"not_picked":["hexamod:FifthSeal","hexamod:SearingWound"],"picked":"hexamod:ForkedFlame","floor":16},{"not_picked":["hexamod:ShieldOfDarkness","hexamod:NightmareGuise+1","hexamod:StepThrough"],"picked":"SKIP","floor":19},{"not_picked":["hexamod:CatchUp","hexamod:BurningTouch+1"],"picked":"hexamod:WildfireWeapon","floor":20},{"not_picked":["hexamod:ThermalTransfer","hexamod:InspiringFlames"],"picked":"hexamod:NightmareGuise","floor":21},{"not_picked":["hexamod:FourthSeal","hexamod:BurningTouch"],"picked":"hexamod:CatchUp","floor":22},{"not_picked":["hexamod:SpectersWail+1","hexamod:Hexaguard"],"picked":"hexamod:EmpoweredFlame","floor":25},{"not_picked":["hexamod:Firestarter","hexamod:InspiringFlames+1"],"picked":"hexamod:ExtraCrispy","floor":27},{"not_picked":["hexamod:BacktrackSmack+1","hexamod:InspiringFlames"],"picked":"hexamod:TimeOfNeed","floor":29},{"not_picked":["hexamod:AdvancingGuard","hexamod:TimeWarp","hexamod:EtherealExpedition"],"picked":"SKIP","floor":31},{"not_picked":["hexamod:SkipABeat","hexamod:ThermalTransfer"],"picked":"hexamod:StepThrough","floor":32}],"player_experience":415338,"relics_obtained":[{"floor":6,"key":"Gremlin Horn"},{"floor":24,"key":"PreservedInsect"},{"floor":25,"key":"Smiling Mask"},{"floor":31,"key":"Bromod:ArcaneTempo"}],"event_choices":[{"damage_healed":0,"gold_gain":0,"player_choice":"Obtain Plague Curse","damage_taken":0,"max_hp_gain":0,"max_hp_loss":0,"event_name":"Plague Doctor","floor":4,"gold_loss":0,"cards_obtained":["theForsaken:PlagueCurse"]}],"is_beta":false,"boss_relics":[{"not_picked":["Coffee Dripper","Cursed Key"],"picked":"Velvet Choker"}],"items_purged_floors":[9,20],"is_endless":false,"potions_floor_spawned":[3,6,10,15,19,21,31,32],"killed_by":"DF_ARCHETYPE_CLAW","ascension_level":0}}