{"host":"2wp95sdfrgw3k439","time":1611775695,"event":{"mods":["BaseMod","Better Altar","Better Skull","Better Third Choice","Curses Come First","Minty Spire (QoL Compilation)","Permanent Neow","Reliquary","StSLib"],"gold_per_floor":[114,128,128,128,78,112,112,146,146,146,162,192,192,367,367,367,367],"floor_reached":16,"language":"ENG","playtime":614,"items_purged":[],"score":145,"play_id":"49266a13-d6c1-41e2-abdd-34a3facf83cd","local_time":"20210127122815","is_ascension_mode":true,"campfire_choices":[{"floor":7,"key":"REST"},{"floor":10,"key":"REST"},{"data":"Havoc","floor":15,"key":"SMITH"}],"circlet_count":0,"master_deck":["Strike_R","Strike_R","Defend_R","Defend_R","Defend_R","Defend_R","Bash","Headbutt","Havoc+1","Reaper","Feed+1","Cleave+1","Thunderclap+1","Cleave+1","Doubt"],"relics":["Burning Blood","Juzu Bracelet","Lantern","Molten Egg 2","Sundial","The Courier","Ice Cream"],"acts_visited":["Exordium"],"potions_floor_usage":[12],"damage_taken":[{"damage":6,"enemies":"Cultist","floor":1,"turns":3},{"damage":0,"enemies":"Small Slimes","floor":2,"turns":3},{"damage":55,"enemies":"3 Sentries","floor":6,"turns":11},{"damage":50,"enemies":"Lagavulin","floor":8,"turns":7},{"damage":0,"enemies":"2 Louse","floor":11,"turns":1},{"damage":11,"enemies":"Gremlin Nob","floor":12,"turns":3},{"damage":55,"enemies":"The Guardian","floor":16,"turns":8}],"seed_played":"7374807118568413756","potions_obtained":[{"floor":8,"key":"ColorlessPotion"}],"is_trial":false,"path_per_floor":["M","M","?","?","?","E","R","E","T","R","M","E","?","?","R","B"],"character_chosen":"IRONCLAD","items_purchased":[],"campfire_rested":2,"item_purchase_floors":[],"current_hp_per_floor":[80,80,77,77,77,36,60,16,16,40,46,47,47,47,47,0,0],"gold":367,"neow_bonus":"RANDOM_COMMON_RELIC","is_daily":false,"chose_seed":false,"campfire_upgraded":1,"win_rate":0.0,"timestamp":1611775695,"path_taken":["M","M","?","?","?","E","R","E","T","R","M","E","?","?","R","BOSS"],"items_purchased_type":[],"build_version":"2020-12-22","purchased_purges":0,"victory":false,"max_hp_per_floor":[80,80,80,80,80,80,80,80,80,80,80,80,80,80,80,80,80],"card_choices":[{"not_picked":["Armaments","Warcry"],"picked":"Headbutt","floor":1},{"not_picked":["Headbutt","Armaments"],"picked":"Havoc","floor":2},{"not_picked":["Battle Trance","Cleave+1"],"picked":"Feed+1","floor":6},{"not_picked":["Twin Strike+1","Rupture"],"picked":"Cleave+1","floor":8},{"not_picked":["Power Through","Sword Boomerang+1"],"picked":"Thunderclap+1","floor":11},{"not_picked":["Flex","Shrug It Off"],"picked":"Cleave+1","floor":12}],"player_experience":476859,"relics_obtained":[{"floor":6,"key":"Molten Egg 2"},{"floor":8,"key":"Sundial"},{"floor":9,"key":"The Courier"},{"floor":12,"key":"Ice Cream"}],"event_choices":[{"damage_healed":0,"gold_gain":0,"player_choice":"Relic ","damage_taken":3,"max_hp_gain":0,"max_hp_loss":0,"event_name":"betterThird:BetterScrap","floor":3,"gold_loss":0,"cards_obtained":["Expertise"]},{"damage_healed":0,"gold_gain":0,"cards_transformed":["Strike_R"],"player_choice":"Change","damage_taken":0,"max_hp_gain":0,"max_hp_loss":0,"event_name":"Living Wall","floor":4,"gold_loss":0,"cards_obtained":["Reaper"]},{"cards_removed":["Strike_R"],"damage_healed":0,"gold_gain":0,"player_choice":"Card Removal","damage_taken":0,"max_hp_gain":0,"max_hp_loss":0,"event_name":"The Cleric","floor":5,"gold_loss":50},{"cards_removed":["Strike_R"],"damage_healed":0,"gold_gain":0,"player_choice":"Offered Basic","damage_taken":0,"max_hp_gain":0,"max_hp_loss":0,"event_name":"Bonfire Elementals","floor":13,"gold_loss":0},{"damage_healed":0,"gold_gain":175,"player_choice":"AGREE","damage_taken":192,"max_hp_gain":0,"max_hp_loss":0,"event_name":"betterThird:BetterSerpent","floor":14,"gold_loss":0}],"is_beta":false,"boss_relics":[],"items_purged_floors":[],"is_endless":false,"potions_floor_spawned":[8],"killed_by":"The Guardian","ascension_level":5}}