{"host":"ixpjvd0r4p7lnmut","time":1611745410,"event":{"mods":["BaseMod","Block Reminder","Colored Map","Colored Powertips","Minty Spire (QoL Compilation)","Rare Cards Sparkle","Relic Stats","StSLib"],"gold_per_floor":[119,138,67,87,87,87,113,125,137,177,205,217,239,267,279,389,401,401,401,401,401,401,401,81,81,81,31,31,31,31,31,31,31,31,31,31,31,31,0,0,0,0,0,0,0,0,0],"floor_reached":46,"language":"ENG","playtime":2357,"items_purged":["Strike_G","Strike_G"],"score":503,"play_id":"d1beb191-a596-4045-8dad-ef624351308a","local_time":"20210127030330","is_ascension_mode":false,"campfire_choices":[{"data":"Crippling Poison","floor":6,"key":"SMITH"},{"data":"Crippling Poison","floor":8,"key":"SMITH"},{"floor":12,"key":"REST"},{"floor":15,"key":"REST"},{"data":"Envenom","floor":23,"key":"SMITH"},{"floor":28,"key":"REST"},{"data":"Footwork","floor":32,"key":"SMITH"},{"floor":40,"key":"REST"},{"data":"Deadly Poison","floor":42,"key":"SMITH"}],"circlet_count":0,"master_deck":["Strike_G","Strike_G","Strike_G","Defend_G","Defend_G","Defend_G","Defend_G","Defend_G","Survivor","Neutralize","Deadly Poison+1","Crippling Poison+1","Crippling Poison+1","Outmaneuver","Adrenaline","Quick Slash","Backflip","Predator","Envenom+1","Bane","Leg Sweep+1","Poisoned Stab+1","Footwork+1","PiercingWail+1","Quick Slash+1","Bane+1","Adrenaline","Poisoned Stab+1","Parasite","Terror+1","Footwork+1","Deadly Poison","PiercingWail"],"relics":["Velvet Choker","Akabeko","MawBank","Kunai","Ancient Tea Set","Ectoplasm","Membership Card","Blood Vial","Bottled Tornado","Ornamental Fan","The Courier","Black Star","Torii"],"acts_visited":["Exordium","TheCity","TheBeyond"],"potions_floor_usage":[7,11,16,16,21,25,25,29,33,33,33,41,41,46],"damage_taken":[{"damage":1,"enemies":"Jaw Worm","floor":1,"turns":4},{"damage":0,"enemies":"2 Louse","floor":2,"turns":2},{"damage":0,"enemies":"Cultist","floor":4,"turns":3},{"damage":20,"enemies":"Gremlin Nob","floor":7,"turns":4},{"damage":3,"enemies":"3 Sentries","floor":10,"turns":8},{"damage":7,"enemies":"Exordium Thugs","floor":11,"turns":4},{"damage":4,"enemies":"3 Louse","floor":13,"turns":2},{"damage":2,"enemies":"Looter","floor":14,"turns":2},{"damage":50,"enemies":"Slime Boss","floor":16,"turns":16},{"damage":16,"enemies":"Spheric Guardian","floor":18,"turns":6},{"damage":0,"enemies":"3 Byrds","floor":19,"turns":4},{"damage":9,"enemies":"Centurion and Healer","floor":20,"turns":6},{"damage":5,"enemies":"Chosen and Byrds","floor":21,"turns":5},{"damage":1,"enemies":"Snake Plant","floor":22,"turns":3},{"damage":4,"enemies":"Book of Stabbing","floor":25,"turns":6},{"damage":0,"enemies":"Slavers","floor":29,"turns":4},{"damage":9,"enemies":"Centurion and Healer","floor":30,"turns":3},{"damage":3,"enemies":"Sentry and Sphere","floor":31,"turns":4},{"damage":25,"enemies":"Champ","floor":33,"turns":9},{"damage":4,"enemies":"3 Darklings","floor":35,"turns":4},{"damage":11,"enemies":"Orb Walker","floor":36,"turns":3},{"damage":26,"enemies":"Writhing Mass","floor":38,"turns":6},{"damage":0,"enemies":"Maw","floor":41,"turns":5},{"damage":22,"enemies":"4 Shapes","floor":44,"turns":4},{"damage":0,"enemies":"Transient","floor":45,"turns":5},{"damage":40,"enemies":"Reptomancer","floor":46,"turns":6}],"seed_played":"-2209555979393250285","potions_obtained":[{"floor":4,"key":"SkillPotion"},{"floor":7,"key":"Weak Potion"},{"floor":13,"key":"SkillPotion"},{"floor":14,"key":"DistilledChaos"},{"floor":16,"key":"SpeedPotion"},{"floor":18,"key":"GamblersBrew"},{"floor":22,"key":"GamblersBrew"},{"floor":25,"key":"SpeedPotion"},{"floor":29,"key":"FearPotion"},{"floor":31,"key":"DistilledChaos"},{"floor":38,"key":"CunningPotion"},{"floor":45,"key":"Weak Potion"}],"is_trial":false,"path_per_floor":["M","M","$","M","?","R","E","R","T","E","M","R","M","M","R","B",null,"M","M","M","M","M","R","$","E","T","$","R","E","M","M","R","B",null,"M","M","?","M","$","R","M","R","T","M","M","E"],"character_chosen":"THE_SILENT","items_purchased":["Crippling Poison","Membership Card","Footwork","Blood Vial","BlessingOfTheForge","LiquidBronze"],"campfire_rested":4,"item_purchase_floors":[3,24,24,24,24,39],"current_hp_per_floor":[69,69,69,69,57,57,37,37,37,34,27,48,44,42,63,13,70,54,54,45,40,39,39,39,37,37,37,58,60,53,52,52,29,70,66,57,57,33,33,54,56,56,56,36,38,0,0],"gold":0,"neow_bonus":"BOSS_RELIC","is_daily":false,"chose_seed":false,"campfire_upgraded":5,"win_rate":0.0,"timestamp":1611745410,"path_taken":["M","M","$","M","?","R","E","R","T","E","M","R","M","M","R","BOSS","M","M","M","M","M","R","$","E","T","$","R","E","M","M","R","BOSS","M","M","?","M","?","R","M","R","T","M","M","E"],"items_purchased_type":["Card","Relic","Card","Relic","Potion","Potion"],"build_version":"2020-12-22","purchased_purges":2,"victory":false,"max_hp_per_floor":[70,70,70,70,70,70,70,70,70,70,70,70,70,70,70,70,70,70,70,70,70,70,70,70,70,70,70,70,70,70,70,70,70,70,70,70,70,70,70,70,70,70,70,70,70,70,70],"relic_stats":{"Blood Vial":22,"Torii":5,"counters":[26,128],"Ornamental Fan":[60],"Ectoplasm":448,"Black Star":0,"Kunai":[32],"MawBank":120,"obtain_stats":[{"Torii":43,"Velvet Choker":0,"The Courier":29,"Bottled Tornado":25,"MawBank":7,"Ancient Tea Set":10,"Akabeko":5,"Blood Vial":24,"Ornamental Fan":26,"Ectoplasm":17,"Black Star":34,"Kunai":9,"Membership Card":24,"Ring of the Snake":0},{"Torii":23,"Velvet Choker":0,"The Courier":16,"Bottled Tornado":15,"MawBank":4,"Ancient Tea Set":5,"Akabeko":3,"Blood Vial":14,"Ornamental Fan":15,"Ectoplasm":9,"Black Star":19,"Kunai":4,"Membership Card":14,"Ring of the Snake":0},{"Torii":113,"Velvet Choker":0,"The Courier":79,"Bottled Tornado":75,"MawBank":13,"Ancient Tea Set":21,"Akabeko":9,"Blood Vial":69,"Ornamental Fan":75,"Ectoplasm":45,"Black Star":95,"Kunai":13,"Membership Card":69,"Ring of the Snake":0}]},"card_choices":[{"not_picked":["Blade Dance","Quick Slash"],"picked":"Deadly Poison","floor":1},{"not_picked":["Flying Knee","Dagger Spray"],"picked":"Crippling Poison","floor":2},{"not_picked":["Sucker Punch","Riddle With Holes"],"picked":"Outmaneuver","floor":4},{"not_picked":["After Image","Flying Knee"],"picked":"Adrenaline","floor":7},{"not_picked":["PiercingWail","Outmaneuver"],"picked":"Quick Slash","floor":10},{"not_picked":["Endless Agony","Cloak And Dagger","Deflect"],"picked":"SKIP","floor":11},{"not_picked":["Quick Slash","Doppelganger"],"picked":"Backflip","floor":13},{"not_picked":["Quick Slash","Acrobatics"],"picked":"Predator","floor":14},{"not_picked":["Tools of the Trade","Burst"],"picked":"Envenom","floor":16},{"not_picked":["Outmaneuver","Blade Dance"],"picked":"Bane","floor":18},{"not_picked":["Endless Agony","Underhanded Strike"],"picked":"Leg Sweep+1","floor":19},{"not_picked":["Noxious Fumes","Flying Knee"],"picked":"Poisoned Stab+1","floor":20},{"not_picked":["Dodge and Roll+1","Backflip","Deflect"],"picked":"SKIP","floor":21},{"not_picked":["All Out Attack","Reflex","Heel Hook"],"picked":"SKIP","floor":22},{"not_picked":["PiercingWail+1","Slice","After Image"],"picked":"SKIP","floor":25},{"not_picked":["Slice","After Image"],"picked":"PiercingWail+1","floor":25},{"not_picked":["Sucker Punch","Prepared"],"picked":"Quick Slash+1","floor":29},{"not_picked":["Deadly Poison","Well Laid Plans"],"picked":"Bane+1","floor":30},{"not_picked":["Masterful Stab","Infinite Blades","Backstab"],"picked":"SKIP","floor":31},{"not_picked":["Bullet Time","Grand Finale"],"picked":"Adrenaline","floor":33},{"not_picked":["Caltrops","Outmaneuver","Predator+1"],"picked":"SKIP","floor":35},{"not_picked":["PiercingWail+1","Concentrate"],"picked":"Poisoned Stab+1","floor":36},{"not_picked":["Deflect","All Out Attack+1"],"picked":"Terror+1","floor":38},{"not_picked":["Quick Slash+1","Eviscerate+1"],"picked":"Footwork+1","floor":41},{"not_picked":["Eviscerate+1","Deflect"],"picked":"Deadly Poison","floor":44},{"not_picked":["Bane","Cloak And Dagger+1"],"picked":"PiercingWail","floor":45}],"player_experience":128917,"relics_obtained":[{"floor":7,"key":"MawBank"},{"floor":9,"key":"Kunai"},{"floor":10,"key":"Ancient Tea Set"},{"floor":25,"key":"Bottled Tornado"},{"floor":26,"key":"Ornamental Fan"},{"floor":29,"key":"The Courier"},{"floor":43,"key":"Torii"}],"event_choices":[{"damage_healed":0,"gold_gain":0,"player_choice":"Success","damage_taken":12,"relics_obtained":["Akabeko"],"max_hp_gain":0,"max_hp_loss":0,"event_name":"Scrap Ooze","floor":5,"gold_loss":0},{"damage_healed":0,"gold_gain":0,"player_choice":"Ignored","damage_taken":0,"max_hp_gain":0,"max_hp_loss":0,"event_name":"NoteForYourself","floor":37,"gold_loss":0}],"is_beta":false,"boss_relics":[{"not_picked":["HoveringKite","Busted Crown"],"picked":"Ectoplasm"},{"not_picked":["SlaversCollar","Philosopher\u0027s Stone"],"picked":"Black Star"}],"items_purged_floors":[24,27],"is_endless":false,"potions_floor_spawned":[4,7,13,14,16,18,22,25,29,31,38,45],"killed_by":"Reptomancer","ascension_level":0}}