{"host":"va904f3s24glxxej","time":1611776570,"event":{"mods":["AchievementEnabler","BaseMod","Colored Powertips","Downfall","Hubris","Minty Spire (QoL Compilation)","Replay The Spire","StSLib","The Necromancer"],"gold_per_floor":[99,2,102,277,277,277,304,304,237,106,106,125,125,160,170,265,265,265,284,284,97,114,140,193,193,211,211,241,41,54,54,66,168,168,68,87,36,51,51,65,65,81,99,99,99,99,99,99,99,81,94,94],"floor_reached":53,"language":"ENG","playtime":3176,"items_purged":["Doubt","ReplayTheSpireMod:Splinters"],"score":816,"play_id":"82fd76e2-a090-45d9-9c3d-026b7935b089","local_time":"20210127194250","is_ascension_mode":true,"campfire_choices":[{"data":"bronze:Replicate","floor":1,"key":"SMITH"},{"floor":11,"key":"REST"},{"data":"bronze:Terminator","floor":13,"key":"SMITH"},{"data":"bronze:Virus","floor":18,"key":"SMITH"},{"floor":27,"key":"REST"},{"data":"Mayhem","floor":35,"key":"SMITH"},{"data":"expansioncontent:AwakenDeath","floor":47,"key":"SMITH"}],"circlet_count":0,"master_deck":["bronze:Strike","bronze:Strike","bronze:Strike","bronze:Strike","bronze:Defend","bronze:Defend","bronze:Defend","bronze:Defend","bronze:Replicate+1","bronze:Goto","bronze:Terminator+1","expansioncontent:AwakenDeath+1","downfall:Haunted","downfall:Haunted","bronze:Virus+1","bronze:Separator","bronze:Constructor","bronze:MaxOutput","Vampiric_Strike","bronze:InfiniteLoop","Uncharnel","expansioncontent:QuickStudy","bronze:Repair","bronze:Repair+1","bronze:Turbo","bronze:GetLatest+1","bronze:Assembly","Mayhem+1","The Bomb","hubris:EnhanceAbility","bronze:BurnOut","bronze:FineTuning","bronze:MaxOutput","bronze:MaxOutput","Life_Drain"],"relics":["bronze:BronzeCore","downfall:HeartsMalice","Du-Vu Doll","bronze:SilverBullet","hubris:DisguiseKit","hubris:ScarierMask","Potion Belt","Guardian:PocketSentry","Oddly Smooth Stone","War Paint","Simple Rune","ReplayTheSpireMod:ShopPack","SacredBark","downfall:HeartBlessingGreen","Ice Cream","hubris:Icosahedron","PreservedInsect","Bottled Flame"],"acts_visited":["Exordium","TheCity","TheBeyond"],"potions_floor_usage":[20,21,21,23,23,28,33,33,38,43,50],"damage_taken":[{"damage":0,"enemies":"downfall:FleeingMerchant","floor":2,"turns":1},{"damage":0,"enemies":"2 Louse","floor":5,"turns":1},{"damage":0,"enemies":"Small Slimes","floor":6,"turns":1},{"damage":22,"enemies":"Lagavulin","floor":9,"turns":5},{"damage":10,"enemies":"downfall:FleeingMerchant","floor":10,"turns":4},{"damage":0,"enemies":"Jaw Worm","floor":12,"turns":1},{"damage":2,"enemies":"Gremlin Nob","floor":14,"turns":3},{"damage":10,"enemies":"Exordium Thugs","floor":15,"turns":2},{"damage":179,"enemies":"IC_STATUS_ARCHETYPE","floor":16,"turns":4},{"damage":2,"enemies":"Chosen","floor":19,"turns":3},{"damage":12,"enemies":"downfall:FleeingMerchant","floor":21,"turns":4},{"damage":21,"enemies":"Snake Plant","floor":22,"turns":2},{"damage":53,"enemies":"Book of Stabbing","floor":23,"turns":6},{"damage":6,"enemies":"Cultist and Chosen","floor":26,"turns":2},{"damage":0,"enemies":"Slavers","floor":28,"turns":4},{"damage":0,"enemies":"downfall:FleeingMerchant","floor":29,"turns":1},{"damage":0,"enemies":"3 Cultists","floor":30,"turns":3},{"damage":3,"enemies":"Centurion and Healer","floor":32,"turns":5},{"damage":54,"enemies":"WA_ARCHETYPE_CALM","floor":33,"turns":9},{"damage":20,"enemies":"Orb Walker","floor":36,"turns":4},{"damage":17,"enemies":"3 Shapes","floor":38,"turns":2},{"damage":0,"enemies":"Sphere and 2 Shapes","floor":40,"turns":2},{"damage":66,"enemies":"4 Shapes","floor":42,"turns":4},{"damage":21,"enemies":"Spire Growth","floor":43,"turns":4},{"damage":25,"enemies":"Giant Head","floor":50,"turns":6},{"damage":31,"enemies":"Maw","floor":51,"turns":5},{"damage":41,"enemies":"SI_POISON_ARCHETYPE","floor":52,"turns":9}],"seed_played":"5840284607996823705","potions_obtained":[{"floor":9,"key":"Languid Potion"},{"floor":12,"key":"BlessingOfTheForge"},{"floor":16,"key":"LiquidBronze"},{"floor":20,"key":"Fruit Juice"},{"floor":20,"key":"SteroidPotion"},{"floor":22,"key":"Flashbang"},{"floor":26,"key":"ColorlessPotion"},{"floor":30,"key":"Block Potion"},{"floor":32,"key":"champ:CounterPotion"},{"floor":33,"key":"Ancient Potion"},{"floor":36,"key":"DistilledChaos"},{"floor":43,"key":"hexamod:SoulburnPotion"}],"is_trial":false,"path_per_floor":["R","$","?","?","M","M","T","?","E","$","R","M","R","E","M","B",null,"R","M","?","$","M","E","T","?","M","R","E","$","M","$","M","B",null,"R","M","$","M","$","M","T","M","M","?","PTL","PTL","R","?","?","E","M","B",null],"character_chosen":"THE_AUTOMATON","items_purchased":["expansioncontent:AwakenDeath","bronze:MaxOutput","expansioncontent:QuickStudy","War Paint","Simple Rune","ReplayTheSpireMod:ShopPack","bronze:MaxOutput"],"campfire_rested":2,"item_purchase_floors":[2,10,21,29,29,29,37],"current_hp_per_floor":[70,70,75,75,75,75,75,80,58,48,72,72,72,70,60,20,80,80,78,83,71,50,4,4,32,29,54,73,83,83,83,82,38,85,85,75,75,68,68,70,70,14,30,74,74,74,74,74,74,59,34,16],"gold":94,"neow_bonus":"THREE_ENEMY_KILL","is_daily":false,"chose_seed":false,"campfire_upgraded":5,"win_rate":0.0,"timestamp":1611776570,"path_taken":["R","$","?","?","M","M","T","?","E","$","R","M","R","E","M","BOSS","R","M","?","?","M","E","T","?","M","R","E","?","?","$","M","BOSS","R","M","$","M","$","M","T","M","M","?","PTL","PTL","R","?","?","E","M","BOSS"],"items_purchased_type":["Card","Card","Card","Relic","Relic","Relic","Card"],"build_version":"2020-12-22","purchased_purges":2,"victory":true,"max_hp_per_floor":[70,70,75,75,75,75,75,80,80,80,80,80,80,80,80,80,80,80,80,85,85,85,85,85,85,85,85,85,85,85,85,85,85,85,85,85,85,85,85,85,85,85,85,74,74,74,74,74,74,74,74,74],"card_choices":[{"not_picked":["bronze:ChildClass","bronze:DelayedGuard"],"picked":"bronze:Terminator","floor":2},{"not_picked":["bronze:Fortify","bronze:InfiniteBeams"],"picked":"bronze:Separator","floor":5},{"not_picked":["bronze:Shell","bronze:DelayedSlice"],"picked":"bronze:Constructor","floor":6},{"not_picked":["bronze:CloningBeam","bronze:Branch","bronze:Invalidate"],"picked":"SKIP","floor":9},{"not_picked":["bronze:Assembly","bronze:BronzeArmor","bronze:OilSpill"],"picked":"SKIP","floor":10},{"not_picked":["bronze:Iterate","bronze:Shield","bronze:Frontload"],"picked":"SKIP","floor":12},{"not_picked":["bronze:DelayedGuard","bronze:Shield","bronze:ChildClass"],"picked":"SKIP","floor":14},{"not_picked":["bronze:Overload","bronze:CutThrough","bronze:CloningBeam"],"picked":"Vampiric_Strike","floor":15},{"not_picked":["bronze:Format","bronze:CleanCode","Hellfire"],"picked":"bronze:InfiniteLoop","floor":16},{"not_picked":["bronze:OilSpill","bronze:Frontload","bronze:Invalidate"],"picked":"Uncharnel","floor":19},{"not_picked":["bronze:DelayedSlice","bronze:Shield","bronze:BuggyMess","Negative_Energy_Shield"],"picked":"SKIP","floor":21},{"not_picked":["bronze:Refactor","bronze:BugBarrage","Negative_Energy_Javelin"],"picked":"bronze:Repair","floor":22},{"not_picked":["bronze:BugBarrage+1","bronze:CutThrough","Spectral_Walk"],"picked":"bronze:Repair+1","floor":23},{"not_picked":["bronze:Overload","bronze:DigitalCarnage","Spectral_Armor"],"picked":"bronze:Turbo","floor":26},{"not_picked":["bronze:BuggyMess","bronze:Turbo","Bone_Shift"],"picked":"bronze:GetLatest+1","floor":28},{"not_picked":["bronze:BuggyMess","bronze:Shield","Shade_Step"],"picked":"bronze:Assembly","floor":29},{"not_picked":["hubris:EnhanceAbility","The Bomb","Poisoned Strike"],"picked":"Mayhem","floor":29},{"not_picked":["Replay:Parry","PanicButton","Good Instincts"],"picked":"The Bomb","floor":29},{"not_picked":["Finesse","Mind Blast","Secret Technique"],"picked":"hubris:EnhanceAbility","floor":29},{"not_picked":["bronze:Shield+1","bronze:Invalidate","bronze:Turbo","Bone_Bullets"],"picked":"SKIP","floor":30},{"not_picked":["bronze:GetLatest","bronze:Frontload+1","bronze:Overheat","Negative_Energy_Javelin"],"picked":"SKIP","floor":32},{"not_picked":["bronze:Virus","bronze:Break","Negative_Energy_Bomb"],"picked":"bronze:BurnOut","floor":33},{"not_picked":["bronze:DelayedSlice+1","bronze:WhirlingStrike+1","Negative_Energy_Shield"],"picked":"bronze:FineTuning","floor":36},{"not_picked":["bronze:OilSpill+1","bronze:Overheat+1","bronze:RecursiveStrike","Negative_Energy_Shield"],"picked":"SKIP","floor":38},{"not_picked":["bronze:DelayedSlice+1","bronze:DelayedGuard+1","bronze:Terminator","Necrotic_Claws"],"picked":"SKIP","floor":40},{"not_picked":["bronze:CloningBeam+1","bronze:Fortify+1","bronze:FineTuning","Bone_Armor"],"picked":"SKIP","floor":42},{"not_picked":["bronze:Overheat+1","bronze:FollowUp+1","bronze:DelayedGuard+1"],"picked":"Life_Drain","floor":43},{"not_picked":["bronze:BugBarrage","bronze:OilSpill+1","bronze:BronzeArmor","Blood_Curse"],"picked":"SKIP","floor":50},{"not_picked":["bronze:DelayedSlice","bronze:Branch","bronze:Frontload+1","Toxic_Smoke_Screen"],"picked":"SKIP","floor":51}],"player_experience":770102,"relics_obtained":[{"floor":7,"key":"bronze:SilverBullet"},{"floor":14,"key":"hubris:DisguiseKit"},{"floor":23,"key":"Potion Belt"},{"floor":24,"key":"Guardian:PocketSentry"},{"floor":28,"key":"Oddly Smooth Stone"},{"floor":41,"key":"Ice Cream"},{"floor":49,"key":"PreservedInsect"},{"floor":50,"key":"Bottled Flame"}],"event_choices":[{"damage_healed":0,"gold_gain":0,"player_choice":"Donut","damage_taken":0,"max_hp_gain":5,"max_hp_loss":0,"event_name":"Big Fish","floor":8,"gold_loss":0},{"damage_healed":0,"gold_gain":0,"player_choice":"Got Potions","damage_taken":0,"max_hp_gain":0,"max_hp_loss":0,"event_name":"Lab","floor":20,"gold_loss":0},{"damage_healed":28,"gold_gain":0,"player_choice":"Heal","damage_taken":0,"max_hp_gain":0,"max_hp_loss":0,"event_name":"The Library","floor":25,"gold_loss":0}],"is_beta":false,"boss_relics":[{"not_picked":["Coffee Dripper","Tiny House"],"picked":"hubris:ScarierMask"},{"not_picked":["Fusion Hammer","Replay:Ancient Bell"],"picked":"SacredBark"}],"items_purged_floors":[10,29],"is_endless":false,"potions_floor_spawned":[9,12,16,22,26,30,32,33,36,43],"ascension_level":1}}