{"host":"6rz02yiipefhcw4r","time":1611773326,"event":{"mods":["2.2 Compatiblity","BaseMod","Block Reminder","Colored Map","Curses Come First","DeckTracker","Googly Eyes","Minty Spire (QoL Compilation)","Quick Restart","Rare Cards Sparkle","StSLib"],"gold_per_floor":[116,135,146,158,175,175,194,227,227,261,39,59,24,40,40,114,114,125,125,125],"floor_reached":19,"language":"ENG","playtime":1004,"items_purged":[],"score":391,"play_id":"ec01bbb1-a0a6-43fd-b6e5-d019c3d9f33a","local_time":"20210127164846","is_ascension_mode":true,"campfire_choices":[{"data":"Feed","floor":6,"key":"SMITH"},{"data":"Disarm","floor":15,"key":"SMITH"}],"circlet_count":0,"master_deck":["AscendersBane","Strike_R","Strike_R","Strike_R","Strike_R","Strike_R","Defend_R","Defend_R","Defend_R","Defend_R","Bash","Feed+1","Twin Strike","Flex","Flame Barrier","Inflame","Disarm+1","Iron Wave","True Grit","Clothesline","Twin Strike","Bludgeon","Shrug It Off+1"],"relics":["Burning Blood","Bottled Lightning","Darkstone Periapt","Matryoshka","OrangePellets","Snecko Eye"],"acts_visited":["Exordium","TheCity"],"potions_floor_usage":[12,16,19],"damage_taken":[{"damage":4,"enemies":"Jaw Worm","floor":1,"turns":5},{"damage":6,"enemies":"2 Louse","floor":2,"turns":3},{"damage":1,"enemies":"Cultist","floor":3,"turns":3},{"damage":15,"enemies":"Lots of Slimes","floor":4,"turns":5},{"damage":1,"enemies":"2 Fungi Beasts","floor":5,"turns":6},{"damage":7,"enemies":"Looter","floor":7,"turns":4},{"damage":47,"enemies":"Gremlin Nob","floor":8,"turns":5},{"damage":25,"enemies":"3 Sentries","floor":10,"turns":11},{"damage":14,"enemies":"Gremlin Gang","floor":12,"turns":6},{"damage":7,"enemies":"Blue Slaver","floor":14,"turns":8},{"damage":18,"enemies":"Hexaghost","floor":16,"turns":12},{"damage":0,"enemies":"Chosen","floor":18,"turns":5},{"damage":63,"enemies":"Masked Bandits","floor":19,"turns":5}],"seed_played":"460896667393996388","potions_obtained":[{"floor":3,"key":"BlessingOfTheForge"},{"floor":8,"key":"Weak Potion"},{"floor":10,"key":"BloodPotion"},{"floor":12,"key":"FearPotion"},{"floor":18,"key":"Weak Potion"}],"is_trial":false,"path_per_floor":["M","M","M","M","M","R","M","E","T","E","$","M","?","M","R","B",null,"M","?"],"character_chosen":"IRONCLAD","items_purchased":["OrangePellets","True Grit"],"campfire_rested":0,"item_purchase_floors":[11,11],"current_hp_per_floor":[55,58,66,60,68,68,71,30,30,15,15,11,36,39,39,27,86,92,29,29],"gold":125,"neow_bonus":"THREE_RARE_CARDS","is_daily":false,"chose_seed":false,"campfire_upgraded":2,"win_rate":0.0,"timestamp":1611773326,"path_taken":["M","M","M","M","M","R","M","E","T","E","$","M","?","M","R","BOSS","M","?"],"items_purchased_type":["Relic","Card"],"build_version":"2020-12-22","purchased_purges":0,"victory":false,"max_hp_per_floor":[78,81,84,87,90,90,94,94,94,98,98,102,102,106,106,106,106,106,106,106],"card_choices":[{"not_picked":["Impervious","Immolate"],"picked":"Feed","floor":0},{"not_picked":["Seeing Red","Rage"],"picked":"Twin Strike","floor":1},{"not_picked":["Infernal Blade","Clash"],"picked":"Flex","floor":2},{"not_picked":["Seeing Red","Wild Strike"],"picked":"Flame Barrier","floor":3},{"not_picked":["Sever Soul","Sentinel","Wild Strike"],"picked":"SKIP","floor":4},{"not_picked":["Clash","Warcry"],"picked":"Inflame","floor":5},{"not_picked":["Havoc","Perfected Strike"],"picked":"Disarm","floor":7},{"not_picked":["Feel No Pain","Sentinel"],"picked":"Iron Wave","floor":8},{"not_picked":["Clash","Burning Pact","Wild Strike"],"picked":"SKIP","floor":10},{"not_picked":["Clash","Wild Strike"],"picked":"Clothesline","floor":12},{"not_picked":["Juggernaut","Iron Wave"],"picked":"Twin Strike","floor":14},{"not_picked":["Fiend Fire","Brutality"],"picked":"Bludgeon","floor":16},{"not_picked":["Power Through","Flex"],"picked":"Shrug It Off+1","floor":18}],"player_experience":740068,"relics_obtained":[{"floor":8,"key":"Bottled Lightning"},{"floor":9,"key":"Darkstone Periapt"},{"floor":10,"key":"Matryoshka"}],"event_choices":[{"damage_healed":25,"gold_gain":0,"player_choice":"Healed","damage_taken":0,"max_hp_gain":0,"max_hp_loss":0,"event_name":"The Cleric","floor":13,"gold_loss":35},{"damage_healed":0,"gold_gain":0,"player_choice":"Fought Bandits","damage_taken":0,"max_hp_gain":0,"max_hp_loss":0,"event_name":"Masked Bandits","floor":19,"gold_loss":0}],"is_beta":false,"boss_relics":[{"not_picked":["Pandora\u0027s Box","Velvet Choker"],"picked":"Snecko Eye"}],"items_purged_floors":[],"is_endless":false,"potions_floor_spawned":[3,8,10,12,18],"killed_by":"Masked Bandits","ascension_level":20}}