{"host":"zkqorkqsr6o67e8b","time":1611752117,"event":{"mods":["BaseMod","Better Vampires","Minty Spire (QoL Compilation)","Quick Restart","StSLib","The Alterego","Waifu the Spire","Yakumo Yukari mod","¡¾ÒÅÎï¿¨ÅÆ¡¿REMEMod"],"gold_per_floor":[139,139,157,157,157,157,157,157],"floor_reached":7,"language":"ZHS","playtime":192,"items_purged":[],"score":70,"play_id":"186ca85d-36bf-438f-99b5-1fb30fe4c62e","local_time":"20210127205517","is_ascension_mode":true,"campfire_choices":[{"data":"Observe_purple_1","floor":6,"key":"SMITH"}],"circlet_count":0,"master_deck":["AscendersBane","AT_purpleEX","AT_purpleEX","AT_purpleEX","Defend_purpleEX","Defend_purpleEX","Defend_purpleEX","Defend_purpleEX","Observe_purple_1+1","Observe_purple_2","alterego_mod:GIGAMILK","Computing_the_future_purpleEX"],"relics":["Memoryfragments_purpleEX","REME_ComplimentaryCards","Sozu","Bronze Scales"],"acts_visited":["Exordium"],"potions_floor_usage":[],"damage_taken":[{"damage":5.0,"enemies":"Jaw Worm","floor":1.0,"turns":5.0},{"damage":6,"enemies":"2 Louse","floor":3,"turns":5},{"damage":17,"enemies":"3 Sentries","floor":7,"turns":3}],"seed_played":"4264758580040689956","potions_obtained":[],"is_trial":false,"path_per_floor":["M","?","M","?","?","R","E"],"character_chosen":"Youkari","items_purchased":[],"campfire_rested":0,"item_purchase_floors":[],"current_hp_per_floor":[56,39,35,17,17,17,0,0],"gold":157,"neow_bonus":"BOSS_RELIC","is_daily":false,"chose_seed":false,"campfire_upgraded":1,"win_rate":0.0,"timestamp":1611752117,"path_taken":["M","?","M","?","?","R","E"],"items_purchased_type":[],"build_version":"2020-12-22","purchased_purges":0,"victory":false,"max_hp_per_floor":[65,65,65,65,65,65,65,65],"card_choices":[{"not_picked":["Boundary_DynamicStaticEquilibrium_purple","Shallow_ocean_purpleEX","Mirror_FormAndEmptin_purple"],"picked":"SKIP","floor":1.0},{"not_picked":["ExistenceContinue_purple","Line_surface_state_purple","RealityDreamConfluencek_purple"],"picked":"SKIP","floor":3}],"player_experience":454920,"relics_obtained":[],"event_choices":[{"damage_healed":0,"gold_gain":0,"player_choice":"Success","damage_taken":18,"relics_obtained":["Bronze Scales"],"max_hp_gain":0,"max_hp_loss":0,"event_name":"Scrap Ooze","floor":4,"gold_loss":0},{"damage_healed":0,"gold_gain":0,"cards_transformed":["AT_purpleEX"],"player_choice":"Transformed","damage_taken":0,"max_hp_gain":0,"max_hp_loss":0,"event_name":"Transmorgrifier","floor":5,"gold_loss":0,"cards_obtained":["Computing_the_future_purpleEX"]}],"is_beta":false,"boss_relics":[],"items_purged_floors":[],"is_endless":false,"potions_floor_spawned":[1],"killed_by":"3 Sentries","ascension_level":16}}