{"host":"hfxahm4y1ssattqc","time":1611781996,"event":{"mods":["2.2 Compatiblity","Act Like it!","Aspiration","BaseMod","Beaked The Cultist","Better Third Choice","BetterRewards","Colored Map","Colored Powertips","Custom Start","Googly Eyes","Halation","Hallownest","Hermit","Highlight Path","Hubris","Mimic Mod","Minty Spire (QoL Compilation)","Reorder Act Four","Replay The Spire","Shop Mod","Spikes Relics","StSLib","The Bug Knight","The IronCluck","The Jungle","Unknown Chances","slay the spire mod where everything is the same but ironclad has a cowboy hat"],"gold_per_floor":[110,110,110,110,110,121,137,152,187,187,187,198,216,216,216,216,216],"floor_reached":16,"language":"ENG","playtime":363,"items_purged":[],"score":92,"play_id":"05a454c8-5c2d-44d5-9594-392330ccc2ee","local_time":"20210127131316","is_ascension_mode":false,"campfire_choices":[{"data":"Gash","floor":10,"key":"SMITH"}],"circlet_count":0,"master_deck":["Strike_B","Strike_B","Strike_B","Strike_B","Defend_B","Defend_B","Defend_B","Defend_B","Zap","Dualcast","PlatinumSkin+1","Gash+1","Gash","ReplayTheSpireMod:Calculation Training","Conserve Battery","Injury"],"relics":["Cracked Core","DataDisk","Toxic Egg 2"],"acts_visited":["Exordium"],"potions_floor_usage":[],"damage_taken":[{"damage":8,"enemies":"Cultist","floor":1,"turns":6},{"damage":5,"enemies":"Small Slimes","floor":6,"turns":4},{"damage":1,"enemies":"2 Louse","floor":7,"turns":3},{"damage":9,"enemies":"2 Fungi Beasts","floor":8,"turns":4},{"damage":10,"enemies":"Red Slaver","floor":9,"turns":6},{"damage":8,"enemies":"Red Slaver","floor":12,"turns":3},{"damage":14,"enemies":"Blue Slaver","floor":13,"turns":4},{"damage":46,"enemies":"Slime Boss","floor":16,"turns":7}],"seed_played":"4837981507156920303","potions_obtained":[{"floor":6,"key":"SpeedPotion"},{"floor":7,"key":"Adrenaline Potion"},{"floor":8,"key":"Ancient Potion"},{"floor":12,"key":"LiquidMemories"}],"is_trial":false,"path_per_floor":["M","?","$","?","$","M","M","M","MIM","R","?","M","M","?","R_BF","B"],"character_chosen":"DEFECT","items_purchased":[],"campfire_rested":0,"item_purchase_floors":[],"current_hp_per_floor":[67,67,67,67,67,62,61,52,42,42,42,34,20,20,42,0,0],"gold":216,"neow_bonus":"COLORLESS_CARD","is_daily":false,"chose_seed":false,"campfire_upgraded":1,"win_rate":0.0,"timestamp":1611781996,"path_taken":["M","?","$","?","$","?","M","M","MIM","R","?","?","M","?","R_BF","BOSS"],"items_purchased_type":[],"build_version":"2020-12-22","purchased_purges":0,"victory":false,"max_hp_per_floor":[75,75,75,75,75,75,75,75,75,75,75,75,75,75,75,75,75],"card_choices":[{"not_picked":["Rebound","Go for the Eyes","Steam"],"picked":"SKIP","floor":1},{"not_picked":["ReplayTheSpireMod:System Scan","Rebound","Coolheaded"],"picked":"SKIP","floor":6},{"not_picked":["Ball Lightning","Steam"],"picked":"Gash","floor":7},{"not_picked":["Sweeping Beam","Ball Lightning"],"picked":"Gash","floor":8},{"not_picked":["Rebound","Beam Cell"],"picked":"ReplayTheSpireMod:Calculation Training","floor":12},{"not_picked":["Streamline","Self Repair"],"picked":"Conserve Battery","floor":13}],"player_experience":932817,"relics_obtained":[{"floor":9,"key":"DataDisk"}],"event_choices":[{"damage_healed":0,"gold_gain":0,"player_choice":"Bought 0 Potions","damage_taken":0,"max_hp_gain":0,"max_hp_loss":0,"event_name":"The Woman in Blue","floor":4,"gold_loss":0},{"damage_healed":0,"gold_gain":0,"player_choice":"Ignored","damage_taken":0,"max_hp_gain":0,"max_hp_loss":0,"event_name":"NoteForYourself","floor":11,"gold_loss":0}],"is_beta":false,"boss_relics":[],"items_purged_floors":[],"is_endless":false,"potions_floor_spawned":[6,7,8,12],"killed_by":"Slime Boss","ascension_level":0}}