{"host":"ydg0vn0pu4pubmdt","time":1611747605,"event":{"mods":["AchievementEnabler","BaseMod","Colored Map","Gold Saver","Minty Spire (QoL Compilation)","Quick Restart","SuperFastMode"],"gold_per_floor":[116,116,135,148,22,54,54,54,77,77,111,125,125,145,145,222,222,236,24,35,35,35,35,51,51,51,68,79,29,61,81,81,155,155,168,118,129,129,129,129],"floor_reached":39,"language":"KOR","playtime":1545,"items_purged":["Defend_G","Envenom","Accuracy","Phantasmal Killer"],"score":822,"play_id":"134c887f-dc12-4618-9382-596ad5868c28","local_time":"20210127204005","is_ascension_mode":true,"campfire_choices":[{"data":"Blade Dance","floor":7.0,"key":"SMITH"},{"floor":10.0,"key":"REST"},{"floor":15.0,"key":"REST"},{"data":"Well Laid Plans","floor":23.0,"key":"SMITH"},{"floor":25.0,"key":"REST"},{"floor":32.0,"key":"REST"}],"circlet_count":0,"master_deck":["AscendersBane","Survivor","Neutralize","Blade Dance+1","Accuracy+1","Finisher","Well Laid Plans+1","Backflip","Dash","Grand Finale","Burst","Heel Hook","PiercingWail","Quick Slash","Escape Plan","Prepared","Crippling Poison","Dagger Throw","Escape Plan","Blade Dance","Cloak And Dagger","Wraith Form v2","Acrobatics"],"relics":["Ring of the Snake","Smiling Mask","Anchor","Boot","Centennial Puzzle","Pandora\u0027s Box","Ancient Tea Set","FaceOfCleric","Pantograph","Juzu Bracelet","WristBlade"],"acts_visited":["Exordium","TheCity","TheBeyond"],"potions_floor_usage":[],"damage_taken":[{"damage":7.0,"enemies":"Jaw Worm","floor":1.0,"turns":6.0},{"damage":5.0,"enemies":"Cultist","floor":3.0,"turns":5.0},{"damage":1.0,"enemies":"2 Louse","floor":4.0,"turns":3.0},{"damage":15.0,"enemies":"Gremlin Nob","floor":6.0,"turns":4.0},{"damage":10.0,"enemies":"Lagavulin","floor":11.0,"turns":5.0},{"damage":10.0,"enemies":"Gremlin Gang","floor":12.0,"turns":4.0},{"damage":0.0,"enemies":"Red Slaver","floor":14.0,"turns":2.0},{"damage":36.0,"enemies":"The Guardian","floor":16.0,"turns":11.0},{"damage":0.0,"enemies":"Spheric Guardian","floor":18.0,"turns":2.0},{"damage":23.0,"enemies":"Shell Parasite","floor":20.0,"turns":4.0},{"damage":0.0,"enemies":"Snake Plant","floor":24.0,"turns":3.0},{"damage":0.0,"enemies":"3 Cultists","floor":27.0,"turns":3.0},{"damage":13.0,"enemies":"Chosen and Byrds","floor":28.0,"turns":5.0},{"damage":23.0,"enemies":"Book of Stabbing","floor":30.0,"turns":4.0},{"damage":18.0,"enemies":"Snake Plant","floor":31.0,"turns":4.0},{"damage":49.0,"enemies":"Automaton","floor":33.0,"turns":7.0},{"damage":10.0,"enemies":"3 Shapes","floor":35.0,"turns":5.0},{"damage":29.0,"enemies":"3 Darklings","floor":37.0,"turns":3.0},{"damage":48,"enemies":"Transient","floor":39,"turns":3}],"seed_played":"-3027255543843732823","potions_obtained":[{"floor":1.0,"key":"Block Potion"},{"floor":4.0,"key":"Swift Potion"},{"floor":13.0,"key":"EntropicBrew"},{"floor":13.0,"key":"Explosive Potion"},{"floor":31.0,"key":"Strength Potion"},{"floor":35.0,"key":"GamblersBrew"}],"is_trial":false,"path_per_floor":["M","?","M","M","$","E","R","?","T","R","E","M","?","M","R","B",null,"M","$","M","$","?","R","M","R","T","M","M","$","E","M","R","B",null,"M","$","M","?","M"],"character_chosen":"THE_SILENT","items_purchased":["Well Laid Plans","Ancient Tea Set"],"campfire_rested":4,"item_purchase_floors":[5,19],"current_hp_per_floor":[52,45,40,39,39,24,24,24,24,43,33,23,23,23,42,6,51,51,51,28,28,28,28,29,49,49,50,38,38,16,8,29,6,56,47,47,19,19,0,0],"gold":129,"neow_bonus":"RANDOM_COMMON_RELIC","is_daily":false,"chose_seed":false,"campfire_upgraded":2,"win_rate":0.0,"timestamp":1611747605,"path_taken":["M","?","M","M","$","E","R","?","T","R","E","?","?","M","R","BOSS","M","$","M","?","?","R","?","R","T","M","M","$","E","M","R","BOSS","M","$","M","?","M"],"items_purchased_type":["Card","Relic"],"build_version":"2020-12-22","purchased_purges":4,"victory":false,"max_hp_per_floor":[66,66,66,66,66,66,66,66,66,66,66,66,66,66,66,66,66,66,66,66,66,66,66,67,67,67,68,69,69,70,71,71,72,72,73,73,74,74,74,74],"card_choices":[{"not_picked":["Cloak And Dagger","Infinite Blades"],"picked":"Blade Dance","floor":1.0},{"not_picked":["Flechettes","Cloak And Dagger"],"picked":"Accuracy","floor":3.0},{"not_picked":["Quick Slash","Sucker Punch"],"picked":"Finisher","floor":4.0},{"not_picked":["Quick Slash","Dash","Catalyst"],"picked":"SKIP","floor":6.0},{"not_picked":["Prepared","Calculated Gamble"],"picked":"Phantasmal Killer","floor":11.0},{"not_picked":["Acrobatics","Well Laid Plans"],"picked":"Backflip","floor":12.0},{"not_picked":["Skewer","Poisoned Stab"],"picked":"Dash","floor":14.0},{"not_picked":["Die Die Die","After Image"],"picked":"Grand Finale","floor":16.0},{"not_picked":["Sucker Punch","Footwork"],"picked":"Crippling Poison","floor":18.0},{"not_picked":["Dodge and Roll","Flying Knee"],"picked":"Dagger Throw","floor":20.0},{"not_picked":["Dagger Throw","Caltrops","Dodge and Roll+1"],"picked":"SKIP","floor":24.0},{"not_picked":["Poisoned Stab","Bouncing Flask","Setup"],"picked":"SKIP","floor":27.0},{"not_picked":["Bouncing Flask","Masterful Stab"],"picked":"Escape Plan","floor":28.0},{"not_picked":["Reflex","Endless Agony"],"picked":"Blade Dance","floor":30.0},{"not_picked":["Skewer+1","Masterful Stab+1"],"picked":"Cloak And Dagger","floor":31.0},{"not_picked":["Phantasmal Killer","Venomology"],"picked":"Wraith Form v2","floor":33.0},{"not_picked":["Masterful Stab","Well Laid Plans+1","Dagger Spray"],"picked":"SKIP","floor":35.0},{"not_picked":["Footwork","Quick Slash"],"picked":"Acrobatics","floor":37.0}],"player_experience":603336,"relics_obtained":[{"floor":6.0,"key":"Anchor"},{"floor":9.0,"key":"Boot"},{"floor":11.0,"key":"Centennial Puzzle"},{"floor":26.0,"key":"Pantograph"},{"floor":30.0,"key":"Juzu Bracelet"}],"event_choices":[{"cards_removed":["Strike_G"],"damage_healed":0.0,"max_hp_gain":0.0,"max_hp_loss":0.0,"gold_gain":0.0,"event_name":"Golden Wing","player_choice":"Card Removal","floor":2.0,"gold_loss":0.0,"damage_taken":7.0},{"damage_healed":0.0,"max_hp_gain":0.0,"max_hp_loss":0.0,"gold_gain":0.0,"event_name":"Upgrade Shrine","player_choice":"Upgraded","floor":8.0,"gold_loss":0.0,"damage_taken":0.0,"cards_upgraded":["Accuracy"]},{"damage_healed":0.0,"max_hp_gain":0.0,"max_hp_loss":0.0,"gold_gain":0.0,"event_name":"Lab","player_choice":"Got Potions","floor":13.0,"gold_loss":0.0,"damage_taken":0.0},{"damage_healed":0.0,"max_hp_gain":0.0,"max_hp_loss":0.0,"gold_gain":0.0,"event_name":"FaceTrader","player_choice":"Trade","floor":22.0,"gold_loss":0.0,"damage_taken":0.0,"relics_obtained":["FaceOfCleric"]},{"damage_healed":0.0,"max_hp_gain":0.0,"max_hp_loss":0.0,"gold_gain":0.0,"event_name":"Mysterious Sphere","player_choice":"Ignored","floor":38.0,"gold_loss":0.0,"damage_taken":0.0}],"is_beta":false,"boss_relics":[{"not_picked":["Velvet Choker","Black Star"],"picked":"Pandora\u0027s Box"},{"not_picked":["Calling Bell","Fusion Hammer"],"picked":"WristBlade"}],"items_purged_floors":[5,19,29,36],"is_endless":false,"potions_floor_spawned":[1,4,20,24,27,30,31,35],"killed_by":"Transient","ascension_level":20}}