{"host":"qc8gw3x1c8jlo9fx","time":1611706842,"event":{"mods":["AchievementEnabler","BaseMod","Better Note","BetterRewards","Conspire","Hubris","Infinite Spire","Jedi Mod","Jorbs\u0027s Wanderer Trilogy","Minty Spire (QoL Compilation)","Replay The Spire","StSLib","The IronCluck"],"gold_per_floor":[114,114,129,129,144,174,204,219,219,316,316,316,16,16,16,116,116,131,131,131,146,146,146,168,168,168,168,168,183,198,297,297,297,297],"floor_reached":33,"language":"ENG","playtime":1551,"items_purged":[],"score":328,"play_id":"7bc6b96f-481f-4d8f-9072-0dcede2a18ab","local_time":"20210126172042","daily_mods":["SealedDeck","Flight","Night Terrors"],"is_ascension_mode":false,"campfire_choices":[{"floor":15,"key":"REST"},{"data":"Sword Boomerang","floor":23,"key":"SMITH"},{"floor":25,"key":"REST"},{"floor":32,"key":"REST"}],"circlet_count":0,"master_deck":["ReplayTheSpireMod:Strike From Hell","Pommel Strike","hubris:ReadiedAction","Shrug It Off","Iron Wave","Anger+1","Twin Strike","Wild Strike","Pommel Strike","Pommel Strike","Wild Strike","hubris:ReadiedAction","Hemokinesis","ReplayTheSpireMod:Splinters","Pommel Strike","Sword Boomerang+1","Inflame","conspire:ExplosiveBarrier+1","Thunderclap","jedi:fear","Pommel Strike","ReplayTheSpireMod:Stacked","Headbutt","jedi:strikingstrike","AbeCurse","Sword Boomerang","Twin Strike","Heavy Blade","hubris:DuctTapeCard","Clumsy","Shockwave","Headbutt"],"relics":["Burning Blood","Charon\u0027s Ashes","hubris:SlimyHat","ReplayTheSpireMod:Shallot","Anchor","Orrery","Abe\u0027s Treasure","hubris:Icosahedron","infinitespire:Beetle Shell","Replay:Lucky Slots","hubris:DuctTape","hubris:BundleOfHerbs"],"acts_visited":["Exordium","TheCity"],"potions_floor_usage":[30,30,30,33],"damage_taken":[{"damage":11,"enemies":"Jaw Worm","floor":1,"turns":2},{"damage":8,"enemies":"infinitespire:Voidling","floor":3,"turns":2},{"damage":8,"enemies":"Small Slimes","floor":5,"turns":2},{"damage":26,"enemies":"Lagavulin","floor":6,"turns":4},{"damage":0,"enemies":"Replay:BlueRogue","floor":7,"turns":3},{"damage":4,"enemies":"Blue Slaver","floor":8,"turns":2},{"damage":62,"enemies":"The Guardian","floor":16,"turns":8},{"damage":2,"enemies":"Shell Parasite","floor":18,"turns":2},{"damage":1,"enemies":"3 Byrds","floor":21,"turns":3},{"damage":26,"enemies":"Snake Plant","floor":24,"turns":3},{"damage":37,"enemies":"3 Cultists","floor":29,"turns":5},{"damage":18,"enemies":"conspire:HollyBat","floor":30,"turns":7},{"damage":85,"enemies":"hubris:MusketHawk","floor":33,"turns":7}],"seed_played":"-4735054310349275430","potions_obtained":[{"floor":5,"key":"BlessingOfTheForge"},{"floor":6,"key":"Fire Potion"},{"floor":18,"key":"HeartOfIron"},{"floor":24,"key":"PowerPotion"},{"floor":30,"key":"Strength Potion"}],"is_trial":false,"path_per_floor":["M","?","M","?","M","E","E","M","T","?","?","?","$","?","R","B",null,"M","?","T","M","AVR","R","M","R","T","?","?","M","M","?","R","B"],"character_chosen":"IRONCLAD","items_purchased":["Anchor","Orrery"],"campfire_rested":3,"item_purchase_floors":[13,13],"current_hp_per_floor":[75,75,73,73,71,51,57,59,59,59,59,59,59,59,75,19,75,75,75,75,75,75,75,55,70,70,70,57,26,14,14,70,0,0],"gold":297,"neow_bonus":"","is_daily":true,"chose_seed":false,"campfire_upgraded":1,"win_rate":0.0,"timestamp":1611706842,"path_taken":["M","?","?","?","M","E","E","?","T","?","?","?","$","?","R","BOSS","M","?","?","?","AVR","R","M","R","T","?","?","?","M","?","R","BOSS"],"items_purchased_type":["Relic","Relic"],"build_version":"2020-12-22","purchased_purges":0,"victory":false,"max_hp_per_floor":[80,80,80,80,80,80,80,80,80,80,80,80,80,80,75,75,75,75,75,75,75,75,75,75,70,70,70,75,75,75,75,70,70,70],"card_choices":[{"not_picked":["Iron Wave","Whirlwind"],"picked":"Pommel Strike","floor":1},{"not_picked":["Sword Boomerang","Headbutt"],"picked":"Wild Strike","floor":3},{"not_picked":["Sword Boomerang","Evolve"],"picked":"Flex","floor":5},{"not_picked":["ReplayTheSpireMod:Stacked","Dropkick"],"picked":"jedi:fear","floor":6},{"not_picked":["Replay:Many Hands","ReplayTheSpireMod:Strike From Hell"],"picked":"hubris:ReadiedAction","floor":7},{"not_picked":["Headbutt","Sentinel"],"picked":"Hemokinesis","floor":8},{"not_picked":["Clothesline","hubris:ReadiedAction"],"picked":"Pommel Strike","floor":10},{"not_picked":["Run Through","Headbutt"],"picked":"Sword Boomerang","floor":10},{"not_picked":["Flex","Armaments"],"picked":"Inflame","floor":10},{"not_picked":["Entrench","Replay:Undeath\u0027s Touch"],"picked":"Thunderclap","floor":13},{"not_picked":["Clothesline","Flex"],"picked":"jedi:fear","floor":13},{"not_picked":["Headbutt","Run Through"],"picked":"Pommel Strike","floor":13},{"not_picked":["Corruption","Headbutt"],"picked":"ReplayTheSpireMod:Stacked","floor":13},{"not_picked":["conspire:ExplosiveBarrier","Sever Soul"],"picked":"Headbutt","floor":13},{"not_picked":["conspire:HitWhereItHurts","jedi:unlimitedpower"],"picked":"jedi:strikingstrike","floor":16},{"not_picked":["Havoc","Clothesline"],"picked":"Sword Boomerang","floor":18},{"not_picked":["hubris:ReadiedAction","Limit Break"],"picked":"Twin Strike","floor":21},{"not_picked":["ReplayTheSpireMod:Corrosion Curse+1","Warcry"],"picked":"Heavy Blade","floor":24},{"not_picked":["Heavy Blade","hubris:ReadiedAction+1"],"picked":"Shockwave","floor":29},{"not_picked":["Havoc","Abandon+1"],"picked":"Headbutt","floor":30}],"player_experience":222287,"relics_obtained":[{"floor":6,"key":"Charon\u0027s Ashes"},{"floor":7,"key":"hubris:SlimyHat"},{"floor":9,"key":"ReplayTheSpireMod:Shallot"},{"floor":20,"key":"infinitespire:Beetle Shell"},{"floor":26,"key":"hubris:DuctTape"}],"event_choices":[{"damage_healed":0,"gold_gain":0,"player_choice":"Forge","damage_taken":0,"max_hp_gain":0,"max_hp_loss":0,"event_name":"Accursed Blacksmith","floor":2,"gold_loss":0,"cards_upgraded":["Armaments"]},{"damage_healed":0,"gold_gain":0,"player_choice":"Upgraded","damage_taken":0,"max_hp_gain":0,"max_hp_loss":0,"event_name":"Upgrade Shrine","floor":4,"gold_loss":0,"cards_upgraded":["Anger"]},{"damage_healed":0,"gold_gain":0,"player_choice":"Grow","damage_taken":0,"max_hp_gain":0,"max_hp_loss":0,"event_name":"Living Wall","floor":11,"gold_loss":0,"cards_upgraded":["Flex"]},{"damage_healed":0,"gold_gain":0,"player_choice":"Leave","damage_taken":0,"max_hp_gain":0,"max_hp_loss":0,"event_name":"conspire:Investor","floor":14,"gold_loss":0},{"damage_healed":0,"gold_gain":0,"player_choice":"Shed Blood","damage_taken":18,"max_hp_gain":5,"max_hp_loss":0,"event_name":"Forgotten Altar","floor":28,"gold_loss":0},{"damage_healed":0,"gold_gain":99,"player_choice":"Stole From Cult","damage_taken":0,"max_hp_gain":0,"max_hp_loss":0,"event_name":"Nest","floor":31,"gold_loss":0}],"is_beta":false,"boss_relics":[{"not_picked":["Sozu","jedi:paperlyon"],"picked":"Abe\u0027s Treasure"}],"items_purged_floors":[],"is_endless":false,"potions_floor_spawned":[5,6,18,24,30],"killed_by":"hubris:MusketHawk","ascension_level":0}}