{"host":"pvf7uj918he10jir","time":1611722837,"event":{"mods":["AchievementEnabler","BaseMod","Colored Map","Colored Powertips","Highlight Path","Minty Spire (QoL Compilation)","Relic Stats","Slay the Relics Exporter","everything is the same but u backflip on backflip"],"gold_per_floor":[112,130,142,142,19,48,48,65,111,111,111,141,141,161,161,257,257,271,296,296,296,296],"floor_reached":21,"language":"ENG","playtime":1254,"items_purged":["Strike_R"],"score":259,"play_id":"790fb949-14c5-4c0b-a267-0f353341b7f3","local_time":"20210126234717","is_ascension_mode":true,"campfire_choices":[{"data":"Bash","floor":7,"key":"SMITH"},{"data":"Armaments","floor":10,"key":"SMITH"},{"floor":13,"key":"REST"},{"data":"Feed","floor":15,"key":"SMITH"}],"circlet_count":0,"master_deck":["Strike_R","Strike_R","Strike_R","Strike_R+1","Defend_R","Defend_R","Defend_R","Defend_R","Bash+1","Clothesline+1","Armaments+1","Feed+1","Hemokinesis","Impervious","Cleave","Decay"],"relics":["Sozu","Darkstone Periapt","Smiling Mask","Happy Flower","Black Star","Red Mask"],"acts_visited":["Exordium","TheCity"],"potions_floor_usage":[],"damage_taken":[{"damage":1,"enemies":"Cultist","floor":1,"turns":4},{"damage":4,"enemies":"Small Slimes","floor":2,"turns":4},{"damage":5,"enemies":"2 Louse","floor":3,"turns":2},{"damage":6,"enemies":"Gremlin Nob","floor":6,"turns":3},{"damage":7,"enemies":"Exordium Wildlife","floor":8,"turns":5},{"damage":12,"enemies":"Lagavulin","floor":12,"turns":9},{"damage":0,"enemies":"Large Slime","floor":14,"turns":2},{"damage":44,"enemies":"The Guardian","floor":16,"turns":8},{"damage":27,"enemies":"2 Thieves","floor":18,"turns":3},{"damage":49,"enemies":"Masked Bandits","floor":19,"turns":6},{"damage":16,"enemies":"Spheric Guardian","floor":21,"turns":3}],"seed_played":"-4918947019231928186","potions_obtained":[],"is_trial":false,"path_per_floor":["M","M","M","?","$","E","R","M","T","R","?","E","R","M","R","B",null,"M","?","?","M"],"character_chosen":"IRONCLAD","items_purchased":["Armaments"],"campfire_rested":1,"item_purchase_floors":[5],"current_hp_per_floor":[79,75,70,54,54,48,48,44,44,44,44,36,62,66,66,26,78,55,10,16,0,0],"gold":296,"neow_bonus":"BOSS_RELIC","is_daily":false,"chose_seed":false,"campfire_upgraded":3,"win_rate":0.0,"timestamp":1611722837,"path_taken":["M","M","M","?","$","E","R","M","T","R","?","E","R","M","R","BOSS","M","?","?","M"],"items_purchased_type":["Card"],"build_version":"2020-12-22","purchased_purges":1,"victory":false,"max_hp_per_floor":[80,80,80,80,80,80,80,83,83,83,83,87,87,91,91,95,95,99,103,109,109,109],"relic_stats":{"Sozu":4,"Darkstone Periapt":6,"Happy Flower":[7],"counters":[11,49],"Black Star":0,"Smiling Mask":0,"obtain_stats":[{"Sozu":0,"Darkstone Periapt":6,"Happy Flower":12,"Black Star":17,"Red Mask":19,"Smiling Mask":9,"Burning Blood":0},{"Sozu":0,"Darkstone Periapt":4,"Happy Flower":6,"Black Star":8,"Red Mask":10,"Smiling Mask":5,"Burning Blood":0},{"Sozu":0,"Darkstone Periapt":13,"Happy Flower":27,"Black Star":37,"Red Mask":46,"Smiling Mask":18,"Burning Blood":0}]},"card_choices":[{"not_picked":["Dropkick","Wild Strike","Perfected Strike"],"picked":"SKIP","floor":1},{"not_picked":["Havoc","Wild Strike"],"picked":"Clothesline","floor":2},{"not_picked":["Evolve","Second Wind","Anger"],"picked":"SKIP","floor":3},{"not_picked":["Clothesline","Flex"],"picked":"Feed","floor":6},{"not_picked":["Thunderclap","True Grit","Whirlwind"],"picked":"SKIP","floor":8},{"not_picked":["Body Slam","Power Through","Perfected Strike"],"picked":"SKIP","floor":12},{"not_picked":["Wild Strike","Headbutt"],"picked":"Hemokinesis","floor":14},{"not_picked":["Offering","Berserk"],"picked":"Impervious","floor":16},{"not_picked":["Armaments","Combust+1"],"picked":"Cleave","floor":18}],"player_experience":160293,"relics_obtained":[{"floor":6,"key":"Darkstone Periapt"},{"floor":9,"key":"Smiling Mask"},{"floor":12,"key":"Happy Flower"},{"floor":19,"key":"Red Mask"}],"event_choices":[{"damage_healed":0,"gold_gain":0,"player_choice":"Entered Light","damage_taken":16,"max_hp_gain":0,"max_hp_loss":0,"event_name":"Shining Light","floor":4,"gold_loss":0,"cards_upgraded":["Strike_R","Clothesline"]},{"damage_healed":0,"gold_gain":0,"player_choice":"Ignored","damage_taken":0,"max_hp_gain":0,"max_hp_loss":0,"event_name":"Liars Game","floor":11,"gold_loss":0},{"damage_healed":0,"gold_gain":0,"player_choice":"Fought Bandits","damage_taken":0,"max_hp_gain":0,"max_hp_loss":0,"event_name":"Masked Bandits","floor":19,"gold_loss":0},{"damage_healed":0,"gold_gain":0,"player_choice":"Smashed Altar","damage_taken":0,"max_hp_gain":0,"max_hp_loss":0,"event_name":"Forgotten Altar","floor":20,"gold_loss":0,"cards_obtained":["Decay"]}],"is_beta":false,"boss_relics":[{"not_picked":["Mark of Pain","Philosopher\u0027s Stone"],"picked":"Black Star"}],"items_purged_floors":[5],"is_endless":false,"potions_floor_spawned":[1,3,12,16],"killed_by":"Spheric Guardian","ascension_level":5}}