{"host":"mi0eibewekhugwl1","time":1611720893,"event":{"mods":["AchievementEnabler","BaseMod","Colored Map","Colored Powertips","DeckTracker","Keyboard Shortcuts","Minty Spire (QoL Compilation)","Quick Restart","Rare Cards Sparkle","Relic Stats","StSLib","SuperFastMode","everything is the same but u backflip on backflip"],"gold_per_floor":[117,131,149,169,189,189,217,232,258,277,51,51,51,69,69,141,141,159,178,103,103,116,116,132,132,132,132,145,157,173,190,190,190,190],"floor_reached":33,"language":"KOR","playtime":847,"items_purged":["Strike_G"],"score":614,"play_id":"b00a27c3-2770-4102-a62b-2c969d735705","local_time":"20210127131453","is_ascension_mode":true,"campfire_choices":[{"data":"Masterful Stab","floor":6,"key":"SMITH"},{"floor":13,"key":"REST"},{"data":"Trip","floor":15,"key":"SMITH"},{"data":"Cloak And Dagger","floor":23,"key":"SMITH"},{"floor":25,"key":"REST"},{"floor":32,"key":"REST"}],"circlet_count":0,"master_deck":["AscendersBane","Strike_G","Strike_G","Strike_G","Defend_G","Defend_G","Defend_G","Defend_G","Defend_G","Survivor","Neutralize","Flash of Steel","Masterful Stab+1","Cloak And Dagger","Backstab","Phantasmal Killer","Accuracy","Backflip","Cloak And Dagger+1","Trip+1","Footwork","Adrenaline","Dodge and Roll+1","Blur","PiercingWail+1","Calculated Gamble","Blur","Noxious Fumes","Escape Plan"],"relics":["Ring of the Snake","Regal Pillow","Toy Ornithopter","SacredBark","MutagenicStrength","Oddly Smooth Stone"],"acts_visited":["Exordium","TheCity"],"potions_floor_usage":[7,16,19,29,31],"damage_taken":[{"damage":6,"enemies":"Cultist","floor":1,"turns":5},{"damage":0,"enemies":"Jaw Worm","floor":2,"turns":3},{"damage":0,"enemies":"Small Slimes","floor":3,"turns":3},{"damage":3,"enemies":"Blue Slaver","floor":4,"turns":5},{"damage":0,"enemies":"2 Fungi Beasts","floor":5,"turns":3},{"damage":11,"enemies":"Lagavulin","floor":7,"turns":5},{"damage":0,"enemies":"Exordium Thugs","floor":8,"turns":2},{"damage":20,"enemies":"Large Slime","floor":10,"turns":5},{"damage":0,"enemies":"Blue Slaver","floor":14,"turns":2},{"damage":0,"enemies":"Slime Boss","floor":16,"turns":3},{"damage":10,"enemies":"Shell Parasite","floor":18,"turns":5},{"damage":0,"enemies":"Spheric Guardian","floor":19,"turns":2},{"damage":24,"enemies":"3 Cultists","floor":22,"turns":6},{"damage":16,"enemies":"Snake Plant","floor":24,"turns":6},{"damage":0,"enemies":"Centurion and Healer","floor":28,"turns":9},{"damage":6,"enemies":"Snecko","floor":29,"turns":7},{"damage":54,"enemies":"Cultist and Chosen","floor":30,"turns":13},{"damage":7,"enemies":"Sentry and Sphere","floor":31,"turns":8},{"damage":35,"enemies":"Automaton","floor":33,"turns":10}],"seed_played":"1496085559637747187","potions_obtained":[{"floor":1,"key":"Strength Potion"},{"floor":2,"key":"SteroidPotion"},{"floor":14,"key":"GhostInAJar"},{"floor":18,"key":"CunningPotion"},{"floor":24,"key":"DistilledChaos"}],"is_trial":false,"path_per_floor":["M","M","M","M","M","R","E","M","T","M","$","?","R","M","R","B",null,"M","M","?","?","M","R","M","R","T","?","M","M","M","M","R","B"],"character_chosen":"THE_SILENT","items_purchased":["Cloak And Dagger","Trip"],"campfire_rested":3,"item_purchase_floors":[11,11],"current_hp_per_floor":[53,53,53,50,50,50,39,39,39,19,19,19,53,53,53,58,64,54,59,59,59,35,35,19,53,53,58,58,57,3,1,35,0,0],"gold":190,"neow_bonus":"RANDOM_COLORLESS","is_daily":false,"chose_seed":false,"campfire_upgraded":3,"win_rate":0.0,"timestamp":1611720893,"path_taken":["M","M","M","?","M","R","E","M","T","M","$","?","R","M","R","BOSS","M","M","?","?","M","R","M","R","T","?","?","M","M","M","R","BOSS"],"items_purchased_type":["Card","Card"],"build_version":"2020-12-22","purchased_purges":1,"victory":false,"max_hp_per_floor":[66,66,66,66,66,66,66,66,66,66,66,66,66,66,66,66,66,66,66,66,66,66,66,66,66,66,66,66,66,66,66,66,66,66],"relic_stats":{"Regal Pillow":45,"counters":[19,102],"obtain_stats":[{"Regal Pillow":7,"SacredBark":17,"MutagenicStrength":21,"Oddly Smooth Stone":26,"Toy Ornithopter":9,"Ring of the Snake":0},{"Regal Pillow":6,"SacredBark":10,"MutagenicStrength":12,"Oddly Smooth Stone":14,"Toy Ornithopter":7,"Ring of the Snake":0},{"Regal Pillow":24,"SacredBark":36,"MutagenicStrength":43,"Oddly Smooth Stone":55,"Toy Ornithopter":26,"Ring of the Snake":0}],"Toy Ornithopter":20,"Ring of the Snake":[38]},"card_choices":[{"not_picked":["Madness","Finesse"],"picked":"Flash of Steel","floor":0},{"not_picked":["Predator","Distraction"],"picked":"Masterful Stab","floor":1},{"not_picked":["Deadly Poison","Caltrops"],"picked":"Quick Slash","floor":2},{"not_picked":["Sucker Punch","Eviscerate"],"picked":"Cloak And Dagger","floor":3},{"not_picked":["Dodge and Roll","Quick Slash"],"picked":"Backstab","floor":4},{"not_picked":["Tools of the Trade","Finisher","Deadly Poison"],"picked":"SKIP","floor":5},{"not_picked":["Terror","Blur"],"picked":"Phantasmal Killer","floor":7},{"not_picked":["Deadly Poison","Outmaneuver"],"picked":"Accuracy","floor":8},{"not_picked":["Crippling Poison","Skewer"],"picked":"Backflip","floor":10},{"not_picked":["Distraction","Slice"],"picked":"Footwork","floor":14},{"not_picked":["Venomology","Doppelganger"],"picked":"Adrenaline","floor":16},{"not_picked":["Distraction","Bouncing Flask"],"picked":"Dodge and Roll+1","floor":18},{"not_picked":["Underhanded Strike","Deadly Poison"],"picked":"Blur","floor":19},{"not_picked":["Deflect","Bane"],"picked":"PiercingWail+1","floor":22},{"not_picked":["Slice","Accuracy"],"picked":"Calculated Gamble","floor":24},{"not_picked":["Underhanded Strike","All Out Attack","Slice+1"],"picked":"SKIP","floor":28},{"not_picked":["PiercingWail","Deflect"],"picked":"Blur","floor":29},{"not_picked":["Slice","Terror"],"picked":"Noxious Fumes","floor":30},{"not_picked":["Masterful Stab","Poisoned Stab"],"picked":"Escape Plan","floor":31}],"player_experience":1766572,"relics_obtained":[{"floor":7,"key":"Regal Pillow"},{"floor":9,"key":"Toy Ornithopter"},{"floor":26,"key":"Oddly Smooth Stone"}],"event_choices":[{"damage_healed":0,"gold_gain":0,"player_choice":"Ignored","damage_taken":0,"max_hp_gain":0,"max_hp_loss":0,"event_name":"Shining Light","floor":12,"gold_loss":0},{"cards_removed":["Strike_G"],"damage_healed":0,"gold_gain":0,"player_choice":"Gave Gold","damage_taken":0,"max_hp_gain":0,"max_hp_loss":0,"event_name":"Beggar","floor":20,"gold_loss":75},{"damage_healed":0,"gold_gain":0,"player_choice":"Inject Mutagens","damage_taken":0,"relics_obtained":["MutagenicStrength"],"max_hp_gain":0,"max_hp_loss":0,"event_name":"Drug Dealer","floor":21,"gold_loss":0},{"cards_removed":["Quick Slash"],"damage_healed":5,"gold_gain":0,"player_choice":"Offered Common","damage_taken":0,"max_hp_gain":0,"max_hp_loss":0,"event_name":"Bonfire Elementals","floor":27,"gold_loss":0},{"cards_removed":["Quick Slash"],"damage_healed":5,"gold_gain":0,"player_choice":"Offered Special","damage_taken":0,"max_hp_gain":0,"max_hp_loss":0,"event_name":"Bonfire Elementals","floor":27,"gold_loss":0}],"is_beta":false,"boss_relics":[{"not_picked":["Fusion Hammer","HoveringKite"],"picked":"SacredBark"}],"items_purged_floors":[11],"is_endless":false,"potions_floor_spawned":[1,2,14,18,24,28],"killed_by":"Automaton","ascension_level":20}}