{"host":"9slw7l0ws16384qq","time":1611778225,"event":{"mods":["A Penny For Your Troubles","BaseMod","Clockwork Mod","Colored Map","Evolution","Fiend Mod","Hermit","Hubris","Minty Spire (QoL Compilation)","Railgun Mod","Replay The Spire","Shedinja","StS++","StSLib"],"gold_per_floor":[113,113,63,81,139,174,174,199,223,223,223,242,282,297,297,428,428,444,479,404,425,448,448,448],"floor_reached":23,"language":"FRA","playtime":1090,"items_purged":["hermit:Covet"],"score":293,"play_id":"c7053cb2-6612-446f-bbf6-6ccfe13acd00","local_time":"20210127211025","is_ascension_mode":true,"campfire_choices":[{"data":"hermit:Roughhouse","floor":7.0,"key":"SMITH"},{"floor":11.0,"key":"REST"},{"data":"hermit:Strike_Hermit","floor":15.0,"key":"PURGE"}],"circlet_count":0,"master_deck":["hermit:TrackingShot","hermit:Strike_Hermit","hermit:Strike_Hermit","hermit:Defend_Hermit","hermit:Defend_Hermit","hermit:Defend_Hermit","hermit:Snapshot","hermit:Roughhouse+1","hermit:Adapt"],"relics":["hermit:Momento","EVO:Axolotl","hubris:Towel","Boot","Oddly Smooth Stone","ReplayTheSpireMod:Lightbulb","Golden Idol","Replay:Baseball","Fiend:Scarf","Red Mask"],"acts_visited":["Exordium","TheCity"],"potions_floor_usage":[19,21],"damage_taken":[{"damage":4.0,"enemies":"Jaw Worm","floor":1.0,"turns":4.0},{"damage":0.0,"enemies":"2 Louse","floor":4.0,"turns":3.0},{"damage":25.0,"enemies":"3 Sentries","floor":6.0,"turns":8.0},{"damage":10.0,"enemies":"Lagavulin","floor":8.0,"turns":5.0},{"damage":0.0,"enemies":"Small Slimes","floor":12.0,"turns":2.0},{"damage":14.0,"enemies":"3 Sentries","floor":13.0,"turns":7.0},{"damage":1.0,"enemies":"Exordium Wildlife","floor":14.0,"turns":3.0},{"damage":18.0,"enemies":"Hexaghost","floor":16.0,"turns":8.0},{"damage":4.0,"enemies":"Shell Parasite","floor":18.0,"turns":4.0},{"damage":16,"enemies":"Masked Bandits","floor":19,"turns":5},{"damage":12,"enemies":"2 Thieves","floor":21,"turns":4},{"damage":4,"enemies":"Centurion and Healer","floor":22,"turns":7},{"damage":23,"enemies":"Book of Stabbing","floor":23,"turns":4}],"seed_played":"2444027054851412735","potions_obtained":[{"floor":8.0,"key":"Elixir"},{"floor":13.0,"key":"ColorlessPotion"},{"floor":14.0,"key":"Explosive Potion"},{"floor":19,"key":"Toxic Potion"}],"is_trial":false,"path_per_floor":["M","?","?","M","?","E","R","E","T","?","R","M","E","M","R_BF","B",null,"M","?","$","M","M","E"],"character_chosen":"HERMIT","items_purchased":[],"campfire_rested":1,"item_purchase_floors":[],"current_hp_per_floor":[64,64,64,64,64,39,39,29,29,29,49,49,35,34,34,16,56,52,36,36,24,20,0,0],"gold":448,"neow_bonus":"REMOVE_CARD","is_daily":false,"chose_seed":false,"campfire_upgraded":1,"win_rate":0.0,"timestamp":1611778225,"path_taken":["M","?","?","M","?","E","R","E","T","?","R","?","E","M","R_BF","BOSS","M","?","$","M","M","E"],"items_purchased_type":[],"build_version":"2020-12-22","purchased_purges":1,"victory":false,"max_hp_per_floor":[75,75,75,75,75,75,75,75,75,69,69,69,69,69,69,69,69,69,69,69,69,69,69,69],"card_choices":[{"not_picked":["hermit:Vantage","hermit:Manifest","hermit:Gestalt"],"picked":"SKIP","floor":1.0},{"not_picked":["hermit:HoleUp","hermit:WideOpen","hermit:Dive"],"picked":"SKIP","floor":4.0},{"not_picked":["hermit:Ricochet","hermit:PistolWhip","hermit:CalledShot"],"picked":"SKIP","floor":6.0},{"not_picked":["hermit:WideOpen","hermit:Glare","hermit:FullyLoaded"],"picked":"SKIP","floor":8.0},{"not_picked":["hermit:Misfire","hermit:Snipe","hermit:Feint"],"picked":"SKIP","floor":12.0},{"not_picked":["hermit:LoneWolf","hermit:ItchyTrigger","hermit:Roulette"],"picked":"SKIP","floor":13.0},{"not_picked":["hermit:TrackingShot","hermit:Gestalt","hermit:FlashPowder"],"picked":"SKIP","floor":14.0},{"not_picked":["hermit:HighNoon","hermit:OverwhelmingPower"],"picked":"hermit:Adapt","floor":16.0},{"not_picked":["hermit:Feint","hermit:Dive","hermit:LoneWolf"],"picked":"SKIP","floor":18.0},{"not_picked":["hermit:Manifest","hermit:SprayPray","hermit:HighCaliber"],"picked":"SKIP","floor":21},{"not_picked":["hermit:PistolWhip+1","hermit:LuckOfTheDraw","hermit:Misfire+1"],"picked":"SKIP","floor":22}],"player_experience":1944164,"relics_obtained":[{"floor":6.0,"key":"Boot"},{"floor":8.0,"key":"Oddly Smooth Stone"},{"floor":9.0,"key":"ReplayTheSpireMod:Lightbulb"},{"floor":13.0,"key":"Replay:Baseball"},{"floor":19,"key":"Red Mask"}],"event_choices":[{"damage_healed":0.0,"max_hp_gain":0.0,"max_hp_loss":6.0,"gold_gain":0.0,"event_name":"Golden Idol","player_choice":"Lose Max HP","floor":10.0,"gold_loss":0.0,"damage_taken":0.0,"relics_obtained":["Golden Idol"]},{"damage_healed":0,"gold_gain":0,"player_choice":"Fought Bandits","damage_taken":0,"max_hp_gain":0,"max_hp_loss":0,"event_name":"Masked Bandits","floor":19,"gold_loss":0}],"is_beta":false,"boss_relics":[{"not_picked":["Snecko Eye","StSpp:FireArrow"],"picked":"Fiend:Scarf"}],"items_purged_floors":[20],"is_endless":false,"potions_floor_spawned":[8,13,14,19],"killed_by":"Book of Stabbing","ascension_level":8}}