{"host":"gqcohn9v5baj3dmw","time":1611763925,"event":{"mods":["BaseMod","Better Note","Better Sensory Stone","Better Skull","Colored Map","Downfall","Marked Mod","Minty Spire (QoL Compilation)","Rare Cards Sparkle","Relic Stats","StSLib"],"gold_per_floor":[99,116,116,134,151,151,151,151,22,40,56,69,79,89,105,105,105,105],"floor_reached":16,"language":"ENG","playtime":803,"items_purged":["bronze:Strike"],"score":108,"play_id":"3b2dc97b-a154-4a86-b171-d0643f049a52","local_time":"20210127171205","is_ascension_mode":true,"campfire_choices":[{"data":"bronze:Goto","floor":1,"key":"SMITH"},{"data":"bronze:Frontload","floor":8,"key":"SMITH"}],"circlet_count":0,"master_deck":["bronze:Strike","bronze:Strike","bronze:Strike","bronze:Defend","bronze:Defend","bronze:Defend","bronze:Defend","bronze:Replicate","bronze:Goto+1","bronze:ForceShield","bronze:Frontload+1","bronze:Flail","bronze:CloningBeam","bronze:Flail","bronze:DigitalCarnage","bronze:DelayedGuard","bronze:Frontload"],"relics":["bronze:BronzeCore","Gambling Chip","downfall:BrokenWingStatue","Question Card"],"acts_visited":["Exordium"],"potions_floor_usage":[11,16,16],"damage_taken":[{"damage":7,"enemies":"Small Slimes","floor":2,"turns":4},{"damage":0,"enemies":"2 Louse","floor":4,"turns":3},{"damage":13,"enemies":"Jaw Worm","floor":5,"turns":4},{"damage":0,"enemies":"downfall:FleeingMerchant","floor":9,"turns":4},{"damage":0,"enemies":"Red Slaver","floor":10,"turns":4},{"damage":3,"enemies":"Exordium Wildlife","floor":11,"turns":2},{"damage":0,"enemies":"Large Slime","floor":12,"turns":4},{"damage":3,"enemies":"Blue Slaver","floor":13,"turns":5},{"damage":0,"enemies":"Red Slaver","floor":14,"turns":5},{"damage":0,"enemies":"3 Louse","floor":15,"turns":1},{"damage":49,"enemies":"IC_STATUS_ARCHETYPE","floor":16,"turns":13}],"seed_played":"8502360365435302980","potions_obtained":[{"floor":4,"key":"SteroidPotion"},{"floor":11,"key":"Weak Potion"},{"floor":12,"key":"Strength Potion"},{"floor":14,"key":"Fire Potion"}],"is_trial":false,"path_per_floor":["R","M","?","M","M","?","T","R","$","M","M","M","M","M","M","B"],"character_chosen":"THE_AUTOMATON","items_purchased":["bronze:CloningBeam"],"campfire_rested":0,"item_purchase_floors":[9],"current_hp_per_floor":[49,42,42,42,29,52,52,52,52,52,49,49,46,46,46,0,0,0],"gold":105,"neow_bonus":"ONE_RARE_RELIC","is_daily":false,"chose_seed":false,"campfire_upgraded":2,"win_rate":0.0,"timestamp":1611763925,"path_taken":["R","M","?","M","M","?","T","R","?","?","M","M","M","M","M","BOSS"],"items_purchased_type":["Card"],"build_version":"2020-12-22","purchased_purges":1,"victory":false,"max_hp_per_floor":[70,70,70,70,70,70,70,70,70,70,70,70,70,70,70,70,70,70],"relic_stats":{"counters":[11,49],"Gambling Chip":[28],"Question Card":7,"obtain_stats":[{"bronze:BronzeCore":0,"downfall:BrokenWingStatue":3,"Gambling Chip":0,"Question Card":7},{"bronze:BronzeCore":0,"downfall:BrokenWingStatue":1,"Gambling Chip":0,"Question Card":3},{"bronze:BronzeCore":0,"downfall:BrokenWingStatue":4,"Gambling Chip":0,"Question Card":11}]},"card_choices":[{"not_picked":["bronze:Constructor","bronze:ForLoop","bronze:OilSpill"],"picked":"SKIP","floor":2},{"not_picked":["bronze:InfiniteBeams","bronze:FollowUp"],"picked":"bronze:ForceShield","floor":4},{"not_picked":["bronze:WildBeam","bronze:DelayedGuard"],"picked":"bronze:Frontload","floor":5},{"not_picked":["bronze:Allocate","bronze:Return","bronze:Shield"],"picked":"bronze:Flail","floor":9},{"not_picked":["bronze:Invalidate","bronze:Shield","bronze:BugBarrage"],"picked":"bronze:Flail","floor":10},{"not_picked":["bronze:ItsAFeature","bronze:Fortify","bronze:Deprecate","bronze:Branch"],"picked":"SKIP","floor":11},{"not_picked":["bronze:FindAndReplace","bronze:WildBeam","bronze:BitShift","bronze:Refactor"],"picked":"SKIP","floor":12},{"not_picked":["bronze:DarkDash","bronze:Deprecate","bronze:Constructor"],"picked":"bronze:DigitalCarnage","floor":13},{"not_picked":["bronze:BugBarrage","bronze:CutThrough","bronze:Branch"],"picked":"bronze:DelayedGuard","floor":14},{"not_picked":["bronze:Turbo","bronze:Fortify","bronze:ItsAFeature"],"picked":"bronze:Frontload","floor":15}],"player_experience":536791,"relics_obtained":[{"floor":7,"key":"Question Card"}],"event_choices":[{"damage_healed":23,"gold_gain":0,"player_choice":"Banana","damage_taken":0,"max_hp_gain":0,"max_hp_loss":0,"event_name":"Big Fish","floor":6,"gold_loss":0}],"is_beta":false,"boss_relics":[],"items_purged_floors":[9],"is_endless":false,"potions_floor_spawned":[4,11,12,14],"killed_by":"IC_STATUS_ARCHETYPE","ascension_level":2}}