{"host":"rb2p2z6v6vieend5","time":1611789075,"event":{"mods":["BaseMod","Block Reminder","Colored Map","DeckTracker","Highlight Path","Minty Spire (QoL Compilation)","Random Character Button","Relic Stats"],"gold_per_floor":[110,127,127,141,156,191,205,205,281,309,322,353,373,389,389,493,493,474,474,494,494,494,494,494,494],"floor_reached":24,"language":"ENG","playtime":2807,"items_purged":[],"score":330,"play_id":"aadf61cf-44a4-4845-a9d4-999b763a633b","local_time":"20210128001115","is_ascension_mode":true,"campfire_choices":[{"floor":8,"key":"REST"},{"floor":15,"key":"REST"},{"data":"Strike_G","floor":23,"key":"PURGE"}],"circlet_count":0,"master_deck":["AscendersBane","Strike_G","Strike_G","Strike_G","Strike_G","Defend_G","Defend_G","Defend_G","Defend_G","Defend_G","Survivor","Neutralize","Sucker Punch","Backflip","Deadly Poison","Envenom","Blade Dance","Escape Plan","Leg Sweep+1","Crippling Poison","Blade Dance","Malaise","Cloak And Dagger"],"relics":["Ring of the Snake","Orichalcum","PreservedInsect","Tingsha","Bottled Lightning","Toy Ornithopter","Strawberry","Snecko Eye","Peace Pipe"],"acts_visited":["Exordium","TheCity"],"potions_floor_usage":[12,16,16,24],"damage_taken":[{"damage":3,"enemies":"2 Louse","floor":1,"turns":5},{"damage":0,"enemies":"Small Slimes","floor":2,"turns":4},{"damage":0,"enemies":"Jaw Worm","floor":4,"turns":6},{"damage":6,"enemies":"Large Slime","floor":5,"turns":9},{"damage":9,"enemies":"Gremlin Nob","floor":6,"turns":5},{"damage":9,"enemies":"Exordium Thugs","floor":7,"turns":5},{"damage":18,"enemies":"Lagavulin","floor":10,"turns":6},{"damage":0,"enemies":"2 Fungi Beasts","floor":11,"turns":5},{"damage":11,"enemies":"Gremlin Nob","floor":12,"turns":4},{"damage":0,"enemies":"Large Slime","floor":13,"turns":11},{"damage":0,"enemies":"Blue Slaver","floor":14,"turns":5},{"damage":52,"enemies":"Slime Boss","floor":16,"turns":16},{"damage":16,"enemies":"2 Thieves","floor":18,"turns":4},{"damage":3,"enemies":"Chosen","floor":20,"turns":6},{"damage":76,"enemies":"Gremlin Leader","floor":24,"turns":5}],"seed_played":"-1139258932918727860","potions_obtained":[{"floor":4,"key":"DistilledChaos"},{"floor":6,"key":"SpeedPotion"},{"floor":7,"key":"AttackPotion"},{"floor":13,"key":"FairyPotion"},{"floor":16,"key":"SneckoOil"},{"floor":18,"key":"Poison Potion"},{"floor":20,"key":"Strength Potion"}],"is_trial":false,"path_per_floor":["M","M","?","M","M","E","M","R","T","E","M","E","M","M","R","B",null,"M","?","M","T","?","R","E"],"character_chosen":"THE_SILENT","items_purchased":[],"campfire_rested":2,"item_purchase_floors":[],"current_hp_per_floor":[60,60,42,42,36,27,18,39,39,21,21,22,22,22,45,3,59,43,43,40,40,40,40,0,0],"gold":494,"neow_bonus":"RANDOM_COMMON_RELIC","is_daily":false,"chose_seed":false,"campfire_upgraded":0,"win_rate":0.0,"timestamp":1611789075,"path_taken":["M","M","?","M","M","E","M","R","T","E","M","E","M","M","R","BOSS","M","?","M","?","?","R","E"],"items_purchased_type":[],"build_version":"2020-12-22","purchased_purges":0,"victory":false,"max_hp_per_floor":[70,70,70,70,70,70,70,70,70,70,70,77,77,77,77,77,77,77,77,77,77,77,77,77,77],"relic_stats":{"Peace Pipe":1,"counters":[15,96],"Snecko Eye":[18,29,24,33],"Tingsha":[24],"PreservedInsect":120,"Orichalcum":[288],"obtain_stats":[{"Peace Pipe":21,"Strawberry":12,"Snecko Eye":17,"Tingsha":6,"PreservedInsect":3,"Bottled Lightning":9,"Orichalcum":0,"Toy Ornithopter":10,"Ring of the Snake":0},{"Peace Pipe":14,"Strawberry":9,"Snecko Eye":12,"Tingsha":5,"PreservedInsect":2,"Bottled Lightning":6,"Orichalcum":0,"Toy Ornithopter":7,"Ring of the Snake":0},{"Peace Pipe":91,"Strawberry":49,"Snecko Eye":81,"Tingsha":29,"PreservedInsect":9,"Bottled Lightning":34,"Orichalcum":0,"Toy Ornithopter":40,"Ring of the Snake":0}],"Toy Ornithopter":20,"Ring of the Snake":[30]},"card_choices":[{"not_picked":["Slice","Expertise"],"picked":"Sucker Punch","floor":1},{"not_picked":["Acrobatics","Blade Dance"],"picked":"Backflip","floor":2},{"not_picked":["Backflip","Well Laid Plans"],"picked":"Deadly Poison","floor":4},{"not_picked":["Choke","Distraction","Prepared"],"picked":"SKIP","floor":5},{"not_picked":["Outmaneuver","Footwork"],"picked":"Envenom","floor":6},{"not_picked":["PiercingWail","Dagger Throw"],"picked":"Blade Dance","floor":7},{"not_picked":["Backflip","Expertise"],"picked":"Escape Plan","floor":10},{"not_picked":["Distraction","Accuracy"],"picked":"Leg Sweep","floor":11},{"not_picked":["Setup","Masterful Stab","Prepared"],"picked":"SKIP","floor":12},{"not_picked":["Setup","Concentrate"],"picked":"Crippling Poison","floor":13},{"not_picked":["Backflip","Poisoned Stab"],"picked":"Blade Dance","floor":14},{"not_picked":["Storm of Steel","Phantasmal Killer"],"picked":"Malaise","floor":16},{"not_picked":["Quick Slash","Dodge and Roll+1","Dagger Spray"],"picked":"SKIP","floor":18},{"not_picked":["Poisoned Stab","Outmaneuver"],"picked":"Cloak And Dagger","floor":20}],"player_experience":632488,"relics_obtained":[{"floor":6,"key":"Tingsha"},{"floor":9,"key":"Bottled Lightning"},{"floor":10,"key":"Toy Ornithopter"},{"floor":12,"key":"Strawberry"},{"floor":21,"key":"Peace Pipe"}],"event_choices":[{"damage_healed":0,"gold_gain":0,"player_choice":"Success","damage_taken":18,"relics_obtained":["PreservedInsect"],"max_hp_gain":0,"max_hp_loss":0,"event_name":"Scrap Ooze","floor":3,"gold_loss":0},{"damage_healed":0,"gold_gain":0,"player_choice":"Ignored","damage_taken":0,"max_hp_gain":0,"max_hp_loss":0,"event_name":"Ghosts","floor":19,"gold_loss":0},{"damage_healed":0,"gold_gain":0,"player_choice":"Upgraded","damage_taken":0,"max_hp_gain":0,"max_hp_loss":0,"event_name":"Upgrade Shrine","floor":22,"gold_loss":0,"cards_upgraded":["Leg Sweep"]}],"is_beta":false,"boss_relics":[{"not_picked":["Runic Dome","Tiny House"],"picked":"Snecko Eye"}],"items_purged_floors":[],"is_endless":false,"potions_floor_spawned":[4,6,7,11,13,16,18,20],"killed_by":"Gremlin Leader","ascension_level":10}}