{"host":"8d3fefv2347kqkpz","time":1611746800,"event":{"mods":["AchievementEnabler","Act Like it!","Aspiration","BaseMod","Better Vampires","Colored Map","Colored Powertips","Conspire","GifTheSpireLib","Hermit","Highlight Path","Hubris","Marisa£®ÏF”Í°°ƒß¿Ì…≥£©","Mimic Mod","Minty Spire (QoL Compilation)","Quick Restart","Rare Cards Sparkle","Reimu£®≤©¿ˆ¡È√Œ£©","Relic Stats","Remilia£®¿Ÿ√◊¿Ú—«£©","Replay The Spire","Spicy Shops","StSLib","The Cursed","The Jungle","The Servant 0.9.4","Waifu the Spire","Youmu£®ªÍ∆«—˝√Œ£©"],"gold_per_floor":[119,119,119,135,153,185,185,213,251,269,269,298,312,15,15,114,114,126,126,141,56,72,72,97,97,97,115,132,132,152,162,162,258,258,269,269,72,72,87,87,113,143,166,166,179,199,199,217,217,217],"floor_reached":51,"language":"ZHS","playtime":2504,"items_purged":["Strike_R","Defend_R"],"score":944,"play_id":"d05cac8c-f026-4a16-adf1-1be638e17b1e","local_time":"20210127192640","is_ascension_mode":false,"campfire_choices":[{"data":"ReplayTheSpireMod:Muscle Training","floor":7.0,"key":"SMITH"},{"floor":11.0,"key":"REST"},{"floor":15.0,"key":"REST"},{"data":"Metallicize","floor":23.0,"key":"SMITH"},{"floor":25.0,"key":"REST"},{"data":"Rupture","floor":29.0,"key":"SMITH"},{"floor":32.0,"key":"REST"},{"data":"Heavy Blade","floor":40.0,"key":"SMITH"},{"floor":47,"key":"REST"},{"floor":49,"key":"REST"}],"circlet_count":0,"master_deck":["Strike_R","Defend_R","Bash","Combust","ReplayTheSpireMod:Muscle Training+1","conspire:Charge","Pot Of Greed","Pot Of Greed","Heavy Blade+1","Whirlwind","Rupture+1","ReplayTheSpireMod:Muscle Training","Metallicize+1","Armaments+1","ReplayTheSpireMod:Private Reserves","conspire:Purge","Warcry","Metallicize+1","Sword Boomerang+1","Disarm","ReplayTheSpireMod:Stacked","Bloodletting","Brutality"],"relics":["Burning Blood","Thread and Needle","The Courier","Grinning Jar","Tiny Chest","Orichalcum","Runic Dome","Sundial","ReplayTheSpireMod:Lightbulb","Blue Doll","hubris:RunicObelisk","hubris:MysteriousPyramids","Pet Ghost","InkBottle","Toy Ornithopter"],"acts_visited":["Exordium","TheCity","TheBeyond"],"potions_floor_usage":[50,50,50],"damage_taken":[{"damage":1.0,"enemies":"conspire:RoseBush","floor":1.0,"turns":4.0},{"damage":0.0,"enemies":"2 Louse","floor":4.0,"turns":4.0},{"damage":4.0,"enemies":"Jaw Worm","floor":5.0,"turns":5.0},{"damage":27.0,"enemies":"Replay:BlueRogue","floor":6.0,"turns":8.0},{"damage":25.0,"enemies":"Lagavulin","floor":8.0,"turns":6.0},{"damage":7.0,"enemies":"Exordium Thugs","floor":9.0,"turns":7.0},{"damage":10.0,"enemies":"Exordium Thugs","floor":10.0,"turns":5.0},{"damage":24.0,"enemies":"3 Sentries","floor":12.0,"turns":7.0},{"damage":11.0,"enemies":"Gremlin Gang","floor":13.0,"turns":4.0},{"damage":43.0,"enemies":"Hexaghost","floor":16.0,"turns":9.0},{"damage":9.0,"enemies":"3 Byrds","floor":18.0,"turns":3.0},{"damage":10.0,"enemies":"2 Thieves","floor":20.0,"turns":4.0},{"damage":6.0,"enemies":"Cultist and Chosen","floor":22.0,"turns":6.0},{"damage":41.0,"enemies":"Slavers","floor":24.0,"turns":5.0},{"damage":18.0,"enemies":"Sentry and Sphere","floor":27.0,"turns":5.0},{"damage":12.0,"enemies":"Centurion and Healer","floor":28.0,"turns":6.0},{"damage":16.0,"enemies":"Snake Plant","floor":30.0,"turns":4.0},{"damage":8.0,"enemies":"Cultist and Chosen","floor":31.0,"turns":4.0},{"damage":19.0,"enemies":"Pondfish","floor":33.0,"turns":7.0},{"damage":18.0,"enemies":"3 Darklings","floor":35.0,"turns":4.0},{"damage":4.0,"enemies":"3 Shapes","floor":39.0,"turns":1.0},{"damage":18.0,"enemies":"Reptomancer","floor":42.0,"turns":4.0},{"damage":21,"enemies":"Jaw Worm Horde","floor":45,"turns":3},{"damage":6,"enemies":"Sphere and 2 Shapes","floor":46,"turns":4},{"damage":23,"enemies":"Maw","floor":48,"turns":5},{"damage":37,"enemies":"Donu and Deca","floor":50,"turns":5}],"seed_played":"186370371239782803","potions_obtained":[{"floor":4.0,"key":"Fire Potion"},{"floor":6.0,"key":"Energy Potion"},{"floor":8.0,"key":"Swift Potion"},{"floor":10.0,"key":"EssenceOfSteel"},{"floor":28.0,"key":"GamblersBrew"},{"floor":30.0,"key":"Strength Potion"},{"floor":31.0,"key":"AttackPotion"}],"is_trial":false,"path_per_floor":["M","?","?","M","M","E","R","E","MIM","M","R","E","M","$","R","B",null,"M","T","M","?","M","R","E","R","T","M","M","R","M","M","R","B",null,"M","?","$","?","M","R","T","E","T","?","M","M","R","M","R","B",null],"character_chosen":"IRONCLAD","items_purchased":["Metallicize","Armaments","ReplayTheSpireMod:Private Reserves","hubris:MysteriousPyramids"],"campfire_rested":6,"item_purchase_floors":[14,14,14,37],"current_hp_per_floor":[80,73,73,79,80,59,59,40,39,35,59,41,36,36,60,23,80,77,77,73,73,73,73,38,62,62,50,44,44,34,32,56,43,80,68,68,68,68,70,70,70,58,58,58,43,43,67,50,74,54],"gold":217,"neow_bonus":"REMOVE_CARD","is_daily":false,"chose_seed":false,"campfire_upgraded":4,"win_rate":0.0,"timestamp":1611746800,"path_taken":["M","?","?","M","M","E","R","E","MIM","?","R","E","?","?","R","BOSS","M","?","M","?","M","R","E","R","T","M","M","R","M","M","R","BOSS","M","?","$","?","M","R","?","E","T","?","M","M","R","M","R","BOSS"],"items_purchased_type":["Card","Card","Card","Relic"],"build_version":"2020-12-22","purchased_purges":2,"victory":true,"max_hp_per_floor":[80,80,80,80,80,80,80,80,80,80,80,80,80,80,80,80,80,80,80,80,80,80,80,80,80,80,80,80,80,80,80,80,80,80,80,80,80,80,80,80,80,80,80,80,80,80,80,80,80,80],"relic_stats":{"counters":[26,129],"Sundial":[12],"Tiny Chest":2,"Orichalcum":[174],"obtain_stats":[{"Thread and Needle":3,"Blue Doll":24,"The Courier":6,"Orichalcum":12,"hubris:RunicObelisk":34,"hubris:MysteriousPyramids":37,"Burning Blood":0,"Pet Ghost":41,"Runic Dome":17,"Sundial":19,"Tiny Chest":9,"Grinning Jar":8,"ReplayTheSpireMod:Lightbulb":21,"InkBottle":42,"Toy Ornithopter":43},{"Thread and Needle":1,"Blue Doll":14,"The Courier":4,"Orichalcum":8,"hubris:RunicObelisk":19,"hubris:MysteriousPyramids":20,"Burning Blood":0,"Pet Ghost":21,"Runic Dome":10,"Sundial":11,"Tiny Chest":6,"Grinning Jar":5,"ReplayTheSpireMod:Lightbulb":12,"InkBottle":22,"Toy Ornithopter":22},{"Thread and Needle":4,"Blue Doll":77,"The Courier":21,"Orichalcum":46,"hubris:RunicObelisk":103,"hubris:MysteriousPyramids":107,"Burning Blood":0,"Pet Ghost":108,"Runic Dome":59,"Sundial":62,"Tiny Chest":34,"Grinning Jar":27,"ReplayTheSpireMod:Lightbulb":66,"InkBottle":112,"Toy Ornithopter":112}],"Burning Blood":150,"InkBottle":[9],"Toy Ornithopter":11},"card_choices":[{"not_picked":["True Grit","Massacre","Pommel Strike"],"picked":"SKIP","floor":1.0},{"not_picked":["Intimidate","Replay:Undeath\u0027s Touch"],"picked":"Combust","floor":4.0},{"not_picked":["Pommel Strike","Uppercut"],"picked":"ReplayTheSpireMod:Muscle Training","floor":5.0},{"not_picked":["Clothesline","Flex"],"picked":"conspire:Charge","floor":6.0},{"not_picked":["conspire:ExplosiveBarrier","Second Wind"],"picked":"Iron Wave","floor":8.0},{"not_picked":["Pummel","Warcry"],"picked":"Heavy Blade","floor":9.0},{"not_picked":["Twin Strike","Dropkick"],"picked":"Whirlwind","floor":10.0},{"not_picked":["Thunderclap","Clash"],"picked":"Rupture","floor":12.0},{"not_picked":["Armaments","Shrug It Off"],"picked":"ReplayTheSpireMod:Muscle Training","floor":13.0},{"not_picked":["Fiend Fire","Demon Form"],"picked":"conspire:Purge","floor":16.0},{"not_picked":["Havoc+1","Run Through"],"picked":"Warcry","floor":18.0},{"not_picked":["Iron Wave","Exhume"],"picked":"Metallicize+1","floor":20.0},{"not_picked":["Infernal Blade","Pommel Strike+1","Anger"],"picked":"SKIP","floor":22.0},{"not_picked":["Spot Weakness","Cleave"],"picked":"Sword Boomerang+1","floor":24.0},{"not_picked":["Pommel Strike","conspire:ExplosiveBarrier"],"picked":"Disarm","floor":27.0},{"not_picked":["Run Through","Havoc+1"],"picked":"ReplayTheSpireMod:Stacked","floor":28.0},{"not_picked":["Headbutt","Replay:Undeath\u0027s Touch+1"],"picked":"Bloodletting","floor":30.0},{"not_picked":["Massacre","Flex","Clothesline"],"picked":"SKIP","floor":31.0},{"not_picked":["Limit Break","Bludgeon"],"picked":"Brutality","floor":33.0},{"not_picked":["Evolve+1","Perfected Strike","Shockwave+1"],"picked":"SKIP","floor":35.0},{"not_picked":["Pommel Strike","Replay:Undeath\u0027s Touch","Shrug It Off+1"],"picked":"SKIP","floor":39.0},{"not_picked":["Twin Strike+1","Anger","Fire Breathing+1"],"picked":"SKIP","floor":42.0},{"not_picked":["True Grit+1","Power Through","Clothesline"],"picked":"SKIP","floor":45},{"not_picked":["Thunderclap","Perfected Strike+1","Headbutt"],"picked":"SKIP","floor":46},{"not_picked":["Perfected Strike+1","Burning Pact","Seeing Red"],"picked":"SKIP","floor":48}],"player_experience":205172,"relics_obtained":[{"floor":3.0,"key":"Thread and Needle"},{"floor":6.0,"key":"The Courier"},{"floor":8.0,"key":"Grinning Jar"},{"floor":9.0,"key":"Tiny Chest"},{"floor":12.0,"key":"Orichalcum"},{"floor":19.0,"key":"Sundial"},{"floor":24.0,"key":"Blue Doll"},{"floor":41.0,"key":"Pet Ghost"},{"floor":42.0,"key":"InkBottle"},{"floor":43.0,"key":"Toy Ornithopter"}],"event_choices":[{"cards_removed":["Strike_R"],"damage_healed":0.0,"max_hp_gain":0.0,"max_hp_loss":0.0,"gold_gain":0.0,"event_name":"Golden Wing","player_choice":"Card Removal","floor":2.0,"gold_loss":0.0,"damage_taken":7.0},{"damage_healed":0.0,"max_hp_gain":0.0,"max_hp_loss":0.0,"gold_gain":0.0,"event_name":"Wheel of Change","player_choice":"Relic","floor":3.0,"gold_loss":0.0,"damage_taken":0.0},{"damage_healed":0.0,"max_hp_gain":0.0,"max_hp_loss":0.0,"gold_gain":0.0,"event_name":"Addict","player_choice":"Obtained Relic","floor":21.0,"gold_loss":85.0,"damage_taken":0.0,"relics_obtained":["ReplayTheSpireMod:Lightbulb"]}],"is_beta":false,"boss_relics":[{"not_picked":["Runic Pyramid","conspire:RoyalGoblet"],"picked":"Runic Dome"},{"not_picked":["Empty Cage","aspiration:FutureDiary"],"picked":"hubris:RunicObelisk"}],"items_purged_floors":[14,14],"is_endless":false,"potions_floor_spawned":[4,6,8,10,12,28,30,31,35,45,46],"ascension_level":0}}