{"host":"44ptf306keujqm0c","time":1611747790,"event":{"mods":["Aspiration","BaseMod","Marisa（F雨　魔理沙）","Minty Spire (QoL Compilation)","Replay The Spire","StSLib","The Administrix","The Construct","The Cursed","The Servant 0.9.4","WarShipGirlsR/战舰少女R mod"],"gold_per_floor":[114,114,114,114,114,142,142,167,167,167,63,63,89,107,107,178,178,192,92,109,109,119,119,144,144,144,144,185,204,250,260,260],"floor_reached":31,"language":"ZHS","playtime":1556,"items_purged":["Doubt","Replay:Parry"],"score":839,"play_id":"119ef353-0f90-46a9-a7e4-aed48e0930e3","local_time":"20210127194310","daily_mods":["Diverse","Heirloom","DeadlyEvents","Elite Swarm"],"is_ascension_mode":true,"campfire_choices":[{"data":"Blasphemy","floor":7.0,"key":"SMITH"},{"data":"construct:ClockworkEgg","floor":10.0,"key":"SMITH"},{"data":"construct:ClockworkEgg+1","floor":12.0,"key":"SMITH"},{"data":"construct:ClockworkEgg+2","floor":15.0,"key":"SMITH"},{"data":"EscapeVelocity","floor":23.0,"key":"SMITH"},{"floor":25.0,"key":"REST"},{"floor":27.0,"key":"REST"}],"circlet_count":0,"master_deck":["AscendersBane","rmod:strick","rmod:strick","rmod:strick","rmod:strick","rmod:defend+1","rmod:defend","rmod:defend","rmod:defend","rmod:basicallowance","rmod:maingunfire","construct:Missile+1","Blasphemy+1","BottledTime","EscapeVelocity+1","After Image","Corruption+1","Creative AI+1"],"relics":["rmod:firstchargereward","Ring of Chaos","Ice Cream","NeowsBlessing","PrismaticShard","Bronze Scales","InkBottle","Replay:Ringing Soul","Blue Doll","Runic Pyramid","Molten Egg 2","Toxic Egg 2","Frozen Egg 2","construct:ClockworkPhoenix","Pantograph","Replay:Bandana","Replay:Accelerometer","Pondfish Scales"],"acts_visited":["Exordium","TheCity"],"potions_floor_usage":[30,31],"damage_taken":[{"damage":0.0,"enemies":"Jaw Worm","floor":1.0,"turns":4.0},{"damage":0.0,"enemies":"Gremlin Nob","floor":6.0,"turns":1.0},{"damage":0.0,"enemies":"Lagavulin","floor":8.0,"turns":1.0},{"damage":0.0,"enemies":"Gremlin Nob","floor":13.0,"turns":1.0},{"damage":8.0,"enemies":"Small Slimes","floor":14.0,"turns":3.0},{"damage":35.0,"enemies":"Hexaghost","floor":16.0,"turns":6.0},{"damage":15.0,"enemies":"Chosen","floor":18.0,"turns":5.0},{"damage":13.0,"enemies":"3 Byrds","floor":20.0,"turns":4.0},{"damage":0.0,"enemies":"Snake Plant","floor":22.0,"turns":1.0},{"damage":14.0,"enemies":"Replay:Snechameleon","floor":24.0,"turns":3.0},{"damage":62.0,"enemies":"Slavers","floor":28.0,"turns":4.0},{"damage":26,"enemies":"Shelled Parasite and Fungi","floor":29,"turns":4},{"damage":0,"enemies":"Replay:Snechameleon","floor":30,"turns":3},{"damage":11,"enemies":"Centurion and Healer","floor":31,"turns":2}],"seed_played":"2678690631076458329","potions_obtained":[{"floor":1.0,"key":"Explosive Potion"},{"floor":8.0,"key":"SneckoOil"},{"floor":20.0,"key":"AttackPotion"},{"floor":28.0,"key":"Fire Potion"},{"floor":29,"key":"SpeedPotion"},{"floor":30,"key":"Weak Potion"}],"is_trial":true,"path_per_floor":["M","WH","?","WH","?","E","R","E","T","R","$","R","E","M","R","B",null,"M","$","M","?","M","R","E","R","T","R","E","M","E","M"],"character_chosen":"PRAEFECT","items_purchased":["BottledTime"],"campfire_rested":2,"item_purchase_floors":[11],"current_hp_per_floor":[63,63,42,49,49,49,49,49,49,49,52,52,55,50,50,18,71,56,56,43,43,43,43,32,59,59,86,27,1,1,0,0],"gold":260,"neow_bonus":"TEN_PERCENT_HP_BONUS","is_daily":false,"chose_seed":false,"campfire_upgraded":5,"win_rate":0.0,"timestamp":1611747790,"path_taken":["M","WH","?","WH","?","E","R","E","T","R","?","R","E","M","R","BOSS","M","$","M","?","M","R","E","R","T","R","E","M","?","M"],"items_purchased_type":["Card"],"build_version":"2020-12-22","purchased_purges":2,"victory":false,"max_hp_per_floor":[70,70,70,77,77,77,77,77,77,77,80,80,83,86,86,89,89,89,89,89,89,89,89,92,92,92,92,95,95,95,95,95],"card_choices":[{"not_picked":["ClearTheMind","6A"],"picked":"construct:Missile","floor":1.0},{"not_picked":["Unload","rmod:timeschanged"],"picked":"Blasphemy","floor":6.0},{"not_picked":["Dilation","Multi-Cast"],"picked":"construct:ClockworkEgg","floor":8.0},{"not_picked":["ManaRampage","rmod:u235"],"picked":"EscapeVelocity","floor":13.0},{"not_picked":["AdministrixMod:TrickOfTheLight","construct:LaserCore"],"picked":"Replay:Parry","floor":14.0},{"not_picked":["SatelliteIllusion","Transmutation"],"picked":"After Image","floor":16.0},{"not_picked":["Anger+1","Cold Snap+1","BottledTime+1"],"picked":"SKIP","floor":18.0},{"not_picked":["Reflex+1","construct:UnbalancingBlast+1","TheCursedMod:SmokeScreen+1"],"picked":"SKIP","floor":20.0},{"not_picked":["Well Laid Plans+1","ReplayTheSpireMod:LeadingStrike+1","MysteriousBeam+1"],"picked":"SKIP","floor":22.0},{"not_picked":["Dilation+1","AdministrixMod:FearOfDeath+1"],"picked":"Corruption+1","floor":24.0},{"not_picked":["Secret Technique+1","AdministrixMod:FalseDeath+1"],"picked":"Creative AI+1","floor":28.0},{"not_picked":["Force Field+1","rmod:aluminumsupply+1","AdministrixMod:ImmortalPurity+1"],"picked":"SKIP","floor":29},{"not_picked":["ReplayRNGCard+1","construct:HyperBeam+1","AdministrixMod:LuminaryPath+1"],"picked":"SKIP","floor":30}],"player_experience":40044,"relics_obtained":[{"floor":6.0,"key":"Bronze Scales"},{"floor":8.0,"key":"InkBottle"},{"floor":9.0,"key":"Replay:Ringing Soul"},{"floor":13.0,"key":"Blue Doll"},{"floor":24.0,"key":"Pantograph"},{"floor":26.0,"key":"Replay:Bandana"},{"floor":28.0,"key":"Replay:Accelerometer"},{"floor":30,"key":"Pondfish Scales"}],"event_choices":[{"damage_healed":0.0,"max_hp_gain":0.0,"max_hp_loss":0.0,"gold_gain":0.0,"event_name":"Shining Light","player_choice":"Entered Light","floor":3.0,"gold_loss":0.0,"damage_taken":21.0,"cards_upgraded":["construct:Missile","rmod:defend"]},{"damage_healed":0.0,"max_hp_gain":0.0,"max_hp_loss":0.0,"gold_gain":0.0,"event_name":"Duplicator","player_choice":"Ignored","floor":21.0,"gold_loss":0.0,"damage_taken":0.0}],"is_beta":false,"boss_relics":[{"not_picked":["Busted Crown","Runic Dome"],"picked":"Runic Pyramid"}],"items_purged_floors":[11,19],"is_endless":false,"potions_floor_spawned":[1,8,20,28,29,30],"killed_by":"Centurion and Healer","ascension_level":20}}