{"host":"4q6g5wn1adpnm0z5","time":1611785878,"event":{"mods":["2.2 Compatiblity","Aspiration","Astrologer","BaseMod","Hubris","Minty Spire (QoL Compilation)","Replay The Spire","StSLib","The Cursed","The Jungle"],"gold_per_floor":[113,126,126,51,67,67,97,97,124,150,163,163,191,191,191,262,262,279,289,289,289,303,338,354,383,435,479,391,410,438,523,523,597,597,616,630,655,667,667,692,692,702,702,719,719,651,67,102,102,102],"floor_reached":51,"language":"ENG","playtime":3249,"items_purged":["hubris:SlightOfHand","Doubt","hubris:SlightOfHand"],"score":2216,"play_id":"7ad08a7a-ccf7-499c-8977-f5aaf3d58e0c","local_time":"20210127231758","daily_mods":["Insanity","ControlledChaos","Cursed Run"],"is_ascension_mode":true,"campfire_choices":[{"data":"Sneak Up","floor":6.0,"key":"SMITH"},{"data":"Tactician","floor":8.0,"key":"SMITH"},{"data":"Sucker Punch","floor":15.0,"key":"SMITH"},{"data":"Sucker Punch","floor":32.0,"key":"SMITH"},{"data":"Finisher","floor":41.0,"key":"SMITH"},{"data":"Footwork","floor":49.0,"key":"SMITH"}],"circlet_count":0,"master_deck":["AscendersBane","Hidden Blade","Deflect","Deadly Poison","hubris:TrickCloak","Dagger Spray","Sneak Up+1","Hidden Blade","Tactician+1","Dagger Throw","Sucker Punch+1","Finisher+1","Dagger Spray","Deflect","Dodge and Roll","Cloak And Dagger","Underhanded Strike","Expertise","Reflex","PiercingWail","Replay:Poison Smokescreen","Acrobatics","ReplayTheSpireMod:Scrap Shanks","Skewer","Choke","Poisoned Stab","Deflect","Sucker Punch","Underhanded Strike","Blur","Flying Knee+1","hubris:TrickCloak","Backflip","Dagger Spray","Terror","Deadly Poison","Choke","Slice","Dagger Throw","Acrobatics","Dagger Throw","Acrobatics","Blade Dance","Eviscerate+1","Sucker Punch+1","Outmaneuver","Dagger Throw","Deflect","Leg Sweep","PiercingWail+1","hubris:Disease","Backstab","Leg Sweep","Escape Plan","Clumsy","Bane","Quick Slash","Backflip+1","ReplayTheSpireMod:Restless Dread","hubris:Wrath","Footwork+1","Regret"],"relics":["Cursed Key","Darkstone Periapt","Du-Vu Doll","Frozen Eye","Snake Skull","Tiny Chest","hubris:MysteriousPyramids","hubris:Icosahedron","Whetstone","ReplayTheSpireMod:Ring of Challenge","hubris:Stopwatch","Juzu Bracelet","Omamori","MawBank","StoneCalendar","Dream Catcher","Pen Nib","aspiration:SecretTechniqueScroll","CaptainsWheel","Meat on the Bone","Peace Pipe","Replay:Bottled Steam","PreservedInsect","hubris:Metronome","Toolbox","Lantern"],"acts_visited":["Exordium","Exordium","TheBeyond"],"potions_floor_usage":[50,50],"damage_taken":[{"damage":0.0,"enemies":"Jaw Worm","floor":1.0,"turns":3.0},{"damage":1.0,"enemies":"Small Slimes","floor":2.0,"turns":2.0},{"damage":0.0,"enemies":"2 Louse","floor":5.0,"turns":2.0},{"damage":5.0,"enemies":"3 Sentries","floor":7.0,"turns":6.0},{"damage":1.0,"enemies":"Replay:BlueRogue","floor":10.0,"turns":2.0},{"damage":0.0,"enemies":"Lots of Slimes","floor":11.0,"turns":1.0},{"damage":4.0,"enemies":"3 Sentries","floor":13.0,"turns":4.0},{"damage":0.0,"enemies":"Fading Forest","floor":16.0,"turns":11.0},{"damage":1.0,"enemies":"theJungle:MUSHROOMGANG","floor":18.0,"turns":2.0},{"damage":1.0,"enemies":"theJungle:Flameango_and_Byrd","floor":19.0,"turns":5.0},{"damage":0.0,"enemies":"theJungle:Snecko_Cultist_And_Trap","floor":22.0,"turns":2.0},{"damage":16.0,"enemies":"theJungle:Cassacara","floor":23.0,"turns":4.0},{"damage":5.0,"enemies":"theJungle:Lyon","floor":24.0,"turns":4.0},{"damage":0.0,"enemies":"theJungle:MamaSnecko","floor":25.0,"turns":3.0},{"damage":9.0,"enemies":"theJungle:2_Phrogs","floor":27.0,"turns":5.0},{"damage":0.0,"enemies":"theJungle:2_Snecko_Cultists","floor":29.0,"turns":2.0},{"damage":0.0,"enemies":"theJungle:MamaSnecko","floor":30.0,"turns":3.0},{"damage":0.0,"enemies":"theJungle:TotemBoss","floor":33.0,"turns":5.0},{"damage":17.0,"enemies":"3 Shapes","floor":35.0,"turns":5.0},{"damage":0.0,"enemies":"3 Darklings","floor":36.0,"turns":3.0},{"damage":0.0,"enemies":"Mind Bloom Boss Battle","floor":37.0,"turns":3.0},{"damage":0.0,"enemies":"Maw","floor":38.0,"turns":4.0},{"damage":0.0,"enemies":"Giant Head","floor":40.0,"turns":3.0},{"damage":1.0,"enemies":"4 Shapes","floor":42.0,"turns":5.0},{"damage":0.0,"enemies":"Spire Growth","floor":44.0,"turns":3.0},{"damage":5.0,"enemies":"Nemesis","floor":46.0,"turns":5.0},{"damage":0.0,"enemies":"Giant Head","floor":48.0,"turns":5.0},{"damage":0,"enemies":"Awakened One","floor":50,"turns":4}],"seed_played":"-8346287435989644162","potions_obtained":[{"floor":5.0,"key":"Languid Potion"},{"floor":10.0,"key":"Flashbang"},{"floor":24.0,"key":"Poison Potion"},{"floor":27.0,"key":"SneckoOil"},{"floor":33.0,"key":"BlessingOfTheForge"},{"floor":36.0,"key":"BlessingOfTheForge"},{"floor":40.0,"key":"Poison Potion"},{"floor":44.0,"key":"DistilledChaos"}],"is_trial":true,"path_per_floor":["M","M","?","$","M","R","E","R","T","E","M","?","E","?","R","B",null,"M","M","?","T","M","E","M","E","T","E","$","M","E","?","R","B",null,"M","M","?","M","?","E","R","M","T","M","T","E","$","E","R","B",null],"character_chosen":"THE_SILENT","items_purchased":["hubris:Metronome","Toolbox","Footwork"],"campfire_rested":0,"item_purchase_floors":[47,47,47],"current_hp_per_floor":[59,58,58,58,58,58,53,53,59,58,58,58,54,60,60,74,82,81,80,80,80,80,64,59,59,59,50,50,50,50,50,50,56,82,65,65,65,65,71,71,71,70,76,76,82,77,77,77,77,83],"gold":102,"neow_bonus":"","is_daily":false,"chose_seed":false,"campfire_upgraded":6,"win_rate":0.0,"timestamp":1611785878,"path_taken":["M","M","?","$","M","R","E","R","T","E","M","?","E","?","R","BOSS","M","M","?","?","M","E","M","E","T","E","$","M","E","?","R","BOSS","M","M","?","M","?","E","R","M","T","M","?","E","$","E","R","BOSS"],"items_purchased_type":["Relic","Relic","Card"],"build_version":"2020-12-22","purchased_purges":3,"victory":true,"max_hp_per_floor":[66,66,66,66,66,66,66,66,72,72,72,72,72,78,78,84,84,84,84,84,84,84,84,84,84,84,84,84,84,84,84,84,90,90,90,90,90,90,96,96,96,96,102,102,108,108,108,108,108,114],"card_choices":[{"not_picked":["Deadly Poison","Bane"],"picked":"Leg Sweep","floor":1.0},{"not_picked":["Dodge and Roll","Hidden Blade","Slice"],"picked":"SKIP","floor":2.0},{"not_picked":["Sneak Up","PiercingWail","Acrobatics"],"picked":"SKIP","floor":5.0},{"not_picked":["ReplayTheSpireMod:Scrap Shanks","Dagger Spray","Blade Dance"],"picked":"SKIP","floor":7.0},{"not_picked":["Catalyst","Dagger Throw"],"picked":"Backstab","floor":10.0},{"not_picked":["Deadly Poison","Backflip"],"picked":"Leg Sweep","floor":11.0},{"not_picked":["Quick Slash","Deadly Poison"],"picked":"Escape Plan","floor":13.0},{"not_picked":["Distraction","Hidden Blade","ReplayTheSpireMod:Speed Training"],"picked":"SKIP","floor":18.0},{"not_picked":["Bane","Terror","Deadly Poison"],"picked":"SKIP","floor":19.0},{"not_picked":["Terror","Deadly Poison"],"picked":"Bane","floor":19.0},{"not_picked":["Acrobatics","Blade Dance","Heel Hook"],"picked":"SKIP","floor":22.0},{"not_picked":["Flying Knee+1","Outmaneuver+1","ReplayTheSpireMod:Speed Training"],"picked":"SKIP","floor":23.0},{"not_picked":["Deadly Poison+1","Tactician","Outmaneuver"],"picked":"SKIP","floor":24.0},{"not_picked":["Dagger Throw+1","PiercingWail"],"picked":"Quick Slash","floor":25.0},{"not_picked":["Deflect","Calculated Gamble","Atom Bomb"],"picked":"SKIP","floor":27.0},{"not_picked":["hubris:Sniper","Dagger Throw"],"picked":"Backflip+1","floor":29.0},{"not_picked":["Blur","Poisoned Stab","Deflect"],"picked":"SKIP","floor":30.0},{"not_picked":["Catalyst+1","Underhanded Strike","Hidden Blade"],"picked":"SKIP","floor":35.0},{"not_picked":["Sneak Up","Dagger Throw","Eviscerate"],"picked":"SKIP","floor":36.0},{"not_picked":["Bane","Die Die Die","Dagger Spray"],"picked":"SKIP","floor":38.0},{"not_picked":["Heel Hook","Outmaneuver","Underhanded Strike"],"picked":"SKIP","floor":40.0},{"not_picked":["Masterful Stab","Dagger Spray","Deflect"],"picked":"SKIP","floor":42.0},{"not_picked":["Flechettes","Backflip","Endless Agony"],"picked":"SKIP","floor":44.0},{"not_picked":["Dagger Throw","Deflect","Blade Dance"],"picked":"SKIP","floor":46.0},{"not_picked":["Flying Knee","ReplayTheSpireMod:Tripwire","A Thousand Cuts"],"picked":"SKIP","floor":48.0}],"player_experience":2354272,"relics_obtained":[{"floor":7.0,"key":"Snake Skull"},{"floor":9.0,"key":"Tiny Chest"},{"floor":10.0,"key":"hubris:MysteriousPyramids"},{"floor":13.0,"key":"Whetstone"},{"floor":14.0,"key":"ReplayTheSpireMod:Ring of Challenge"},{"floor":23.0,"key":"Juzu Bracelet"},{"floor":25.0,"key":"Omamori"},{"floor":26.0,"key":"MawBank"},{"floor":27.0,"key":"StoneCalendar"},{"floor":30.0,"key":"Dream Catcher"},{"floor":31.0,"key":"Pen Nib"},{"floor":37.0,"key":"CaptainsWheel"},{"floor":40.0,"key":"Meat on the Bone"},{"floor":43.0,"key":"Peace Pipe"},{"floor":45.0,"key":"Replay:Bottled Steam"},{"floor":46.0,"key":"PreservedInsect"},{"floor":48.0,"key":"Lantern"}],"event_choices":[{"damage_healed":0.0,"max_hp_gain":0.0,"max_hp_loss":0.0,"gold_gain":0.0,"event_name":"The Woman in Blue","player_choice":"Bought 0 Potions","floor":20.0,"gold_loss":0.0,"damage_taken":0.0},{"damage_healed":0.0,"max_hp_gain":0.0,"max_hp_loss":0.0,"gold_gain":0.0,"event_name":"MindBloom","player_choice":"Fight","floor":37.0,"gold_loss":0.0,"damage_taken":0.0},{"damage_healed":0.0,"max_hp_gain":0.0,"max_hp_loss":0.0,"gold_gain":0.0,"cards_transformed":["Normality"],"event_name":"Transmorgrifier","player_choice":"Transformed","floor":39.0,"gold_loss":0.0,"damage_taken":0.0,"cards_obtained":["ReplayTheSpireMod:Restless Dread"]}],"is_beta":false,"boss_relics":[{"not_picked":["Replay:Fungal Core","aspiration:RunicSpoon"],"picked":"hubris:Stopwatch"},{"not_picked":["Philosopher\u0027s Stone","Snecko Scales"],"picked":"aspiration:SecretTechniqueScroll"}],"items_purged_floors":[4,28,47],"is_endless":false,"potions_floor_spawned":[5,10,24,25,27,29,33,36,40,42,44,46,48],"ascension_level":14}}