{"host":"a49aoqbkajnlmy9c","time":1611723247,"event":{"mods":["100% Spire Juice","2.2 Compatiblity","AchievementEnabler","Act Like it!","AlwaysNeverKeys","Arknights The Spire","BaseMod","Better Match","BetterRewards","Block Reminder","Colored Map","Colored Powertips","Downfall","Emptier Cage","Friendly Minions","Gensokyo","GifTheSpireLib","Gremlin Skip","Halation","HololiveMod","Hubris","Hyrulean Relics","Infinite Spire","Ironclad Rager","Marisa????????","Minty Spire (QoL Compilation)","Prisma Mod","Quarter Circle Forward PUNCH!","Quick Restart","Random Character Button","Reimu??????","Relic Filter","Reorder Act Four","StSLib","The Alterego","The Animator","Transform Curses","Treasure Hunter","Unceasing Turn Reminder","Useless Jewels Mod","Virulent Crown","Waifu the Spire","WarShipGirlsR/????R mod","Yakumo Yukari mod","Yuyuko"],"gold_per_floor":[119,13,13,28,48,48,74,74,74,86,86,86,86,99,99,196,76,90,102,102,117,117,117,117],"floor_reached":23,"language":"ENG","playtime":1101,"items_purged":[],"score":193,"play_id":"7c5e90c3-bb8e-4c41-918e-feda31efc3df","local_time":"20210126235407","is_ascension_mode":false,"campfire_choices":[{"data":"Moonworks:Ambush","floor":6,"key":"SMITH"},{"floor":8,"key":"REST"},{"data":"Moonworks:MiracleRedBeanIceCream","floor":15,"key":"SMITH"}],"circlet_count":0,"master_deck":["Moonworks:Strike","Moonworks:Strike","Moonworks:Defend","Moonworks:Defend","Moonworks:Defend","Moonworks:Defend","Moonworks:Ambush+1","Moonworks:LongDistanceShot","Moonworks:Assault","Moonworks:LulusLuckyEgg","Moonworks:IndiscriminateFireSupport","TH:BikiniMail","Moonworks:Encore","Moonworks:Flamethrower","Moonworks:MiracleRedBeanIceCream+1","TH:BikiniMail","Moonworks:HolyNight","Moonworks:Heat300Percent","Moonworks:Assault","Moonworks:RagingMadness","Moonworks:ImOnFire","Moonworks:CloudOfSeagulls+1"],"relics":["Moonworks:BrokenBomb","Moonworks:Homemark","NeowsBlessing","halation:SwordOfLegend","hubris:GlazedTorus","qcfpunch:Combat_Fatigues","Black Star"],"acts_visited":["Exordium","TheCity"],"potions_floor_usage":[23,23],"damage_taken":[{"damage":0,"enemies":"Cultist","floor":1,"turns":1},{"damage":0,"enemies":"Small Slimes","floor":2,"turns":1},{"damage":0,"enemies":"Jaw Worm","floor":4,"turns":1},{"damage":7,"enemies":"Blue Slaver","floor":5,"turns":4},{"damage":27,"enemies":"3 Sentries","floor":7,"turns":5},{"damage":14,"enemies":"Red Slaver","floor":10,"turns":4},{"damage":10,"enemies":"Looter","floor":14,"turns":2},{"damage":61,"enemies":"The Guardian","floor":16,"turns":9},{"damage":15,"enemies":"3 Byrds","floor":18,"turns":4},{"damage":27,"enemies":"Spheric Guardian","floor":19,"turns":5},{"damage":29,"enemies":"3 Cultists","floor":21,"turns":5},{"damage":11,"enemies":"Book of Stabbing","floor":23,"turns":2}],"seed_played":"5355475890574360795","potions_obtained":[{"floor":1,"key":"BlessingOfTheForge"},{"floor":10,"key":"BlessingOfTheForge"},{"floor":21,"key":"hexamod:SoulburnPotion"}],"is_trial":false,"path_per_floor":["M","M","?","M","M","R","E","R","T","M","$","?","$","M","R","B",null,"M","M","?","M","?","E"],"character_chosen":"THE_STARBREAKER","items_purchased":[],"campfire_rested":1,"item_purchase_floors":[],"current_hp_per_floor":[60,60,60,60,53,56,29,50,50,36,36,70,70,60,66,10,70,55,33,33,9,9,0,0],"gold":117,"neow_bonus":"THREE_ENEMY_KILL","is_daily":false,"chose_seed":false,"campfire_upgraded":2,"win_rate":0.0,"timestamp":1611723247,"path_taken":["M","?","?","M","?","R","E","R","T","M","?","?","$","M","R","BOSS","M","M","?","M","?","E"],"items_purchased_type":[],"build_version":"2020-12-22","purchased_purges":0,"victory":false,"max_hp_per_floor":[60,60,60,60,60,60,60,60,60,60,60,70,70,70,70,70,70,70,70,70,70,70,70,70],"card_choices":[{"not_picked":["Moonworks:BigBangBell","Moonworks:LulusLuckyEgg"],"picked":"Moonworks:Assault","floor":1},{"not_picked":["Moonworks:MiracleRedBeanIceCream","Moonworks:CloudOfSeagulls"],"picked":"Moonworks:Assault","floor":2},{"not_picked":["Moonworks:DeployBits","Moonworks:ForcedRevival"],"picked":"Moonworks:LulusLuckyEgg","floor":4},{"not_picked":["Moonworks:BigMagnum","Moonworks:SakisCookie"],"picked":"Moonworks:IndiscriminateFireSupport","floor":5},{"not_picked":["TH:DeckOfManyThings"],"picked":"TH:BikiniMail","floor":7},{"not_picked":["Moonworks:EvilSpyWorkPreparation","Moonworks:RagingMadness"],"picked":"Moonworks:Encore","floor":7},{"not_picked":["TH:EnergyPotion"],"picked":"TH:TreasureMap","floor":9},{"not_picked":["Moonworks:ImOnFire","Moonworks:WindyEnchantment"],"picked":"Moonworks:Flamethrower","floor":10},{"not_picked":["Moonworks:LulusLuckyEgg","Moonworks:Assault"],"picked":"Moonworks:MiracleRedBeanIceCream","floor":14},{"not_picked":["TH:ElvenBoots"],"picked":"TH:BikiniMail","floor":16},{"not_picked":["Moonworks:RocketCannon","Moonworks:WeAreWaruda"],"picked":"Moonworks:HolyNight","floor":16},{"not_picked":["Moonworks:RedAndBlue","Moonworks:Assault"],"picked":"Moonworks:Heat300Percent","floor":18},{"not_picked":["Moonworks:WindyEnchantment","Moonworks:ForcedRevival+1"],"picked":"Moonworks:Assault","floor":19},{"not_picked":["Moonworks:TacticalRetreat","Moonworks:NicePresent"],"picked":"Moonworks:CloudOfSeagulls","floor":21}],"player_experience":601838,"relics_obtained":[{"floor":7,"key":"hubris:GlazedTorus"},{"floor":9,"key":"qcfpunch:Combat_Fatigues"}],"event_choices":[{"cards_removed":["Moonworks:Assault"],"damage_healed":0,"gold_gain":0,"player_choice":"Gave Card","damage_taken":0,"relics_obtained":["halation:SwordOfLegend"],"max_hp_gain":0,"max_hp_loss":0,"event_name":"WeMeetAgain","floor":3,"gold_loss":0},{"cards_removed":["TH:TreasureMap"],"damage_healed":24,"gold_gain":0,"player_choice":"Offered Rare","damage_taken":0,"max_hp_gain":10,"max_hp_loss":0,"event_name":"Bonfire Elementals","floor":12,"gold_loss":0},{"damage_healed":0,"gold_gain":0,"cards_transformed":["Moonworks:Strike","Moonworks:Strike"],"player_choice":"Became Test Subject","damage_taken":0,"max_hp_gain":0,"max_hp_loss":0,"event_name":"Drug Dealer","floor":20,"gold_loss":0,"cards_obtained":["Moonworks:RagingMadness","Moonworks:ImOnFire"]}],"is_beta":false,"boss_relics":[{"not_picked":["hubris:VirtuousBlindfold","halation:Yufonium"],"picked":"Black Star"}],"items_purged_floors":[],"is_endless":false,"potions_floor_spawned":[1,10,21],"killed_by":"Book of Stabbing","ascension_level":0}}