{"host":"vyjryxuuuxkt43k4","time":1611729711,"event":{"mods":["AchievementEnabler","BaseMod","Colored Map","DeckTracker","Keyboard Shortcuts","Minty Spire (QoL Compilation)","Permanent Neow","Quick Restart","Rare Cards Sparkle","StSLib","SuperFastMode","everything is the same but u backflip on backflip"],"gold_per_floor":[113,125,137,8,8,8,38,57,112,142,158,192,3,20,20,91,91,109,109,109,127,139,167,167,167,167],"floor_reached":25,"language":"KOR","playtime":4791,"items_purged":["Strike_G"],"score":413,"play_id":"695faf19-5135-4cbe-ba19-bb4c66c52a31","local_time":"20210127154151","is_ascension_mode":true,"campfire_choices":[{"data":"Die Die Die","floor":6.0,"key":"SMITH"},{"data":"Concentrate","floor":15.0,"key":"SMITH"},{"data":"Reflex","floor":24,"key":"SMITH"}],"circlet_count":0,"master_deck":["AscendersBane","Strike_G","Strike_G","Defend_G","Defend_G","Defend_G","Defend_G","Defend_G","Survivor","Neutralize","Die Die Die+1","Dagger Spray","Endless Agony","Blade Dance","Backflip","Backflip","Glass Knife","Cloak And Dagger","Backstab","Acrobatics","Concentrate+1","Finisher","Dodge and Roll","Grand Finale","Leg Sweep","Blade Dance","Tactician+1","Reflex+1"],"relics":["Ring of the Snake","Darkstone Periapt","MealTicket","PreservedInsect","Akabeko","TheAbacus","Black Star","Nilry\u0027s Codex","Potion Belt","Blood Vial"],"acts_visited":["Exordium","TheCity"],"potions_floor_usage":[16,16],"damage_taken":[{"damage":1.0,"enemies":"2 Louse","floor":1.0,"turns":3.0},{"damage":0.0,"enemies":"Cultist","floor":2.0,"turns":4.0},{"damage":0.0,"enemies":"Small Slimes","floor":3.0,"turns":3.0},{"damage":25.0,"enemies":"Gremlin Nob","floor":7.0,"turns":4.0},{"damage":0.0,"enemies":"3 Louse","floor":8.0,"turns":3.0},{"damage":5.0,"enemies":"3 Sentries","floor":10.0,"turns":6.0},{"damage":5.0,"enemies":"Exordium Thugs","floor":11.0,"turns":3.0},{"damage":8.0,"enemies":"Gremlin Nob","floor":12.0,"turns":3.0},{"damage":0.0,"enemies":"Large Slime","floor":14.0,"turns":4.0},{"damage":17,"enemies":"Slime Boss","floor":16,"turns":9},{"damage":5,"enemies":"Chosen","floor":18,"turns":7},{"damage":0,"enemies":"Shell Parasite","floor":21,"turns":3},{"damage":13,"enemies":"Centurion and Healer","floor":22,"turns":8},{"damage":4,"enemies":"Slavers","floor":23,"turns":6},{"damage":18,"enemies":"Snake Plant","floor":25,"turns":4}],"seed_played":"6430606876855877463","potions_obtained":[{"floor":3.0,"key":"Swift Potion"},{"floor":10.0,"key":"Regen Potion"},{"floor":11.0,"key":"Block Potion"},{"floor":14.0,"key":"Energy Potion"}],"is_trial":false,"path_per_floor":["M","M","M","$","?","R","E","M","T","E","M","E","$","M","R","B",null,"M","?","?","M","M","E","R","M"],"character_chosen":"THE_SILENT","items_purchased":["Backflip","TheAbacus","Finisher"],"campfire_rested":0,"item_purchase_floors":[4,13,13],"current_hp_per_floor":[58,58,58,58,58,58,33,33,33,28,28,20,35,35,35,18,54,49,33,33,33,20,16,16,0,0],"gold":167,"neow_bonus":"ONE_RANDOM_RARE_CARD","is_daily":false,"chose_seed":false,"campfire_upgraded":3,"win_rate":0.0,"timestamp":1611729711,"path_taken":["M","M","M","$","?","R","E","?","T","E","M","E","$","M","R","BOSS","M","?","?","M","M","E","R","M"],"items_purchased_type":["Card","Relic","Card"],"build_version":"2020-12-22","purchased_purges":1,"victory":false,"max_hp_per_floor":[66,66,66,66,66,66,66,66,66,66,66,66,66,66,66,66,66,66,66,66,66,66,66,66,66,66],"card_choices":[{"not_picked":["Terror","Prepared"],"picked":"Dagger Spray","floor":1.0},{"not_picked":["Cloak And Dagger","Deflect"],"picked":"Endless Agony","floor":2.0},{"not_picked":["Calculated Gamble","Sucker Punch"],"picked":"Blade Dance","floor":3.0},{"not_picked":["Sucker Punch","Blade Dance"],"picked":"Glass Knife","floor":7.0},{"not_picked":["Dagger Throw","Acrobatics"],"picked":"Cloak And Dagger","floor":8.0},{"not_picked":["Cloak And Dagger","Flying Knee"],"picked":"Backstab","floor":10.0},{"not_picked":["Flechettes","Caltrops"],"picked":"Acrobatics","floor":11.0},{"not_picked":["Finisher","Distraction"],"picked":"Concentrate","floor":12.0},{"not_picked":["Catalyst","Dagger Throw"],"picked":"Dodge and Roll","floor":14.0},{"not_picked":["Corpse Explosion","Wraith Form v2"],"picked":"Grand Finale","floor":16},{"not_picked":["Dagger Throw","Deadly Poison"],"picked":"Leg Sweep","floor":18},{"not_picked":["Outmaneuver","Cloak And Dagger"],"picked":"Tactician+1","floor":21},{"not_picked":["Deflect","Outmaneuver","Quick Slash"],"picked":"SKIP","floor":22},{"not_picked":["Quick Slash","PiercingWail"],"picked":"Reflex","floor":23}],"player_experience":398680,"relics_obtained":[{"floor":7.0,"key":"Darkstone Periapt"},{"floor":9.0,"key":"MealTicket"},{"floor":10.0,"key":"PreservedInsect"},{"floor":12.0,"key":"Akabeko"},{"floor":19,"key":"Nilry\u0027s Codex"},{"floor":23,"key":"Potion Belt"},{"floor":23,"key":"Blood Vial"}],"event_choices":[{"damage_healed":0.0,"max_hp_gain":0.0,"max_hp_loss":0.0,"gold_gain":0.0,"cards_transformed":["Strike_G"],"event_name":"Transmorgrifier","player_choice":"Transformed","floor":5.0,"gold_loss":0.0,"damage_taken":0.0,"cards_obtained":["Backflip"]},{"damage_healed":0,"gold_gain":0,"player_choice":"Obtained Book","damage_taken":16,"max_hp_gain":0,"max_hp_loss":0,"event_name":"Cursed Tome","floor":19,"gold_loss":0},{"damage_healed":0,"gold_gain":0,"cards_transformed":["Strike_G"],"player_choice":"Transformed","damage_taken":0,"max_hp_gain":0,"max_hp_loss":0,"event_name":"Transmorgrifier","floor":20,"gold_loss":0,"cards_obtained":["Blade Dance"]}],"is_beta":false,"boss_relics":[{"not_picked":["Busted Crown","Velvet Choker"],"picked":"Black Star"}],"items_purged_floors":[4],"is_endless":false,"potions_floor_spawned":[3,10,11,14],"killed_by":"Snake Plant","ascension_level":14}}