{"host":"kydqlojjt9mno5rv","time":1611770614,"event":{"mods":["AchievementEnabler","BaseMod","Colored Powertips","DeckTracker","Minty Spire (QoL Compilation)","Spicy Shops","StSLib","SuperFastMode","Synergy Search","Weighted Paths"],"gold_per_floor":[119,119,134,84,8,8,19,44,44,44,44,55,55,69,69,168,168,182,196,196,214,214,214],"floor_reached":22,"language":"ENG","playtime":930,"items_purged":[],"score":220,"play_id":"dc08bc23-d8c7-4866-b623-8b3d8b520432","local_time":"20210127130334","is_ascension_mode":true,"campfire_choices":[{"floor":6,"key":"RECALL"},{"floor":13,"key":"REST"},{"floor":15,"key":"REST"}],"circlet_count":0,"master_deck":["Survivor","Neutralize","Outmaneuver","Neutralize","Setup","Prepared","Noxious Fumes+1","Bouncing Flask","Bouncing Flask","Noxious Fumes","Deadly Poison","Wraith Form v2","Acrobatics","Blade Dance","Doppelganger","Deadly Poison","Flechettes","Burst","Blur","Dagger Throw","Poisoned Stab","Choke","Noxious Fumes","Noxious Fumes","Backflip"],"relics":["Ring of the Snake","Centennial Puzzle","Letter Opener","Pandora\u0027s Box","MutagenicStrength"],"acts_visited":["Exordium","TheCity"],"potions_floor_usage":[22,22,22],"damage_taken":[{"damage":6,"enemies":"2 Louse","floor":1,"turns":2},{"damage":9,"enemies":"Cultist","floor":3,"turns":6},{"damage":11,"enemies":"Jaw Worm","floor":7,"turns":4},{"damage":17,"enemies":"Lagavulin","floor":8,"turns":6},{"damage":9,"enemies":"Looter","floor":12,"turns":3},{"damage":19,"enemies":"Lots of Slimes","floor":14,"turns":4},{"damage":13,"enemies":"Hexaghost","floor":16,"turns":7},{"damage":23,"enemies":"3 Byrds","floor":18,"turns":5},{"damage":6,"enemies":"Chosen","floor":19,"turns":4},{"damage":31,"enemies":"Snake Plant","floor":21,"turns":5},{"damage":22,"enemies":"Cultist and Chosen","floor":22,"turns":4}],"seed_played":"-8849723430638498905","potions_obtained":[{"floor":3,"key":"SkillPotion"},{"floor":7,"key":"Explosive Potion"},{"floor":8,"key":"EssenceOfSteel"},{"floor":16,"key":"Block Potion"}],"is_trial":false,"path_per_floor":["M","?","M","?","$","R","M","E","T","$","?","M","R","M","R","B",null,"M","M","?","M","M"],"character_chosen":"THE_SILENT","items_purchased":["Noxious Fumes"],"campfire_rested":2,"item_purchase_floors":[5],"current_hp_per_floor":[64,64,55,55,55,55,44,27,27,27,27,18,39,20,41,28,70,47,41,41,10,0,0],"gold":214,"neow_bonus":"RANDOM_COMMON_RELIC","is_daily":false,"chose_seed":false,"campfire_upgraded":0,"win_rate":0.0,"timestamp":1611770614,"path_taken":["M","?","?","?","?","R","M","E","T","$","?","?","R","M","R","BOSS","M","M","?","M","M"],"items_purchased_type":["Card"],"build_version":"2020-12-22","purchased_purges":0,"victory":false,"max_hp_per_floor":[70,70,70,70,70,70,70,70,70,70,70,70,70,70,70,70,70,70,70,70,70,70,70],"card_choices":[{"not_picked":["PiercingWail","Dash"],"picked":"Outmaneuver","floor":1},{"not_picked":["Masterful Stab","Backstab"],"picked":"Prepared","floor":3},{"not_picked":["All Out Attack","Dodge and Roll"],"picked":"Bouncing Flask","floor":7},{"not_picked":["Cloak And Dagger","Deflect"],"picked":"Bouncing Flask","floor":8},{"not_picked":["Leg Sweep","Poisoned Stab"],"picked":"Noxious Fumes","floor":12},{"not_picked":["Quick Slash","Choke"],"picked":"Deadly Poison","floor":14},{"not_picked":["Grand Finale","Night Terror"],"picked":"Wraith Form v2","floor":16},{"not_picked":["Poisoned Stab","Accuracy"],"picked":"Noxious Fumes","floor":18},{"not_picked":["Slice","Flying Knee"],"picked":"Noxious Fumes","floor":19},{"not_picked":["Flechettes","Prepared"],"picked":"Backflip","floor":21}],"player_experience":136468,"relics_obtained":[{"floor":8,"key":"Letter Opener"}],"event_choices":[{"damage_healed":0,"gold_gain":0,"player_choice":"3 cards matched","damage_taken":0,"max_hp_gain":0,"max_hp_loss":0,"event_name":"Match and Keep!","floor":2,"gold_loss":0,"cards_obtained":["Shame","Neutralize","Setup"]},{"cards_removed":["Shame"],"damage_healed":0,"gold_gain":0,"player_choice":"Card Removal","damage_taken":0,"max_hp_gain":0,"max_hp_loss":0,"event_name":"The Cleric","floor":4,"gold_loss":50},{"damage_healed":0,"gold_gain":0,"player_choice":"Upgraded","damage_taken":0,"max_hp_gain":0,"max_hp_loss":0,"event_name":"Upgrade Shrine","floor":11,"gold_loss":0,"cards_upgraded":["Noxious Fumes"]},{"damage_healed":0,"gold_gain":0,"player_choice":"Inject Mutagens","damage_taken":0,"relics_obtained":["MutagenicStrength"],"max_hp_gain":0,"max_hp_loss":0,"event_name":"Drug Dealer","floor":20,"gold_loss":0}],"is_beta":false,"boss_relics":[{"not_picked":["WristBlade","Fusion Hammer"],"picked":"Pandora\u0027s Box"}],"items_purged_floors":[],"is_endless":false,"potions_floor_spawned":[3,7,8,16],"killed_by":"Cultist and Chosen","ascension_level":1}}