{"host":"ewns8ifhbubwkcum","time":1611777744,"event":{"mods":["BaseMod","Block Reminder","Colored Map","Colored Powertips","Downfall","Highlight Path","Minty Spire (QoL Compilation)","Permanent Neow","Quick Restart","Random Character Button","StSLib"],"gold_per_floor":[99,110,120,130,130,164,217,235,262,262,283,183,183,21,35,135,135,135,135,149,164,75,75,75,93,112,146,163,163,163,163],"floor_reached":29,"language":"ENG","playtime":1983,"items_purged":["bronze:Strike"],"score":255,"play_id":"7fd2fa84-1f6d-478e-824f-aedbfdcf99eb","local_time":"20210127140224","is_ascension_mode":false,"campfire_choices":[{"floor":1.0,"key":"REST"},{"floor":10.0,"key":"RECALL"},{"data":"bronze:Optimize","floor":12.0,"key":"SMITH"},{"data":"bronze:HardenedForm","floor":18.0,"key":"SMITH"}],"circlet_count":0,"master_deck":["bronze:Strike+1","bronze:Defend","bronze:Defend","bronze:Defend","bronze:Replicate+1","bronze:Goto","bronze:DelayedSlice","bronze:Overheat","bronze:Optimize+1","bronze:Deprecate","bronze:ForLoop","bronze:CutThrough","bronze:Fortify","bronze:GetLatest","bronze:Shell","bronze:WhirlingStrike","bronze:HardenedForm+1","bronze:DelayedGuard","bronze:BitShift+1","bronze:Frontload","bronze:AlphaBuild","bronze:Overload","bronze:FineTuning","bronze:Iterate","bronze:CutThrough+1"],"relics":["bronze:BronzeCore","Orichalcum","Whetstone","Toy Ornithopter","Gambling Chip","Odd Mushroom","downfall:HeartBlessingRed","SlaversCollar","Pantograph","Akabeko"],"acts_visited":["Exordium","TheCity"],"potions_floor_usage":[29],"damage_taken":[{"damage":1.0,"enemies":"Jaw Worm","floor":2.0,"turns":4.0},{"damage":2.0,"enemies":"Small Slimes","floor":3.0,"turns":3.0},{"damage":0.0,"enemies":"2 Louse","floor":4.0,"turns":2.0},{"damage":2.0,"enemies":"Gremlin Nob","floor":6.0,"turns":3.0},{"damage":1.0,"enemies":"Blue Slaver","floor":8.0,"turns":2.0},{"damage":3.0,"enemies":"3 Sentries","floor":9.0,"turns":4.0},{"damage":0.0,"enemies":"The Mushroom Lair","floor":11.0,"turns":1.0},{"damage":0.0,"enemies":"downfall:FleeingMerchant","floor":14.0,"turns":4.0},{"damage":0.0,"enemies":"3 Louse","floor":15.0,"turns":3.0},{"damage":50.0,"enemies":"SI_SHIV_ARCHETYPE","floor":16.0,"turns":8.0},{"damage":1.0,"enemies":"Chosen","floor":20.0,"turns":4.0},{"damage":12.0,"enemies":"Spheric Guardian","floor":21.0,"turns":4.0},{"damage":0.0,"enemies":"downfall:FleeingMerchant","floor":22.0,"turns":4.0},{"damage":14.0,"enemies":"3 Cultists","floor":25.0,"turns":6.0},{"damage":15.0,"enemies":"Snake Plant","floor":26.0,"turns":3.0},{"damage":12.0,"enemies":"Book of Stabbing","floor":27.0,"turns":4.0},{"damage":17.0,"enemies":"Shelled Parasite and Fungi","floor":28.0,"turns":3.0},{"damage":22,"enemies":"Gremlin Leader","floor":29,"turns":4}],"seed_played":"2932549136175352582","potions_obtained":[{"floor":2.0,"key":"SpeedPotion"},{"floor":4.0,"key":"SteroidPotion"},{"floor":9.0,"key":"LiquidMemories"},{"floor":11.0,"key":"SpeedPotion"},{"floor":20.0,"key":"Energy Potion"},{"floor":26.0,"key":"Fire Potion"}],"is_trial":false,"path_per_floor":["R","M","M","M","?","E","T","M","E","R","?","R","?","$","M","B",null,"R","?","M","M","$","?","T","M","M","E","M","E"],"character_chosen":"THE_AUTOMATON","items_purchased":["bronze:Shell","bronze:Overload"],"campfire_rested":1,"item_purchase_floors":[14,22],"current_hp_per_floor":[70,69,67,67,60,58,58,57,54,54,54,54,54,54,54,4,70,70,70,69,57,62,62,62,48,38,31,14,0,0,0],"gold":163,"neow_bonus":"REMOVE_TWO","is_daily":false,"chose_seed":false,"campfire_upgraded":2,"win_rate":0.0,"timestamp":1611777744,"path_taken":["R","M","M","M","?","E","T","M","E","R","?","R","?","?","M","BOSS","R","?","M","M","$","?","T","M","M","E","M","E"],"items_purchased_type":["Card","Card"],"build_version":"2020-12-22","purchased_purges":1,"victory":false,"max_hp_per_floor":[70,70,70,70,70,70,70,70,70,70,70,70,70,70,70,70,70,70,70,70,70,70,70,70,70,70,70,70,70,70,70],"card_choices":[{"not_picked":["bronze:Return","bronze:BuggyMess"],"picked":"bronze:DelayedSlice","floor":2.0},{"not_picked":["bronze:BugBarrage","bronze:Allocate"],"picked":"bronze:Overheat","floor":3.0},{"not_picked":["bronze:ItsAFeature","bronze:Allocate","bronze:Overheat"],"picked":"SKIP","floor":4.0},{"not_picked":["bronze:WhirlingStrike","bronze:DelayedSlice"],"picked":"bronze:Optimize","floor":6.0},{"not_picked":["bronze:Optimize","bronze:Turbo"],"picked":"bronze:Deprecate","floor":8.0},{"not_picked":["bronze:FineTuning","bronze:WildBeam"],"picked":"bronze:ForLoop","floor":9.0},{"not_picked":["bronze:DelayedSlice","bronze:Deprecate"],"picked":"bronze:CutThrough","floor":11.0},{"not_picked":["bronze:Invalidate","bronze:Repulsor"],"picked":"bronze:GetLatest","floor":14.0},{"not_picked":["bronze:Shield","bronze:Repair"],"picked":"bronze:WhirlingStrike","floor":15.0},{"not_picked":["bronze:Virus","bronze:HyperBeam"],"picked":"bronze:HardenedForm","floor":16.0},{"not_picked":["bronze:Backtrace+1","bronze:WildBeam"],"picked":"bronze:BitShift+1","floor":20.0},{"not_picked":["bronze:BitShift","bronze:BugBarrage"],"picked":"bronze:Frontload","floor":21.0},{"not_picked":["bronze:Optimize","bronze:Turbo+1"],"picked":"bronze:AlphaBuild","floor":22.0},{"not_picked":["bronze:WhirlingStrike+1","bronze:OilSpill"],"picked":"bronze:FineTuning","floor":25.0},{"not_picked":["bronze:DelayedGuard","bronze:Turbo"],"picked":"bronze:Iterate","floor":26.0},{"not_picked":["bronze:BronzeArmor","bronze:BuggyMess+1"],"picked":"bronze:CutThrough+1","floor":27.0},{"not_picked":["bronze:GetLatest","bronze:Branch","bronze:RecursiveStrike"],"picked":"SKIP","floor":28.0}],"player_experience":1007422,"relics_obtained":[{"floor":6.0,"key":"Whetstone"},{"floor":7.0,"key":"Toy Ornithopter"},{"floor":9.0,"key":"Gambling Chip"},{"floor":11.0,"key":"Odd Mushroom"},{"floor":24.0,"key":"Pantograph"},{"floor":27.0,"key":"Akabeko"}],"event_choices":[{"damage_healed":0.0,"max_hp_gain":0.0,"max_hp_loss":0.0,"gold_gain":0.0,"event_name":"Scrap Ooze","player_choice":"Success","floor":5.0,"gold_loss":0.0,"damage_taken":7.0,"relics_obtained":["Orichalcum"]},{"damage_healed":0.0,"max_hp_gain":0.0,"max_hp_loss":0.0,"gold_gain":0.0,"event_name":"Mushrooms","player_choice":"Fought Mushrooms","floor":11.0,"gold_loss":0.0,"damage_taken":0.0},{"damage_healed":0.0,"max_hp_gain":0.0,"max_hp_loss":0.0,"gold_gain":0.0,"event_name":"The Library","player_choice":"Read","floor":19.0,"gold_loss":0.0,"damage_taken":0.0,"cards_obtained":["bronze:DelayedGuard"]},{"damage_healed":0.0,"max_hp_gain":0.0,"max_hp_loss":0.0,"gold_gain":0.0,"event_name":"Ghosts","player_choice":"Ignored","floor":23.0,"gold_loss":0.0,"damage_taken":0.0}],"is_beta":false,"boss_relics":[{"not_picked":["bronze:MakeshiftBattery","Velvet Choker"],"picked":"SlaversCollar"}],"items_purged_floors":[14],"is_endless":false,"potions_floor_spawned":[2,4,9,11,20,21,26],"killed_by":"Gremlin Leader","ascension_level":0}}