{"host":"rw7a2h039i1hcs3q","time":1611753245,"event":{"mods":["BaseMod","Better Altar","Better Match","Better Note","Better Sensory Stone","Better Skull","Better Third Choice","Booster Modes","Colored Powertips","Downfall","Halation","Hermit","Highlight Path","Hubris","Infinite Spire","Jedi Mod","Minty Spire (QoL Compilation)","Random Character Button","Rare Cards Sparkle","StSLib","The Cursed","The Dragon Tamer","The Hierophant","Unceasing Turn Reminder"],"gold_per_floor":[118,218,66,81,91,91,91,91,91,106,106,118,136,152,152,253,253,270,170,170,170,170,170,170,180,180,180,180,192,192,192],"floor_reached":29,"language":"ENG","playtime":1261,"items_purged":["DTMod:Strike","DTMod:Strike","DTMod:FlameSlash"],"score":213,"play_id":"27f7a5ae-1a65-406a-ba11-1097cee708ff","local_time":"20210127141405","is_ascension_mode":false,"metric_token":1555,"campfire_choices":[{"data":"DTMod:CrossStep","floor":8,"key":"SMITH"},{"data":"DTMod:SealedStrike","floor":11,"key":"SMITH"},{"data":"DTMod:SealedStrike+1","floor":15,"key":"SMITH"},{"data":"DTMod:SealedStrike+2","floor":23,"key":"SMITH"},{"data":"DTMod:SealedStrike+3","floor":24,"key":"SMITH"},{"floor":28,"key":"DIG"}],"dtmod_dragon_data":[41,50,2,-1,12,0],"circlet_count":0,"master_deck":["DTMod:Strike","DTMod:Strike","DTMod:DoubleHit","DTMod:TargetDefense","DTMod:TargetDefense","DTMod:TargetDefense","DTMod:TargetDefense","DTMod:SwitchingTactic","DTMod:Feint","DTMod:CrossStep+1","DTMod:Feint","Intimidate","DTMod:SealedStrike+4","DTMod:ShieldDrain","DTMod:CrossStep","DTMod:Training","DTMod:Prediction","DTMod:Adaptation","DTMod:TagTeam+1"],"relics":["DTMod:PactStone","halation:StarCompass","hubris:ToyBattleship","Shovel","Philosopher\u0027s Stone","halation:QuantumPhysicsTextbook","Ginger","MawBank"],"acts_visited":["Exordium","TheCity"],"potions_floor_usage":[14,16,29],"damage_taken":[{"damage":5,"enemies":"Jaw Worm","floor":1,"turns":5},{"damage":0,"enemies":"Cultist","floor":4,"turns":3},{"damage":0,"enemies":"Small Slimes","floor":5,"turns":2},{"damage":0,"enemies":"Exordium Thugs","floor":10,"turns":6},{"damage":4,"enemies":"Red Slaver","floor":12,"turns":3},{"damage":0,"enemies":"Exordium Wildlife","floor":13,"turns":5},{"damage":0,"enemies":"Exordium Thugs","floor":14,"turns":4},{"damage":15,"enemies":"The Guardian","floor":16,"turns":10},{"damage":15,"enemies":"Chosen","floor":18,"turns":6},{"damage":0,"enemies":"3 Byrds","floor":25,"turns":5},{"damage":47,"enemies":"Slavers","floor":29,"turns":4}],"seed_played":"6930384661795002568","potions_obtained":[{"floor":10,"key":"GamblersBrew"},{"floor":12,"key":"Fire Potion"},{"floor":13,"key":"SkillPotion"},{"floor":18,"key":"Energy Potion"},{"floor":25,"key":"jedi:StrikingPotion"}],"is_trial":false,"path_per_floor":["M","?","$","M","M","?","?","R","T","M","R","M","M","M","R","B",null,"M","$","?","AVR","?","R","R","M","T","?","R","E"],"character_chosen":"THE_DT","items_purchased":["DTMod:CrossStep"],"campfire_rested":0,"item_purchase_floors":[3],"current_hp_per_floor":[44,44,44,44,44,44,27,27,27,27,27,23,23,23,23,8,49,34,34,34,34,34,34,34,34,34,34,34,0,0,0],"gold":192,"neow_bonus":"TEN_PERCENT_HP_BONUS","is_daily":false,"chose_seed":false,"campfire_upgraded":5,"win_rate":0.0,"timestamp":1611753245,"path_taken":["M","?","$","?","M","?","?","R","T","M","R","M","?","M","R","BOSS","M","$","?","AVR","?","R","R","?","T","?","R","E"],"items_purchased_type":["Card"],"build_version":"2020-12-22","purchased_purges":3,"victory":false,"max_hp_per_floor":[49,49,49,49,49,49,49,49,49,49,49,49,49,49,49,49,49,49,49,49,49,49,49,49,49,49,49,49,49,49,49],"card_choices":[{"not_picked":["DTMod:Weaken","DTMod:BizarreTactic"],"picked":"DTMod:Feint","floor":1},{"not_picked":["DTMod:MagicField","DTMod:BlueScale"],"picked":"DTMod:FlameSlash","floor":4},{"not_picked":["DTMod:BurningEnergy","DTMod:Hide"],"picked":"DTMod:Feint","floor":5},{"not_picked":["DTMod:InvisibleFlame","DTMod:Cover"],"picked":"DTMod:SealedStrike","floor":10},{"not_picked":["DTMod:Feint","DTMod:Punisher"],"picked":"DTMod:ShieldDrain","floor":12},{"not_picked":["DTMod:MaximumCharge","DTMod:MasterPlan"],"picked":"DTMod:CrossStep","floor":13},{"not_picked":["DTMod:Inferno","DTMod:Cover"],"picked":"DTMod:Training","floor":14},{"not_picked":["DTMod:Outburst","DTMod:ShadowImage"],"picked":"DTMod:Prediction","floor":16},{"not_picked":["DTMod:DarkBreath","DTMod:Threaten"],"picked":"DTMod:Adaptation","floor":18},{"not_picked":["DTMod:Punisher","DTMod:BreakAttack"],"picked":"DTMod:TagTeam+1","floor":25}],"player_experience":134367,"relics_obtained":[{"floor":9,"key":"Shovel"},{"floor":28,"key":"MawBank"}],"event_choices":[{"damage_healed":0,"gold_gain":100,"player_choice":"Pray","damage_taken":0,"max_hp_gain":0,"max_hp_loss":0,"event_name":"Golden Shrine","floor":2,"gold_loss":0},{"cards_removed":["DTMod:SealedStrike"],"damage_healed":0,"gold_gain":0,"player_choice":"Give","damage_taken":0,"max_hp_gain":0,"max_hp_loss":0,"event_name":"betterNote:BetterNote","floor":20,"gold_loss":0,"cards_obtained":["Strike_B"]},{"damage_healed":0,"gold_gain":0,"player_choice":"Gave Potion","damage_taken":0,"relics_obtained":["Ginger"],"max_hp_gain":0,"max_hp_loss":0,"event_name":"WeMeetAgain","floor":22,"gold_loss":0},{"damage_healed":0,"gold_gain":0,"player_choice":"Ignored","damage_taken":0,"max_hp_gain":0,"max_hp_loss":0,"event_name":"Cursed Tome","floor":27,"gold_loss":0}],"is_beta":false,"boss_relics":[{"not_picked":["hubris:CrackedHourglass","Snecko Eye"],"picked":"Philosopher\u0027s Stone"}],"items_purged_floors":[3,19,21],"is_endless":false,"potions_floor_spawned":[10,12,13,18,25],"killed_by":"Slavers","ascension_level":0}}