{"host":"5ddwedapke4fsx0r","time":1611783655,"event":{"mods":["BaseMod","Downfall","Infinite Spire","Minty Spire (QoL Compilation)","StSLib","The Dragon Tamer"],"gold_per_floor":[99,99,110,123,123,152,176,194,30,30,63,213,113,125,142,142,142,142],"floor_reached":16,"language":"ENG","playtime":1008,"items_purged":[],"score":135,"play_id":"6de9788d-a3ad-497c-bb64-eda479735362","local_time":"20210127224055","is_ascension_mode":false,"metric_token":403,"campfire_choices":[{"data":"DTMod:SwitchingTactic","floor":1,"key":"SMITH"},{"floor":10,"key":"RECALL"},{"data":"DTMod:EchoTactic","floor":13,"key":"SMITH"}],"dtmod_dragon_data":[36,50,-1,-1,0,0],"circlet_count":0,"master_deck":["DTMod:Strike","DTMod:Strike","DTMod:Strike","DTMod:Strike","DTMod:DoubleHit","DTMod:TargetDefense","DTMod:TargetDefense","DTMod:TargetDefense","DTMod:TargetDefense","DTMod:SwitchingTactic+1","infinitespire:Collect","DTMod:SneakAttack","DTMod:MagicField","DTMod:ShieldDrain","DTMod:ComboAttack","DTMod:ForkedFire","DTMod:EchoTactic+1","downfall:Icky","DTMod:ComboAttack","DTMod:DragonDance"],"relics":["DTMod:PactStone","downfall:BrokenWingStatue","Tiny Chest","Juzu Bracelet","DTMod:BasicTextbook","Bottled Lightning","downfall:HeartBlessingRed"],"acts_visited":["Exordium"],"potions_floor_usage":[11,16],"damage_taken":[{"damage":0,"enemies":"2 Louse","floor":3,"turns":2},{"damage":0,"enemies":"Jaw Worm","floor":4,"turns":3},{"damage":0,"enemies":"3 Sentries","floor":6,"turns":8},{"damage":0,"enemies":"infinitespire:Voidling","floor":8,"turns":3},{"damage":0,"enemies":"downfall:FleeingMerchant","floor":9,"turns":4},{"damage":1,"enemies":"Lagavulin","floor":11,"turns":5},{"damage":0,"enemies":"Blue Slaver","floor":14,"turns":3},{"damage":0,"enemies":"Exordium Wildlife","floor":15,"turns":4},{"damage":36,"enemies":"DF_ARCHETYPE_STREAMLINE","floor":16,"turns":4}],"seed_played":"9074724633902690163","potions_obtained":[{"floor":8,"key":"Dexterity Potion"},{"floor":14,"key":"infinitespire:BlackPotion"}],"is_trial":false,"path_per_floor":["R","?","M","M","?","E","T","M","$","R","E","?","R","M","M","B"],"character_chosen":"THE_DT","items_purchased":["DTMod:BasicTextbook"],"campfire_rested":0,"item_purchase_floors":[9],"current_hp_per_floor":[49,37,37,37,37,37,37,37,37,37,36,36,36,36,36,0,0,0],"gold":142,"neow_bonus":"TEN_PERCENT_HP_BONUS","is_daily":false,"chose_seed":false,"campfire_upgraded":2,"win_rate":0.0,"timestamp":1611783655,"path_taken":["R","?","M","M","?","E","T","M","?","R","E","?","R","M","M","BOSS"],"items_purchased_type":["Relic"],"build_version":"2020-12-22","purchased_purges":0,"victory":false,"max_hp_per_floor":[49,49,49,49,49,49,49,49,49,49,49,49,49,49,49,49,49,49],"card_choices":[{"not_picked":["infinitespire:SealOfDarkness+","infinitespire:FinalStrike"],"picked":"infinitespire:Collect","floor":2},{"not_picked":["DTMod:WarmUp","DTMod:Feint"],"picked":"DTMod:SneakAttack","floor":3},{"not_picked":["DTMod:Observe","DTMod:LowKick"],"picked":"DTMod:MagicField","floor":4},{"not_picked":["DTMod:BlueScale","DTMod:Shift"],"picked":"DTMod:ShieldDrain","floor":6},{"not_picked":["DTMod:MasterPlan","DTMod:Haste"],"picked":"DTMod:ComboAttack","floor":8},{"not_picked":["DTMod:Outburst","DTMod:CleansingStrike"],"picked":"DTMod:ForkedFire","floor":9},{"not_picked":["DTMod:BreakAttack","DTMod:BurningEnergy"],"picked":"DTMod:EchoTactic","floor":11},{"not_picked":["DTMod:BurningEnergy","DTMod:Cover"],"picked":"DTMod:ComboAttack","floor":14},{"not_picked":["DTMod:BlueScale","DTMod:CleansingStrike"],"picked":"DTMod:DragonDance","floor":15}],"player_experience":450556,"relics_obtained":[{"floor":6,"key":"Tiny Chest"},{"floor":7,"key":"Juzu Bracelet"},{"floor":11,"key":"Bottled Lightning"}],"event_choices":[],"is_beta":false,"boss_relics":[],"items_purged_floors":[],"is_endless":false,"potions_floor_spawned":[8,14],"killed_by":"DF_ARCHETYPE_STREAMLINE","ascension_level":0}}