{"host":"uy3xxt3jvdg1h0wo","time":1611786534,"event":{"mods":["Act Like it!","Arknights The Spire","Aspiration","Astrologer","BaseMod","Better Sensory Stone","Better Vampires","CatGirl Mod","ChefMod","Colored Powertips","Conspire","Displayed Cursed Tome","Dota2Spire","Fox Events","GifTheSpireLib","Gremlin Skip","Grow up Mod","Halation","Hallownest","Hermit","Hubris","JesterMod","Jorbs\u0027s Wanderer Trilogy","Kratos Character Expansion","Melee Mod","Menagerie","Minty Spire (QoL Compilation)","Poor People Problems","RatMod","Reliquary","Remove Card Discount Mod","Replay The Spire","Retaliation","Robot Space Explorer","SCP261 Mod","Shade Mod","Shop Mod","Spicy Shops","Spikes Relics","Spire Birthday Party","StSLib","Stuff the Spire","The Caster","The Cursed","The Dragonkin","The Forsaken","The Hayseed","The Judge","The Jungle","The Kombatant","The Marked","The Necromancer","The Problem Sleuth","TheSurvivalist","TheVacant","TheWitcher","Transform Curses","Virulent Crown","[IsaacMod]????","thorton","????"],"gold_per_floor":[114,129,144,144,159,48,78,78,78,78,108,108,123,5,5,105,105,120,135,135,140,140,115,130,130,130,145,145,165,180,195,195,295,295,310,325,27,42,42,42,62,62,62,62,62,77,92,122,122,122],"floor_reached":51,"language":"ENG","playtime":5817,"items_purged":["StuffTheSpire:WarCurse"],"score":809,"play_id":"8339e44d-5799-4fe8-9f21-3539fd949494","local_time":"20210127162854","daily_mods":["Heirloom","ControlledChaos","Elite Swarm"],"is_ascension_mode":false,"campfire_choices":[{"floor":8,"key":"REST"},{"floor":15,"key":"REST"},{"floor":28,"key":"REST"},{"floor":40,"key":"REST"},{"floor":42,"key":"REST"},{"floor":49,"key":"REST"}],"circlet_count":0,"master_deck":["hubris:Hubris","astrologer:Strike","astrologer:Defend","astrologer:Defend","astrologer:Defend","astrologer:Defend","astrologer:NorthStar","astrologer:TheFool+1","astrologer:Conjunction","astrologer:SolarFlare","astrologer:Temperance","astrologer:TheChariot+1","astrologer:Death","astrologer:TheChariot","astrologer:Nova+1","astrologer:Strength+1","astrologer:TheHermit+1","astrologer:TheTower","astrologer:Trine","astrologer:FadingStar+1","astrologer:Strength","astrologer:Opposition","StuffTheSpire:WarGroove","astrologer:Eclipse+1","ReplayTheSpireMod:Necrogeddon","astrologer:Opposition","astrologer:Radiance","astrologer:TheMagician","astrologer:Eclipse","astrologer:Stardust","astrologer:TheSun","astrologer:Opposition","astrologer:SolarFlare","astrologer:Eclipse","astrologer:TheStar","astrologer:Novile","astrologer:Radiance+1","Burn","Burn","StuffTheSpire:WarCurse","astrologer:Death","astrologer:Conjunction+1","astrologer:HeatDeath","StuffTheSpire:WarCurse","astrologer:RejectReality","StuffTheSpire:WarCurse"],"relics":["astrologer:SkyMirror","HushsDoor","SteamSale","hubris:FunFungus","MerchantsRug","reliquary:Bookmark","SnafuTest:CatRelic","SatanicBible","Nloth\u0027s Gift","Regal Pillow","GuppysHead","hubris:ToyBattleship","Question Card","Onion Ring"],"acts_visited":["Exordium","TheCity","Hallownest:KingdomsEdge"],"potions_floor_usage":[7,13,16,16,18,18,18,21,24,25,27,29,38,41,47,50],"damage_taken":[{"damage":0,"enemies":"2 Louse","floor":1,"turns":3},{"damage":0,"enemies":"Small Slimes","floor":2,"turns":2},{"damage":7,"enemies":"Cultist","floor":3,"turns":5},{"damage":0,"enemies":"Large Slime","floor":5,"turns":6},{"damage":63,"enemies":"Gremlin Nob","floor":7,"turns":6},{"damage":8,"enemies":"Lagavulin","floor":11,"turns":5},{"damage":25,"enemies":"Looter","floor":13,"turns":3},{"damage":37,"enemies":"The Guardian","floor":16,"turns":11},{"damage":31,"enemies":"conspire:FuzzyDice","floor":18,"turns":5},{"damage":1,"enemies":"Chosen","floor":19,"turns":4},{"damage":39,"enemies":"Centurion and Healer","floor":21,"turns":10},{"damage":8,"enemies":"Snake Plant","floor":24,"turns":5},{"damage":0,"enemies":"conspire:Head Lice","floor":25,"turns":1},{"damage":15,"enemies":"Snecko","floor":27,"turns":5},{"damage":41,"enemies":"Book of Stabbing","floor":29,"turns":6},{"damage":47,"enemies":"Centurion and Healer","floor":30,"turns":5},{"damage":36,"enemies":"conspire:HollyBat","floor":31,"turns":10},{"damage":46,"enemies":"conspire:MysteriousRune","floor":33,"turns":14},{"damage":245,"enemies":"Hallownest:3_Siblings","floor":35,"turns":17},{"damage":71,"enemies":"Hallownest:2_Littles","floor":36,"turns":6},{"damage":76,"enemies":"Hallownest:Slobbering_and_Violent","floor":38,"turns":10},{"damage":87,"enemies":"Hallownest:eliteCollector","floor":41,"turns":13},{"damage":33,"enemies":"Hallownest:monsterPrimalAspid","floor":46,"turns":4},{"damage":38,"enemies":"Hallownest:2_Wing_and_1_Kings","floor":47,"turns":6},{"damage":30,"enemies":"Hallownest:StalkingDevout","floor":48,"turns":8},{"damage":70,"enemies":"Hallownest:Radiance","floor":50,"turns":9}],"seed_played":"-8653540479942029245","potions_obtained":[{"floor":1,"key":"SteroidPotion"},{"floor":3,"key":"CultistPotion"},{"floor":11,"key":"SCP261:AppleJuicePotion"},{"floor":13,"key":"GamblersBrew"},{"floor":19,"key":"Dexterity Potion"},{"floor":21,"key":"SmokeBomb"},{"floor":24,"key":"Dexterity Potion"},{"floor":38,"key":"DuplicationPotion"},{"floor":46,"key":"AttackPotion"},{"floor":48,"key":"Fire Potion"}],"is_trial":false,"path_per_floor":["M","M","M","?","M","R","E","R","T","?","E","?","M","?","R","B",null,"M","M","?","M","?","R","M","E","T","M","R","E","M","M","R","B",null,"M","M","$","M","?","R","E","R","T","?","?","M","M","E","R","B",null],"character_chosen":"ASTROLOGER","items_purchased":["MerchantsRug","reliquary:Bookmark","SatanicBible","astrologer:TheTower","astrologer:Trine","SCP261:ClockworkPotion","SCP261:PenguinPunchPotion","Death Potion","astrologer:Eclipse+1","ReplayTheSpireMod:Necrogeddon","TheSimpletonMod:MoonshinePotion","Explosive Potion","Regal Pillow","GuppysHead","astrologer:Eclipse","astrologer:TheStar","astrologer:Novile","SkillPotion"],"campfire_rested":6,"item_purchase_floors":[6,6,17,17,17,17,17,17,23,23,23,23,37,37,37,37,37,37],"current_hp_per_floor":[90,100,103,113,127,137,87,142,152,162,164,174,167,177,238,216,230,209,218,228,201,191,201,205,215,225,220,329,298,261,241,362,328,400,178,118,128,65,75,235,161,327,337,347,357,334,308,291,478,419],"gold":122,"neow_bonus":"","is_daily":true,"chose_seed":false,"campfire_upgraded":0,"win_rate":0.0,"timestamp":1611786534,"path_taken":["M","M","M","?","?","R","E","R","T","?","E","?","M","?","R","BOSS","M","M","?","?","?","R","M","E","T","M","R","E","M","?","R","BOSS","M","M","$","M","?","R","E","R","T","?","?","M","M","E","R","BOSS"],"items_purchased_type":["Relic","Relic","Relic","Card","Card","Potion","Potion","Potion","Card","Card","Potion","Potion","Relic","Relic","Card","Card","Card","Potion"],"build_version":"2020-12-22","purchased_purges":1,"victory":true,"max_hp_per_floor":[90,100,110,120,130,140,150,160,170,180,190,200,218,228,238,248,230,240,250,260,270,280,290,300,310,320,330,340,350,360,370,380,390,400,410,420,430,440,450,460,470,480,490,500,510,520,530,540,550,560],"card_choices":[{"not_picked":["astrologer:Quincunx","astrologer:FrozenStar"],"picked":"Bomb","floor":1},{"not_picked":["astrologer:Prismatic","astrologer:Opposition"],"picked":"astrologer:Conjunction","floor":2},{"not_picked":["astrologer:Judgement","astrologer:StarOfChange"],"picked":"astrologer:SolarFlare","floor":3},{"not_picked":["astrologer:Stardust","astrologer:Opposition"],"picked":"astrologer:Temperance","floor":5},{"not_picked":["astrologer:WheelofFortune","astrologer:Fate"],"picked":"astrologer:TheChariot","floor":7},{"not_picked":["astrologer:BlackHole","astrologer:Wish"],"picked":"astrologer:Death","floor":11},{"not_picked":["astrologer:Opposition","astrologer:Moonlight"],"picked":"Bomb","floor":13},{"not_picked":["astrologer:Premonition","astrologer:Trine"],"picked":"astrologer:TheChariot","floor":16},{"not_picked":["astrologer:Still","astrologer:TheHangedMan"],"picked":"astrologer:FadingStar+1","floor":18},{"not_picked":["astrologer:TheHermit","astrologer:LonelyStar"],"picked":"astrologer:Strength","floor":19},{"not_picked":["astrologer:Conjunction","astrologer:Shine"],"picked":"astrologer:Opposition","floor":21},{"not_picked":["astrologer:LonelyStar","astrologer:Stardust"],"picked":"astrologer:Opposition","floor":24},{"not_picked":["astrologer:Sunrise","astrologer:TheLovers"],"picked":"astrologer:Radiance","floor":27},{"not_picked":["astrologer:Nova","astrologer:Death"],"picked":"astrologer:TheMagician","floor":29},{"not_picked":["astrologer:SpaceDust","astrologer:LonelyStar"],"picked":"astrologer:Eclipse","floor":30},{"not_picked":["astrologer:Opposition","astrologer:Premonition"],"picked":"astrologer:Stardust","floor":31},{"not_picked":["astrologer:WheelofFortune","astrologer:Fate"],"picked":"astrologer:TheSun","floor":33},{"not_picked":["astrologer:Sunrise","astrologer:Eclipse+1"],"picked":"astrologer:Opposition","floor":35},{"not_picked":["astrologer:ReadTheStars","astrologer:NeutronStar+1"],"picked":"astrologer:SolarFlare","floor":36},{"not_picked":["astrologer:Conjunction+1","astrologer:Starfield"],"picked":"astrologer:Radiance+1","floor":38},{"not_picked":["astrologer:Alignment","astrologer:DarkMatter"],"picked":"astrologer:Death","floor":41},{"not_picked":["astrologer:Eclipse+1","astrologer:TheLovers","astrologer:Stardust"],"picked":"astrologer:Conjunction+1","floor":46},{"not_picked":["astrologer:TheHermit","astrologer:Radiance","astrologer:Justice"],"picked":"astrologer:HeatDeath","floor":47},{"not_picked":["astrologer:TheSun","astrologer:Fate","astrologer:DarkMatter"],"picked":"astrologer:RejectReality","floor":48}],"player_experience":4860783,"relics_obtained":[{"floor":7,"key":"Dota2Spire:ArcaneBoots"},{"floor":9,"key":"aspiration:HiddenCompartment"},{"floor":11,"key":"Replay:Towering Pillar of Hats"},{"floor":26,"key":"Dota2Spire:ShadowBlade"},{"floor":29,"key":"SpikesRelics:ToyHorsey"},{"floor":41,"key":"hubris:ToyBattleship"},{"floor":43,"key":"Question Card"},{"floor":48,"key":"Onion Ring"}],"event_choices":[{"damage_healed":0,"gold_gain":0,"player_choice":"Paid Gold","damage_taken":0,"relics_obtained":["SnafuTest:CatRelic"],"max_hp_gain":0,"max_hp_loss":0,"event_name":"WeMeetAgain","floor":14,"gold_loss":118},{"damage_healed":0,"gold_gain":0,"player_choice":"Traded Relic","damage_taken":0,"relics_obtained":["Nloth\u0027s Gift"],"max_hp_gain":0,"max_hp_loss":0,"event_name":"N\u0027loth","floor":20,"relics_lost":["aspiration:HiddenCompartment"],"gold_loss":0}],"is_beta":false,"boss_relics":[{"not_picked":["Ring of Chaos","hubris:TerracottaHorce"],"picked":"Astrolabe"},{"not_picked":[]},{"not_picked":["halation:CatFaceCupcake","halation:Risk","Replay:Grab Bag"]}],"items_purged_floors":[37],"is_endless":false,"potions_floor_spawned":[1,3,11,13,19,21,24,25,38,46,48],"ascension_level":0}}