{"host":"c97twqu0op5dg8i4","time":1611790242,"event":{"mods":["AchievementEnabler","BaseMod","Colored Map","Minty Spire (QoL Compilation)","Permanent Neow"],"gold_per_floor":[365,375,63,75,23,23,57,57,57,57,80,155,190,54,82,82,82,192,192,211,211,220,160,179,179,212,233,267,10,38,61,61,85,85,194,194,209,235,235,245,254,254,299,299,333,333,368,368,400,459,459,459],"floor_reached":53,"language":"ENG","playtime":1887,"items_purged":["Injury","Clumsy"],"score":1105,"play_id":"d584cbff-1c69-4ca5-9172-47abcd15b359","local_time":"20210127183042","is_ascension_mode":true,"campfire_choices":[{"data":"Inflame","floor":6,"key":"SMITH"},{"data":"Reaper","floor":9,"key":"SMITH"},{"data":"Shrug It Off","floor":16,"key":"SMITH"},{"data":"Bash","floor":17,"key":"SMITH"},{"data":"Limit Break","floor":25,"key":"SMITH"},{"data":"Rage","floor":32,"key":"SMITH"},{"data":"Double Tap","floor":34,"key":"SMITH"},{"data":"Battle Trance","floor":42,"key":"SMITH"},{"data":"Rage","floor":46,"key":"SMITH"},{"data":"Corruption","floor":48,"key":"SMITH"},{"data":"Defend_R","floor":51,"key":"SMITH"}],"circlet_count":0,"master_deck":["Strike_R","Strike_R","Defend_R+1","Defend_R","Defend_R","Defend_R","Bash+1","Rage+1","Inflame+1","Reaper+1","Sword Boomerang","Shrug It Off+1","Sword Boomerang+1","Thunderclap+1","Disarm","Double Tap+1","Bludgeon+1","Limit Break+1","Sword Boomerang+1","Inflame+1","Rage+1","Inflame","Shrug It Off+1","Battle Trance+1","Anger+1","Corruption+1","Burning Pact","Doubt","Clumsy","Inflame+1","Injury"],"relics":["Burning Blood","Strange Spoon","Molten Egg 2","TungstenRod","CeramicFish","Potion Belt","Cursed Key","The Courier","Incense Burner","Boot","Strawberry","Empty Cage","Gambling Chip","Red Skull","Toy Ornithopter","Eternal Feather","Bag of Marbles"],"acts_visited":["Exordium","TheCity","TheBeyond"],"potions_floor_usage":[7,24,26,38,40],"damage_taken":[{"damage":15,"enemies":"Small Slimes","floor":1,"turns":5},{"damage":18,"enemies":"Jaw Worm","floor":2,"turns":5},{"damage":5,"enemies":"Cultist","floor":4,"turns":5},{"damage":19,"enemies":"Gremlin Nob","floor":7,"turns":4},{"damage":19,"enemies":"Exordium Wildlife","floor":11,"turns":6},{"damage":16,"enemies":"Lagavulin","floor":13,"turns":6},{"damage":9,"enemies":"Blue Slaver","floor":15,"turns":7},{"damage":19,"enemies":"The Guardian","floor":18,"turns":9},{"damage":12,"enemies":"Shell Parasite","floor":20,"turns":2},{"damage":20,"enemies":"2 Thieves","floor":24,"turns":4},{"damage":48,"enemies":"Slavers","floor":26,"turns":5},{"damage":11,"enemies":"Shelled Parasite and Fungi","floor":27,"turns":3},{"damage":0,"enemies":"Snecko","floor":30,"turns":4},{"damage":14,"enemies":"Centurion and Healer","floor":31,"turns":5},{"damage":9,"enemies":"3 Cultists","floor":33,"turns":4},{"damage":48,"enemies":"Automaton","floor":35,"turns":8},{"damage":76,"enemies":"3 Shapes","floor":37,"turns":5},{"damage":19,"enemies":"3 Darklings","floor":38,"turns":4},{"damage":13,"enemies":"Spire Growth","floor":40,"turns":4},{"damage":77,"enemies":"2 Orb Walkers","floor":43,"turns":6},{"damage":2,"enemies":"Giant Head","floor":47,"turns":6},{"damage":57,"enemies":"Reptomancer","floor":49,"turns":6},{"damage":65,"enemies":"Time Eater","floor":52,"turns":6}],"seed_played":"3693919463333656300","potions_obtained":[{"floor":7,"key":"BloodPotion"},{"floor":11,"key":"Explosive Potion"},{"floor":13,"key":"EssenceOfSteel"},{"floor":20,"key":"ColorlessPotion"},{"floor":24,"key":"LiquidMemories"},{"floor":35,"key":"PowerPotion"},{"floor":38,"key":"Swift Potion"},{"floor":40,"key":"SneckoOil"}],"is_trial":false,"path_per_floor":["M","M","$","M","$","R","E","?","R","T","M","?","E","$","M","R","R","B",null,"M","?","T","$","M","R","E","M","T","$","M","M","R","M","R","B",null,"M","M","?","M","?","R","?","?","T","R","E","R","E","T","R","B",null],"character_chosen":"IRONCLAD","items_purchased":["Reaper","Strange Spoon","Shrug It Off","Double Tap","Strawberry","Inflame"],"campfire_rested":0,"item_purchase_floors":[3,3,5,14,29,29],"current_hp_per_floor":[42,30,30,37,37,37,47,47,47,47,55,45,57,57,59,59,59,46,72,66,66,66,66,60,60,18,19,19,26,39,51,51,72,72,30,73,24,11,11,14,87,87,43,43,43,43,81,81,87,87,87,77],"gold":459,"neow_bonus":"TWO_FIFTY_GOLD","is_daily":false,"chose_seed":false,"campfire_upgraded":11,"win_rate":0.0,"timestamp":1611790242,"path_taken":["M","M","$","M","$","R","E","?","R","T","M","?","E","?","?","R","R","BOSS","M","?","?","$","M","R","E","M","T","$","M","?","R","M","R","BOSS","M","M","?","M","?","R","?","?","T","R","E","R","E","?","R","BOSS"],"items_purchased_type":["Card","Relic","Card","Card","Relic","Card"],"build_version":"2020-12-22","purchased_purges":2,"victory":true,"max_hp_per_floor":[80,80,80,80,80,80,80,80,80,80,80,80,80,80,80,80,80,80,80,80,80,80,80,80,80,80,80,80,87,87,87,87,87,87,87,87,87,87,87,87,87,87,87,87,87,87,87,87,87,87,87,87],"card_choices":[{"not_picked":["Armaments","Havoc"],"picked":"Rage","floor":1},{"not_picked":["Perfected Strike","Warcry"],"picked":"Inflame","floor":2},{"not_picked":["Fiend Fire","Pommel Strike"],"picked":"Sword Boomerang","floor":4},{"not_picked":["Havoc","Shrug It Off"],"picked":"Sword Boomerang+1","floor":7},{"not_picked":["Clash+1","Body Slam+1"],"picked":"Thunderclap+1","floor":11},{"not_picked":["Armaments","Perfected Strike+1"],"picked":"Disarm","floor":13},{"not_picked":["Shrug It Off","Warcry"],"picked":"Bludgeon+1","floor":15},{"not_picked":["Double Tap","Exhume"],"picked":"Limit Break","floor":18},{"not_picked":["Anger+1","Clothesline+1"],"picked":"Sword Boomerang+1","floor":20},{"not_picked":["Anger+1","Pommel Strike+1"],"picked":"Inflame+1","floor":24},{"not_picked":["Entrench","Intimidate+1","Anger+1"],"picked":"SKIP","floor":26},{"not_picked":["Sword Boomerang+1","Anger+1"],"picked":"Rage","floor":27},{"not_picked":["Rampage+1","Offering"],"picked":"Shrug It Off+1","floor":30},{"not_picked":["Wild Strike+1","Perfected Strike+1"],"picked":"Battle Trance","floor":31},{"not_picked":["Pommel Strike+1","Armaments"],"picked":"Anger+1","floor":33},{"not_picked":["Fiend Fire+1","Bludgeon+1"],"picked":"Corruption","floor":35},{"not_picked":["Anger+1","Dual Wield","Clash+1"],"picked":"SKIP","floor":37},{"not_picked":["Perfected Strike+1","Heavy Blade+1"],"picked":"Burning Pact","floor":38},{"not_picked":["Havoc","Dual Wield","Sword Boomerang+1"],"picked":"SKIP","floor":40},{"not_picked":["Headbutt+1","Perfected Strike+1"],"picked":"Inflame+1","floor":47},{"not_picked":["Twin Strike+1","Wild Strike+1","Heavy Blade+1"],"picked":"SKIP","floor":49}],"player_experience":317861,"relics_obtained":[{"floor":7,"key":"Molten Egg 2"},{"floor":10,"key":"CeramicFish"},{"floor":13,"key":"Potion Belt"},{"floor":22,"key":"The Courier"},{"floor":26,"key":"Incense Burner"},{"floor":28,"key":"Boot"},{"floor":43,"key":"Gambling Chip"},{"floor":45,"key":"Red Skull"},{"floor":47,"key":"Toy Ornithopter"},{"floor":49,"key":"Eternal Feather"},{"floor":50,"key":"Bag of Marbles"}],"event_choices":[{"damage_healed":0,"gold_gain":75,"player_choice":"Gather Gold","damage_taken":11,"max_hp_gain":0,"max_hp_loss":0,"event_name":"World of Goop","floor":12,"gold_loss":0},{"cards_removed":["Strike_R"],"damage_healed":0,"gold_gain":0,"player_choice":"Elegance","damage_taken":0,"max_hp_gain":0,"max_hp_loss":0,"event_name":"Back to Basics","floor":21,"gold_loss":0},{"damage_healed":0,"gold_gain":0,"player_choice":"Ignored","damage_taken":0,"max_hp_gain":0,"max_hp_loss":0,"event_name":"Tomb of Lord Red Mask","floor":39,"gold_loss":0},{"damage_healed":73,"gold_gain":0,"player_choice":"Heal","damage_taken":0,"max_hp_gain":0,"max_hp_loss":0,"event_name":"MindBloom","floor":41,"gold_loss":0,"cards_obtained":["Doubt"]},{"damage_healed":0,"gold_gain":0,"player_choice":"Fight","damage_taken":0,"max_hp_gain":0,"max_hp_loss":0,"event_name":"Mysterious Sphere","floor":43,"gold_loss":0},{"damage_healed":0,"gold_gain":0,"player_choice":"Memory 1","damage_taken":0,"max_hp_gain":0,"max_hp_loss":0,"event_name":"SensoryStone","floor":44,"gold_loss":0}],"is_beta":false,"boss_relics":[{"not_picked":["Runic Cube","Runic Dome"],"picked":"Cursed Key"},{"not_picked":["Black Star","Astrolabe"],"picked":"Empty Cage"}],"items_purged_floors":[23,29],"is_endless":false,"potions_floor_spawned":[7,11,13,20,24,35,38,40],"ascension_level":8}}