{"host":"39i3emxub3h8uyq3","time":1611719720,"event":{"mods":["AchievementEnabler","BaseMod","Clockwork Mod","Colored Map","Downfall","Glutton Mod","Gold Saver","Minty Spire (QoL Compilation)","StSLib","TheHeartMod"],"gold_per_floor":[470,487,487,127,147,172,172,172,221,221,236,255,255,266,266,363,363,380,479,12,24,24,51,51,64,64,64,83,8,19,29,29,29,29],"floor_reached":33,"language":"ENG","playtime":2164,"items_purged":["Parasite"],"score":294,"play_id":"a03e19bd-fc95-4b6d-aa8b-e4fccb5abe6f","local_time":"20210126225520","is_ascension_mode":false,"campfire_choices":[{"data":"Cleave","floor":7,"key":"SMITH"},{"data":"Searing Blow","floor":10,"key":"SMITH"},{"floor":13,"key":"REST"},{"data":"Metallicize","floor":15,"key":"SMITH"},{"data":"Anger","floor":24,"key":"SMITH"},{"data":"1","floor":27,"key":"LIFT"},{"floor":32,"key":"REST"}],"circlet_count":0,"master_deck":["Strike_R","Strike_R","Strike_R","Strike_R","Strike_R","Defend_R","Defend_R","Defend_R","Defend_R","Bash","Thunderclap","Metallicize+1","Feed","Searing Blow+1","Cleave+1","Flame Barrier","Battle Trance","Cleave","Immolate","Whirlwind","Metallicize","Dark Shackles","The Bomb","Armaments+1","Anger+1","Infernal Blade+1","Fire Breathing","Clash","Cleave"],"relics":["Black Blood","Oddly Smooth Stone","PreservedInsect","Champion Belt","Bag of Preparation","Bag of Marbles","Toy Ornithopter","InkBottle","Girya"],"acts_visited":["Exordium","TheCity"],"potions_floor_usage":[16,18,28,30,33,33],"damage_taken":[{"damage":5,"enemies":"Small Slimes","floor":1,"turns":4},{"damage":8,"enemies":"Jaw Worm","floor":2,"turns":5},{"damage":1,"enemies":"2 Louse","floor":5,"turns":2},{"damage":3,"enemies":"Gremlin Nob","floor":6,"turns":3},{"damage":17,"enemies":"Looter","floor":11,"turns":3},{"damage":11,"enemies":"Red Slaver","floor":12,"turns":4},{"damage":8,"enemies":"Exordium Wildlife","floor":14,"turns":4},{"damage":65,"enemies":"Hexaghost","floor":16,"turns":16},{"damage":18,"enemies":"Shell Parasite","floor":18,"turns":7},{"damage":10,"enemies":"2 Thieves","floor":21,"turns":3},{"damage":2,"enemies":"Gremlin Leader","floor":23,"turns":4},{"damage":27,"enemies":"Cultist and Chosen","floor":25,"turns":7},{"damage":7,"enemies":"3 Cultists","floor":28,"turns":6},{"damage":7,"enemies":"Centurion and Healer","floor":30,"turns":4},{"damage":18,"enemies":"Shelled Parasite and Fungi","floor":31,"turns":6},{"damage":106,"enemies":"Collector","floor":33,"turns":12}],"seed_played":"-5231664675303005013","potions_obtained":[{"floor":5,"key":"SpeedPotion"},{"floor":11,"key":"SkillPotion"},{"floor":16,"key":"Fire Potion"},{"floor":21,"key":"Dexterity Potion"},{"floor":25,"key":"PowerPotion"},{"floor":28,"key":"hexamod:SoulburnPotion"}],"is_trial":false,"path_per_floor":["M","M","?","$","M","E","R","?","T","R","M","M","R","M","R","B",null,"M","?","$","M","?","E","R","M","T","R","M","$","M","M","R","B"],"character_chosen":"IRONCLAD","items_purchased":["PreservedInsect","Feed","Explosive Potion","Metallicize","Bag of Marbles","Dark Shackles","The Bomb"],"campfire_rested":2,"item_purchase_floors":[4,4,4,20,20,20,20],"current_hp_per_floor":[80,78,66,66,74,80,80,86,86,86,75,70,86,87,87,28,89,86,86,86,88,88,92,92,77,77,77,90,90,95,89,95,0,0],"gold":29,"neow_bonus":"HUNDRED_GOLD","is_daily":false,"chose_seed":false,"campfire_upgraded":4,"win_rate":0.0,"timestamp":1611719720,"path_taken":["M","M","?","$","M","E","R","?","T","R","M","M","R","M","R","BOSS","M","?","$","M","?","E","R","M","T","R","M","$","?","M","R","BOSS"],"items_purchased_type":["Relic","Card","Potion","Card","Relic","Card","Card"],"build_version":"2020-12-22","purchased_purges":1,"victory":false,"max_hp_per_floor":[80,80,80,80,83,86,86,86,86,86,86,86,86,89,89,89,89,92,92,92,92,92,92,92,92,92,92,95,92,95,95,95,95,95],"card_choices":[{"not_picked":["Pommel Strike","Clothesline"],"picked":"Thunderclap","floor":1},{"not_picked":["Wild Strike","Sword Boomerang"],"picked":"Metallicize","floor":2},{"not_picked":["Armaments","Havoc"],"picked":"Searing Blow","floor":5},{"not_picked":["Infernal Blade","Battle Trance"],"picked":"Cleave","floor":6},{"not_picked":["Headbutt","Flex"],"picked":"Flame Barrier","floor":11},{"not_picked":["Clash","Hemokinesis"],"picked":"Battle Trance","floor":12},{"not_picked":["Rage","Reaper"],"picked":"Cleave","floor":14},{"not_picked":["Barricade","Bludgeon"],"picked":"Immolate","floor":16},{"not_picked":["Perfected Strike","Hemokinesis+1"],"picked":"Whirlwind","floor":18},{"not_picked":["True Grit","Twin Strike"],"picked":"Armaments+1","floor":21},{"not_picked":["Blood for Blood","Juggernaut"],"picked":"Anger","floor":23},{"not_picked":["Warcry","Combust"],"picked":"Infernal Blade+1","floor":25},{"not_picked":["Burning Pact","Warcry"],"picked":"Fire Breathing","floor":28},{"not_picked":["Sentinel+1","Entrench"],"picked":"Clash","floor":30},{"not_picked":["Warcry","Sword Boomerang"],"picked":"Cleave","floor":31}],"player_experience":64498,"relics_obtained":[{"floor":6,"key":"Champion Belt"},{"floor":9,"key":"Bag of Preparation"},{"floor":23,"key":"InkBottle"},{"floor":26,"key":"Girya"}],"event_choices":[{"damage_healed":0,"gold_gain":0,"player_choice":"Success","damage_taken":12,"relics_obtained":["Oddly Smooth Stone"],"max_hp_gain":0,"max_hp_loss":0,"event_name":"Scrap Ooze","floor":3,"gold_loss":0},{"damage_healed":21,"gold_gain":0,"player_choice":"Healed and dodged fight","damage_taken":0,"max_hp_gain":0,"max_hp_loss":0,"event_name":"Mushrooms","floor":8,"gold_loss":0,"cards_obtained":["Parasite"]},{"damage_healed":0,"gold_gain":99,"player_choice":"Stole From Cult","damage_taken":0,"max_hp_gain":0,"max_hp_loss":0,"event_name":"Nest","floor":19,"gold_loss":0},{"damage_healed":0,"gold_gain":0,"player_choice":"Gave Potion","damage_taken":0,"relics_obtained":["Toy Ornithopter"],"max_hp_gain":0,"max_hp_loss":0,"event_name":"WeMeetAgain","floor":22,"gold_loss":0}],"is_beta":false,"boss_relics":[{"not_picked":["Busted Crown","Fusion Hammer"],"picked":"Black Blood"}],"items_purged_floors":[29],"is_endless":false,"potions_floor_spawned":[5,11,12,14,16,21,25,28],"killed_by":"Collector","ascension_level":0}}