{"host":"sav7uxregyirlf69","time":1611732180,"event":{"mods":["AchievementEnabler","BaseMod","Colored Map","DeckTracker","Keyboard Shortcuts","Minty Spire (QoL Compilation)","READ ME - Guardian Mod","StSLib","SuperFastMode"],"gold_per_floor":[114,2,2,2,13,48,48,77,77,97,112,143,143,143,143,143,143],"floor_reached":16,"language":"KOR","playtime":287,"items_purged":["Strike_G"],"score":286,"play_id":"89752e00-b759-4853-9cfe-986d5df9e11b","local_time":"20210127162300","is_ascension_mode":true,"campfire_choices":[{"data":"Dash","floor":7,"key":"SMITH"},{"data":"Well Laid Plans","floor":13,"key":"SMITH"},{"floor":15,"key":"REST"}],"circlet_count":0,"master_deck":["AscendersBane","Strike_G","Strike_G","Strike_G","Strike_G","Defend_G","Defend_G","Defend_G","Defend_G","Defend_G+1","Survivor","Neutralize","Well Laid Plans+1","Flechettes+1","Dash+1","Adrenaline","Leg Sweep","Backflip","Cloak And Dagger"],"relics":["Ring of the Snake","NeowsBlessing","Pear","Paper Crane","Juzu Bracelet","Smiling Mask"],"acts_visited":["Exordium"],"potions_floor_usage":[12],"damage_taken":[{"damage":0,"enemies":"Cultist","floor":1,"turns":1},{"damage":0,"enemies":"2 Louse","floor":5,"turns":1},{"damage":0,"enemies":"Lagavulin","floor":6,"turns":1},{"damage":20,"enemies":"3 Sentries","floor":8,"turns":12},{"damage":0,"enemies":"Small Slimes","floor":10,"turns":3},{"damage":0,"enemies":"3 Louse","floor":11,"turns":4},{"damage":18,"enemies":"Lagavulin","floor":12,"turns":7},{"damage":65,"enemies":"Slime Boss","floor":16,"turns":10}],"seed_played":"8019273593236154776","potions_obtained":[{"floor":6,"key":"BlessingOfTheForge"},{"floor":12,"key":"FairyPotion"}],"is_trial":false,"path_per_floor":["M","$","$","?","M","E","R","E","T","M","M","E","R","?","R","B"],"character_chosen":"THE_SILENT","items_purchased":["Flechettes"],"campfire_rested":1,"item_purchase_floors":[2],"current_hp_per_floor":[59,59,59,59,59,69,69,49,49,49,49,31,31,8,30,0,0],"gold":143,"neow_bonus":"THREE_ENEMY_KILL","is_daily":false,"chose_seed":false,"campfire_upgraded":2,"win_rate":0.0,"timestamp":1611732180,"path_taken":["M","?","$","?","M","E","R","E","T","M","M","E","R","?","R","BOSS"],"items_purchased_type":["Card"],"build_version":"2020-12-22","purchased_purges":1,"victory":false,"max_hp_per_floor":[66,66,66,66,66,76,76,76,76,76,76,76,76,76,76,76,76],"card_choices":[{"not_picked":["Bane","Acrobatics"],"picked":"Well Laid Plans","floor":1},{"not_picked":["Blur","Dagger Spray"],"picked":"Dash","floor":5},{"not_picked":["Distraction","Quick Slash"],"picked":"Adrenaline","floor":6},{"not_picked":["Well Laid Plans","Catalyst"],"picked":"Leg Sweep","floor":8},{"not_picked":["Finisher","Deflect"],"picked":"Backflip","floor":10},{"not_picked":["Poisoned Stab","PiercingWail"],"picked":"Cloak And Dagger","floor":11},{"not_picked":["PiercingWail","Deflect","Unload"],"picked":"SKIP","floor":12}],"player_experience":1390842,"relics_obtained":[{"floor":6,"key":"Pear"},{"floor":8,"key":"Paper Crane"},{"floor":9,"key":"Juzu Bracelet"},{"floor":12,"key":"Smiling Mask"}],"event_choices":[{"damage_healed":0,"gold_gain":0,"player_choice":"Ignored","damage_taken":0,"max_hp_gain":0,"max_hp_loss":0,"event_name":"Liars Game","floor":4,"gold_loss":0},{"damage_healed":0,"gold_gain":0,"player_choice":"Entered Light","damage_taken":23,"max_hp_gain":0,"max_hp_loss":0,"event_name":"Shining Light","floor":14,"gold_loss":0,"cards_upgraded":["Flechettes","Defend_G"]}],"is_beta":false,"boss_relics":[],"items_purged_floors":[2],"is_endless":false,"potions_floor_spawned":[6,12],"killed_by":"Slime Boss","ascension_level":20}}