{"host":"yvb207ks1sg3cxef","time":1611760734,"event":{"mods":["2.2 Compatiblity","BaseMod","Bestiary","Colored Powertips","Minty Spire (QoL Compilation)","Permanent Neow","Quick Restart","Relic Stats","StSLib"],"gold_per_floor":[110,110,260,260,279,279,312,237,237,248,265,293,223,251,251,325,325,336,336,356,246,246,246],"floor_reached":22,"language":"ENG","playtime":822,"items_purged":[],"score":454,"play_id":"c4e49c96-872b-4782-9f25-b683a9878d78","local_time":"20210127204854","is_ascension_mode":true,"campfire_choices":[{"data":"Meditate","floor":6,"key":"SMITH"},{"floor":15,"key":"REST"}],"circlet_count":0,"master_deck":["AscendersBane","Strike_P","Strike_P","Strike_P","Defend_P+1","Defend_P","Defend_P","Defend_P+1","Eruption","Vigilance+1","Meditate+1","WindmillStrike","Perseverance","ReachHeaven","Crescendo","Wireheading+1","Sanctity","LessonLearned+1","MentalFortress+1","FearNoEvil","JustLucky"],"relics":["PureWater","NeowsBlessing","Blood Vial","Girya","StoneCalendar","Prayer Wheel","Dream Catcher","Black Star"],"acts_visited":["Exordium","TheCity"],"potions_floor_usage":[18,22],"damage_taken":[{"damage":0,"enemies":"2 Louse","floor":1,"turns":1},{"damage":0,"enemies":"Small Slimes","floor":5,"turns":1},{"damage":0,"enemies":"Lagavulin","floor":7,"turns":1},{"damage":2,"enemies":"Cultist","floor":10,"turns":4},{"damage":9,"enemies":"Looter","floor":11,"turns":4},{"damage":8,"enemies":"Gremlin Nob","floor":12,"turns":3},{"damage":13,"enemies":"Lagavulin","floor":14,"turns":5},{"damage":17,"enemies":"The Guardian","floor":16,"turns":10},{"damage":21,"enemies":"Shell Parasite","floor":18,"turns":3},{"damage":32,"enemies":"3 Byrds","floor":20,"turns":7},{"damage":14,"enemies":"3 Cultists","floor":22,"turns":3}],"seed_played":"-6436242595952037995","potions_obtained":[{"floor":5,"key":"Dexterity Potion"},{"floor":10,"key":"FairyPotion"},{"floor":16,"key":"Ambrosia"}],"is_trial":false,"path_per_floor":["M","?","?","?","M","R","E","?","T","M","M","E","?","E","R","B",null,"M","?","M","?","M"],"character_chosen":"WATCHER","items_purchased":[],"campfire_rested":1,"item_purchase_floors":[],"current_hp_per_floor":[61,41,41,23,25,25,27,27,27,27,20,14,14,3,23,8,53,34,34,4,4,0,0],"gold":246,"neow_bonus":"THREE_ENEMY_KILL","is_daily":false,"chose_seed":false,"campfire_upgraded":1,"win_rate":0.0,"timestamp":1611760734,"path_taken":["M","?","?","?","M","R","E","?","T","M","M","E","?","E","R","BOSS","M","?","?","?","M"],"items_purchased_type":[],"build_version":"2020-12-22","purchased_purges":0,"victory":false,"max_hp_per_floor":[68,68,68,68,68,68,68,68,68,68,68,68,68,68,68,68,68,68,68,68,68,68,68],"relic_stats":{"Blood Vial":20,"Dream Catcher":1,"counters":[11,42],"StoneCalendar":[60],"Prayer Wheel":2,"Black Star":0,"obtain_stats":[{"Blood Vial":4,"Girya":7,"Dream Catcher":14,"NeowsBlessing":0,"StoneCalendar":9,"Prayer Wheel":12,"Black Star":17,"PureWater":0},{"Blood Vial":1,"Girya":3,"Dream Catcher":7,"NeowsBlessing":0,"StoneCalendar":3,"Prayer Wheel":6,"Black Star":8,"PureWater":0},{"Blood Vial":1,"Girya":3,"Dream Catcher":19,"NeowsBlessing":0,"StoneCalendar":3,"Prayer Wheel":14,"Black Star":29,"PureWater":0}]},"card_choices":[{"not_picked":["ThirdEye","Prostrate"],"picked":"Meditate","floor":1},{"not_picked":["CrushJoints","Crescendo"],"picked":"WindmillStrike","floor":5},{"not_picked":["FlyingSleeves","Vengeance"],"picked":"Perseverance","floor":7},{"not_picked":["EmptyBody","BowlingBash"],"picked":"ReachHeaven","floor":10},{"not_picked":["BowlingBash","SashWhip"],"picked":"Crescendo","floor":11},{"not_picked":["Weave","DevaForm"],"picked":"Wireheading","floor":12},{"not_picked":["CarveReality","Indignation"],"picked":"Sanctity","floor":14},{"not_picked":["Alpha","Brilliance"],"picked":"LessonLearned","floor":16},{"not_picked":["FollowUp","Halt"],"picked":"MentalFortress","floor":18},{"not_picked":["Halt","ClearTheMind"],"picked":"FearNoEvil","floor":18},{"not_picked":["Crescendo","ClearTheMind"],"picked":"JustLucky","floor":20},{"not_picked":["Fasting2","Halt","BattleHymn"],"picked":"SKIP","floor":20}],"player_experience":490371,"relics_obtained":[{"floor":7,"key":"Girya"},{"floor":9,"key":"StoneCalendar"},{"floor":12,"key":"Prayer Wheel"},{"floor":14,"key":"Dream Catcher"}],"event_choices":[{"damage_healed":0,"gold_gain":0,"player_choice":"Entered Light","damage_taken":20,"max_hp_gain":0,"max_hp_loss":0,"event_name":"Shining Light","floor":2,"gold_loss":0,"cards_upgraded":["Defend_P","Defend_P"]},{"damage_healed":0,"gold_gain":150,"player_choice":"AGREE","damage_taken":0,"max_hp_gain":0,"max_hp_loss":0,"event_name":"Liars Game","floor":3,"gold_loss":0,"cards_obtained":["Doubt"]},{"damage_healed":0,"gold_gain":0,"player_choice":"Success","damage_taken":18,"relics_obtained":["Blood Vial"],"max_hp_gain":0,"max_hp_loss":0,"event_name":"Scrap Ooze","floor":4,"gold_loss":0},{"cards_removed":["Doubt"],"damage_healed":0,"gold_gain":0,"player_choice":"Card Removal","damage_taken":0,"max_hp_gain":0,"max_hp_loss":0,"event_name":"The Cleric","floor":8,"gold_loss":75},{"damage_healed":0,"gold_gain":0,"player_choice":"Left Gold","damage_taken":0,"max_hp_gain":0,"max_hp_loss":0,"event_name":"World of Goop","floor":13,"gold_loss":70},{"damage_healed":0,"gold_gain":0,"player_choice":"Forge","damage_taken":0,"max_hp_gain":0,"max_hp_loss":0,"event_name":"Accursed Blacksmith","floor":19,"gold_loss":0,"cards_upgraded":["MentalFortress"]},{"cards_removed":["Strike_P"],"damage_healed":0,"gold_gain":0,"player_choice":"Upgrade and Remove","damage_taken":0,"max_hp_gain":0,"max_hp_loss":0,"event_name":"Designer","floor":21,"gold_loss":110,"cards_upgraded":["Wireheading"]}],"is_beta":false,"boss_relics":[{"not_picked":["SacredBark","Tiny House"],"picked":"Black Star"}],"items_purged_floors":[],"is_endless":false,"potions_floor_spawned":[5,10,14,16],"killed_by":"3 Cultists","ascension_level":20}}