{"host":"xc18ixkpjvqrt8st","time":1611790897,"event":{"mods":["Act Like it!","BaseMod","Better Match","Better Third Choice","Conspire","Hallownest","Hermit","Hubris","Infinite Spire","Minty Spire (QoL Compilation)","Replay The Spire","Robot Space Explorer","Shop Mod","Spicy Shops","Spire Arcade","StSLib","The Animator","The Jungle","The Marked","The Sage"],"gold_per_floor":[111,0,0,31,31,58,85,118,118,118,135,152,152,108,108,205,205,234,184,204,34,34,34,51,51,104,58,76,171,188,188,188,315,315,331,345,345,359,359,359,377,377,377,405,436,436,436,450,450,450,450],"floor_reached":50,"language":"ENG","playtime":2188,"items_purged":[],"score":575,"play_id":"1783de90-0eb1-42a5-ab68-d5a14539a77c","local_time":"20210127174137","is_ascension_mode":true,"campfire_choices":[{"floor":10,"key":"REST"},{"floor":13,"key":"REST"},{"floor":15,"key":"RECALL"},{"data":"animator:Greed","floor":23,"key":"SMITH"},{"floor":25,"key":"REST"},{"floor":32,"key":"REST"},{"floor":40,"key":"REST"},{"floor":42,"key":"REST"},{"floor":46,"key":"REST"},{"floor":49,"key":"REST"}],"circlet_count":0,"master_deck":["animator:Strike_Overlord","animator:Defend_Overlord","animator:Strike","animator:Strike","animator:Strike","animator:Defend","animator:Defend","animator:Cocytus","animator:Demiurge","animator:TukaLunaMarceau","Enlightenment+1","animator:Mitsurugi","animator:TukaLunaMarceau","animator:PandorasActor","animator:Envy","animator:NarberalGamma","animator:Bozes","animator:Elesis","animator:Shalltear","animator:Greed+1","animator:YunYun","animator:Vanir","animator:Cirno","animator:RoyMustang","animator:Sloth","animator:Millim","animator:Evileye","animator:Albedo","animator:Fredrika","animator:Benimaru+1","infinitespire:UltimateForm","animator:YaoHaDucy+1","animator:Vesta","animator:ElricAlphonse","animator:LeleiLaLalena+1"],"relics":["animator:LivingPicture","animator:TheMissingPiece","NeowsBlessing","animator:HallowedScabbard","hubris:GlazedTorus","infinitespire:Golems Mask","betterThird:SlimedRelic","ChewingGum","Membership Card","animator:ShionDessert","hubris:SlimyHat","hubris:RunicObelisk","sagemod:Red_Beast_Statue","hubris:Towel"],"acts_visited":["Exordium","TheCity","TheBeyond"],"potions_floor_usage":[16,16,33,33,38,45,50],"damage_taken":[{"damage":0,"enemies":"Jaw Worm","floor":1,"turns":1},{"damage":0,"enemies":"2 Louse","floor":4,"turns":1},{"damage":0,"enemies":"Replay:BlueRogue","floor":6,"turns":1},{"damage":1,"enemies":"Cultist","floor":7,"turns":4},{"damage":27,"enemies":"3 Sentries","floor":8,"turns":11},{"damage":5,"enemies":"Looter","floor":11,"turns":2},{"damage":13,"enemies":"conspire:2 RoseBushes","floor":12,"turns":5},{"damage":13,"enemies":"Hexaghost","floor":16,"turns":7},{"damage":5,"enemies":"3 Byrds","floor":18,"turns":4},{"damage":11,"enemies":"2 Thieves","floor":20,"turns":3},{"damage":25,"enemies":"Centurion and Healer","floor":24,"turns":5},{"damage":17,"enemies":"Chosen and Byrds","floor":28,"turns":6},{"damage":10,"enemies":"conspire:HollyBat","floor":30,"turns":7},{"damage":37,"enemies":"Collector","floor":33,"turns":7},{"damage":3,"enemies":"Orb Walker","floor":35,"turns":3},{"damage":3,"enemies":"3 Shapes","floor":36,"turns":3},{"damage":28,"enemies":"Sphere and 2 Shapes","floor":38,"turns":4},{"damage":3,"enemies":"Jaw Worm Horde","floor":41,"turns":4},{"damage":18,"enemies":"4 Shapes","floor":44,"turns":4},{"damage":13,"enemies":"conspire:MimicChest","floor":45,"turns":5},{"damage":13,"enemies":"Writhing Mass","floor":48,"turns":5},{"damage":90,"enemies":"conspire:OrnateMirror","floor":50,"turns":5}],"seed_played":"-8494512787109837931","potions_obtained":[{"floor":8,"key":"Block Potion"},{"floor":11,"key":"Block Potion"},{"floor":12,"key":"Dexterity Potion"},{"floor":20,"key":"SpeedPotion"},{"floor":24,"key":"BlessingOfTheForge"},{"floor":33,"key":"Milkshake"},{"floor":36,"key":"AttackPotion"},{"floor":44,"key":"Weak Potion"},{"floor":45,"key":"ColorlessPotion"}],"is_trial":false,"path_per_floor":["M","?","$","M","?","E","M","E","T","R","M","M","R","?","R","B",null,"M","?","M","$","?","R","M","R","T","$","M","?","M","?","R","B",null,"M","M","?","M","?","R","M","R","T","M","?","R","?","M","R","B"],"character_chosen":"THE_ANIMATOR","items_purchased":["Membership Card","animator:YunYun","animator:Cirno"],"campfire_rested":8,"item_purchase_floors":[21,21,27],"current_hp_per_floor":[66,72,72,72,72,72,71,54,54,72,68,59,73,62,62,59,73,68,68,57,57,73,73,58,74,74,74,61,32,23,23,45,18,75,72,70,52,28,28,50,47,69,69,58,45,67,67,54,76,0,0],"gold":450,"neow_bonus":"THREE_ENEMY_KILL","is_daily":false,"chose_seed":false,"campfire_upgraded":1,"win_rate":0.0,"timestamp":1611790897,"path_taken":["M","?","$","M","?","E","M","E","T","R","?","M","R","?","R","BOSS","M","?","M","?","?","R","?","R","T","$","M","?","M","?","R","BOSS","M","M","?","M","?","R","?","R","T","M","?","R","?","M","R","BOSS"],"items_purchased_type":["Relic","Card","Card"],"build_version":"2020-12-22","purchased_purges":0,"victory":false,"max_hp_per_floor":[66,72,72,72,72,72,72,72,72,72,73,73,73,73,73,73,73,73,73,73,73,73,73,74,74,74,74,74,74,75,75,75,75,75,75,76,76,76,76,76,76,76,76,76,76,76,76,76,76,76,76],"card_choices":[{"not_picked":["animator:Verdia","animator:Gluttony"],"picked":"animator:TukaLunaMarceau","floor":1},{"not_picked":["animator:Kazuma","animator:Pride"],"picked":"animator:Mitsurugi","floor":4},{"not_picked":["animator:Pride","animator:Guy"],"picked":"animator:TukaLunaMarceau","floor":6},{"not_picked":["animator:Demiurge","animator:Entoma"],"picked":"animator:PandorasActor","floor":7},{"not_picked":["animator:Raven","animator:Elsword"],"picked":"animator:Envy","floor":8},{"not_picked":["animator:Demiurge","animator:Laby"],"picked":"animator:NarberalGamma","floor":11},{"not_picked":["animator:Sloth","animator:Shuna"],"picked":"animator:Bozes","floor":12},{"not_picked":["animator:Envy","animator:Father"],"picked":"animator:Elesis","floor":16},{"not_picked":["animator:PandorasActor","animator:Entoma"],"picked":"animator:Shalltear","floor":18},{"not_picked":["animator:Shion+1","animator:ElricEdward"],"picked":"animator:Greed","floor":20},{"not_picked":["animator:Demiurge","animator:GazelDwargon"],"picked":"animator:Vanir","floor":24},{"not_picked":["animator:Raven","animator:AcuraTooru"],"picked":"animator:RoyMustang","floor":28},{"not_picked":["animator:Guy+1","animator:Kuribayashi"],"picked":"animator:Sloth","floor":29},{"not_picked":["animator:Vesta+1","animator:Ciel+1"],"picked":"animator:Millim","floor":29},{"not_picked":["animator:Entoma","animator:NarberalGamma"],"picked":"animator:Evileye","floor":30},{"not_picked":["animator:Elesis","animator:Envy"],"picked":"animator:Albedo","floor":33},{"not_picked":["animator:Souei","animator:Tyuule"],"picked":"animator:Fredrika","floor":35},{"not_picked":["animator:Shalltear","animator:Viivi"],"picked":"animator:Benimaru+1","floor":36},{"not_picked":["infinitespire:Collect","infinitespire:SevenWalls"],"picked":"infinitespire:UltimateForm","floor":37},{"not_picked":["animator:Bozes+1","animator:Kuribayashi"],"picked":"animator:YaoHaDucy+1","floor":38},{"not_picked":["animator:Kuribayashi","animator:Entoma+1"],"picked":"animator:Vesta","floor":44},{"not_picked":["animator:Eris","animator:ElricEdward"],"picked":"animator:ElricAlphonse","floor":45},{"not_picked":["animator:MaesHughes","animator:Add"],"picked":"animator:LeleiLaLalena+1","floor":48}],"player_experience":597564,"relics_obtained":[{"floor":6,"key":"animator:HallowedScabbard"},{"floor":8,"key":"hubris:GlazedTorus"},{"floor":9,"key":"infinitespire:Golems Mask"},{"floor":26,"key":"animator:ShionDessert"},{"floor":29,"key":"hubris:SlimyHat"},{"floor":45,"key":"sagemod:Red_Beast_Statue"}],"event_choices":[{"damage_healed":0,"gold_gain":0,"player_choice":"RENOUNCE","damage_taken":111,"max_hp_gain":0,"max_hp_loss":0,"event_name":"betterThird:BetterSerpent","floor":2,"gold_loss":111,"cards_obtained":["Enlightenment"]},{"cards_removed":["animator:Defend"],"damage_healed":0,"gold_gain":0,"player_choice":"Offered Basic","damage_taken":0,"max_hp_gain":0,"max_hp_loss":0,"event_name":"Bonfire Elementals","floor":5,"gold_loss":0},{"damage_healed":0,"gold_gain":0,"player_choice":"Slimed","damage_taken":11,"max_hp_gain":0,"max_hp_loss":0,"event_name":"betterThird:BetterGoop","floor":14,"gold_loss":44},{"damage_healed":0,"gold_gain":0,"player_choice":"Bet on Owner","damage_taken":0,"max_hp_gain":0,"max_hp_loss":0,"event_name":"The Joust","floor":19,"gold_loss":50},{"damage_healed":24,"gold_gain":0,"player_choice":"Heal","damage_taken":0,"max_hp_gain":0,"max_hp_loss":0,"event_name":"The Library","floor":22,"gold_loss":0},{"damage_healed":0,"gold_gain":0,"player_choice":"Serpent","damage_taken":0,"max_hp_gain":0,"max_hp_loss":0,"event_name":"BanditSerpent","floor":31,"gold_loss":0},{"damage_healed":0,"gold_gain":0,"player_choice":"Ignored","damage_taken":0,"max_hp_gain":0,"max_hp_loss":0,"event_name":"Purifier","floor":39,"gold_loss":0}],"is_beta":false,"boss_relics":[{"not_picked":["conspire:RunicOctahedron","Busted Crown"],"picked":"ChewingGum"},{"not_picked":["hubris:Backtick","hubris:VirtuousBlindfold"],"picked":"hubris:RunicObelisk"}],"items_purged_floors":[],"is_endless":false,"potions_floor_spawned":[8,11,12,20,24,33,36,44,45],"killed_by":"conspire:OrnateMirror","ascension_level":2}}