{"host":"mkybizqfemywalen","time":1611769547,"event":{"mods":["2.2 Compatiblity","BaseMod","Bestiary","Colored Map","Colored Powertips","Curses Come First","Highlight Path","Minty Spire (QoL Compilation)","Relic Stats","Slay the Relics Exporter","StSLib","SuperFastMode"],"gold_per_floor":[115,115,190,208,227,227,258,274,300,330,350,350,368,379,379,478,478,498,68,84,104,104,139,139,152,221,221,221,221,221,21,21,120,120,132,150,0,16,16,16,49,49,349,374,374,101,112,126,126,126,126],"floor_reached":50,"language":"ENG","playtime":2711,"items_purged":["Regret","Defend_G+1"],"score":659,"play_id":"dd18a366-6b37-4445-bcaf-df0d48b6faf1","local_time":"20210127124547","is_ascension_mode":true,"campfire_choices":[{"data":"Neutralize","floor":6,"key":"SMITH"},{"floor":12,"key":"REST"},{"data":"Infinite Blades","floor":15,"key":"SMITH"},{"data":"Infinite Blades","floor":27,"key":"SMITH"},{"data":"Infinite Blades","floor":30,"key":"SMITH"},{"data":"Blur","floor":32,"key":"SMITH"},{"data":"Accuracy","floor":40,"key":"SMITH"},{"data":"Panache","floor":45,"key":"SMITH"},{"data":"Footwork","floor":49,"key":"SMITH"}],"circlet_count":0,"master_deck":["Defend_G+1","Defend_G+1","Defend_G+1","Defend_G+1","Survivor","Neutralize+1","Infinite Blades+1","Infinite Blades+1","Die Die Die","Cloak And Dagger","Outmaneuver","Dagger Throw","Noxious Fumes","Blur+1","Backflip","Burst","Prepared","Cloak And Dagger","Infinite Blades+1","Cloak And Dagger","Caltrops","Cloak And Dagger+1","Dagger Spray","Bite","Bite","Bite","Bite","Bite","Footwork+1","Panache+1","Accuracy+1","Madness+1","Madness+1","Noxious Fumes","Blade Dance+1"],"relics":["Ring of the Serpent","NeowsBlessing","Vajra","Centennial Puzzle","Happy Flower","Shuriken","Coffee Dripper","Meat on the Bone","HornCleat","Smiling Mask","Singing Bowl","Red Mask","Blood Vial","Old Coin","War Paint","Snake Skull"],"acts_visited":["Exordium","TheCity","TheBeyond"],"potions_floor_usage":[10,14,16,16,21,33,44,47],"damage_taken":[{"damage":0,"enemies":"2 Louse","floor":1,"turns":1},{"damage":0,"enemies":"Cultist","floor":4,"turns":1},{"damage":0,"enemies":"Jaw Worm","floor":5,"turns":1},{"damage":20,"enemies":"Lagavulin","floor":7,"turns":9},{"damage":14,"enemies":"Looter","floor":8,"turns":3},{"damage":15,"enemies":"3 Sentries","floor":10,"turns":4},{"damage":12,"enemies":"3 Louse","floor":11,"turns":2},{"damage":7,"enemies":"Exordium Wildlife","floor":13,"turns":5},{"damage":5,"enemies":"Large Slime","floor":14,"turns":6},{"damage":9,"enemies":"The Guardian","floor":16,"turns":10},{"damage":16,"enemies":"2 Thieves","floor":18,"turns":5},{"damage":0,"enemies":"3 Byrds","floor":20,"turns":4},{"damage":19,"enemies":"Snake Plant","floor":21,"turns":6},{"damage":34,"enemies":"Gremlin Leader","floor":23,"turns":5},{"damage":12,"enemies":"Cultist and Chosen","floor":25,"turns":4},{"damage":8,"enemies":"Champ","floor":33,"turns":8},{"damage":0,"enemies":"Orb Walker","floor":35,"turns":3},{"damage":44,"enemies":"3 Shapes","floor":36,"turns":4},{"damage":18,"enemies":"Maw","floor":38,"turns":7},{"damage":11,"enemies":"Nemesis","floor":41,"turns":5},{"damage":3,"enemies":"Giant Head","floor":44,"turns":6},{"damage":27,"enemies":"4 Shapes","floor":47,"turns":4},{"damage":26,"enemies":"Spire Growth","floor":48,"turns":4},{"damage":52,"enemies":"Time Eater","floor":50,"turns":5}],"seed_played":"-3046308637167037933","potions_obtained":[{"floor":1,"key":"Swift Potion"},{"floor":4,"key":"Energy Potion"},{"floor":7,"key":"Explosive Potion"},{"floor":11,"key":"DuplicationPotion"},{"floor":20,"key":"SpeedPotion"},{"floor":23,"key":"EssenceOfSteel"},{"floor":33,"key":"Energy Potion"},{"floor":38,"key":"Fire Potion"},{"floor":44,"key":"DistilledChaos"}],"is_trial":false,"path_per_floor":["M","?","?","M","M","R","E","M","T","E","M","R","M","M","R","B",null,"M","$","M","M","?","E","T","M","T","R","?","?","R","$","R","B",null,"M","M","?","M","?","R","E","$","T","E","R","$","M","M","R","B"],"character_chosen":"THE_SILENT","items_purchased":["Cloak And Dagger","Infinite Blades","Meat on the Bone","Footwork","Panache","Snake Skull","Noxious Fumes"],"campfire_rested":1,"item_purchase_floors":[19,19,19,31,31,46,46],"current_hp_per_floor":[70,70,63,63,63,63,43,29,29,14,2,23,16,11,11,2,70,54,54,54,47,47,25,25,25,25,25,25,25,25,25,25,27,51,53,29,29,33,26,26,33,33,33,40,40,40,29,19,19,0,0],"gold":126,"neow_bonus":"THREE_ENEMY_KILL","is_daily":false,"chose_seed":false,"campfire_upgraded":8,"win_rate":0.0,"timestamp":1611769547,"path_taken":["M","?","?","M","M","R","E","M","T","E","?","R","M","?","R","BOSS","M","$","M","M","?","E","?","M","T","R","?","?","R","$","R","BOSS","M","M","?","M","?","R","E","?","T","E","R","$","?","M","R","BOSS"],"items_purchased_type":["Card","Card","Relic","Card","Card","Relic","Card"],"build_version":"2020-12-22","purchased_purges":2,"victory":false,"max_hp_per_floor":[70,70,70,70,70,70,70,70,70,70,70,70,70,70,70,70,70,70,70,70,70,70,70,70,70,70,70,70,49,49,49,49,51,51,53,55,55,55,55,55,57,57,57,59,59,59,61,61,61,61,61],"relic_stats":{"Blood Vial":8,"Centennial Puzzle":[54],"Happy Flower":[32],"Singing Bowl":12,"counters":[24,112],"Shuriken":[79],"Snake Skull":[7],"War Paint":["Madness","Madness"],"Smiling Mask":50,"obtain_stats":[{"NeowsBlessing":0,"Happy Flower":9,"Singing Bowl":26,"Vajra":2,"Snake Skull":46,"War Paint":44,"Smiling Mask":24,"Old Coin":43,"Blood Vial":41,"Centennial Puzzle":7,"HornCleat":23,"Shuriken":10,"Coffee Dripper":17,"Red Mask":37,"Ring of the Serpent":34,"Ring of the Snake":0,"Meat on the Bone":19},{"NeowsBlessing":0,"Happy Flower":5,"Singing Bowl":15,"Vajra":1,"Snake Skull":21,"War Paint":21,"Smiling Mask":14,"Old Coin":20,"Blood Vial":20,"Centennial Puzzle":4,"HornCleat":14,"Shuriken":6,"Coffee Dripper":10,"Red Mask":18,"Ring of the Serpent":16,"Ring of the Snake":0,"Meat on the Bone":11},{"NeowsBlessing":0,"Happy Flower":15,"Singing Bowl":66,"Vajra":1,"Snake Skull":99,"War Paint":99,"Smiling Mask":62,"Old Coin":93,"Blood Vial":93,"Centennial Puzzle":12,"HornCleat":62,"Shuriken":19,"Coffee Dripper":42,"Red Mask":81,"Ring of the Serpent":74,"Ring of the Snake":0,"Meat on the Bone":47}],"Meat on the Bone":96},"card_choices":[{"not_picked":["Heel Hook","Quick Slash"],"picked":"Infinite Blades","floor":1},{"not_picked":["Slice","Sucker Punch"],"picked":"Infinite Blades","floor":4},{"not_picked":["Dagger Spray","Masterful Stab"],"picked":"Die Die Die","floor":5},{"not_picked":["Leg Sweep","Blur"],"picked":"Cloak And Dagger","floor":7},{"not_picked":["Deadly Poison","Slice"],"picked":"Outmaneuver","floor":8},{"not_picked":["Heel Hook","Slice"],"picked":"Dagger Throw","floor":10},{"not_picked":["Tactician","Glass Knife"],"picked":"Noxious Fumes","floor":11},{"not_picked":["PiercingWail","Concentrate"],"picked":"Blur","floor":13},{"not_picked":["Flechettes","Quick Slash"],"picked":"Backflip","floor":14},{"not_picked":["Envenom","Night Terror"],"picked":"Burst","floor":16},{"not_picked":["Flying Knee","Deadly Poison"],"picked":"Prepared","floor":18},{"not_picked":["Bouncing Flask+1","Flying Knee"],"picked":"Cloak And Dagger","floor":20},{"not_picked":["Endless Agony","Calculated Gamble+1"],"picked":"Caltrops","floor":21},{"not_picked":["Acrobatics","Doppelganger"],"picked":"Cloak And Dagger+1","floor":23},{"not_picked":["Quick Slash+1","Bane"],"picked":"Dagger Spray","floor":25},{"not_picked":["Glass Knife","Die Die Die","Corpse Explosion"],"picked":"Singing Bowl","floor":33},{"not_picked":["PiercingWail+1","Caltrops","Dodge and Roll"],"picked":"Singing Bowl","floor":35},{"not_picked":["Deadly Poison+1","Setup","Calculated Gamble+1"],"picked":"Singing Bowl","floor":36},{"not_picked":["Deadly Poison+1","Outmaneuver+1"],"picked":"Accuracy","floor":38},{"not_picked":["Outmaneuver","PiercingWail","Doppelganger"],"picked":"Singing Bowl","floor":41},{"not_picked":["Bane","Underhanded Strike+1","Flechettes"],"picked":"Singing Bowl","floor":44},{"not_picked":["Slice","Prepared","Eviscerate+1"],"picked":"Singing Bowl","floor":47},{"not_picked":["Escape Plan+1","Backstab+1"],"picked":"Blade Dance+1","floor":48}],"player_experience":130482,"relics_obtained":[{"floor":7,"key":"Centennial Puzzle"},{"floor":9,"key":"Happy Flower"},{"floor":10,"key":"Shuriken"},{"floor":23,"key":"HornCleat"},{"floor":24,"key":"Smiling Mask"},{"floor":26,"key":"Singing Bowl"},{"floor":41,"key":"Blood Vial"},{"floor":43,"key":"Old Coin"},{"floor":44,"key":"War Paint"}],"event_choices":[{"damage_healed":0,"gold_gain":0,"player_choice":"Box","damage_taken":0,"relics_obtained":["Vajra"],"max_hp_gain":0,"max_hp_loss":0,"event_name":"Big Fish","floor":2,"gold_loss":0,"cards_obtained":["Regret"]},{"damage_healed":0,"gold_gain":75,"player_choice":"Touch","damage_taken":7,"max_hp_gain":0,"max_hp_loss":0,"event_name":"FaceTrader","floor":3,"gold_loss":0},{"damage_healed":0,"gold_gain":0,"player_choice":"Ignored","damage_taken":0,"max_hp_gain":0,"max_hp_loss":0,"event_name":"Ghosts","floor":22,"gold_loss":0},{"damage_healed":0,"gold_gain":0,"player_choice":"Simplicity","damage_taken":0,"max_hp_gain":0,"max_hp_loss":0,"event_name":"Back to Basics","floor":28,"gold_loss":0,"cards_upgraded":["Strike_G","Strike_G","Strike_G","Strike_G","Strike_G","Defend_G","Defend_G","Defend_G","Defend_G","Defend_G"]},{"damage_healed":0,"gold_gain":0,"player_choice":"Became a vampire","damage_taken":0,"max_hp_gain":0,"max_hp_loss":21,"event_name":"Vampires","floor":29,"gold_loss":0,"cards_obtained":["Bite","Bite","Bite","Bite","Bite"]},{"damage_healed":0,"gold_gain":0,"player_choice":"Paid","damage_taken":0,"relics_obtained":["Red Mask"],"max_hp_gain":0,"max_hp_loss":0,"event_name":"Tomb of Lord Red Mask","floor":37,"gold_loss":150},{"damage_healed":0,"gold_gain":0,"player_choice":"Embrace Madness","damage_taken":7,"max_hp_gain":0,"max_hp_loss":0,"event_name":"Winding Halls","floor":39,"gold_loss":0,"cards_obtained":["Madness","Madness"]}],"is_beta":false,"boss_relics":[{"not_picked":["WristBlade","Runic Pyramid"],"picked":"Coffee Dripper"},{"not_picked":["Snecko Eye","Astrolabe"],"picked":"Ring of the Serpent"}],"items_purged_floors":[19,46],"is_endless":false,"potions_floor_spawned":[1,4,7,11,13,20,23,33,38,44],"killed_by":"Time Eater","ascension_level":1}}