{"host":"04hh9gplt9wkfmr1","time":1611769861,"event":{"mods":["AchievementEnabler","BaseMod","Colored Map","KOR Keyword Fix","Minty Spire (QoL Compilation)","Rare Cards Sparkle","SuperFastMode"],"gold_per_floor":[116,129,149,169,182,182,215,215,215,215,215,242,256,281,281,379,379,393,393,409,438,72,102,102,118,143,178,197,208,208,226,226,328,328,339,561,611,611,684,684,713,713,713,47,73,90,100,116,116,116],"floor_reached":51,"language":"KOR","playtime":2142,"items_purged":["Clumsy"],"score":1336,"play_id":"eee358ae-9ee1-4dbf-b72a-067b0662ea03","local_time":"20210128025101","is_ascension_mode":true,"campfire_choices":[{"data":"Adrenaline","floor":6.0,"key":"SMITH"},{"data":"Blade Dance","floor":8.0,"key":"SMITH"},{"floor":11.0,"key":"REST"},{"data":"Cloak And Dagger","floor":15.0,"key":"SMITH"},{"data":"Blade Dance","floor":24.0,"key":"SMITH"},{"floor":30.0,"key":"REST"},{"data":"Night Terror","floor":32.0,"key":"SMITH"},{"data":"After Image","floor":40.0,"key":"SMITH"},{"floor":42.0,"key":"REST"},{"data":"Well Laid Plans","floor":49,"key":"SMITH"}],"circlet_count":0,"master_deck":["AscendersBane","Strike_G","Strike_G+1","Strike_G","Strike_G","Strike_G","Defend_G","Defend_G","Defend_G","Defend_G+1","Defend_G","Survivor","Neutralize","Adrenaline+1","Blade Dance+1","Cloak And Dagger+1","Choke","PiercingWail","Slice","Unload","Envenom","Backflip","Blade Dance+1","PiercingWail","Terror","Cloak And Dagger","Noxious Fumes","Night Terror+1","After Image+1","Cloak And Dagger+1","Madness","Madness","Adrenaline+1","Mayhem","Leg Sweep+1","Well Laid Plans+1","Envenom","Choke+1"],"relics":["Ring of the Serpent","Bottled Lightning","Shuriken","Ornamental Fan","Nloth\u0027s Gift","Red Mask","Eternal Feather","Blue Candle","Happy Flower","White Beast Statue","Black Star","FossilizedHelix","Sundial","Toxic Egg 2","Kunai","Gambling Chip","Pear","Bottled Flame","Mango"],"acts_visited":["Exordium","TheCity","TheBeyond"],"potions_floor_usage":[48,50],"damage_taken":[{"damage":0.0,"enemies":"Cultist","floor":1.0,"turns":5.0},{"damage":0.0,"enemies":"Small Slimes","floor":2.0,"turns":4.0},{"damage":0.0,"enemies":"2 Louse","floor":3.0,"turns":2.0},{"damage":0.0,"enemies":"Gremlin Gang","floor":4.0,"turns":3.0},{"damage":0.0,"enemies":"Looter","floor":5.0,"turns":3.0},{"damage":30.0,"enemies":"Lagavulin","floor":7.0,"turns":9.0},{"damage":6.0,"enemies":"3 Sentries","floor":12.0,"turns":5.0},{"damage":0.0,"enemies":"Exordium Wildlife","floor":13.0,"turns":3.0},{"damage":0.0,"enemies":"The Mushroom Lair","floor":14.0,"turns":3.0},{"damage":24.0,"enemies":"The Guardian","floor":16.0,"turns":13.0},{"damage":1.0,"enemies":"Spheric Guardian","floor":18.0,"turns":4.0},{"damage":2.0,"enemies":"Shell Parasite","floor":20.0,"turns":4.0},{"damage":8.0,"enemies":"Masked Bandits","floor":21.0,"turns":4.0},{"damage":9.0,"enemies":"Slavers","floor":23.0,"turns":5.0},{"damage":12.0,"enemies":"Chosen and Byrds","floor":25.0,"turns":5.0},{"damage":0.0,"enemies":"Gremlin Leader","floor":27.0,"turns":6.0},{"damage":7.0,"enemies":"Snake Plant","floor":28.0,"turns":3.0},{"damage":9.0,"enemies":"Centurion and Healer","floor":29.0,"turns":5.0},{"damage":10.0,"enemies":"Shelled Parasite and Fungi","floor":31.0,"turns":3.0},{"damage":29.0,"enemies":"Collector","floor":33.0,"turns":9.0},{"damage":30.0,"enemies":"3 Darklings","floor":35.0,"turns":7.0},{"damage":0.0,"enemies":"Mind Bloom Boss Battle","floor":37.0,"turns":7.0},{"damage":20.0,"enemies":"Reptomancer","floor":41.0,"turns":6.0},{"damage":0.0,"enemies":"Giant Head","floor":45.0,"turns":8.0},{"damage":0.0,"enemies":"3 Shapes","floor":46.0,"turns":5.0},{"damage":9.0,"enemies":"Spire Growth","floor":47.0,"turns":4.0},{"damage":0,"enemies":"Transient","floor":48,"turns":5},{"damage":38,"enemies":"Donu and Deca","floor":50,"turns":9}],"seed_played":"617856749749818422","potions_obtained":[{"floor":2.0,"key":"PowerPotion"},{"floor":5.0,"key":"ColorlessPotion"},{"floor":14.0,"key":"Swift Potion"},{"floor":23.0,"key":"FearPotion"},{"floor":25.0,"key":"Energy Potion"},{"floor":27.0,"key":"FearPotion"},{"floor":28.0,"key":"PowerPotion"},{"floor":29.0,"key":"Ancient Potion"},{"floor":31.0,"key":"DistilledChaos"},{"floor":33.0,"key":"ColorlessPotion"},{"floor":35.0,"key":"CultistPotion"},{"floor":37.0,"key":"Block Potion"},{"floor":41.0,"key":"SteroidPotion"},{"floor":45.0,"key":"AttackPotion"},{"floor":48,"key":"Swift Potion"}],"is_trial":false,"path_per_floor":["M","M","M","M","M","R","E","R","T","?","R","E","M","?","R","B",null,"M","?","M","?","$","E","R","M","T","E","M","M","R","M","R","B",null,"M","?","?","?","T","R","E","R","T","$","E","M","M","M","R","B",null],"character_chosen":"THE_SILENT","items_purchased":["Terror","Eternal Feather","Cloak And Dagger","Pear","Mayhem","Leg Sweep+1","Well Laid Plans"],"campfire_rested":3,"item_purchase_floors":[22,22,22,44,44,44,44],"current_hp_per_floor":[63,63,63,63,63,63,33,33,33,19,40,34,34,34,34,10,55,54,54,52,44,44,35,50,38,38,38,31,22,58,48,63,34,61,31,31,31,22,22,40,20,59,59,69,83,83,74,74,94,56],"gold":116,"neow_bonus":"THREE_RARE_CARDS","is_daily":false,"chose_seed":false,"campfire_upgraded":7,"win_rate":0.0,"timestamp":1611769861,"path_taken":["M","M","M","M","M","R","E","R","T","?","R","E","M","?","R","BOSS","M","?","?","?","?","E","R","M","T","E","M","M","R","?","R","BOSS","M","?","?","?","?","R","E","R","T","$","E","M","M","M","R","BOSS"],"items_purchased_type":["Card","Relic","Card","Relic","Card","Card","Card"],"build_version":"2020-12-22","purchased_purges":1,"victory":true,"max_hp_per_floor":[70,70,70,70,70,70,70,70,70,70,70,70,70,70,70,70,70,70,70,70,70,70,70,70,70,70,70,70,70,70,70,70,70,70,70,70,70,70,70,70,70,70,70,80,94,94,94,94,94,94],"card_choices":[{"not_picked":["Doppelganger","Unload"],"picked":"Adrenaline","floor":0.0},{"not_picked":["Eviscerate","Slice"],"picked":"Blade Dance","floor":1.0},{"not_picked":["Poisoned Stab","Endless Agony"],"picked":"Cloak And Dagger","floor":2.0},{"not_picked":["Outmaneuver","Flechettes","All Out Attack"],"picked":"SKIP","floor":3.0},{"not_picked":["Noxious Fumes","Heel Hook"],"picked":"Choke","floor":4.0},{"not_picked":["Prepared","Escape Plan"],"picked":"PiercingWail","floor":5.0},{"not_picked":["Bane","Masterful Stab"],"picked":"Slice","floor":7.0},{"not_picked":["Slice","Deadly Poison"],"picked":"Unload","floor":12.0},{"not_picked":["All Out Attack","Dash","Flying Knee"],"picked":"SKIP","floor":13.0},{"not_picked":["Unload","Burst"],"picked":"Envenom","floor":16.0},{"not_picked":["Dagger Throw","Prepared"],"picked":"Backflip","floor":18.0},{"not_picked":["Acrobatics","Slice"],"picked":"Blade Dance","floor":20.0},{"not_picked":["Endless Agony+1","Poisoned Stab+1"],"picked":"PiercingWail","floor":21.0},{"not_picked":["Glass Knife","Dagger Spray"],"picked":"Noxious Fumes","floor":23.0},{"not_picked":["Dodge and Roll","Caltrops","Outmaneuver"],"picked":"SKIP","floor":25.0},{"not_picked":["Riddle With Holes","Flying Knee"],"picked":"Night Terror","floor":27.0},{"not_picked":["Heel Hook","Bouncing Flask","Deflect"],"picked":"SKIP","floor":28.0},{"not_picked":["Underhanded Strike","Sucker Punch","Prepared"],"picked":"SKIP","floor":29.0},{"not_picked":["Sucker Punch","Bane","All Out Attack"],"picked":"SKIP","floor":31.0},{"not_picked":["Doppelganger","Bullet Time"],"picked":"After Image","floor":33.0},{"not_picked":["Deflect+1","Blur","Acrobatics"],"picked":"SKIP","floor":35.0},{"not_picked":["Backflip","Acrobatics+1"],"picked":"Cloak And Dagger+1","floor":37.0},{"not_picked":["Glass Knife","All Out Attack"],"picked":"Adrenaline+1","floor":41.0},{"not_picked":["Tactician+1","Dagger Spray"],"picked":"Envenom","floor":45.0},{"not_picked":["Flying Knee","Flechettes","Riddle With Holes"],"picked":"SKIP","floor":46.0},{"not_picked":["Outmaneuver+1","Skewer"],"picked":"Choke+1","floor":47.0},{"not_picked":["Outmaneuver+1","Bouncing Flask+1","Slice"],"picked":"SKIP","floor":48}],"player_experience":92274,"relics_obtained":[{"floor":7.0,"key":"Bottled Lightning"},{"floor":9.0,"key":"Shuriken"},{"floor":12.0,"key":"Ornamental Fan"},{"floor":14.0,"key":"Odd Mushroom"},{"floor":21.0,"key":"Red Mask"},{"floor":23.0,"key":"Blue Candle"},{"floor":26.0,"key":"Happy Flower"},{"floor":27.0,"key":"White Beast Statue"},{"floor":37.0,"key":"FossilizedHelix"},{"floor":39.0,"key":"Sundial"},{"floor":41.0,"key":"Toxic Egg 2"},{"floor":41.0,"key":"Kunai"},{"floor":43.0,"key":"Gambling Chip"},{"floor":45.0,"key":"Bottled Flame"},{"floor":45.0,"key":"Mango"}],"event_choices":[{"damage_healed":0.0,"max_hp_gain":0.0,"max_hp_loss":0.0,"gold_gain":0.0,"event_name":"Shining Light","player_choice":"Entered Light","floor":10.0,"gold_loss":0.0,"damage_taken":14.0,"cards_upgraded":["Strike_G","Defend_G"]},{"damage_healed":0.0,"max_hp_gain":0.0,"max_hp_loss":0.0,"gold_gain":0.0,"event_name":"Mushrooms","player_choice":"Fought Mushrooms","floor":14.0,"gold_loss":0.0,"damage_taken":0.0},{"damage_healed":0.0,"max_hp_gain":0.0,"max_hp_loss":0.0,"gold_gain":0.0,"event_name":"N\u0027loth","player_choice":"Traded Relic","floor":19.0,"relics_lost":["Odd Mushroom"],"gold_loss":0.0,"damage_taken":0.0,"relics_obtained":["Nloth\u0027s Gift"]},{"damage_healed":0.0,"max_hp_gain":0.0,"max_hp_loss":0.0,"gold_gain":0.0,"event_name":"Masked Bandits","player_choice":"Fought Bandits","floor":21.0,"gold_loss":0.0,"damage_taken":0.0},{"damage_healed":0.0,"max_hp_gain":0.0,"max_hp_loss":0.0,"gold_gain":222.0,"event_name":"Tomb of Lord Red Mask","player_choice":"Wore Mask","floor":36.0,"gold_loss":0.0,"damage_taken":0.0},{"damage_healed":0.0,"max_hp_gain":0.0,"max_hp_loss":0.0,"gold_gain":0.0,"event_name":"MindBloom","player_choice":"Fight","floor":37.0,"gold_loss":0.0,"damage_taken":0.0},{"damage_healed":0.0,"max_hp_gain":0.0,"max_hp_loss":0.0,"gold_gain":0.0,"event_name":"Winding Halls","player_choice":"Embrace Madness","floor":38.0,"gold_loss":0.0,"damage_taken":9.0,"cards_obtained":["Madness","Madness"]}],"is_beta":false,"boss_relics":[{"not_picked":["SacredBark","Fusion Hammer"],"picked":"Ring of the Serpent"},{"not_picked":["Snecko Eye","Velvet Choker"],"picked":"Black Star"}],"items_purged_floors":[44],"is_endless":false,"potions_floor_spawned":[2,5,14,23,25,27,28,29,31,33,35,37,41,45,46,47,48],"ascension_level":12}}