{"host":"xmrw7jl1ir2912vf","time":1611712691,"event":{"mods":["BaseMod","Minty Spire (QoL Compilation)","Relic Stats"],"gold_per_floor":[114,129,144,94,94,94,124,124,124,151,193,205,232,284,296,408,420,447,819,846,873,360,390,405,435,435,465,465,495,510,585,585,685,685,700,715,215,230,230,260,135,165,165,165,195,195,210,240,240,240],"floor_reached":51,"language":"ENG","playtime":3368,"items_purged":["Strike_R","Strike_R","Strike_R"],"score":1003,"play_id":"bb59e44e-0d3a-4329-8d63-384cc1630633","local_time":"20210126205811","daily_mods":["Heirloom","Blue Cards","Elite Swarm"],"is_ascension_mode":false,"campfire_choices":[{"data":"1","floor":6.0,"key":"LIFT"},{"data":"2","floor":8,"key":"LIFT"},{"data":"3","floor":15,"key":"LIFT"},{"data":"Sword Boomerang","floor":28,"key":"SMITH"},{"data":"Exhume","floor":32,"key":"SMITH"},{"data":"Barricade","floor":44,"key":"SMITH"},{"data":"Buffer","floor":46,"key":"SMITH"},{"data":"Reboot","floor":49,"key":"SMITH"}],"circlet_count":0,"master_deck":["Strike_R","Strike_R","Defend_R","Defend_R","Defend_R","Bash","Sword Boomerang+1","Genetic Algorithm+1","Exhume+1","Twin Strike","Reaper","Inflame","Feed","Spot Weakness","Body Slam","Exhume","Core Surge","Brutality","Twin Strike","Buffer+1","CurseOfTheBell","Go for the Eyes+1","Genetic Algorithm+1","Body Slam+1","Genetic Algorithm+1","Barricade+1","Reboot+1","Exhume","Exhume"],"relics":["Burning Blood","Girya","Unceasing Top","MawBank","Centennial Puzzle","Velvet Choker","ClockworkSouvenir","Strawberry","Dream Catcher","Mummified Hand","Nunchaku","Letter Opener","Pantograph","Calling Bell","Art of War","StrikeDummy","Thread and Needle","DollysMirror","Potion Belt","Toy Ornithopter","Torii","Self Forming Clay","Magic Flower","Red Skull"],"acts_visited":["Exordium","TheCity","TheBeyond"],"potions_floor_usage":[7,7,20,21,23,23,25,33,48,50],"damage_taken":[{"damage":5.0,"enemies":"2 Louse","floor":1.0,"turns":3.0},{"damage":6.0,"enemies":"Cultist","floor":2.0,"turns":3.0},{"damage":0.0,"enemies":"Small Slimes","floor":3.0,"turns":3.0},{"damage":30,"enemies":"3 Sentries","floor":7,"turns":7},{"damage":10,"enemies":"Red Slaver","floor":10,"turns":4},{"damage":14,"enemies":"Gremlin Nob","floor":11,"turns":3},{"damage":0,"enemies":"Large Slime","floor":13,"turns":5},{"damage":18,"enemies":"3 Sentries","floor":14,"turns":6},{"damage":47,"enemies":"Hexaghost","floor":16,"turns":8},{"damage":7,"enemies":"Shell Parasite","floor":18,"turns":3},{"damage":8,"enemies":"3 Byrds","floor":20,"turns":7},{"damage":8,"enemies":"Sentry and Sphere","floor":21,"turns":5},{"damage":16,"enemies":"Slavers","floor":23,"turns":5},{"damage":29,"enemies":"Centurion and Healer","floor":24,"turns":5},{"damage":23,"enemies":"Gremlin Leader","floor":25,"turns":5},{"damage":50,"enemies":"Book of Stabbing","floor":27,"turns":6},{"damage":30,"enemies":"Gremlin Leader","floor":29,"turns":6},{"damage":8,"enemies":"Snecko","floor":30,"turns":5},{"damage":73,"enemies":"Champ","floor":33,"turns":7},{"damage":57,"enemies":"3 Shapes","floor":35,"turns":4},{"damage":1,"enemies":"Orb Walker","floor":36,"turns":2},{"damage":11,"enemies":"Sphere and 2 Shapes","floor":38,"turns":3},{"damage":6,"enemies":"Giant Head","floor":40,"turns":5},{"damage":18,"enemies":"Nemesis","floor":42,"turns":7},{"damage":5,"enemies":"Giant Head","floor":45,"turns":7},{"damage":2,"enemies":"3 Darklings","floor":47,"turns":3},{"damage":0,"enemies":"Reptomancer","floor":48,"turns":1},{"damage":26,"enemies":"Donu and Deca","floor":50,"turns":6}],"seed_played":"-8653540479942029245","potions_obtained":[{"floor":1.0,"key":"SkillPotion"},{"floor":3.0,"key":"SneckoOil"},{"floor":13,"key":"Regen Potion"},{"floor":16,"key":"Block Potion"},{"floor":18,"key":"Strength Potion"},{"floor":23,"key":"Regen Potion"},{"floor":29,"key":"LiquidMemories"},{"floor":30,"key":"ColorlessPotion"},{"floor":33,"key":"Weak Potion"},{"floor":35,"key":"Block Potion"},{"floor":48,"key":"Fruit Juice"}],"is_trial":false,"path_per_floor":["M","M","M","?","?","R","E","R","T","M","E","?","M","?","R","B",null,"M","?","M","M","$","E","M","E","T","E","R","E","M","?","R","B",null,"M","M","$","M","?","E","$","E","T","R","E","R","M","E","R","B",null],"character_chosen":"IRONCLAD","items_purchased":["ClockworkSouvenir","Strawberry","Body Slam","Fire Potion","Block Potion","DollysMirror","Potion Belt","BloodPotion","FearPotion"],"campfire_rested":0,"item_purchase_floors":[22,22,22,22,22,37,37,37,37],"current_hp_per_floor":[80,80,80,80,80,80,56,56,56,52,44,49,55,67,67,35,85,87,51,79,80,87,97,106,92,92,58,58,58,66,54,54,22,128,89,94,94,107,107,120,120,111,111,111,129,129,137,142,142,142],"gold":240,"neow_bonus":"","is_daily":true,"chose_seed":false,"campfire_upgraded":5,"win_rate":0.0,"timestamp":1611712691,"path_taken":["M","M","M","?","?","R","E","R","T","?","E","?","M","?","R","BOSS","M","?","M","M","$","E","?","E","T","E","R","E","M","?","R","BOSS","M","M","$","?","?","E","?","E","T","R","E","R","M","E","R","BOSS"],"items_purchased_type":["Relic","Relic","Card","Potion","Potion","Relic","Relic","Potion","Potion"],"build_version":"2020-12-22","purchased_purges":3,"victory":true,"max_hp_per_floor":[80,80,80,80,80,80,80,80,80,80,80,85,85,85,85,85,85,88,88,94,97,104,110,113,116,116,119,119,122,125,125,125,128,128,128,128,128,128,128,131,131,134,134,134,137,137,137,142,142,142],"relic_stats":{"Torii":3,"counters":[28,134],"Self Forming Clay":[33],"Magic Flower":[11],"Letter Opener":[56],"MawBank":156,"Burning Blood":152,"Centennial Puzzle":[60],"Dream Catcher":0,"Nunchaku":[12],"Mummified Hand":[23],"Pantograph":25,"Art of War":[2],"obtain_stats":[{"Potion Belt":37,"Girya":0,"Torii":42,"Self Forming Clay":43,"Velvet Choker":17,"Magic Flower":45,"Thread and Needle":34,"Letter Opener":27,"MawBank":9,"Burning Blood":0,"ClockworkSouvenir":22,"Calling Bell":34,"Centennial Puzzle":11,"Dream Catcher":23,"Nunchaku":26,"Mummified Hand":25,"DollysMirror":37,"Strawberry":22,"Pantograph":29,"Art of War":34,"StrikeDummy":34,"Unceasing Top":7,"Toy Ornithopter":40,"Red Skull":48},{"Potion Belt":21,"Girya":0,"Torii":24,"Self Forming Clay":24,"Velvet Choker":9,"Magic Flower":25,"Thread and Needle":19,"Letter Opener":16,"MawBank":4,"Burning Blood":0,"ClockworkSouvenir":12,"Calling Bell":19,"Centennial Puzzle":6,"Dream Catcher":13,"Nunchaku":15,"Mummified Hand":15,"DollysMirror":21,"Strawberry":12,"Pantograph":17,"Art of War":19,"StrikeDummy":19,"Unceasing Top":4,"Toy Ornithopter":23,"Red Skull":27},{"Potion Belt":102,"Girya":0,"Torii":117,"Self Forming Clay":117,"Velvet Choker":42,"Magic Flower":124,"Thread and Needle":96,"Letter Opener":78,"MawBank":16,"Burning Blood":0,"ClockworkSouvenir":57,"Calling Bell":96,"Centennial Puzzle":23,"Dream Catcher":62,"Nunchaku":72,"Mummified Hand":72,"DollysMirror":102,"Strawberry":57,"Pantograph":84,"Art of War":96,"StrikeDummy":96,"Unceasing Top":16,"Toy Ornithopter":110,"Red Skull":128}],"Unceasing Top":[9],"Toy Ornithopter":8},"card_choices":[{"not_picked":["Metallicize","Static Discharge","Chaos"],"picked":"SKIP","floor":1.0},{"not_picked":["Anger","Steam"],"picked":"Sword Boomerang","floor":2.0},{"not_picked":["Loop","Cleave"],"picked":"Genetic Algorithm","floor":3.0},{"not_picked":["Machine Learning","Berserk"],"picked":"Exhume","floor":7},{"not_picked":["Redo","Warcry"],"picked":"Twin Strike","floor":10},{"not_picked":["Meteor Strike","Juggernaut"],"picked":"Reaper","floor":11},{"not_picked":["Dropkick","Pommel Strike"],"picked":"Inflame","floor":13},{"not_picked":["Immolate","Machine Learning"],"picked":"Feed","floor":16},{"not_picked":["Double Energy","Streamline+1","Compile Driver"],"picked":"SKIP","floor":18},{"not_picked":["Heavy Blade+1","Sever Soul"],"picked":"Spot Weakness","floor":20},{"not_picked":["Clash","Gash+1","Headbutt+1"],"picked":"SKIP","floor":21},{"not_picked":["Bludgeon","All For One","Biased Cognition"],"picked":"SKIP","floor":23},{"not_picked":["Rip and Tear","Conserve Battery","Hologram"],"picked":"SKIP","floor":24},{"not_picked":["Impervious","All For One"],"picked":"Exhume","floor":25},{"not_picked":["Fission","Offering"],"picked":"Core Surge","floor":27},{"not_picked":["Electrodynamics","Amplify"],"picked":"Brutality","floor":29},{"not_picked":["Conserve Battery","Scrape"],"picked":"Twin Strike","floor":30},{"not_picked":["Exhume","Demon Form"],"picked":"Buffer","floor":33},{"not_picked":["Static Discharge","Exhume"],"picked":"Go for the Eyes+1","floor":35},{"not_picked":["Ball Lightning+1","Havoc","Gash+1"],"picked":"SKIP","floor":36},{"not_picked":["Dark Embrace+1","Ball Lightning+1"],"picked":"Body Slam+1","floor":38},{"not_picked":["Electrodynamics","Feed"],"picked":"Barricade","floor":40},{"not_picked":["Impervious","Corruption"],"picked":"Reboot","floor":42},{"not_picked":["Barricade","Creative AI"],"picked":"Exhume","floor":45},{"not_picked":["Second Wind","Melter","Cold Snap+1"],"picked":"SKIP","floor":47},{"not_picked":["Double Tap","Juggernaut"],"picked":"Exhume","floor":48}],"player_experience":522223,"relics_obtained":[{"floor":7,"key":"Unceasing Top"},{"floor":9,"key":"MawBank"},{"floor":11,"key":"Centennial Puzzle"},{"floor":23,"key":"Dream Catcher"},{"floor":25,"key":"Mummified Hand"},{"floor":26,"key":"Nunchaku"},{"floor":27,"key":"Letter Opener"},{"floor":29,"key":"Pantograph"},{"floor":34,"key":"Art of War"},{"floor":34,"key":"StrikeDummy"},{"floor":34,"key":"Thread and Needle"},{"floor":40,"key":"Toy Ornithopter"},{"floor":42,"key":"Torii"},{"floor":43,"key":"Self Forming Clay"},{"floor":45,"key":"Magic Flower"},{"floor":48,"key":"Red Skull"}],"event_choices":[{"cards_removed":["Defend_R"],"damage_healed":0.0,"max_hp_gain":0.0,"max_hp_loss":0.0,"gold_gain":0.0,"event_name":"The Cleric","player_choice":"Card Removal","floor":4.0,"gold_loss":50.0,"damage_taken":0.0},{"damage_healed":0.0,"max_hp_gain":0.0,"max_hp_loss":0.0,"gold_gain":0.0,"event_name":"Upgrade Shrine","player_choice":"Upgraded","floor":5.0,"gold_loss":0.0,"damage_taken":0.0,"cards_upgraded":["Genetic Algorithm"]},{"damage_healed":0,"gold_gain":0,"player_choice":"Donut","damage_taken":0,"max_hp_gain":5,"max_hp_loss":0,"event_name":"Big Fish","floor":12,"gold_loss":0},{"damage_healed":0,"gold_gain":0,"player_choice":"Searched \u00271\u0027 times","damage_taken":0,"max_hp_gain":0,"max_hp_loss":0,"event_name":"Dead Adventurer","floor":14,"gold_loss":0},{"damage_healed":0,"gold_gain":360,"player_choice":"GOLD GOLD GOLD GOLD ","damage_taken":36,"max_hp_gain":0,"max_hp_loss":0,"event_name":"Knowing Skull","floor":19,"potions_obtained":[],"gold_loss":0,"cards_obtained":[]},{"damage_healed":0,"gold_gain":75,"player_choice":"Touch","damage_taken":12,"max_hp_gain":0,"max_hp_loss":0,"event_name":"FaceTrader","floor":31,"gold_loss":0},{"damage_healed":0,"gold_gain":0,"player_choice":"Copied","damage_taken":0,"max_hp_gain":0,"max_hp_loss":0,"event_name":"Duplicator","floor":39,"gold_loss":0,"cards_obtained":["Genetic Algorithm"]}],"is_beta":false,"boss_relics":[{"not_picked":["Tiny House","Snecko Eye"],"picked":"Velvet Choker"},{"not_picked":["Cursed Key","Philosopher\u0027s Stone"],"picked":"Calling Bell"}],"items_purged_floors":[22,37,41],"is_endless":false,"potions_floor_spawned":[1,3,13,16,18,23,29,30,33,35,45,47,48],"ascension_level":0}}