{"host":"ga4s3hj9m6nkn6gp","time":1611775584,"event":{"mods":["AchievementEnabler","BaseMod","Bestiary","Colored Powertips","Highlight Path","Minty Spire (QoL Compilation)","Relic Stats","everything is the same but u backflip on backflip"],"gold_per_floor":[112,112,128,203,52,77,77,88,115,147,147,110,110,125,125,203,203,216,131,131,230,230,230],"floor_reached":22,"language":"ENG","playtime":550,"items_purged":[],"score":366,"play_id":"10cc111b-5953-4943-981c-dab6a2256bde","local_time":"20210127202624","is_ascension_mode":true,"campfire_choices":[{"data":"Sunder","floor":7,"key":"SMITH"},{"floor":11,"key":"DIG"},{"data":"Loop","floor":13,"key":"SMITH"},{"floor":15,"key":"DIG"}],"circlet_count":0,"master_deck":["AscendersBane","Strike_B","Strike_B","Strike_B","Defend_B","Defend_B","Defend_B","Defend_B","Zap","Dualcast","Doom and Gloom","Meteor Strike","Sunder+1","FTL","Cold Snap","Barrage","Loop+1","Biased Cognition","Electrodynamics","Consume"],"relics":["Cracked Core","NeowsBlessing","Pen Nib","Vajra","MealTicket","Shovel","Bird Faced Urn","Ancient Tea Set","Philosopher\u0027s Stone","Lantern"],"acts_visited":["Exordium","TheCity"],"potions_floor_usage":[],"damage_taken":[{"damage":0,"enemies":"Small Slimes","floor":1,"turns":1},{"damage":0,"enemies":"Jaw Worm","floor":3,"turns":1},{"damage":0,"enemies":"Gremlin Nob","floor":6,"turns":1},{"damage":0,"enemies":"Cultist","floor":8,"turns":2},{"damage":35,"enemies":"Lagavulin","floor":10,"turns":4},{"damage":5,"enemies":"Gremlin Gang","floor":14,"turns":2},{"damage":7,"enemies":"The Guardian","floor":16,"turns":8},{"damage":32,"enemies":"Shell Parasite","floor":18,"turns":5},{"damage":42,"enemies":"3 Byrds","floor":22,"turns":2}],"seed_played":"7399489896231563981","potions_obtained":[{"floor":1,"key":"PotionOfCapacity"},{"floor":3,"key":"SpeedPotion"},{"floor":8,"key":"Explosive Potion"}],"is_trial":false,"path_per_floor":["M","?","M","?","$","E","R","M","T","E","R","$","R","M","R","B",null,"M","?","?","?","M"],"character_chosen":"DEFECT","items_purchased":["Pen Nib","Loop"],"campfire_rested":0,"item_purchase_floors":[5,12],"current_hp_per_floor":[64,64,64,53,53,53,53,53,53,18,18,33,33,28,28,25,60,30,30,30,30,0,0],"gold":230,"neow_bonus":"THREE_ENEMY_KILL","is_daily":false,"chose_seed":false,"campfire_upgraded":2,"win_rate":0.0,"timestamp":1611775584,"path_taken":["M","?","M","?","?","E","R","?","T","E","R","$","R","?","R","BOSS","M","?","?","?","M"],"items_purchased_type":["Relic","Card"],"build_version":"2020-12-22","purchased_purges":0,"victory":false,"max_hp_per_floor":[71,71,71,71,71,71,71,71,71,71,71,71,71,71,71,71,71,71,71,71,71,71,71],"relic_stats":{"Shovel":2,"counters":[9,26],"Bird Faced Urn":[8],"MealTicket":15,"Pen Nib":[2],"obtain_stats":[{"Lantern":19,"Shovel":10,"NeowsBlessing":0,"Bird Faced Urn":11,"Vajra":6,"MealTicket":9,"Philosopher\u0027s Stone":17,"Pen Nib":5,"Cracked Core":0,"Ancient Tea Set":15},{"Lantern":8,"Shovel":5,"NeowsBlessing":0,"Bird Faced Urn":5,"Vajra":3,"MealTicket":4,"Philosopher\u0027s Stone":7,"Pen Nib":2,"Cracked Core":0,"Ancient Tea Set":6},{"Lantern":24,"Shovel":9,"NeowsBlessing":0,"Bird Faced Urn":9,"Vajra":3,"MealTicket":5,"Philosopher\u0027s Stone":19,"Pen Nib":2,"Cracked Core":0,"Ancient Tea Set":11}]},"card_choices":[{"not_picked":["Static Discharge","White Noise"],"picked":"Doom and Gloom","floor":1},{"not_picked":["Ball Lightning","Stack"],"picked":"Sunder","floor":3},{"not_picked":["Steam","Self Repair"],"picked":"FTL","floor":6},{"not_picked":["Scrape","Compile Driver"],"picked":"Cold Snap","floor":8},{"not_picked":["Skim","Ball Lightning"],"picked":"Barrage","floor":10},{"not_picked":["Heatsinks","Cold Snap"],"picked":"Biased Cognition","floor":14},{"not_picked":["Seek","Machine Learning"],"picked":"Electrodynamics","floor":16},{"not_picked":["Heatsinks","Go for the Eyes"],"picked":"Consume","floor":18}],"player_experience":704168,"relics_obtained":[{"floor":6,"key":"Vajra"},{"floor":9,"key":"MealTicket"},{"floor":10,"key":"Shovel"},{"floor":11,"key":"Bird Faced Urn"},{"floor":15,"key":"Ancient Tea Set"}],"event_choices":[{"damage_healed":0,"gold_gain":0,"cards_transformed":["Strike_B"],"player_choice":"Change","damage_taken":0,"max_hp_gain":0,"max_hp_loss":0,"event_name":"Living Wall","floor":2,"gold_loss":0,"cards_obtained":["Meteor Strike"]},{"damage_healed":0,"gold_gain":75,"player_choice":"Gather Gold","damage_taken":11,"max_hp_gain":0,"max_hp_loss":0,"event_name":"World of Goop","floor":4,"gold_loss":0},{"damage_healed":0,"gold_gain":0,"player_choice":"Obtained Relic","damage_taken":0,"relics_obtained":["Lantern"],"max_hp_gain":0,"max_hp_loss":0,"event_name":"Addict","floor":19,"gold_loss":85},{"damage_healed":0,"gold_gain":0,"player_choice":"Ignored","damage_taken":0,"max_hp_gain":0,"max_hp_loss":0,"event_name":"Ghosts","floor":20,"gold_loss":0},{"damage_healed":0,"gold_gain":99,"player_choice":"Stole From Cult","damage_taken":0,"max_hp_gain":0,"max_hp_loss":0,"event_name":"Nest","floor":21,"gold_loss":0}],"is_beta":false,"boss_relics":[{"not_picked":["Black Star","Calling Bell"],"picked":"Philosopher\u0027s Stone"}],"items_purged_floors":[],"is_endless":false,"potions_floor_spawned":[1,3,8,14,18],"killed_by":"3 Byrds","ascension_level":14}}