{"host":"b7j598ve05halrwk","time":1611726349,"event":{"mods":["2.2 Compatiblity","BaseMod","Block Reminder","DeckTracker","Minty Spire (QoL Compilation)","Relic Stats","Slay the Relics Exporter","StSLib","ojb\u0027s Better Paths Mod","ojb\u0027s Info Mod"],"gold_per_floor":[109,259,259,278,15,42,62,62,114,140,65,78,78,94,94,94,94],"floor_reached":16,"language":"ENG","playtime":806,"items_purged":["Doubt"],"score":220,"play_id":"9b8604b9-a70b-481e-a487-157268f065b0","local_time":"20210127004549","is_ascension_mode":true,"campfire_choices":[{"data":"Streamline","floor":8,"key":"SMITH"},{"data":"Beam Cell","floor":15,"key":"SMITH"}],"circlet_count":0,"master_deck":["AscendersBane","Strike_B","Defend_B","Defend_B+1","Defend_B+1","Zap","Dualcast","Recycle","Beam Cell","Beam Cell+1","Streamline+1","Steam Power","Undo","Auto Shields"],"relics":["Cracked Core","Lee\u0027s Waffle","Dream Catcher","Happy Flower","InkBottle"],"acts_visited":["Exordium"],"potions_floor_usage":[12,16],"damage_taken":[{"damage":7,"enemies":"Jaw Worm","floor":1,"turns":3},{"damage":11,"enemies":"Small Slimes","floor":4,"turns":3},{"damage":32,"enemies":"Lagavulin","floor":6,"turns":8},{"damage":0,"enemies":"2 Louse","floor":7,"turns":3},{"damage":8,"enemies":"Gremlin Nob","floor":10,"turns":3},{"damage":6,"enemies":"Exordium Thugs","floor":12,"turns":5},{"damage":0,"enemies":"2 Fungi Beasts","floor":14,"turns":3},{"damage":21,"enemies":"Slime Boss","floor":16,"turns":7}],"seed_played":"-3223282003535069591","potions_obtained":[{"floor":1,"key":"GamblersBrew"},{"floor":4,"key":"Block Potion"}],"is_trial":false,"path_per_floor":["M","?","?","M","$","E","M","R","T","E","?","M","?","M","R","B"],"character_chosen":"DEFECT","items_purchased":["Lee\u0027s Waffle","Beam Cell"],"campfire_rested":0,"item_purchase_floors":[5,5],"current_hp_per_floor":[57,57,38,27,71,39,39,39,39,31,31,25,18,18,18,0,0],"gold":94,"neow_bonus":"REMOVE_TWO","is_daily":false,"chose_seed":false,"campfire_upgraded":2,"win_rate":0.0,"timestamp":1611726349,"path_taken":["M","?","?","M","$","E","M","R","T","E","?","M","?","M","R","BOSS"],"items_purchased_type":["Relic","Card"],"build_version":"2020-12-22","purchased_purges":1,"victory":false,"max_hp_per_floor":[64,64,64,64,71,71,71,71,71,71,71,71,71,71,71,71,71],"relic_stats":{"Lee\u0027s Waffle":44,"Dream Catcher":0,"Happy Flower":[6],"counters":[8,35],"obtain_stats":[{"Lee\u0027s Waffle":5,"Dream Catcher":6,"Happy Flower":9,"Cracked Core":0,"InkBottle":10},{"Lee\u0027s Waffle":2,"Dream Catcher":3,"Happy Flower":4,"Cracked Core":0,"InkBottle":5},{"Lee\u0027s Waffle":6,"Dream Catcher":14,"Happy Flower":17,"Cracked Core":0,"InkBottle":20}],"InkBottle":[5]},"card_choices":[{"not_picked":["Skim","Redo"],"picked":"Recycle","floor":1},{"not_picked":["Redo","Reinforced Body"],"picked":"Beam Cell","floor":4},{"not_picked":["Redo","Steam Power"],"picked":"Streamline","floor":6},{"not_picked":["Blizzard","Redo","Barrage"],"picked":"SKIP","floor":7},{"not_picked":["Compile Driver","Doom and Gloom"],"picked":"Steam Power","floor":10},{"not_picked":["Gash","Redo"],"picked":"Undo","floor":12},{"not_picked":["Compile Driver","Steam"],"picked":"Auto Shields","floor":14}],"player_experience":1049784,"relics_obtained":[{"floor":6,"key":"Dream Catcher"},{"floor":9,"key":"Happy Flower"},{"floor":10,"key":"InkBottle"}],"event_choices":[{"damage_healed":0,"gold_gain":150,"player_choice":"AGREE","damage_taken":0,"max_hp_gain":0,"max_hp_loss":0,"event_name":"Liars Game","floor":2,"gold_loss":0,"cards_obtained":["Doubt"]},{"damage_healed":0,"gold_gain":0,"player_choice":"Entered Light","damage_taken":19,"max_hp_gain":0,"max_hp_loss":0,"event_name":"Shining Light","floor":3,"gold_loss":0,"cards_upgraded":["Defend_B","Defend_B"]},{"cards_removed":["Strike_B"],"damage_healed":0,"gold_gain":0,"player_choice":"Card Removal","damage_taken":0,"max_hp_gain":0,"max_hp_loss":0,"event_name":"The Cleric","floor":11,"gold_loss":75},{"cards_removed":["Defend_B"],"damage_healed":0,"gold_gain":0,"player_choice":"Card Removal","damage_taken":7,"max_hp_gain":0,"max_hp_loss":0,"event_name":"Golden Wing","floor":13,"gold_loss":0}],"is_beta":false,"boss_relics":[],"items_purged_floors":[5],"is_endless":false,"potions_floor_spawned":[1,4,7],"killed_by":"Slime Boss","ascension_level":20}}