{"host":"kn32u0f2pym5bozc","time":1611788021,"event":{"mods":["2.2 Compatiblity","BaseMod","Better Third Choice","Minty Spire (QoL Compilation)","Permanent Neow","Relic Stats","StSLib","The Animator"],"gold_per_floor":[117,39,52,67,89,89,116,116,116,146,166,199,199,199,199,276,276,296,312,237,237,262,303,303,303,303],"floor_reached":25,"language":"ENG","playtime":1424,"items_purged":[],"score":443,"play_id":"9ce4c64a-4c0d-4e16-8f8e-16d34b7a9849","local_time":"20210127175341","is_ascension_mode":true,"campfire_choices":[{"data":"animator:DwarfShaman","floor":6,"key":"SMITH"},{"data":"animator:Kaijin","floor":8,"key":"SMITH"},{"data":"animator:Mikaela","floor":13,"key":"SMITH"},{"data":"animator:GuildGirl","floor":15,"key":"SMITH"},{"data":"animator:Priestess","floor":24,"key":"SMITH"}],"circlet_count":0,"master_deck":["AscendersBane","animator:Strike_GoblinSlayer","animator:Defend_GoblinSlayer","animator:Defend","animator:Defend","animator:LizardPriest","animator:DwarfShaman+1","animator:MetalKnight","animator:Raven","animator:Kaijin+1","animator:ChaikaBohdan","animator:Mikaela+1","animator:GuildGirl+1","animator:Sebas","animator:Vanir+1","animator:ZankiKiguchi+1","animator:Mitsurugi+1","animator:ChaikaTrabant+1","animator:Konayuki","animator:Priestess+1","animator:Jibril+1","animator:DwarfShaman+1"],"relics":["animator:LivingPicture","animator:TheMissingPiece","animator:PurgingStone","Ornamental Fan","Molten Egg 2","InkBottle","Empty Cage","Red Skull"],"acts_visited":["Exordium","TheCity"],"potions_floor_usage":[7,12,23,23,25],"damage_taken":[{"damage":4,"enemies":"Jaw Worm","floor":1,"turns":5},{"damage":0,"enemies":"Cultist","floor":3,"turns":4},{"damage":3,"enemies":"Small Slimes","floor":4,"turns":4},{"damage":0,"enemies":"2 Fungi Beasts","floor":5,"turns":5},{"damage":27,"enemies":"Gremlin Nob","floor":7,"turns":4},{"damage":3,"enemies":"Blue Slaver","floor":10,"turns":6},{"damage":1,"enemies":"Large Slime","floor":11,"turns":5},{"damage":9,"enemies":"Lagavulin","floor":12,"turns":5},{"damage":20,"enemies":"Hexaghost","floor":16,"turns":8},{"damage":0,"enemies":"Spheric Guardian","floor":18,"turns":3},{"damage":0,"enemies":"Chosen","floor":19,"turns":3},{"damage":1,"enemies":"Centurion and Healer","floor":22,"turns":6},{"damage":26,"enemies":"Slavers","floor":23,"turns":5},{"damage":45,"enemies":"Shelled Parasite and Fungi","floor":25,"turns":3}],"seed_played":"348440268893143953","potions_obtained":[{"floor":4,"key":"Strength Potion"},{"floor":11,"key":"Regen Potion"},{"floor":19,"key":"Fire Potion"},{"floor":22,"key":"Explosive Potion"},{"floor":23,"key":"EntropicBrew"}],"is_trial":false,"path_per_floor":["M","$","M","M","M","R","E","R","T","M","M","E","R","?","R","B",null,"M","M","?","?","M","E","R","M"],"character_chosen":"THE_ANIMATOR","items_purchased":["animator:Kaijin"],"campfire_rested":0,"item_purchase_floors":[2],"current_hp_per_floor":[50,50,50,47,47,47,20,20,20,17,16,22,22,61,61,41,56,56,57,57,57,56,30,30,0,0],"gold":303,"neow_bonus":"TRANSFORM_CARD","is_daily":false,"chose_seed":false,"campfire_upgraded":5,"win_rate":0.0,"timestamp":1611788021,"path_taken":["M","$","M","M","M","R","E","R","T","M","M","E","R","?","R","BOSS","M","?","?","?","M","E","R","M"],"items_purchased_type":["Card"],"build_version":"2020-12-22","purchased_purges":0,"victory":false,"max_hp_per_floor":[60,60,60,60,60,60,60,60,60,60,60,61,61,61,61,61,61,61,62,62,62,62,62,62,62,62],"relic_stats":{"counters":[14,65],"Ornamental Fan":[56],"obtain_stats":[{"animator:PurgingStone":0,"Ornamental Fan":7,"animator:TheMissingPiece":0,"Molten Egg 2":9,"animator:LivingPicture":0,"Empty Cage":17,"InkBottle":12,"Red Skull":23},{"animator:PurgingStone":0,"Ornamental Fan":5,"animator:TheMissingPiece":0,"Molten Egg 2":5,"animator:LivingPicture":0,"Empty Cage":9,"InkBottle":8,"Red Skull":13},{"animator:PurgingStone":0,"Ornamental Fan":21,"animator:TheMissingPiece":0,"Molten Egg 2":21,"animator:LivingPicture":0,"Empty Cage":45,"InkBottle":37,"Red Skull":62}],"InkBottle":[8]},"card_choices":[{"not_picked":["animator:Kazuma","animator:Chung"],"picked":"animator:Raven","floor":1},{"not_picked":["animator:Ciel","animator:IzunaHatsuse"],"picked":"animator:ChaikaBohdan","floor":3},{"not_picked":["animator:DolaRiku","animator:Shigure"],"picked":"animator:Mikaela","floor":4},{"not_picked":["animator:Priestess","animator:LizardPriest"],"picked":"animator:GuildGirl","floor":5},{"not_picked":["animator:ShinjiMatou","animator:Tet"],"picked":"animator:Sebas","floor":7},{"not_picked":["animator:Layla+1","animator:Mitsuba+1"],"picked":"animator:Vanir+1","floor":10},{"not_picked":["animator:Ara+1","animator:NarberalGamma"],"picked":"animator:ZankiKiguchi+1","floor":11},{"not_picked":["animator:Vanir+1","animator:Verdia"],"picked":"animator:Mitsurugi+1","floor":12},{"not_picked":["animator:Shiro","animator:AcuraShin+1"],"picked":"animator:ChaikaTrabant+1","floor":16},{"not_picked":["animator:Caster","animator:Mikaela+1"],"picked":"animator:Konayuki","floor":18},{"not_picked":["animator:DolaCouronne","animator:DolaRiku"],"picked":"animator:Priestess","floor":19},{"not_picked":["animator:Add","animator:Chung"],"picked":"animator:Jibril+1","floor":22},{"not_picked":["animator:Priestess","animator:GuildGirl"],"picked":"animator:DwarfShaman+1","floor":23}],"player_experience":873034,"relics_obtained":[{"floor":7,"key":"Ornamental Fan"},{"floor":9,"key":"Molten Egg 2"},{"floor":12,"key":"InkBottle"},{"floor":23,"key":"Red Skull"}],"event_choices":[{"damage_healed":39,"gold_gain":0,"player_choice":"Full Heal","damage_taken":0,"max_hp_gain":0,"max_hp_loss":0,"event_name":"Wheel of Change","floor":14,"gold_loss":0},{"cards_removed":["animator:Strike"],"damage_healed":0,"gold_gain":0,"player_choice":"Gave Gold","damage_taken":0,"max_hp_gain":0,"max_hp_loss":0,"event_name":"Beggar","floor":20,"gold_loss":75},{"damage_healed":0,"gold_gain":0,"player_choice":"Ignored","damage_taken":0,"max_hp_gain":0,"max_hp_loss":0,"event_name":"Vampires","floor":21,"gold_loss":0}],"is_beta":false,"boss_relics":[{"not_picked":["SacredBark","animator:RacePiece"],"picked":"Empty Cage"}],"items_purged_floors":[],"is_endless":false,"potions_floor_spawned":[4,11,19,22,23],"killed_by":"Shelled Parasite and Fungi","ascension_level":18}}