{"host":"0ueeacaatm8t6jyh","time":1611769086,"event":{"mods":["AchievementEnabler","BaseMod","Colored Powertips","Minty Spire (QoL Compilation)","Quick Restart","Rare Cards Sparkle","Shop Mod","StSLib"],"gold_per_floor":[114,64,30,49,49,77,77,103,103,103,120,131,131,131,131,205,205,223,148,148,162,182,182,182,182],"floor_reached":24,"language":"ZHS","playtime":463,"items_purged":["Strike_P"],"score":389,"play_id":"9b60e296-d9b7-4b94-b43a-a4957e41bc6f","local_time":"20210128013806","is_ascension_mode":true,"campfire_choices":[{"data":"Tantrum","floor":7.0,"key":"SMITH"},{"data":"Brilliance","floor":10.0,"key":"SMITH"},{"floor":13.0,"key":"REST"},{"data":"Vengeance","floor":15.0,"key":"SMITH"},{"data":"Blasphemy","floor":23.0,"key":"SMITH"}],"circlet_count":0,"master_deck":["AscendersBane","Strike_P","Strike_P","Strike_P+1","Defend_P","Defend_P","Defend_P","Eruption+1","Vigilance","Vengeance+1","Meditate","Tantrum+1","Brilliance+1","Prostrate","MentalFortress+1","Blasphemy+1"],"relics":["PureWater","NeowsBlessing","Letter Opener","Akabeko","Coffee Dripper"],"acts_visited":["Exordium","TheCity"],"potions_floor_usage":[],"damage_taken":[{"damage":0.0,"enemies":"Cultist","floor":1.0,"turns":1.0},{"damage":0.0,"enemies":"Small Slimes","floor":4.0,"turns":1.0},{"damage":0.0,"enemies":"Lagavulin","floor":6.0,"turns":1.0},{"damage":20.0,"enemies":"3 Sentries","floor":8.0,"turns":5.0},{"damage":0.0,"enemies":"2 Louse","floor":11.0,"turns":1.0},{"damage":9.0,"enemies":"Lots of Slimes","floor":12.0,"turns":3.0},{"damage":19.0,"enemies":"Hexaghost","floor":16.0,"turns":7.0},{"damage":30.0,"enemies":"2 Thieves","floor":18.0,"turns":3.0},{"damage":0.0,"enemies":"Chosen","floor":21.0,"turns":1.0},{"damage":0.0,"enemies":"Snake Plant","floor":22.0,"turns":1.0},{"damage":10,"enemies":"Centurion and Healer","floor":24,"turns":2}],"seed_played":"1211195796643420539","potions_obtained":[{"floor":1.0,"key":"AttackPotion"},{"floor":8.0,"key":"Explosive Potion"},{"floor":16.0,"key":"LiquidBronze"},{"floor":18.0,"key":"Explosive Potion"},{"floor":21.0,"key":"Ambrosia"}],"is_trial":false,"path_per_floor":["M","?","$","M","?","E","R","E","T","R","M","M","R","?","R","B",null,"M","$","?","M","M","R","M"],"character_chosen":"WATCHER","items_purchased":["Meditate"],"campfire_rested":1,"item_purchase_floors":[3],"current_hp_per_floor":[61,61,61,61,47,47,47,27,27,27,27,18,38,38,38,19,56,26,26,14,14,14,14,4,4],"gold":182,"neow_bonus":"THREE_ENEMY_KILL","is_daily":false,"chose_seed":false,"campfire_upgraded":4,"win_rate":0.0,"timestamp":1611769086,"path_taken":["M","?","$","M","?","E","R","E","T","R","M","M","R","?","R","BOSS","M","?","?","M","M","R","M"],"items_purchased_type":["Card"],"build_version":"2020-12-22","purchased_purges":1,"victory":false,"max_hp_per_floor":[68,68,68,68,68,68,68,68,68,68,68,68,68,68,68,68,68,68,68,73,73,73,73,73,73],"card_choices":[{"not_picked":["SandsOfTime","CrushJoints"],"picked":"Vengeance","floor":1.0},{"not_picked":["Swivel","CrushJoints","Collect"],"picked":"SKIP","floor":4.0},{"not_picked":["Vengeance","BowlingBash"],"picked":"Tantrum","floor":6.0},{"not_picked":["SashWhip","EmptyMind"],"picked":"Brilliance","floor":8.0},{"not_picked":["CrushJoints","WaveOfTheHand"],"picked":"Prostrate","floor":11.0},{"not_picked":["Crescendo","Pray"],"picked":"MentalFortress","floor":12.0},{"not_picked":["ConjureBlade","Establishment"],"picked":"Blasphemy","floor":16.0},{"not_picked":["JustLucky","EmptyFist","Protect"],"picked":"SKIP","floor":18.0},{"not_picked":["ThirdEye","PathToVictory","FlyingSleeves"],"picked":"SKIP","floor":21.0},{"not_picked":["Tantrum+1","WaveOfTheHand+1","WheelKick"],"picked":"SKIP","floor":22.0}],"player_experience":477202,"relics_obtained":[{"floor":6.0,"key":"Letter Opener"},{"floor":8.0,"key":"Akabeko"}],"event_choices":[{"cards_removed":["Defend_P"],"damage_healed":0.0,"max_hp_gain":0.0,"max_hp_loss":0.0,"gold_gain":0.0,"event_name":"The Cleric","player_choice":"Card Removal","floor":2.0,"gold_loss":50.0,"damage_taken":0.0},{"damage_healed":0.0,"max_hp_gain":0.0,"max_hp_loss":0.0,"gold_gain":0.0,"event_name":"Shining Light","player_choice":"Entered Light","floor":5.0,"gold_loss":0.0,"damage_taken":14.0,"cards_upgraded":["Strike_P","Eruption"]},{"damage_healed":0.0,"max_hp_gain":0.0,"max_hp_loss":0.0,"gold_gain":0.0,"event_name":"Upgrade Shrine","player_choice":"Upgraded","floor":14.0,"gold_loss":0.0,"damage_taken":0.0,"cards_upgraded":["MentalFortress"]},{"damage_healed":0.0,"max_hp_gain":5.0,"max_hp_loss":0.0,"gold_gain":0.0,"event_name":"Forgotten Altar","player_choice":"Shed Blood","floor":20.0,"gold_loss":0.0,"damage_taken":17.0}],"is_beta":false,"boss_relics":[{"not_picked":["SacredBark","Busted Crown"],"picked":"Coffee Dripper"}],"items_purged_floors":[19],"is_endless":false,"potions_floor_spawned":[1,8,16,18,21],"killed_by":"Centurion and Healer","ascension_level":14}}