{"host":"qdfumeom6htv8yxl","time":1611759149,"event":{"mods":["AchievementEnabler","BaseMod","Bestiary","Block Reminder","Minty Spire (QoL Compilation)","Quick Restart","Relic Stats"],"gold_per_floor":[10,10,10,34,52,52,52,91,91,112,112,112,112,137,137,137,137],"floor_reached":16,"language":"ENG","playtime":21128,"items_purged":[],"score":195,"play_id":"e2c12381-b2d0-4f9c-a857-82fc5f2bbe46","local_time":"20210127085229","is_ascension_mode":true,"campfire_choices":[{"data":"Gash","floor":6.0,"key":"SMITH"},{"floor":11.0,"key":"REST"},{"floor":13.0,"key":"REST"},{"data":"Go for the Eyes","floor":15.0,"key":"SMITH"}],"circlet_count":0,"master_deck":["AscendersBane","Strike_B","Strike_B+1","Strike_B","Strike_B","Defend_B+1","Defend_B","Defend_B","Defend_B","Zap","Dualcast","Rebound+1","Gash+1","All For One","Turbo","Go for the Eyes+1"],"relics":["Cracked Core","Ice Cream","Golden Idol","Ancient Tea Set","Question Card"],"acts_visited":["Exordium"],"potions_floor_usage":[],"damage_taken":[{"damage":0.0,"enemies":"2 Louse","floor":1.0,"turns":3.0},{"damage":2.0,"enemies":"Jaw Worm","floor":4.0,"turns":3.0},{"damage":0.0,"enemies":"Cultist","floor":5.0,"turns":3.0},{"damage":20.0,"enemies":"Lagavulin","floor":8.0,"turns":5.0},{"damage":23.0,"enemies":"Exordium Thugs","floor":10.0,"turns":5.0},{"damage":4.0,"enemies":"Lots of Slimes","floor":14.0,"turns":3.0},{"damage":0,"enemies":"The Guardian","floor":16,"turns":1}],"seed_played":"271356861047098091","potions_obtained":[{"floor":5.0,"key":"Weak Potion"}],"is_trial":false,"path_per_floor":["M","?","?","M","M","R","$","E","T","M","R","?","R","M","R","B"],"character_chosen":"DEFECT","items_purchased":[],"campfire_rested":2,"item_purchase_floors":[],"current_hp_per_floor":[64,64,64,62,62,62,62,42,42,19,38,19,38,34,34,34,34],"gold":137,"neow_bonus":"ONE_RARE_RELIC","is_daily":false,"chose_seed":false,"campfire_upgraded":2,"win_rate":0.0,"timestamp":1611759149,"path_taken":["M","?","?","M","?","R","?","E","T","?","R","?","R","M","R","BOSS"],"items_purchased_type":[],"build_version":"2020-12-22","purchased_purges":0,"victory":false,"max_hp_per_floor":[71,64,64,64,64,64,64,64,64,64,64,64,64,64,64,64,64],"relic_stats":{"counters":[7,23],"Golden Idol":26,"Question Card":2,"obtain_stats":[{"Ice Cream":0,"Golden Idol":2,"Cracked Core":0,"Ancient Tea Set":8,"Question Card":9},{"Ice Cream":0,"Golden Idol":1,"Cracked Core":0,"Ancient Tea Set":4,"Question Card":4},{"Ice Cream":0,"Golden Idol":3,"Cracked Core":0,"Ancient Tea Set":14,"Question Card":14}]},"card_choices":[{"not_picked":["Aggregate","Go for the Eyes"],"picked":"Rebound","floor":1.0},{"not_picked":["Leap","Streamline"],"picked":"Gash","floor":4.0},{"not_picked":["Compile Driver","Turbo","Stack"],"picked":"SKIP","floor":5.0},{"not_picked":["Reprogram","Heatsinks"],"picked":"All For One","floor":8.0},{"not_picked":["Tempest","Cold Snap","Leap"],"picked":"Turbo","floor":10.0},{"not_picked":["Auto Shields","Compile Driver","Self Repair"],"picked":"Go for the Eyes","floor":14.0}],"player_experience":1850573,"relics_obtained":[{"floor":8.0,"key":"Ancient Tea Set"},{"floor":9.0,"key":"Question Card"}],"event_choices":[{"damage_healed":0.0,"max_hp_gain":0.0,"max_hp_loss":7.0,"gold_gain":0.0,"event_name":"Golden Idol","player_choice":"Lose Max HP","floor":2.0,"gold_loss":0.0,"damage_taken":0.0,"relics_obtained":["Golden Idol"]},{"damage_healed":0.0,"max_hp_gain":0.0,"max_hp_loss":0.0,"gold_gain":0.0,"event_name":"Accursed Blacksmith","player_choice":"Forge","floor":3.0,"gold_loss":0.0,"damage_taken":0.0,"cards_upgraded":["Rebound"]},{"damage_healed":0.0,"max_hp_gain":0.0,"max_hp_loss":0.0,"gold_gain":0.0,"event_name":"Shining Light","player_choice":"Entered Light","floor":12.0,"gold_loss":0.0,"damage_taken":19.0,"cards_upgraded":["Strike_B","Defend_B"]}],"is_beta":false,"boss_relics":[],"items_purged_floors":[],"is_endless":false,"potions_floor_spawned":[5],"killed_by":"The Guardian","ascension_level":19}}