{"host":"gqhy17d1xpb1p3ki","time":1611717302,"event":{"mods":["2.2 Compatiblity","AchievementEnabler","Arknights The Spire","BaseMod","Bestiary","BetterRewards","Colored Map","Colored Powertips","Conspire","Curses Come First","Custom Start","DeckTracker","Downfall","Duelist Mod","Hermit","Highlight Path","Hubris","Infinite Spire","Jorbs\u0027s Wanderer Trilogy","Marisa????????","Minty Spire (QoL Compilation)","Quick Restart","Rare Cards Sparkle","Relic Stats","Remilia??????","Robot Space Explorer","Shop Mod","StSLib","Td1madao Mod","The Animator","The Bug Knight","The Cursed","The Disciple","The Hierophant","The Jungle","The Marked","The Mystic","The Necromancer","The Runesmith","The Senshi","The Servant 0.9.4","TheBandit","WarShipGirlsR/????R mod","Yuri Mod"],"gold_per_floor":[99,118,118,129,142,142,142,153,179,179,179,10,10,29,44,139,139,139,150,150,150,169,169,169,186,27,46,64,64,64,85,101,206,206,106,106,106,124,124,124,124,124,140,175,196,296,314,130,155,163],"floor_reached":51,"language":"ENG","playtime":6386,"items_purged":["downfall:Malfunctioning","BloodHunter"],"score":856,"play_id":"96ca5f30-16a3-4d4d-a566-985832fa07cf","local_time":"20210126221502","is_ascension_mode":false,"campfire_choices":[{"data":"RedMoon","floor":1,"key":"SMITH"},{"data":"StarOfDavid","floor":6,"key":"SMITH"},{"data":"MastersStateliness","floor":10,"key":"SMITH"},{"data":"FitfulNightmare","floor":13,"key":"SMITH"},{"data":"EternalNight","floor":18,"key":"SMITH"},{"floor":30,"key":"REST"},{"data":"UnstableMagic","floor":35,"key":"SMITH"},{"data":"HunterOfTheNight","floor":40,"key":"SMITH"},{"data":"UnstableMagic","floor":42,"key":"SMITH"}],"circlet_count":0,"master_deck":["Strike_RM","Strike_RM+1","Strike_RM","Defend_RM+1","Defend_RM","Defend_RM","Defend_RM","RedMoon+1","ScarletShoot+1","MastersStateliness+1","StarOfDavid+1","UnstableMagic","ScarletDevil+1","ScarletSymphony+1","BombardNight","FitfulNightmare+1","UnstableMagic","EternalNight+1","ScarletCoffin","MastersStateliness","infinitespire:Gouge","FitfulNightmare+1","infinitespire:UltimateForm+1","MillenniumVampire+1","UnstableMagic+1","HunterOfTheNight+1","RedRainbow+1","NightDance+1","UnstableMagic+1","DemonKingCradle","ScarletDevil","MastersStateliness+1","VampireFantasy+1","MastersStateliness+1","StarOfDavid+1","infinitespire:Gouge","expansioncontent:DashGenerateEvil"],"relics":["ScarletHat","HollowMod:PaleOreRelic","theSenshi:SailorFukuRelic","hubris:TerracottaHorce","infinitespire:Beetle Shell","Membership Card","infinitespire:Midas Blood","hubris:KleinBottle","Turnip","ScarletEmblem","Sling","infinitespire:Joker Card","Lantern","ClockworkSouvenir","Centennial Puzzle","Orichalcum","SacredBark","downfall:HeartBlessingGreen","White Beast Statue","hubris:Towel","Mango","FairyMaid","downfall:GremlinWheel","PreservedInsect","DollysMirror","hubris:MedicalManual","conspire:InfiniteJournal"],"acts_visited":["Exordium","TheCity","TheBeyond"],"potions_floor_usage":[44,49],"damage_taken":[{"damage":0,"enemies":"Jaw Worm","floor":2,"turns":5},{"damage":0,"enemies":"Cultist","floor":4,"turns":5},{"damage":0,"enemies":"Small Slimes","floor":5,"turns":3},{"damage":0,"enemies":"3 Louse","floor":8,"turns":2},{"damage":9,"enemies":"Lagavulin","floor":9,"turns":7},{"damage":0,"enemies":"downfall:FleeingMerchant","floor":12,"turns":4},{"damage":0,"enemies":"Exordium Thugs","floor":14,"turns":5},{"damage":0,"enemies":"Gremlin Gang","floor":15,"turns":2},{"damage":61,"enemies":"DF_ARCHETYPE_STREAMLINE","floor":16,"turns":13},{"damage":0,"enemies":"conspire:FuzzyDice","floor":19,"turns":3},{"damage":10,"enemies":"Shell Parasite","floor":22,"turns":8},{"damage":12,"enemies":"Shelled Parasite and Fungi","floor":25,"turns":4},{"damage":4,"enemies":"downfall:FleeingMerchant","floor":26,"turns":4},{"damage":0,"enemies":"Cultist and Chosen","floor":27,"turns":11},{"damage":0,"enemies":"Snecko","floor":28,"turns":3},{"damage":2,"enemies":"Chosen and Byrds","floor":31,"turns":7},{"damage":0,"enemies":"Centurion and Healer","floor":32,"turns":7},{"damage":2,"enemies":"WA_ARCHETYPE_CALM","floor":33,"turns":10},{"damage":9,"enemies":"3 Shapes","floor":38,"turns":9},{"damage":0,"enemies":"Orb Walker","floor":43,"turns":4},{"damage":11,"enemies":"Giant Head","floor":44,"turns":5},{"damage":10,"enemies":"3 Darklings","floor":45,"turns":4},{"damage":0,"enemies":"3 Darklings","floor":46,"turns":3},{"damage":10,"enemies":"Sphere and 2 Shapes","floor":47,"turns":4},{"damage":0,"enemies":"downfall:FleeingMerchant","floor":48,"turns":4},{"damage":33,"enemies":"Writhing Mass","floor":49,"turns":5},{"damage":20,"enemies":"SI_POISON_ARCHETYPE","floor":50,"turns":6}],"seed_played":"-4357347483922802538","potions_obtained":[{"floor":5,"key":"hexamod:SoulburnPotion"},{"floor":8,"key":"DuplicationPotion"},{"floor":15,"key":"SpeedPotion"},{"floor":20,"key":"FearPotion"},{"floor":38,"key":"SkillPotion"},{"floor":44,"key":"Ancient Potion"},{"floor":49,"key":"SpeedPotion"}],"is_trial":false,"path_per_floor":["R","M","?","M","M","R","T","M","E","R","?","$","R","M","M","B",null,"R","M","?","$","M","AVR","T","M","$","M","M","?","R","M","M","B",null,"R","AVR","?","M","?","R","T","R","M","E","M","?","M","$","M","B",null],"character_chosen":"REMILIA","items_purchased":["FitfulNightmare","Membership Card","infinitespire:Midas Blood","hubris:KleinBottle","Lantern","ClockworkSouvenir","DollysMirror","expansioncontent:DashGenerateEvil","hubris:MedicalManual","conspire:InfiniteJournal"],"campfire_rested":1,"item_purchase_floors":[12,21,21,21,26,26,48,48,48,48],"current_hp_per_floor":[82,82,82,82,82,82,82,82,76,76,76,80,80,82,82,30,69,69,72,72,27,24,24,24,15,22,32,35,35,59,63,76,82,82,82,82,82,81,81,81,95,95,96,85,96,96,89,96,73,92],"gold":163,"neow_bonus":"TEN_PERCENT_HP_BONUS","is_daily":false,"chose_seed":false,"campfire_upgraded":8,"win_rate":0.0,"timestamp":1611717302,"path_taken":["R","M","?","M","?","R","T","M","E","R","?","$","R","M","M","BOSS","R","M","?","?","M","AVR","T","M","$","M","M","?","R","?","M","BOSS","R","AVR","?","M","?","R","T","R","?","E","M","?","?","$","M","BOSS"],"items_purchased_type":["Card","Relic","Relic","Relic","Relic","Relic","Relic","Card","Relic","Relic"],"build_version":"2020-12-22","purchased_purges":2,"victory":true,"max_hp_per_floor":[82,82,82,82,82,82,82,82,82,82,82,82,82,82,82,82,82,82,82,82,82,82,82,82,82,82,82,82,82,82,82,82,82,82,82,82,82,82,82,82,96,96,96,96,96,96,96,96,96,96],"relic_stats":{"Centennial Puzzle":[21],"counters":[27,147],"Turnip":[7],"PreservedInsect":0,"Orichalcum":[78],"obtain_stats":[{"Lantern":26,"SacredBark":34,"downfall:HeartBlessingGreen":35,"Mango":41,"FairyMaid":44,"Sling":23,"ScarletHat":0,"hubris:TerracottaHorce":17,"ClockworkSouvenir":26,"conspire:InfiniteJournal":48,"Centennial Puzzle":31,"downfall:GremlinWheel":46,"DollysMirror":48,"HollowMod:PaleOreRelic":7,"theSenshi:SailorFukuRelic":9,"hubris:KleinBottle":21,"infinitespire:Beetle Shell":19,"infinitespire:Joker Card":24,"PreservedInsect":47,"hubris:MedicalManual":48,"ScarletEmblem":23,"Orichalcum":31,"hubris:Towel":39,"White Beast Statue":36,"Turnip":22,"Membership Card":21,"infinitespire:Midas Blood":21},{"Lantern":13,"SacredBark":18,"downfall:HeartBlessingGreen":18,"Mango":19,"FairyMaid":21,"Sling":11,"ScarletHat":0,"hubris:TerracottaHorce":9,"ClockworkSouvenir":13,"conspire:InfiniteJournal":25,"Centennial Puzzle":16,"downfall:GremlinWheel":23,"DollysMirror":25,"HollowMod:PaleOreRelic":3,"theSenshi:SailorFukuRelic":5,"hubris:KleinBottle":10,"infinitespire:Beetle Shell":10,"infinitespire:Joker Card":11,"PreservedInsect":24,"hubris:MedicalManual":25,"ScarletEmblem":11,"Orichalcum":16,"hubris:Towel":19,"White Beast Statue":18,"Turnip":11,"Membership Card":10,"infinitespire:Midas Blood":10},{"Lantern":65,"SacredBark":103,"downfall:HeartBlessingGreen":103,"Mango":112,"FairyMaid":121,"Sling":57,"ScarletHat":0,"hubris:TerracottaHorce":46,"ClockworkSouvenir":65,"conspire:InfiniteJournal":136,"Centennial Puzzle":86,"downfall:GremlinWheel":128,"DollysMirror":136,"HollowMod:PaleOreRelic":13,"theSenshi:SailorFukuRelic":22,"hubris:KleinBottle":49,"infinitespire:Beetle Shell":49,"infinitespire:Joker Card":57,"PreservedInsect":132,"hubris:MedicalManual":136,"ScarletEmblem":57,"Orichalcum":86,"hubris:Towel":112,"White Beast Statue":103,"Turnip":57,"Membership Card":49,"infinitespire:Midas Blood":49}]},"card_choices":[{"not_picked":["ScarletImprint","StarOfDavid"],"picked":"MastersStateliness","floor":2},{"not_picked":["GlobalNightmare","ForbiddenFruit"],"picked":"StarOfDavid","floor":4},{"not_picked":["ScarletDevil","DevilSight"],"picked":"UnstableMagic","floor":5},{"not_picked":["EndlessAdversity","BombardNight"],"picked":"ScarletDevil","floor":8},{"not_picked":["RedMagic","TricksterDevil"],"picked":"ScarletSymphony","floor":9},{"not_picked":["TwelveNightmare","BlasphemousPunishment"],"picked":"BombardNight","floor":12},{"not_picked":["UnderTheZenith","Ultimatum"],"picked":"UnstableMagic","floor":14},{"not_picked":["BloodHunter","VampirishNight"],"picked":"EternalNight","floor":15},{"not_picked":["QueenOfMidnight","BloodyHallows"],"picked":"ScarletCoffin","floor":16},{"not_picked":["BombardNight","BlasphemousPunishment"],"picked":"MastersStateliness","floor":19},{"not_picked":["infinitespire:FutureSight","infinitespire:Starlight"],"picked":"infinitespire:Gouge","floor":21},{"not_picked":["TwelveNightmare","ScarletDevilSign"],"picked":"FitfulNightmare+1","floor":22},{"not_picked":["BloodyTrap","BlasphemousPunishment"],"picked":"MillenniumVampire+1","floor":25},{"not_picked":["RedNightlessCastle","NightDance"],"picked":"UnstableMagic","floor":26},{"not_picked":["UnderTheZenith","ForbiddenFruit+1"],"picked":"HunterOfTheNight","floor":27},{"not_picked":["DiffusionOfMisfortune","VampirishNight"],"picked":"RedRainbow","floor":28},{"not_picked":["TwelveNightmare","BloodyMagicSquare+1"],"picked":"NightDance+1","floor":31},{"not_picked":["Stigmanizer","BloodAndWine"],"picked":"UnstableMagic","floor":32},{"not_picked":["ChaoticDestiny","KillingBlow"],"picked":"DemonKingCradle","floor":33},{"not_picked":["ChainGang","BloodHunter"],"picked":"ScarletDevil","floor":38},{"not_picked":["RedNightlessCastle","ScarletDream"],"picked":"MastersStateliness+1","floor":43},{"not_picked":["TricksterDevil","RedRainbow+1"],"picked":"VampireFantasy+1","floor":44},{"not_picked":["RedRainbow+1","DiffusionOfMisfortune"],"picked":"MastersStateliness+1","floor":45},{"not_picked":["TransientEternity","ScarletDream","DiffusionOfMisfortune"],"picked":"SKIP","floor":47},{"not_picked":["VampireKiss+1","BadLadyScramble"],"picked":"StarOfDavid+1","floor":48},{"not_picked":["UnderTheZenith","ScarletDevilSign","RedRainbow"],"picked":"SKIP","floor":49}],"player_experience":449005,"relics_obtained":[{"floor":7,"key":"HollowMod:PaleOreRelic"},{"floor":9,"key":"theSenshi:SailorFukuRelic"},{"floor":19,"key":"infinitespire:Beetle Shell"},{"floor":22,"key":"Turnip"},{"floor":24,"key":"infinitespire:Joker Card"},{"floor":31,"key":"Centennial Puzzle"},{"floor":31,"key":"Orichalcum"},{"floor":41,"key":"Mango"},{"floor":44,"key":"FairyMaid"},{"floor":46,"key":"downfall:GremlinWheel"},{"floor":47,"key":"PreservedInsect"}],"event_choices":[{"damage_healed":0,"gold_gain":0,"player_choice":"Ignored","damage_taken":0,"max_hp_gain":0,"max_hp_loss":0,"event_name":"NoteForYourself","floor":3,"gold_loss":0},{"damage_healed":0,"gold_gain":0,"player_choice":"Got Potions","damage_taken":0,"max_hp_gain":0,"max_hp_loss":0,"event_name":"Lab","floor":20,"gold_loss":0}],"is_beta":false,"boss_relics":[{"not_picked":["Fusion Hammer","hubris:HollowSoul"],"picked":"hubris:TerracottaHorce"},{"not_picked":["infinitespire:Cupcake","Empty Cage"],"picked":"SacredBark"}],"items_purged_floors":[12,48],"is_endless":false,"potions_floor_spawned":[5,8,15,22,25,27,33,38,43,44,45,46,47,48,49],"ascension_level":0}}