{"host":"5p9hybygolzp0efr","time":1611755598,"event":{"mods":["AchievementEnabler","BaseMod","Bestiary","Colored Map","Minty Spire (QoL Compilation)","Relic Stats"],"gold_per_floor":[111,111,124,140,140,166,166,183,183,223,251,263,275,308,320,451,463,498,510,522,230,246,246,290,290,290,290,290,315,358,383,383,383,383],"floor_reached":33,"language":"ENG","playtime":1239,"items_purged":["Defend_B"],"score":398,"play_id":"cf0644a7-eb74-4e6e-9d87-6767a15a18a2","local_time":"20210127215318","is_ascension_mode":true,"campfire_choices":[{"data":"Coolheaded","floor":7.0,"key":"SMITH"},{"data":"Defragment","floor":15.0,"key":"SMITH"},{"floor":23,"key":"REST"},{"floor":27,"key":"REST"},{"floor":32,"key":"REST"}],"circlet_count":0,"master_deck":["Strike_B","Strike_B","Defend_B","Defend_B","Defend_B","Zap","Dualcast","Cold Snap","Darkness+1","Ball Lightning","Coolheaded+1","Defragment+1","Melter","Coolheaded","Electrodynamics","Hologram","Aggregate","Seek","Defragment","Coolheaded+1","Writhe","Capacitor+1","Consume+1"],"relics":["Cracked Core","Toy Ornithopter","Juzu Bracelet","Matryoshka","MawBank","Bag of Marbles","Blood Vial","Golden Idol","Calling Bell","Tiny Chest","White Beast Statue","Gambling Chip","Enchiridion","Bag of Preparation","Potion Belt","Pen Nib","Shovel","Bottled Lightning","Frozen Egg 2","Vajra"],"acts_visited":["Exordium","TheCity"],"potions_floor_usage":[24,24,30,30,33],"damage_taken":[{"damage":0.0,"enemies":"Small Slimes","floor":1.0,"turns":3.0},{"damage":2.0,"enemies":"Jaw Worm","floor":3.0,"turns":3.0},{"damage":0.0,"enemies":"Cultist","floor":4.0,"turns":3.0},{"damage":32.0,"enemies":"Gremlin Nob","floor":6.0,"turns":4.0},{"damage":4.0,"enemies":"2 Fungi Beasts","floor":8.0,"turns":4.0},{"damage":8.0,"enemies":"Lagavulin","floor":10.0,"turns":7.0},{"damage":0.0,"enemies":"Exordium Wildlife","floor":11.0,"turns":3.0},{"damage":13.0,"enemies":"3 Louse","floor":14.0,"turns":5.0},{"damage":4,"enemies":"Hexaghost","floor":16,"turns":9},{"damage":10,"enemies":"Chosen","floor":18,"turns":5},{"damage":3,"enemies":"3 Byrds","floor":22,"turns":2},{"damage":62,"enemies":"Gremlin Leader","floor":24,"turns":8},{"damage":9,"enemies":"Snake Plant","floor":29,"turns":4},{"damage":7,"enemies":"Slavers","floor":30,"turns":4},{"damage":13,"enemies":"Snecko","floor":31,"turns":3},{"damage":46,"enemies":"Collector","floor":33,"turns":5}],"seed_played":"-9090266979319284450","potions_obtained":[{"floor":3.0,"key":"BlessingOfTheForge"},{"floor":4.0,"key":"Explosive Potion"},{"floor":6.0,"key":"Block Potion"},{"floor":16,"key":"Weak Potion"},{"floor":24,"key":"AttackPotion"},{"floor":29,"key":"DistilledChaos"},{"floor":30,"key":"FocusPotion"},{"floor":31,"key":"SmokeBomb"}],"is_trial":false,"path_per_floor":["M","?","M","M","?","E","R","M","T","E","M","?","?","M","R","B",null,"M","?","?","$","M","R","E","?","T","R","T","M","E","M","R","B"],"character_chosen":"DEFECT","items_purchased":["Defragment","Bag of Preparation"],"campfire_rested":3,"item_purchase_floors":[21,21],"current_hp_per_floor":[68,65,63,63,68,41,41,37,37,29,31,31,31,20,20,18,60,52,36,36,36,35,57,7,7,7,29,29,22,27,16,38,0,0],"gold":383,"neow_bonus":"RANDOM_COMMON_RELIC","is_daily":false,"chose_seed":false,"campfire_upgraded":2,"win_rate":0.0,"timestamp":1611755598,"path_taken":["M","?","M","M","?","E","R","M","T","E","M","?","?","M","R","BOSS","M","?","?","$","M","R","E","?","T","R","?","M","E","M","R","BOSS"],"items_purchased_type":["Card","Relic"],"build_version":"2020-12-22","purchased_purges":1,"victory":false,"max_hp_per_floor":[75,75,75,75,80,80,80,80,80,80,80,80,74,74,74,74,74,74,74,74,74,74,74,74,74,74,74,74,74,74,74,74,74,74],"relic_stats":{"Blood Vial":20,"Shovel":0,"counters":[16,72],"Golden Idol":64,"Gambling Chip":[21],"Tiny Chest":1,"Pen Nib":[1],"Juzu Bracelet":1,"Bag of Preparation":[12],"MawBank":144,"obtain_stats":[{"Potion Belt":24,"Golden Idol":13,"Enchiridion":19,"Vajra":30,"Pen Nib":25,"Juzu Bracelet":2,"Bag of Preparation":21,"Frozen Egg 2":28,"MawBank":9,"White Beast Statue":17,"Blood Vial":10,"Calling Bell":17,"Matryoshka":6,"Shovel":26,"Gambling Chip":17,"Tiny Chest":17,"Bag of Marbles":9,"Bottled Lightning":26,"Cracked Core":0,"Toy Ornithopter":0},{"Potion Belt":12,"Golden Idol":7,"Enchiridion":10,"Vajra":14,"Pen Nib":12,"Juzu Bracelet":1,"Bag of Preparation":10,"Frozen Egg 2":12,"MawBank":5,"White Beast Statue":9,"Blood Vial":6,"Calling Bell":9,"Matryoshka":4,"Shovel":12,"Gambling Chip":9,"Tiny Chest":9,"Bag of Marbles":5,"Bottled Lightning":12,"Cracked Core":0,"Toy Ornithopter":0},{"Potion Belt":56,"Golden Idol":27,"Enchiridion":46,"Vajra":64,"Pen Nib":56,"Juzu Bracelet":3,"Bag of Preparation":46,"Frozen Egg 2":56,"MawBank":17,"White Beast Statue":41,"Blood Vial":24,"Calling Bell":41,"Matryoshka":13,"Shovel":56,"Gambling Chip":41,"Tiny Chest":41,"Bag of Marbles":17,"Bottled Lightning":56,"Cracked Core":0,"Toy Ornithopter":0}],"Toy Ornithopter":30},"card_choices":[{"not_picked":["Conserve Battery","Hello World"],"picked":"Cold Snap","floor":1.0},{"not_picked":["Recycle","Conserve Battery"],"picked":"Darkness","floor":3.0},{"not_picked":["Turbo","Chill"],"picked":"Ball Lightning","floor":4.0},{"not_picked":["Static Discharge","Barrage"],"picked":"Coolheaded","floor":6.0},{"not_picked":["Steam","Barrage"],"picked":"Defragment","floor":8.0},{"not_picked":["Go for the Eyes","Streamline"],"picked":"Melter","floor":10.0},{"not_picked":["Heatsinks","Turbo"],"picked":"Coolheaded","floor":11.0},{"not_picked":["Multi-Cast","Steam Power","Cold Snap"],"picked":"SKIP","floor":14.0},{"not_picked":["Multi-Cast","Biased Cognition"],"picked":"Electrodynamics","floor":16},{"not_picked":["Beam Cell","Skim"],"picked":"Hologram","floor":18},{"not_picked":["Heatsinks","Turbo","Double Energy"],"picked":"SKIP","floor":22},{"not_picked":["Tempest","Reboot"],"picked":"Coolheaded+1","floor":24},{"not_picked":["Tempest","Redo"],"picked":"Capacitor+1","floor":29},{"not_picked":["Reprogram+1","Core Surge","Darkness"],"picked":"SKIP","floor":30},{"not_picked":["Reprogram+1","Core Surge","Darkness"],"picked":"SKIP","floor":30},{"not_picked":["Coolheaded","Ball Lightning"],"picked":"Consume+1","floor":31}],"player_experience":540348,"relics_obtained":[{"floor":6.0,"key":"Matryoshka"},{"floor":9.0,"key":"MawBank"},{"floor":9.0,"key":"Bag of Marbles"},{"floor":10.0,"key":"Blood Vial"},{"floor":17,"key":"Tiny Chest"},{"floor":17,"key":"White Beast Statue"},{"floor":17,"key":"Gambling Chip"},{"floor":19,"key":"Enchiridion"},{"floor":24,"key":"Potion Belt"},{"floor":26,"key":"Shovel"},{"floor":26,"key":"Bottled Lightning"},{"floor":28,"key":"Frozen Egg 2"},{"floor":30,"key":"Vajra"}],"event_choices":[{"damage_healed":0.0,"max_hp_gain":0.0,"max_hp_loss":0.0,"gold_gain":0.0,"event_name":"Scrap Ooze","player_choice":"Success","floor":2.0,"gold_loss":0.0,"damage_taken":3.0,"relics_obtained":["Juzu Bracelet"]},{"damage_healed":0.0,"max_hp_gain":5.0,"max_hp_loss":0.0,"gold_gain":0.0,"event_name":"Big Fish","player_choice":"Donut","floor":5.0,"gold_loss":0.0,"damage_taken":0.0},{"damage_healed":0.0,"max_hp_gain":0.0,"max_hp_loss":0.0,"gold_gain":0.0,"event_name":"Accursed Blacksmith","player_choice":"Forge","floor":12.0,"gold_loss":0.0,"damage_taken":0.0,"cards_upgraded":["Darkness"]},{"damage_healed":0.0,"max_hp_gain":0.0,"max_hp_loss":6.0,"gold_gain":0.0,"event_name":"Golden Idol","player_choice":"Lose Max HP","floor":13.0,"gold_loss":0.0,"damage_taken":0.0,"relics_obtained":["Golden Idol"]},{"damage_healed":0,"gold_gain":0,"player_choice":"Obtained Book","damage_taken":16,"max_hp_gain":0,"max_hp_loss":0,"event_name":"Cursed Tome","floor":19,"gold_loss":0},{"damage_healed":0,"gold_gain":0,"cards_transformed":["Strike_B","Strike_B"],"player_choice":"Became Test Subject","damage_taken":0,"max_hp_gain":0,"max_hp_loss":0,"event_name":"Drug Dealer","floor":20,"gold_loss":0,"cards_obtained":["Aggregate","Seek"]},{"damage_healed":0,"gold_gain":0,"player_choice":"Opened","damage_taken":0,"relics_obtained":["Pen Nib"],"max_hp_gain":0,"max_hp_loss":0,"event_name":"The Mausoleum","floor":25,"gold_loss":0,"cards_obtained":["Writhe"]}],"is_beta":false,"boss_relics":[{"not_picked":["Pandora\u0027s Box","Velvet Choker"],"picked":"Calling Bell"}],"items_purged_floors":[21],"is_endless":false,"potions_floor_spawned":[3,4,6,16,18,22,24,29,30,31],"killed_by":"Collector","ascension_level":7}}