{"host":"rzjc4nrqz5d54r3r","time":1611751669,"event":{"mods":["BaseMod","Colored Map","Keyboard Shortcuts","Minty Spire (QoL Compilation)","Quick Restart","StSLib","SuperFastMode","everything is the same but u backflip on backflip"],"gold_per_floor":[18,33,33,56,71,71,109,109,109,184,22,43,79,49,49,168,168,191,290,304,317,89,129,129,152,175,202,327,368,368,411,411,540,540,554,479,812,385,404,429,443,475,475,509,509,509,529,404,404,404,404,404,32,65,65],"floor_reached":56,"language":"KOR","playtime":2263,"items_purged":["Strike_R","Strike_R","Strike_R"],"score":1826,"play_id":"ea975b61-0bd6-45b6-9bc5-d17b75482845","local_time":"20210127214749","is_ascension_mode":true,"campfire_choices":[{"data":"Armaments","floor":6.0,"key":"SMITH"},{"data":"Body Slam","floor":8.0,"key":"SMITH"},{"data":"Uppercut","floor":15,"key":"SMITH"},{"data":"Disarm","floor":24,"key":"SMITH"},{"floor":30,"key":"RECALL"},{"data":"Evolve","floor":32,"key":"SMITH"},{"data":"Immolate","floor":46,"key":"SMITH"},{"data":"Battle Trance","floor":49,"key":"SMITH"},{"data":"Burning Pact","floor":52,"key":"SMITH"}],"circlet_count":0,"master_deck":["Defend_R","Defend_R","Defend_R","Defend_R","Bash","Disarm+1","Twin Strike","Clothesline","Armaments+1","Power Through","Body Slam+1","Uppercut+1","Evolve+1","Corruption","Flame Barrier","Second Wind","Burning Pact+1","Battle Trance+1","Intimidate+1","Reaper","True Grit+1","Immolate+1","Havoc+1","Apotheosis","Fiend Fire","Inflame+1"],"relics":["Burning Blood","Boot","Singing Bowl","Dead Branch","Snecko Eye","Lantern","Mango","Orichalcum","Incense Burner","Eternal Feather","InkBottle","Nunchaku","Mark of Pain","Bronze Scales","Toy Ornithopter","Darkstone Periapt","Blue Candle","Strawberry","Bird Faced Urn","Shuriken"],"acts_visited":["Exordium","TheCity","TheBeyond","TheEnding"],"potions_floor_usage":[16,16,50],"damage_taken":[{"damage":5.0,"enemies":"Small Slimes","floor":1.0,"turns":4.0},{"damage":13.0,"enemies":"2 Louse","floor":2.0,"turns":3.0},{"damage":0.0,"enemies":"Jaw Worm","floor":4.0,"turns":4.0},{"damage":18.0,"enemies":"Gremlin Gang","floor":5.0,"turns":9.0},{"damage":27.0,"enemies":"3 Sentries","floor":7.0,"turns":8.0},{"damage":9,"enemies":"2 Fungi Beasts","floor":12,"turns":4},{"damage":7,"enemies":"Lagavulin","floor":13,"turns":10},{"damage":13,"enemies":"Slime Boss","floor":16,"turns":7},{"damage":1,"enemies":"Chosen","floor":18,"turns":4},{"damage":6,"enemies":"2 Thieves","floor":20,"turns":3},{"damage":0,"enemies":"Snecko","floor":21,"turns":2},{"damage":41,"enemies":"Slavers","floor":23,"turns":3},{"damage":5,"enemies":"Centurion and Healer","floor":25,"turns":6},{"damage":0,"enemies":"Colosseum Slavers","floor":28,"turns":2},{"damage":9,"enemies":"Colosseum Nobs","floor":28,"turns":4},{"damage":0,"enemies":"Gremlin Leader","floor":29,"turns":3},{"damage":25,"enemies":"Slavers","floor":31,"turns":4},{"damage":44,"enemies":"Champ","floor":33,"turns":10},{"damage":0,"enemies":"3 Shapes","floor":35,"turns":2},{"damage":2,"enemies":"Orb Walker","floor":39,"turns":3},{"damage":3,"enemies":"Reptomancer","floor":40,"turns":6},{"damage":0,"enemies":"Writhing Mass","floor":41,"turns":4},{"damage":9,"enemies":"Nemesis","floor":42,"turns":3},{"damage":1,"enemies":"Giant Head","floor":44,"turns":3},{"damage":0,"enemies":"4 Shapes","floor":47,"turns":2},{"damage":4,"enemies":"Donu and Deca","floor":50,"turns":4},{"damage":0,"enemies":"Shield and Spear","floor":54,"turns":3},{"damage":24,"enemies":"The Heart","floor":55,"turns":5}],"seed_played":"-8194616503342060560","potions_obtained":[{"floor":4.0,"key":"CultistPotion"},{"floor":5.0,"key":"SneckoOil"},{"floor":14,"key":"Swift Potion"},{"floor":14,"key":"FearPotion"},{"floor":18,"key":"FairyPotion"},{"floor":23,"key":"AttackPotion"}],"is_trial":false,"path_per_floor":["M","M","?","M","M","R","E","R","T","?","$","M","E","?","R","B",null,"M","?","M","M","$","E","R","M","T","T","?","E","R","E","R","B",null,"M","$","?","$","M","E","M","E","T","E","?","R","M","$","R","B",null,"R","$","E","B",null],"character_chosen":"IRONCLAD","items_purchased":["Uppercut","Evolve","Burning Pact","Lantern","Apotheosis","Bronze Scales","Bird Faced Urn","ElixirPotion"],"campfire_rested":0,"item_purchase_floors":[11,11,22,22,38,38,53,53],"current_hp_per_floor":[80,73,73,74,62,62,41,41,41,30,30,29,30,30,30,23,78,78,78,80,80,80,59,59,62,62,62,65,71,83,75,87,55,96,96,96,96,96,98,98,100,102,102,109,109,109,111,111,111,111,111,111,111,113,102],"gold":65,"neow_bonus":"TRANSFORM_TWO_CARDS","is_daily":false,"chose_seed":false,"campfire_upgraded":8,"win_rate":0.0,"timestamp":1611751669,"path_taken":["M","M","?","M","M","R","E","R","T","?","?","?","E","?","R","BOSS","M","?","M","M","$","E","R","M","T","?","?","E","R","E","R","BOSS","M","$","?","$","M","E","M","E","T","E","?","R","M","$","R","BOSS","R","$","E","BOSS"],"items_purchased_type":["Card","Card","Card","Relic","Card","Relic","Relic","Potion"],"build_version":"2020-12-22","purchased_purges":3,"victory":true,"max_hp_per_floor":[80,80,74,74,74,74,74,74,74,74,74,76,78,78,78,78,78,78,78,80,80,80,94,94,96,96,96,96,96,96,96,96,96,96,96,96,96,96,98,98,100,102,102,109,109,109,111,111,111,111,111,111,111,113,113],"card_choices":[{"not_picked":["Perfected Strike","Pummel","Twin Strike"],"picked":"SKIP","floor":1.0},{"not_picked":["Searing Blow","Anger"],"picked":"Clothesline","floor":2.0},{"not_picked":["Inflame","Flame Barrier"],"picked":"Armaments","floor":4.0},{"not_picked":["True Grit","Carnage"],"picked":"Power Through","floor":5.0},{"not_picked":["Heavy Blade","Searing Blow"],"picked":"Body Slam","floor":7.0},{"not_picked":["Cleave","Heavy Blade","Headbutt"],"picked":"Singing Bowl","floor":12},{"not_picked":["Searing Blow","Sword Boomerang","Thunderclap"],"picked":"Singing Bowl","floor":13},{"not_picked":["Fiend Fire","Double Tap"],"picked":"Corruption","floor":16},{"not_picked":["Clothesline+1","Havoc"],"picked":"Flame Barrier","floor":18},{"not_picked":["Perfected Strike","Iron Wave+1","Havoc"],"picked":"Singing Bowl","floor":20},{"not_picked":["Hemokinesis","Warcry+1"],"picked":"Second Wind","floor":21},{"not_picked":["Dual Wield+1","Dark Embrace+1"],"picked":"Battle Trance","floor":23},{"not_picked":["Combust","Flame Barrier+1","Body Slam+1"],"picked":"Singing Bowl","floor":25},{"not_picked":["Hemokinesis+1","Perfected Strike"],"picked":"Intimidate+1","floor":28},{"not_picked":["Havoc+1","Warcry"],"picked":"Reaper","floor":29},{"not_picked":["Reaper","Sword Boomerang+1"],"picked":"True Grit+1","floor":31},{"not_picked":["Brutality","Berserk"],"picked":"Immolate","floor":33},{"not_picked":["Body Slam","Shrug It Off"],"picked":"Havoc+1","floor":35},{"not_picked":["True Grit","Searing Blow+1","Metallicize"],"picked":"Singing Bowl","floor":39},{"not_picked":["Dark Embrace+1","Pommel Strike+1"],"picked":"Fiend Fire","floor":40},{"not_picked":["Anger+1","Cleave","Headbutt+1"],"picked":"Singing Bowl","floor":41},{"not_picked":["Power Through","Perfected Strike","Iron Wave+1"],"picked":"Singing Bowl","floor":42},{"not_picked":["True Grit","Sever Soul"],"picked":"Inflame+1","floor":44},{"not_picked":["Anger","Wild Strike","Perfected Strike"],"picked":"Singing Bowl","floor":47},{"not_picked":["Infernal Blade","Power Through","Bludgeon"],"picked":"Singing Bowl","floor":54}],"player_experience":22726,"relics_obtained":[{"floor":7.0,"key":"Boot"},{"floor":9.0,"key":"Singing Bowl"},{"floor":13,"key":"Dead Branch"},{"floor":23,"key":"Mango"},{"floor":27,"key":"Orichalcum"},{"floor":28,"key":"Incense Burner"},{"floor":28,"key":"Eternal Feather"},{"floor":29,"key":"InkBottle"},{"floor":31,"key":"Nunchaku"},{"floor":40,"key":"Toy Ornithopter"},{"floor":42,"key":"Darkstone Periapt"},{"floor":43,"key":"Blue Candle"},{"floor":44,"key":"Strawberry"},{"floor":54,"key":"Shuriken"}],"event_choices":[{"damage_healed":0.0,"max_hp_gain":0.0,"max_hp_loss":6.0,"gold_gain":0.0,"event_name":"Golden Idol","player_choice":"Lose Max HP","floor":3.0,"gold_loss":0.0,"damage_taken":0.0,"relics_obtained":["Golden Idol"]},{"damage_healed":0.0,"max_hp_gain":0.0,"max_hp_loss":0.0,"gold_gain":75.0,"event_name":"World of Goop","player_choice":"Gather Gold","floor":10.0,"gold_loss":0.0,"damage_taken":11.0},{"damage_healed":0,"gold_gain":0,"player_choice":"Bought 2 Potions","damage_taken":0,"max_hp_gain":0,"max_hp_loss":0,"event_name":"The Woman in Blue","floor":14,"gold_loss":0},{"damage_healed":0,"gold_gain":99,"player_choice":"Stole From Cult","damage_taken":0,"max_hp_gain":0,"max_hp_loss":0,"event_name":"Nest","floor":19,"gold_loss":0},{"damage_healed":0,"gold_gain":0,"player_choice":"Fight","damage_taken":0,"max_hp_gain":0,"max_hp_loss":0,"event_name":"Colosseum","floor":28,"gold_loss":0},{"damage_healed":0,"gold_gain":0,"player_choice":"Fought Nobs","damage_taken":0,"max_hp_gain":0,"max_hp_loss":0,"event_name":"Colosseum","floor":28,"gold_loss":0},{"damage_healed":0,"gold_gain":333,"player_choice":"Gave Idol","damage_taken":0,"max_hp_gain":0,"max_hp_loss":0,"event_name":"The Moai Head","floor":37,"relics_lost":["Golden Idol"],"gold_loss":0},{"damage_healed":0,"gold_gain":0,"player_choice":"Ignored","damage_taken":0,"max_hp_gain":0,"max_hp_loss":0,"event_name":"Tomb of Lord Red Mask","floor":45,"gold_loss":0}],"is_beta":false,"boss_relics":[{"not_picked":["Sozu","Coffee Dripper"],"picked":"Snecko Eye"},{"not_picked":["Tiny House","Velvet Choker"],"picked":"Mark of Pain"}],"items_purged_floors":[36,38,48],"is_endless":false,"potions_floor_spawned":[4,5,18,23,28,31,40,41],"ascension_level":4}}