{"host":"vqun63pi4q2xs0ca","time":1611791118,"event":{"mods":["BaseMod","Bestiary","Minty Spire (QoL Compilation)","Relic Stats","StSLib"],"gold_per_floor":[99,99,99,99,99,99,99,99,99,99,64,64,64,64,64,64,64,64,64,64,64,64,64,64,64,64,64,64,64,64,64,64,64,64],"floor_reached":33,"language":"ENG","playtime":2036,"items_purged":[],"score":586,"play_id":"4bf1f13c-73be-4da0-8b47-953511a46f7d","local_time":"20210127234518","is_ascension_mode":true,"campfire_choices":[{"data":"Neutralize","floor":6,"key":"SMITH"},{"data":"Die Die Die","floor":12,"key":"SMITH"},{"floor":15,"key":"REST"},{"floor":23,"key":"REST"},{"floor":27,"key":"REST"},{"floor":32,"key":"REST"}],"circlet_count":0,"master_deck":["AscendersBane","Strike_G","Strike_G","Strike_G","Defend_G","Defend_G","Defend_G","Defend_G","Defend_G","Survivor","Neutralize+1","Dash","Backflip","PiercingWail","Flying Knee","Wraith Form v2+1","Dagger Spray","Die Die Die+1","Dagger Throw","After Image+1","Dodge and Roll+1","Escape Plan","Die Die Die","Storm of Steel"],"relics":["Ectoplasm","Frozen Egg 2","Ninja Scroll","Tingsha","Torii","SlaversCollar","Blood Vial","Gremlin Horn","Toy Ornithopter","Pantograph"],"acts_visited":["Exordium","TheCity"],"potions_floor_usage":[7,10,16,16,25,25],"damage_taken":[{"damage":2,"enemies":"Cultist","floor":1,"turns":5},{"damage":0,"enemies":"Small Slimes","floor":2,"turns":3},{"damage":0,"enemies":"Jaw Worm","floor":3,"turns":5},{"damage":0,"enemies":"3 Louse","floor":4,"turns":4},{"damage":12,"enemies":"Lagavulin","floor":7,"turns":8},{"damage":1,"enemies":"Lots of Slimes","floor":8,"turns":4},{"damage":9,"enemies":"Gremlin Nob","floor":10,"turns":4},{"damage":0,"enemies":"Exordium Wildlife","floor":14,"turns":1},{"damage":41,"enemies":"Slime Boss","floor":16,"turns":12},{"damage":0,"enemies":"Spheric Guardian","floor":18,"turns":5},{"damage":8,"enemies":"Shell Parasite","floor":21,"turns":7},{"damage":33,"enemies":"Slavers","floor":25,"turns":10},{"damage":19,"enemies":"Gremlin Leader","floor":28,"turns":12},{"damage":2,"enemies":"Snecko","floor":31,"turns":7},{"damage":75,"enemies":"Automaton","floor":33,"turns":8}],"seed_played":"3503018510989225607","potions_obtained":[{"floor":2,"key":"ColorlessPotion"},{"floor":8,"key":"Strength Potion"},{"floor":10,"key":"SkillPotion"},{"floor":14,"key":"Explosive Potion"},{"floor":16,"key":"PowerPotion"},{"floor":18,"key":"PowerPotion"}],"is_trial":false,"path_per_floor":["M","M","M","M","?","R","E","M","T","E","?","R","?","M","R","B",null,"M","$","?","M","$","R","?","E","T","R","E","T","$","M","R","B"],"character_chosen":"THE_SILENT","items_purchased":[],"campfire_rested":4,"item_purchase_floors":[],"current_hp_per_floor":[57,57,57,57,31,31,19,18,18,9,25,25,25,25,44,3,50,50,50,44,36,36,55,55,22,22,41,24,24,24,24,43,0,0],"gold":64,"neow_bonus":"BOSS_RELIC","is_daily":false,"chose_seed":false,"campfire_upgraded":2,"win_rate":0.0,"timestamp":1611791118,"path_taken":["M","?","M","M","?","R","E","M","T","E","?","R","?","?","R","BOSS","M","$","?","?","$","R","?","E","T","R","E","?","?","?","R","BOSS"],"items_purchased_type":[],"build_version":"2020-12-22","purchased_purges":0,"victory":false,"max_hp_per_floor":[66,66,66,66,66,66,66,66,66,66,66,66,66,66,66,66,66,66,66,66,66,66,66,66,66,66,66,66,66,66,66,66,66,66],"relic_stats":{"Blood Vial":4,"Torii":11,"Gremlin Horn":[11,11],"counters":[15,95],"Pantograph":23,"Tingsha":[84],"Ectoplasm":432,"obtain_stats":[{"Blood Vial":25,"SlaversCollar":17,"Torii":10,"Gremlin Horn":26,"Ninja Scroll":7,"Pantograph":29,"Tingsha":9,"Ectoplasm":0,"Frozen Egg 2":5,"Toy Ornithopter":28,"Ring of the Snake":0},{"Blood Vial":12,"SlaversCollar":9,"Torii":7,"Gremlin Horn":12,"Ninja Scroll":5,"Pantograph":13,"Tingsha":6,"Ectoplasm":0,"Frozen Egg 2":4,"Toy Ornithopter":13,"Ring of the Snake":0},{"Blood Vial":68,"SlaversCollar":46,"Torii":33,"Gremlin Horn":68,"Ninja Scroll":25,"Pantograph":80,"Tingsha":29,"Ectoplasm":0,"Frozen Egg 2":17,"Toy Ornithopter":80,"Ring of the Snake":0}],"Toy Ornithopter":0},"card_choices":[{"not_picked":["Deadly Poison","Heel Hook"],"picked":"Dash","floor":1},{"not_picked":["Choke","Escape Plan"],"picked":"Backflip","floor":2},{"not_picked":["Dodge and Roll","Eviscerate"],"picked":"PiercingWail","floor":3},{"not_picked":["Crippling Poison","Prepared"],"picked":"Flying Knee","floor":4},{"not_picked":["Bane","Doppelganger"],"picked":"Wraith Form v2+1","floor":7},{"not_picked":["Escape Plan","Prepared"],"picked":"Dagger Spray","floor":8},{"not_picked":["Deadly Poison","Backflip"],"picked":"Die Die Die","floor":10},{"not_picked":["Dagger Spray","Accuracy+1"],"picked":"Dagger Throw","floor":14},{"not_picked":["Tools of the Trade+1","Malaise"],"picked":"After Image+1","floor":16},{"not_picked":["Catalyst","Backflip"],"picked":"Dodge and Roll+1","floor":18},{"not_picked":["PiercingWail","Caltrops+1","Tactician"],"picked":"SKIP","floor":21},{"not_picked":["Distraction","Dagger Throw","Poisoned Stab"],"picked":"SKIP","floor":25},{"not_picked":["Prepared","Dodge and Roll"],"picked":"Storm of Steel","floor":28},{"not_picked":["Deadly Poison+1","Flying Knee+1","Backstab"],"picked":"SKIP","floor":31}],"player_experience":1450889,"relics_obtained":[{"floor":7,"key":"Ninja Scroll"},{"floor":9,"key":"Tingsha"},{"floor":10,"key":"Torii"},{"floor":25,"key":"Blood Vial"},{"floor":26,"key":"Gremlin Horn"},{"floor":28,"key":"Toy Ornithopter"},{"floor":29,"key":"Pantograph"}],"event_choices":[{"damage_healed":0,"gold_gain":0,"player_choice":"Success","damage_taken":26,"relics_obtained":["Frozen Egg 2"],"max_hp_gain":0,"max_hp_loss":0,"event_name":"Scrap Ooze","floor":5,"gold_loss":0},{"damage_healed":16,"gold_gain":0,"player_choice":"Healed","damage_taken":0,"max_hp_gain":0,"max_hp_loss":0,"event_name":"The Cleric","floor":11,"gold_loss":35},{"damage_healed":0,"gold_gain":100,"player_choice":"Gold","damage_taken":0,"max_hp_gain":0,"max_hp_loss":0,"event_name":"Wheel of Change","floor":13,"gold_loss":0},{"damage_healed":0,"gold_gain":0,"player_choice":"","damage_taken":6,"max_hp_gain":0,"max_hp_loss":0,"event_name":"Knowing Skull","floor":20,"potions_obtained":[],"gold_loss":0,"cards_obtained":[]},{"damage_healed":0,"gold_gain":0,"cards_transformed":["Strike_G","Strike_G"],"player_choice":"Became Test Subject","damage_taken":0,"max_hp_gain":0,"max_hp_loss":0,"event_name":"Drug Dealer","floor":24,"gold_loss":0,"cards_obtained":["Escape Plan","Die Die Die"]}],"is_beta":false,"boss_relics":[{"not_picked":["SacredBark","Coffee Dripper"],"picked":"SlaversCollar"}],"items_purged_floors":[],"is_endless":false,"potions_floor_spawned":[2,8,10,14,16,18],"killed_by":"Automaton","ascension_level":20}}