{"host":"ty7uytdfitsmf36k","time":1611757781,"event":{"mods":["AchievementEnabler","BaseMod","Colored Map","Colored Powertips","DeckTracker","Downfall","Infinite Spire","Minty Spire (QoL Compilation)","Relic Stats","Replay The Spire","Spire Arcade","StSLib","SuperFastMode","The Jungle","Wandering Minibosses"],"gold_per_floor":[99,112,122,139,156,168,168,168,179,179,179,204,217,217,217,217],"floor_reached":14,"language":"ENG","playtime":509,"items_purged":[],"score":108,"play_id":"d67f945f-0ffb-4d2e-9cb8-d6a5632b13e1","local_time":"20210127092941","is_ascension_mode":true,"campfire_choices":[{"data":"Guardian:BodySlam","floor":8.0,"key":"SMITH"},{"data":"Guardian:Suspension","floor":11.0,"key":"SMITH"}],"circlet_count":0,"master_deck":["Guardian:Defend_Guardian","Guardian:Defend_Guardian","Guardian:Defend_Guardian","Guardian:Defend_Guardian","Guardian:CurlUp","Guardian:TwinSlam","Guardian:BodySlam+1","Guardian:TemporalShield","Guardian:Reroute","Guardian:Suspension+1","Guardian:FierceBash","Guardian:Orbwalk"],"relics":["Guardian:ModeShifter","HornCleat","Replay:Accelerometer"],"acts_visited":["Exordium"],"potions_floor_usage":[],"damage_taken":[{"damage":17.0,"enemies":"Jaw Worm","floor":2.0,"turns":9.0},{"damage":6.0,"enemies":"2 Louse","floor":3.0,"turns":3.0},{"damage":0.0,"enemies":"Small Slimes","floor":4.0,"turns":5.0},{"damage":0.0,"enemies":"Exordium Wildlife","floor":5.0,"turns":6.0},{"damage":10.0,"enemies":"Large Slime","floor":6.0,"turns":7.0},{"damage":5.0,"enemies":"Exordium Wildlife","floor":9.0,"turns":3.0},{"damage":17.0,"enemies":"Gremlin Nob","floor":12.0,"turns":4.0},{"damage":0.0,"enemies":"Red Slaver","floor":13.0,"turns":4.0},{"damage":13,"enemies":"Lagavulin","floor":14,"turns":3}],"seed_played":"-7994298293907896412","potions_obtained":[{"floor":5.0,"key":"Elixir"},{"floor":9.0,"key":"Slimebound:ThreeZeroPotion"},{"floor":12.0,"key":"SteroidPotion"},{"floor":13.0,"key":"SteroidPotion"}],"is_trial":false,"path_per_floor":["R_BF","M","M","M","M","M","T","R","M","?","R","E","M","E"],"character_chosen":"GUARDIAN","items_purchased":[],"campfire_rested":0,"item_purchase_floors":[],"current_hp_per_floor":[56,39,33,33,33,23,23,23,18,18,18,1,1,0,0,0],"gold":217,"neow_bonus":"REMOVE_TWO","is_daily":false,"chose_seed":false,"campfire_upgraded":2,"win_rate":0.0,"timestamp":1611757781,"path_taken":["R_BF","M","M","M","M","M","T","R","M","?","R","E","M","E"],"items_purchased_type":[],"build_version":"2020-12-22","purchased_purges":0,"victory":false,"max_hp_per_floor":[80,80,80,80,80,80,80,80,80,80,80,80,80,80,80,80],"relic_stats":{"counters":[9,44],"obtain_stats":[{"Replay:Accelerometer":12,"HornCleat":7,"Guardian:ModeShifter":0},{"Replay:Accelerometer":7,"HornCleat":5,"Guardian:ModeShifter":0},{"Replay:Accelerometer":37,"HornCleat":30,"Guardian:ModeShifter":0}]},"card_choices":[{"not_picked":["Guardian:Gem_Fragmented","Guardian:ShieldCharger"],"picked":"Guardian:BodySlam","floor":2.0},{"not_picked":["Guardian:WalkerClaw","Guardian:DecasProtection"],"picked":"Guardian:TemporalShield","floor":3.0},{"not_picked":["Guardian:Clone","Guardian:WalkerClaw"],"picked":"Guardian:Gem_Purple","floor":4.0},{"not_picked":["Guardian:TemporalShield","Guardian:VentSteam"],"picked":"Guardian:Reroute","floor":5.0},{"not_picked":["Guardian:ShieldCharger","Guardian:CrystalBeam"],"picked":"Guardian:Suspension","floor":6.0},{"not_picked":["Guardian:TemporalStrike","Guardian:TemporalShield"],"picked":"Guardian:FierceBash","floor":9.0},{"not_picked":["Guardian:CrystalBeam","Guardian:Gem_Red"],"picked":"Guardian:Orbwalk","floor":12.0},{"not_picked":["Guardian:Clone","Guardian:VentSteam","Guardian:TemporalStrike"],"picked":"SKIP","floor":13.0},{"not_picked":["Guardian:Clone","Guardian:VentSteam","Guardian:TemporalStrike"],"picked":"SKIP","floor":13.0}],"player_experience":193604,"relics_obtained":[{"floor":7.0,"key":"HornCleat"},{"floor":12.0,"key":"Replay:Accelerometer"}],"event_choices":[{"cards_removed":["Guardian:Strike_Guardian"],"damage_healed":0.0,"max_hp_gain":0.0,"max_hp_loss":0.0,"gold_gain":0.0,"event_name":"The Cleric","player_choice":"Card Removal","floor":10.0,"gold_loss":0.0,"damage_taken":0.0}],"is_beta":false,"boss_relics":[],"items_purged_floors":[],"is_endless":false,"potions_floor_spawned":[5,9,12,13],"killed_by":"Lagavulin","ascension_level":3}}