{"host":"qrt7o4dq2qslzw13","time":1611724920,"event":{"mods":["BaseMod","Colored Map","Colored Powertips","Minty Spire (QoL Compilation)","Quick Restart","Replay The Spire","Shop Mod","StSLib","SuperFastMode"],"gold_per_floor":[110,460,478,478,145,186,253,253,253,253,253,253,13,13,13,118,118,40,1,0,0],"floor_reached":20,"language":"ENG","playtime":454,"items_purged":[],"score":241,"play_id":"abd2a913-4427-4dcd-ae46-30c08df8c4aa","local_time":"20210127002200","is_ascension_mode":true,"campfire_choices":[{"data":"Apotheosis","floor":8.0,"key":"SMITH"},{"data":"Worship","floor":10.0,"key":"SMITH"},{"data":"Trip","floor":15,"key":"SMITH"}],"circlet_count":0,"master_deck":["Strike_P","Strike_P","Strike_P","Strike_P","Defend_P","Defend_P","Defend_P","Defend_P","Eruption","Vigilance","Conclude","Languid","Worship+1","Apotheosis+1","DeusExMachina+1","Worship","Perseverance","ClearTheMind","Replay:Hum","DeusExMachina","ReplayTheSpireMod:IOU","Trip+1","ReachHeaven","Replay:ManipulateFuture","DevaForm","Voices","Replay:BluntJabs","Fasting2"],"relics":["PureWater","NeowsBlessing","Ring of Fangs","Ring of Greed","Replay:Bandana","Old Coin","Orrery","MealTicket","Ornamental Fan","Membership Card","Blue Candle"],"acts_visited":["Exordium","TheCity"],"potions_floor_usage":[],"damage_taken":[{"damage":0.0,"enemies":"Small Slimes","floor":1.0,"turns":1.0},{"damage":0.0,"enemies":"Jaw Worm","floor":3.0,"turns":1.0},{"damage":0.0,"enemies":"3 Sentries","floor":6.0,"turns":2.0},{"damage":0.0,"enemies":"2 Louse","floor":11.0,"turns":1.0},{"damage":53,"enemies":"The Guardian","floor":16,"turns":9},{"damage":35,"enemies":"3 Byrds","floor":18,"turns":7},{"damage":41,"enemies":"2 Thieves","floor":20,"turns":2}],"seed_played":"-5719281092591132806","potions_obtained":[{"floor":1.0,"key":"SmokeBomb"},{"floor":6.0,"key":"Reflective Coating"}],"is_trial":false,"path_per_floor":["M","?","M","?","$","E","?","R","T","R","M","?","$","T","R","B",null,"M","$","M"],"character_chosen":"WATCHER","items_purchased":["Apotheosis","Orrery","Membership Card","Trip","ReachHeaven","Replay:ManipulateFuture","Fasting2"],"campfire_rested":0,"item_purchase_floors":[5,5,13,13,13,13,19],"current_hp_per_floor":[72,72,72,72,72,72,72,72,72,72,72,72,72,72,72,19,59,24,39,0,0],"gold":0,"neow_bonus":"THREE_ENEMY_KILL","is_daily":false,"chose_seed":false,"campfire_upgraded":3,"win_rate":0.0,"timestamp":1611724920,"path_taken":["M","?","M","?","$","E","?","R","T","R","M","?","?","?","R","BOSS","M","$","M"],"items_purchased_type":["Card","Relic","Relic","Card","Card","Card","Card"],"build_version":"2020-12-22","purchased_purges":0,"victory":false,"max_hp_per_floor":[72,72,72,72,72,72,72,72,72,72,72,72,72,72,72,72,72,72,72,72,72],"card_choices":[{"not_picked":["SandsOfTime","SashWhip"],"picked":"Conclude","floor":1.0},{"not_picked":["CutThroughFate","Conclude"],"picked":"Worship","floor":3.0},{"not_picked":["Vengeance","MentalFortress"],"picked":"DeusExMachina","floor":5.0},{"not_picked":["Prostrate","Replay:AtTheReady"],"picked":"Worship","floor":5.0},{"not_picked":["Consecrate","WaveOfTheHand"],"picked":"Perseverance","floor":5.0},{"not_picked":["Conclude","Replay:BluntJabs"],"picked":"ClearTheMind","floor":5.0},{"not_picked":["CrushJoints","WreathOfFlame"],"picked":"Replay:Hum","floor":5.0},{"not_picked":["EmptyBody","Vengeance"],"picked":"DeusExMachina","floor":6.0},{"not_picked":["Omniscience","DeusExMachina"],"picked":"DevaForm","floor":16},{"not_picked":["CrushJoints","BowlingBash+1"],"picked":"Replay:BluntJabs","floor":18}],"player_experience":594709,"relics_obtained":[{"floor":2.0,"key":"Ring of Fangs"},{"floor":2.0,"key":"Ring of Greed"},{"floor":2.0,"key":"Replay:Bandana"},{"floor":2.0,"key":"Old Coin"},{"floor":6.0,"key":"MealTicket"},{"floor":9.0,"key":"Ornamental Fan"},{"floor":14,"key":"Blue Candle"}],"event_choices":[{"damage_healed":0.0,"max_hp_gain":0.0,"max_hp_loss":0.0,"gold_gain":0.0,"event_name":"The Cleric","player_choice":"Leave","floor":4.0,"gold_loss":0.0,"damage_taken":0.0},{"damage_healed":0.0,"max_hp_gain":0.0,"max_hp_loss":0.0,"gold_gain":67.0,"event_name":"Golden Wing","player_choice":"Gained Gold","floor":7.0,"gold_loss":0.0,"damage_taken":0.0}],"is_beta":false,"boss_relics":[{"not_picked":["Snecko Eye","Replay:Bronze Core","Coffee Dripper"]}],"items_purged_floors":[],"is_endless":false,"potions_floor_spawned":[1,6,11],"killed_by":"2 Thieves","ascension_level":5}}