{"host":"pqdmw9ziw952p6hk","time":1611777992,"event":{"mods":["BaseMod","Block Reminder","Colored Map","Minty Spire (QoL Compilation)","Permanent Neow","Quick Restart"],"gold_per_floor":[117,117,117,40,56,56,84,84,134,145,145,162,162,129,129,230,230,242,242,242,261,292,318,318,328,351,385,49,73,73,91,91,189,189,202,0,50,50,62,62,74,74,74,74,74,74,109,40,40,40],"floor_reached":51,"language":"ENG","playtime":2575,"items_purged":["Bash+1"],"score":757,"play_id":"8b087701-056a-4f4e-b0e5-c909cacc5c76","local_time":"20210127200632","is_ascension_mode":false,"campfire_choices":[{"data":"Cleave","floor":6,"key":"SMITH"},{"data":"Bash","floor":8,"key":"SMITH"},{"data":"Thunderclap","floor":11,"key":"SMITH"},{"data":"Shockwave","floor":13,"key":"SMITH"},{"floor":15,"key":"REST"},{"floor":24,"key":"REST"},{"data":"Dual Wield","floor":30,"key":"SMITH"},{"floor":32,"key":"REST"},{"data":"Inflame","floor":40,"key":"PURGE"},{"data":"Demon Form","floor":42,"key":"SMITH"},{"data":"Strike_R+1","floor":46,"key":"PURGE"},{"floor":49,"key":"REST"}],"circlet_count":0,"master_deck":["Strike_R+1","Strike_R+1","Strike_R+1","Defend_R+1","Defend_R+1","Defend_R+1","Defend_R+1","Cleave+1","Feed","Rampage","Thunderclap+1","Shockwave+1","Feed","Dual Wield+1","Armaments+1","Inflame","Warcry+1","Body Slam+1","Power Through","Brutality","CurseOfTheBell","Demon Form+1","Burning Pact+1","Shrug It Off","Burning Pact"],"relics":["Philosopher\u0027s Stone","Strawberry","Potion Belt","SlaversCollar","Red Mask","Bag of Marbles","Regal Pillow","Incense Burner","HornCleat","Orichalcum","Calling Bell","MealTicket","Letter Opener","WingedGreaves","Peace Pipe","Sundial","Bottled Flame"],"acts_visited":["Exordium","TheCity","TheBeyond"],"potions_floor_usage":[16,16,27,31,39,41,41,47,47,47,50,50],"damage_taken":[{"damage":7,"enemies":"Jaw Worm","floor":1,"turns":3},{"damage":0,"enemies":"2 Louse","floor":5,"turns":3},{"damage":23,"enemies":"Lagavulin","floor":7,"turns":6},{"damage":0,"enemies":"Small Slimes","floor":10,"turns":2},{"damage":8,"enemies":"Looter","floor":12,"turns":2},{"damage":28,"enemies":"Hexaghost","floor":16,"turns":9},{"damage":31,"enemies":"Shell Parasite","floor":18,"turns":6},{"damage":8,"enemies":"2 Thieves","floor":21,"turns":4},{"damage":19,"enemies":"Masked Bandits","floor":22,"turns":5},{"damage":23,"enemies":"Book of Stabbing","floor":23,"turns":6},{"damage":11,"enemies":"Centurion and Healer","floor":25,"turns":6},{"damage":17,"enemies":"Gremlin Leader","floor":27,"turns":5},{"damage":10,"enemies":"Snake Plant","floor":31,"turns":5},{"damage":72,"enemies":"Champ","floor":33,"turns":11},{"damage":24,"enemies":"3 Shapes","floor":35,"turns":6},{"damage":16,"enemies":"Mind Bloom Boss Battle","floor":37,"turns":8},{"damage":0,"enemies":"Orb Walker","floor":39,"turns":2},{"damage":21,"enemies":"Sphere and 2 Shapes","floor":41,"turns":4},{"damage":25,"enemies":"Nemesis","floor":47,"turns":7},{"damage":100,"enemies":"Awakened One","floor":50,"turns":11}],"seed_played":"-4149410788706053018","potions_obtained":[{"floor":7,"key":"SpeedPotion"},{"floor":12,"key":"SkillPotion"},{"floor":23,"key":"LiquidBronze"},{"floor":31,"key":"BloodPotion"},{"floor":33,"key":"EssenceOfSteel"},{"floor":35,"key":"AttackPotion"},{"floor":39,"key":"Fire Potion"},{"floor":41,"key":"Block Potion"},{"floor":44,"key":"Energy Potion"},{"floor":44,"key":"SteroidPotion"},{"floor":44,"key":"FearPotion"}],"is_trial":false,"path_per_floor":["M","?","?","$","M","R","E","R","T","M","R","M","R","?","R","B",null,"M","?","?","M","?","E","R","M","T","E","$","T","R","M","R","B",null,"M","$","?","?","M","R","M","R","T","?","$","R","E","$","R","B",null],"character_chosen":"IRONCLAD","items_purchased":["Feed","HornCleat","Demon Form","Swift Potion","Burning Pact"],"campfire_rested":4,"item_purchase_floors":[4,28,36,36,48],"current_hp_per_floor":[73,66,50,50,53,53,37,37,37,37,37,32,32,32,59,34,96,68,68,68,63,51,28,60,52,52,35,35,35,35,52,101,29,116,95,110,97,97,100,100,85,85,85,85,100,100,75,90,131,34],"gold":40,"neow_bonus":"BOSS_RELIC","is_daily":false,"chose_seed":false,"campfire_upgraded":6,"win_rate":0.0,"timestamp":1611777992,"path_taken":["M","?","?","$","M","R","E","R","T","M","R","M","R","?","R","BOSS","M","?","?","M","?","E","R","M","T","E","$","?","R","M","R","BOSS","M","$","?","?","M","R","?","R","T","?","?","R","E","$","R","BOSS"],"items_purchased_type":["Card","Relic","Card","Potion","Card"],"build_version":"2020-12-22","purchased_purges":1,"victory":true,"max_hp_per_floor":[80,80,80,80,83,83,90,90,90,90,90,93,93,93,93,96,96,99,99,99,102,109,109,109,112,112,112,112,112,112,116,116,116,116,119,119,122,122,125,125,131,131,131,131,131,131,131,131,131,134],"card_choices":[{"not_picked":["Perfected Strike","Pummel"],"picked":"Cleave","floor":1},{"not_picked":["Warcry","Thunderclap"],"picked":"Rampage","floor":5},{"not_picked":["Burning Pact","Sword Boomerang"],"picked":"Thunderclap","floor":7},{"not_picked":["Hemokinesis","Body Slam"],"picked":"Shockwave","floor":10},{"not_picked":["Corruption","Burning Pact"],"picked":"Inflame","floor":12},{"not_picked":["Juggernaut","Bludgeon"],"picked":"Feed","floor":16},{"not_picked":["Headbutt","Inflame"],"picked":"Dual Wield","floor":18},{"not_picked":["Rampage","Clothesline","Body Slam"],"picked":"SKIP","floor":21},{"not_picked":["Anger","Sword Boomerang+1"],"picked":"Inflame","floor":22},{"not_picked":["Anger","Perfected Strike+1"],"picked":"Warcry+1","floor":23},{"not_picked":["Uppercut+1","Rampage"],"picked":"Body Slam+1","floor":25},{"not_picked":["Sword Boomerang","Ghostly Armor"],"picked":"Power Through","floor":27},{"not_picked":["True Grit","Perfected Strike+1","Berserk"],"picked":"SKIP","floor":31},{"not_picked":["Berserk","Reaper"],"picked":"Brutality","floor":33},{"not_picked":["Intimidate+1","Thunderclap","Feel No Pain+1"],"picked":"SKIP","floor":35},{"not_picked":["Dark Embrace+1","Cleave","Sword Boomerang"],"picked":"SKIP","floor":39},{"not_picked":["Second Wind+1","Intimidate+1"],"picked":"Burning Pact+1","floor":41},{"not_picked":["Fiend Fire","Armaments"],"picked":"Shrug It Off","floor":47}],"player_experience":0,"relics_obtained":[{"floor":7,"key":"Strawberry"},{"floor":9,"key":"Potion Belt"},{"floor":22,"key":"Red Mask"},{"floor":23,"key":"Bag of Marbles"},{"floor":26,"key":"Regal Pillow"},{"floor":27,"key":"Incense Burner"},{"floor":29,"key":"Orichalcum"},{"floor":34,"key":"MealTicket"},{"floor":34,"key":"Letter Opener"},{"floor":34,"key":"WingedGreaves"},{"floor":37,"key":"Peace Pipe"},{"floor":43,"key":"Sundial"},{"floor":47,"key":"Bottled Flame"}],"event_choices":[{"cards_removed":["Strike_R"],"damage_healed":0,"gold_gain":0,"player_choice":"Card Removal","damage_taken":7,"max_hp_gain":0,"max_hp_loss":0,"event_name":"Golden Wing","floor":2,"gold_loss":0},{"damage_healed":0,"gold_gain":0,"player_choice":"Entered Light","damage_taken":16,"max_hp_gain":0,"max_hp_loss":0,"event_name":"Shining Light","floor":3,"gold_loss":0,"cards_upgraded":["Strike_R","Defend_R"]},{"damage_healed":0,"gold_gain":0,"player_choice":"Left Gold","damage_taken":0,"max_hp_gain":0,"max_hp_loss":0,"event_name":"World of Goop","floor":14,"gold_loss":33},{"damage_healed":0,"gold_gain":0,"player_choice":"Read","damage_taken":0,"max_hp_gain":0,"max_hp_loss":0,"event_name":"The Library","floor":19,"gold_loss":0,"cards_obtained":["Armaments"]},{"damage_healed":0,"gold_gain":0,"player_choice":"Simplicity","damage_taken":0,"max_hp_gain":0,"max_hp_loss":0,"event_name":"Back to Basics","floor":20,"gold_loss":0,"cards_upgraded":["Strike_R","Strike_R","Strike_R","Defend_R","Defend_R","Defend_R"]},{"damage_healed":0,"gold_gain":0,"player_choice":"Fought Bandits","damage_taken":0,"max_hp_gain":0,"max_hp_loss":0,"event_name":"Masked Bandits","floor":22,"gold_loss":0},{"damage_healed":0,"gold_gain":0,"player_choice":"Fight","damage_taken":0,"max_hp_gain":0,"max_hp_loss":0,"event_name":"MindBloom","floor":37,"gold_loss":0},{"damage_healed":0,"gold_gain":0,"player_choice":"Forge","damage_taken":0,"max_hp_gain":0,"max_hp_loss":0,"event_name":"Accursed Blacksmith","floor":38,"gold_loss":0,"cards_upgraded":["Armaments"]},{"damage_healed":0,"gold_gain":0,"player_choice":"Got Potions","damage_taken":0,"max_hp_gain":0,"max_hp_loss":0,"event_name":"Lab","floor":44,"gold_loss":0}],"is_beta":false,"boss_relics":[{"not_picked":["Cursed Key","Fusion Hammer"],"picked":"SlaversCollar"},{"not_picked":["Velvet Choker","Snecko Eye"],"picked":"Calling Bell"}],"items_purged_floors":[28],"is_endless":false,"potions_floor_spawned":[7,12,23,31,33,35,39,41],"ascension_level":0}}