{"host":"jumrmhf584hajrnz","time":1611778065,"event":{"mods":["BaseMod","Duelist Mod","GifTheSpireLib","Minty Spire (QoL Compilation)","Quick Restart","StSLib"],"gold_per_floor":[144,163,163,175,190,215,215,235,259,291,301,301,135,146,146,224,224,242,242,257,272,272,304,304,332,384,412,412,427,22,48,48,123,123,136,49,49,69,69,122,122,169,169,169,169,169,237,237,237,257,257,257],"floor_reached":51,"language":"ENG","playtime":3717,"items_purged":[],"score":1917,"play_id":"78ae64ff-651a-40cb-8b8f-dfae159b7e4a","local_time":"20210127210745","is_ascension_mode":true,"campfire_choices":[{"floor":7,"key":"REST"},{"floor":15,"key":"RECALL"},{"data":"theDuelist:MillenniumGolem","floor":24,"key":"SMITH"},{"data":"theDuelist:Raigeki","floor":28,"key":"SMITH"},{"floor":32,"key":"REST"},{"data":"theDuelist:Nameless:Greed:MagnumShield","floor":41,"key":"SMITH"},{"floor":44,"key":"REST"},{"floor":49,"key":"REST"}],"circlet_count":0,"master_deck":["theDuelist:Nameless:Greed:MagnumShield+1","AscendersBane","theDuelist:BeaverWarrior","theDuelist:BeaverWarrior","theDuelist:CastleWalls","theDuelist:CastleWalls","theDuelist:FinalFlame+1","theDuelist:GiantSoldier","theDuelist:GiantSoldier","theDuelist:Sparks","theDuelist:Sparks","theDuelist:GravityAxe","theDuelist:MillenniumGolem+1","theDuelist:MeteorDestruction","theDuelist:WingedKuriboh","theDuelist:BerserkerCrush","theDuelist:HappyLover","theDuelist:CrystalRaigeki","theDuelist:PowerWall","theDuelist:AssaultArmor","theDuelist:RainbowKuriboh","theDuelist:RainbowNeos","theDuelist:EarthquakeGiant","theDuelist:Eva","theDuelist:GauntletWarrior","theDuelist:DarkFactory+1","theDuelist:BattleOx","theDuelist:MiraculousDescent","theDuelist:ForbiddenLance","theDuelist:MagnumShield+1","theDuelist:SilverApples","theDuelist:KamionTimelord","theDuelist:CombinationAttack+1","theDuelist:KamionTimelord","theDuelist:Eva","theDuelist:ImperialOrder+1","theDuelist:Hinotama+2","theDuelist:GravityBlaster","theDuelist:GauntletWarrior+1","theDuelist:VendreadCharge+1"],"relics":["theDuelist:MillenniumPuzzle","theDuelist:CardPoolRelic","theDuelist:CardPoolBasicRelic","theDuelist:BoosterPackPoolRelic","theDuelist:CardPoolAddRelic","theDuelist:CardPoolMinusRelic","theDuelist:CardPoolSaveRelic","theDuelist:CardPoolOptionsRelic","Ice Cream","Juzu Bracelet","theDuelist:MerchantPendant","Letter Opener","theDuelist:HauntedRelic","theDuelist:MillenniumArmor","Vajra","Regal Pillow","Bronze Scales","Dream Catcher","Anchor","Orichalcum","Mark of Pain","theDuelist:KaibaToken","Centennial Puzzle","Calipers","theDuelist:ArmorPlateC"],"acts_visited":["Exordium","TheCity","TheBeyond"],"potions_floor_usage":[10,16,40,50,50],"damage_taken":[{"damage":0,"enemies":"2 Louse","floor":1,"turns":3},{"damage":0,"enemies":"Cultist","floor":2,"turns":3},{"damage":3,"enemies":"Jaw Worm","floor":4,"turns":3},{"damage":0,"enemies":"3 Louse","floor":5,"turns":3},{"damage":26,"enemies":"Gremlin Nob","floor":6,"turns":4},{"damage":11,"enemies":"Blue Slaver","floor":8,"turns":3},{"damage":15,"enemies":"Lagavulin","floor":10,"turns":5},{"damage":2,"enemies":"Looter","floor":11,"turns":4},{"damage":10,"enemies":"Gremlin Gang","floor":14,"turns":2},{"damage":21,"enemies":"Slime Boss","floor":16,"turns":15},{"damage":0,"enemies":"3 Byrds","floor":18,"turns":3},{"damage":0,"enemies":"Chosen","floor":20,"turns":4},{"damage":8,"enemies":"Sentry and Sphere","floor":21,"turns":4},{"damage":0,"enemies":"Book of Stabbing","floor":23,"turns":6},{"damage":0,"enemies":"Gremlin Leader","floor":25,"turns":7},{"damage":0,"enemies":"Book of Stabbing","floor":27,"turns":6},{"damage":0,"enemies":"Snecko","floor":29,"turns":4},{"damage":0,"enemies":"Gremlin Leader","floor":31,"turns":5},{"damage":0,"enemies":"Collector","floor":33,"turns":10},{"damage":0,"enemies":"3 Darklings","floor":35,"turns":6},{"damage":0,"enemies":"Orb Walker","floor":38,"turns":2},{"damage":17,"enemies":"Reptomancer","floor":40,"turns":7},{"damage":38,"enemies":"Giant Head","floor":42,"turns":12},{"damage":30,"enemies":"Nemesis","floor":47,"turns":10},{"damage":60,"enemies":"Awakened One","floor":50,"turns":14},{"damage":17,"enemies":"Time Eater","floor":51,"turns":4}],"seed_played":"7791436941657404447","potions_obtained":[{"floor":1,"key":"theDuelist:FlamingBottle"},{"floor":4,"key":"Weak Potion"},{"floor":11,"key":"FearPotion"},{"floor":18,"key":"theDuelist:WhiteBottle"},{"floor":20,"key":"theDuelist:OrbBottle"},{"floor":29,"key":"theDuelist:StunPotion"},{"floor":33,"key":"theDuelist:MillenniumElixir"},{"floor":42,"key":"Ambrosia"},{"floor":47,"key":"EntropicBrew"}],"is_trial":false,"path_per_floor":["M","M","?","M","M","E","R","M","T","E","M","?","$","M","R","B",null,"M","?","M","M","?","E","R","E","T","E","R","M","$","E","R","B",null,"M","?","$","M","?","E","R","E","T","R","?","?","E","$","R","B","B"],"character_chosen":"THE_DUELIST","items_purchased":["theDuelist:MerchantPendant","theDuelist:CrystalRaigeki","theDuelist:PowerWall","Letter Opener","Dream Catcher","Anchor","theDuelist:ForbiddenLance"],"campfire_rested":4,"item_purchase_floors":[13,13,13,13,30,30,30],"current_hp_per_floor":[63,63,63,60,60,34,55,44,44,29,27,80,80,70,70,49,72,72,72,72,64,64,64,64,64,64,64,64,64,64,64,80,80,80,80,80,80,80,80,63,63,25,25,64,64,64,34,34,73,13,0,0],"gold":257,"neow_bonus":"UPGRADE_CARD","is_daily":false,"chose_seed":false,"campfire_upgraded":3,"win_rate":0.0,"timestamp":1611778065,"path_taken":["M","M","?","M","M","E","R","M","T","E","M","?","?","M","R","BOSS","M","?","M","M","?","E","R","E","T","E","R","M","$","E","R","BOSS","M","?","$","M","?","E","R","E","T","R","?","?","E","$","R","BOSS","BOSS"],"items_purchased_type":["Relic","Card","Card","Relic","Relic","Relic","Card"],"build_version":"2020-12-22","purchased_purges":0,"victory":false,"max_hp_per_floor":[70,70,70,70,70,70,70,70,70,70,70,80,80,80,80,80,80,80,80,80,80,80,80,80,80,80,80,80,80,80,80,80,80,80,80,80,80,80,80,80,80,80,80,80,80,80,80,80,80,80,80,80],"card_choices":[{"not_picked":["theDuelist:DestroyerGolem","theDuelist:Fissure","theDuelist:LightningDarts","theDuelist:EarthquakeGiant"],"picked":"theDuelist:Raigeki","floor":1},{"not_picked":["theDuelist:WhiteHowling","theDuelist:ImperialOrder","theDuelist:MiraculousDescent"],"picked":"theDuelist:GravityAxe","floor":2},{"not_picked":["theDuelist:DestroyerGolem","theDuelist:LightningDarts","theDuelist:Raigeki","theDuelist:Mathematician"],"picked":"theDuelist:MillenniumGolem","floor":4},{"not_picked":["theDuelist:InstantFusion","theDuelist:Mathematician"],"picked":"theDuelist:AmuletAmbition","floor":5},{"not_picked":["theDuelist:Hinotama","theDuelist:BigFire","theDuelist:RainbowNeos","theDuelist:PsychicShockwave"],"picked":"theDuelist:MeteorDestruction","floor":6},{"not_picked":["theDuelist:BattleguardKing","theDuelist:HammerShot","theDuelist:LightningVortex","theDuelist:MudragonSwamp"],"picked":"theDuelist:WingedKuriboh","floor":8},{"not_picked":["theDuelist:MiracleFertilizer","theDuelist:BigKoala","theDuelist:MythicalBeast","theDuelist:BlackPendant"],"picked":"theDuelist:BerserkerCrush","floor":10},{"not_picked":["theDuelist:FrontierWiseman","theDuelist:BlackPendant","theDuelist:SolarWindJammer","theDuelist:Reinforcements"],"picked":"theDuelist:HappyLover","floor":11},{"not_picked":["theDuelist:SpellShatteringArrow","theDuelist:Hinotama","theDuelist:DoubleTool","theDuelist:BigFire"],"picked":"theDuelist:AssaultArmor","floor":14},{"not_picked":["theDuelist:RainbowNeos","theDuelist:KamionTimelord","theDuelist:Eva","theDuelist:RainbowOverdragon"],"picked":"theDuelist:RainbowKuriboh","floor":16},{"not_picked":["theDuelist:EgoBoost","theDuelist:Eva","theDuelist:SilverApples","theDuelist:SolarWindJammer"],"picked":"theDuelist:RainbowNeos","floor":18},{"not_picked":["theDuelist:BattleguardKing","theDuelist:GraniteLoyalist","theDuelist:Mudora","theDuelist:GilfordLegend+1"],"picked":"theDuelist:EarthquakeGiant","floor":20},{"not_picked":["theDuelist:DoubleTool","theDuelist:Invigoration","theDuelist:OnslaughtFireKings","theDuelist:Downbeat"],"picked":"theDuelist:Eva","floor":21},{"not_picked":["theDuelist:BattleguardKing","theDuelist:Fissure+1","theDuelist:Mudora+1","theDuelist:RainbowOverdragon"],"picked":"theDuelist:GauntletWarrior","floor":23},{"not_picked":["theDuelist:Wiretap","theDuelist:WhiteMagicalHat+1","theDuelist:FluteKuriboh","theDuelist:Predaponics"],"picked":"theDuelist:DarkFactory+1","floor":25},{"not_picked":["theDuelist:DestroyerGolem","theDuelist:PowerGiant","theDuelist:ClearKuriboh","theDuelist:LightningRodLord"],"picked":"theDuelist:BattleOx","floor":27},{"not_picked":["theDuelist:GravityAxe","theDuelist:Electrowhip","theDuelist:ElectromagneticShield","theDuelist:GridRod"],"picked":"theDuelist:MiraculousDescent","floor":29},{"not_picked":["theDuelist:SpellShatteringArrow","theDuelist:ScrapFactory","theDuelist:RainbowNeos","theDuelist:CombinationAttack"],"picked":"theDuelist:MagnumShield+1","floor":31},{"not_picked":["theDuelist:AfterTheStorm","theDuelist:SparkBlaster"],"picked":"theDuelist:SilverApples","floor":32},{"not_picked":["theDuelist:RainbowNeos","theDuelist:HappyLover","theDuelist:Eva","theDuelist:RainbowKuriboh"],"picked":"theDuelist:KamionTimelord","floor":33},{"not_picked":["theDuelist:EgoBoost","theDuelist:Eva","theDuelist:SpellShatteringArrow","theDuelist:Graverobber"],"picked":"theDuelist:CombinationAttack+1","floor":35},{"not_picked":["theDuelist:SpellShatteringArrow","theDuelist:Invigoration","theDuelist:SilverApples","theDuelist:SpiralSpearStrike"],"picked":"theDuelist:Eva","floor":38},{"not_picked":["theDuelist:ElectromagneticShield+1","theDuelist:MiraculousDescent+1","theDuelist:GravityAxe+1","theDuelist:Electrowhip+1"],"picked":"theDuelist:ImperialOrder+1","floor":40},{"not_picked":["theDuelist:CoreBlaster+1","theDuelist:WhiteMagicalHat","theDuelist:WormApocalypse+1","theDuelist:Electrowhip"],"picked":"theDuelist:Hinotama+2","floor":42},{"not_picked":["theDuelist:Invigoration","theDuelist:EgoBoost"],"picked":"theDuelist:GravityBlaster","floor":44},{"not_picked":["theDuelist:HammerShot","theDuelist:LightningDarts+1","theDuelist:LightningRodLord","theDuelist:MudragonSwamp+1"],"picked":"theDuelist:GauntletWarrior+1","floor":47},{"not_picked":["theDuelist:RainbowNeos+1","theDuelist:Wiretap"],"picked":"theDuelist:VendreadCharge+1","floor":49}],"player_experience":1605842,"relics_obtained":[{"floor":6,"key":"Ice Cream"},{"floor":10,"key":"Juzu Bracelet"},{"floor":23,"key":"theDuelist:MillenniumArmor"},{"floor":25,"key":"Vajra"},{"floor":26,"key":"Regal Pillow"},{"floor":27,"key":"Bronze Scales"},{"floor":31,"key":"Orichalcum"},{"floor":40,"key":"theDuelist:KaibaToken"},{"floor":42,"key":"Centennial Puzzle"},{"floor":43,"key":"Calipers"},{"floor":47,"key":"theDuelist:ArmorPlateC"}],"event_choices":[{"damage_healed":0,"gold_gain":0,"player_choice":"Leave","duelist":true,"damage_taken":0,"max_hp_gain":0,"max_hp_loss":0,"event_name":"Visit from Anubis","floor":3,"gold_loss":0},{"cards_removed":["theDuelist:AmuletAmbition"],"damage_healed":43,"gold_gain":0,"player_choice":"Offered Rare","damage_taken":0,"max_hp_gain":10,"max_hp_loss":0,"event_name":"Bonfire Elementals","floor":12,"gold_loss":0},{"damage_healed":0,"gold_gain":0,"player_choice":"Ignored","damage_taken":0,"max_hp_gain":0,"max_hp_loss":0,"event_name":"Vampires","floor":19,"gold_loss":0},{"damage_healed":0,"gold_gain":0,"player_choice":"Leave","duelist":true,"damage_taken":0,"max_hp_gain":0,"max_hp_loss":0,"event_name":"Tomb of the Nameless","floor":22,"gold_loss":0},{"damage_healed":0,"gold_gain":0,"player_choice":"Purchased Timelord Kamion for 87 Gold.","duelist":true,"damage_taken":0,"max_hp_gain":0,"max_hp_loss":0,"event_name":"Card Trader","floor":36,"gold_loss":0},{"damage_healed":0,"gold_gain":0,"player_choice":"Traded Raigeki for Magnum Shield","duelist":true,"damage_taken":0,"max_hp_gain":0,"max_hp_loss":0,"event_name":"Card Trader","floor":39,"gold_loss":0},{"damage_healed":0,"gold_gain":0,"player_choice":"Leave","duelist":true,"damage_taken":0,"max_hp_gain":0,"max_hp_loss":0,"event_name":"Aknamkanon\u0027s Tomb","floor":45,"gold_loss":0},{"cards_removed":["theDuelist:ScrapFactory"],"damage_healed":0,"gold_gain":0,"player_choice":"Removed Skill","damage_taken":0,"max_hp_gain":0,"max_hp_loss":0,"event_name":"Falling","floor":46,"gold_loss":0}],"is_beta":false,"boss_relics":[{"not_picked":["HoveringKite","Pandora\u0027s Box"],"picked":"theDuelist:HauntedRelic"},{"not_picked":["Snecko Eye","Black Star"],"picked":"Mark of Pain"}],"items_purged_floors":[],"is_endless":false,"potions_floor_spawned":[1,4,8,11,18,20,23,29,33,42,47],"killed_by":"Time Eater","ascension_level":20}}