{"host":"ty7uytdfitsmf36k","time":1611756941,"event":{"mods":["AchievementEnabler","BaseMod","Colored Map","Colored Powertips","DeckTracker","Downfall","Infinite Spire","Minty Spire (QoL Compilation)","Relic Stats","Replay The Spire","Spire Arcade","StSLib","SuperFastMode","The Jungle","Wandering Minibosses"],"gold_per_floor":[119,139,155,170,170,170,205,205,205,225,237,267,287,318,318,326,326],"floor_reached":16,"language":"ENG","playtime":556,"items_purged":[],"score":180,"play_id":"37609671-4022-4b51-bedb-c74c55eb2911","local_time":"20210127091541","is_ascension_mode":true,"campfire_choices":[{"data":"Evolve","floor":6.0,"key":"SMITH"},{"data":"Body Slam","floor":8.0,"key":"SMITH"},{"data":"Shrug It Off","floor":15.0,"key":"SMITH"}],"circlet_count":0,"master_deck":["Strike_R","Strike_R","Strike_R","Strike_R","Strike_R","Defend_R","Defend_R","Defend_R","Defend_R","Bash","Swift Strike","Shrug It Off+1","Run Through","Evolve+1","Body Slam+1","Headbutt","Flame Barrier","ReplayReversal"],"relics":["Burning Blood","Torii","Question Card","infinitespire:Midas Blood","Orichalcum"],"acts_visited":["Exordium"],"potions_floor_usage":[16,16,16],"damage_taken":[{"damage":2.0,"enemies":"Small Slimes","floor":1.0,"turns":4.0},{"damage":0.0,"enemies":"2 Louse","floor":2.0,"turns":3.0},{"damage":0.0,"enemies":"Cultist","floor":3.0,"turns":3.0},{"damage":26.0,"enemies":"Large Slime","floor":4.0,"turns":7.0},{"damage":27.0,"enemies":"3 Sentries","floor":7.0,"turns":9.0},{"damage":10.0,"enemies":"3 Louse","floor":10.0,"turns":3.0},{"damage":7.0,"enemies":"2 Fungi Beasts","floor":11.0,"turns":4.0},{"damage":20.0,"enemies":"Replay:BlueRogue","floor":12.0,"turns":5.0},{"damage":1.0,"enemies":"Red Slaver","floor":13.0,"turns":3.0},{"damage":8.0,"enemies":"Gremlin Nob","floor":14.0,"turns":3.0},{"damage":28,"enemies":"Slime Boss","floor":16,"turns":8}],"seed_played":"1186636369829415595","potions_obtained":[{"floor":2.0,"key":"FearPotion"},{"floor":7.0,"key":"BlessingOfTheForge"},{"floor":10.0,"key":"bronze:BurnAndBuffPotion"},{"floor":12.0,"key":"EntropicBrew"},{"floor":14.0,"key":"Strength Potion"}],"is_trial":false,"path_per_floor":["M","M","M","M","?","R","E","R","T","M","M","E","M","E","R","B"],"character_chosen":"IRONCLAD","items_purchased":[],"campfire_rested":0,"item_purchase_floors":[],"current_hp_per_floor":[76,80,80,60,65,65,44,44,44,40,39,25,30,28,28,0,0],"gold":326,"neow_bonus":"RANDOM_COLORLESS","is_daily":false,"chose_seed":false,"campfire_upgraded":3,"win_rate":0.0,"timestamp":1611756941,"path_taken":["M","M","M","M","?","R","E","R","T","M","M","E","M","E","R","BOSS"],"items_purchased_type":[],"build_version":"2020-12-22","purchased_purges":0,"victory":false,"max_hp_per_floor":[80,80,80,80,85,85,85,85,85,85,85,85,85,85,85,85,85],"relic_stats":{"Torii":0,"counters":[11,52],"Orichalcum":[12],"Question Card":7,"obtain_stats":[{"Torii":7,"Orichalcum":14,"Question Card":9,"Burning Blood":0,"infinitespire:Midas Blood":12},{"Torii":5,"Orichalcum":10,"Question Card":5,"Burning Blood":0,"infinitespire:Midas Blood":8},{"Torii":26,"Orichalcum":44,"Question Card":26,"Burning Blood":0,"infinitespire:Midas Blood":38}],"Burning Blood":52},"card_choices":[{"not_picked":["Specialist","Deep Breath"],"picked":"Swift Strike","floor":0.0},{"not_picked":["Clash","Perfected Strike"],"picked":"Shrug It Off","floor":1.0},{"not_picked":["Replay:Many Hands","Abandon"],"picked":"Run Through","floor":2.0},{"not_picked":["Anger","Ghostly Armor"],"picked":"Evolve","floor":3.0},{"not_picked":["Iron Wave","Clash","Twin Strike"],"picked":"SKIP","floor":4.0},{"not_picked":["Fire Breathing","Shrug It Off"],"picked":"Body Slam","floor":7.0},{"not_picked":["Clothesline","Evolve","Perfected Strike","ReplayTheSpireMod:Muscle Training"],"picked":"SKIP","floor":10.0},{"not_picked":["Eclipse","Sword Boomerang","Anger"],"picked":"Headbutt","floor":11.0},{"not_picked":["Defy Death","Twin Strike","Heavy Blade","Sentinel"],"picked":"SKIP","floor":12.0},{"not_picked":["Twin Strike","Feed","Searing Blow"],"picked":"Flame Barrier","floor":13.0},{"not_picked":["Warcry","Clothesline","Carnage"],"picked":"ReplayReversal","floor":14.0}],"player_experience":192854,"relics_obtained":[{"floor":7.0,"key":"Torii"},{"floor":9.0,"key":"Question Card"},{"floor":12.0,"key":"infinitespire:Midas Blood"},{"floor":14.0,"key":"Orichalcum"}],"event_choices":[{"damage_healed":0.0,"max_hp_gain":5.0,"max_hp_loss":0.0,"gold_gain":0.0,"event_name":"Big Fish","player_choice":"Donut","floor":5.0,"gold_loss":0.0,"damage_taken":0.0}],"is_beta":false,"boss_relics":[],"items_purged_floors":[],"is_endless":false,"potions_floor_spawned":[2,7,10,12,14],"killed_by":"Slime Boss","ascension_level":9}}