{"host":"l4p18zw33fr8bdc3","time":1611719411,"event":{"mods":["AchievementEnabler","BaseMod","Bestiary","Block Reminder","Colored Map","Colored Powertips","Curses Come First","Minty Spire (QoL Compilation)","Quick Restart","Rare Cards Sparkle","StSLib"],"gold_per_floor":[212,225,300,315,329,355,355,380,380,412,426,438,467,6,6,110,110,129,141,41,41,41,41,58,90,90,90,124,137,137,12,12,12,12],"floor_reached":33,"language":"ENG","playtime":2020,"items_purged":["Strike_R","Strike_R","Strike_R"],"score":331,"play_id":"c526c02a-4676-4d0d-aeb8-bffa84736fe9","local_time":"20210126225011","is_ascension_mode":true,"campfire_choices":[{"data":"Heavy Blade","floor":7,"key":"SMITH"},{"floor":15,"key":"REST"},{"data":"Armaments","floor":23,"key":"SMITH"},{"data":"Fire Breathing","floor":27,"key":"SMITH"},{"data":"Flame Barrier","floor":30,"key":"SMITH"},{"data":"Berserk","floor":32,"key":"SMITH"}],"circlet_count":0,"master_deck":["Strike_R","Defend_R","Defend_R","Defend_R","Defend_R","Bash","Heavy Blade+1","Armaments+1","Power Through","Fire Breathing+1","Spot Weakness","Uppercut","Flame Barrier+1","Double Tap","Evolve+1","Shrug It Off","Cleave","Inflame+1","Armaments+1","Whirlwind+1","Berserk+1","Shrug It Off"],"relics":["Black Blood","Kunai","Lizard Tail","Incense Burner","Du-Vu Doll","Prayer Wheel","Calipers","Omamori","Eternal Feather","Bag of Preparation"],"acts_visited":["Exordium","TheCity"],"potions_floor_usage":[16,19,24,28],"damage_taken":[{"damage":3,"enemies":"Small Slimes","floor":1,"turns":4},{"damage":0,"enemies":"2 Louse","floor":2,"turns":3},{"damage":1,"enemies":"Cultist","floor":4,"turns":4},{"damage":19,"enemies":"Exordium Thugs","floor":5,"turns":6},{"damage":23,"enemies":"Gremlin Nob","floor":6,"turns":5},{"damage":18,"enemies":"Lagavulin","floor":8,"turns":7},{"damage":22,"enemies":"Gremlin Nob","floor":10,"turns":5},{"damage":4,"enemies":"Large Slime","floor":11,"turns":6},{"damage":0,"enemies":"Exordium Wildlife","floor":12,"turns":4},{"damage":5,"enemies":"3 Sentries","floor":13,"turns":7},{"damage":22,"enemies":"The Guardian","floor":16,"turns":11},{"damage":11,"enemies":"Shell Parasite","floor":18,"turns":7},{"damage":17,"enemies":"3 Byrds","floor":19,"turns":7},{"damage":10,"enemies":"Centurion and Healer","floor":24,"turns":6},{"damage":39,"enemies":"Book of Stabbing","floor":25,"turns":8},{"damage":51,"enemies":"Slavers","floor":28,"turns":6},{"damage":35,"enemies":"Cultist and Chosen","floor":29,"turns":7},{"damage":72,"enemies":"Collector","floor":33,"turns":7}],"seed_played":"811242555096447545","potions_obtained":[{"floor":4,"key":"ElixirPotion"},{"floor":11,"key":"Fire Potion"},{"floor":12,"key":"SmokeBomb"},{"floor":18,"key":"ElixirPotion"},{"floor":19,"key":"ColorlessPotion"}],"is_trial":false,"path_per_floor":["M","M","?","M","M","E","R","E","T","E","M","M","E","$","R","B",null,"M","M","$","?","$","R","M","E","T","R","E","M","R","$","R","B"],"character_chosen":"IRONCLAD","items_purchased":["Calipers","EssenceOfSteel"],"campfire_rested":1,"item_purchase_floors":[14,14],"current_hp_per_floor":[80,80,69,74,61,44,44,32,32,16,18,24,25,25,49,33,80,80,75,75,75,75,75,77,50,50,62,23,45,57,57,69,0,0],"gold":12,"neow_bonus":"HUNDRED_GOLD","is_daily":false,"chose_seed":false,"campfire_upgraded":5,"win_rate":0.0,"timestamp":1611719411,"path_taken":["M","M","?","M","M","E","R","E","T","E","M","M","E","$","R","BOSS","M","M","$","?","$","R","M","E","T","R","E","M","R","?","R","BOSS"],"items_purchased_type":["Relic","Potion"],"build_version":"2020-12-22","purchased_purges":3,"victory":false,"max_hp_per_floor":[80,80,80,80,80,80,80,80,80,80,80,80,80,80,80,80,80,80,80,80,80,80,80,80,80,80,80,80,80,80,80,80,80,80],"card_choices":[{"not_picked":["Sword Boomerang","Reckless Charge"],"picked":"Heavy Blade","floor":1},{"not_picked":["Burning Pact","Havoc"],"picked":"Armaments","floor":2},{"not_picked":["True Grit","Sever Soul"],"picked":"Power Through","floor":4},{"not_picked":["Disarm","Armaments"],"picked":"Fire Breathing","floor":5},{"not_picked":["Thunderclap","Entrench"],"picked":"Spot Weakness","floor":6},{"not_picked":["Armaments","Dropkick"],"picked":"Uppercut","floor":8},{"not_picked":["Reckless Charge","Intimidate"],"picked":"Flame Barrier","floor":10},{"not_picked":["Spot Weakness","Clothesline","Havoc"],"picked":"SKIP","floor":11},{"not_picked":["Body Slam","Ghostly Armor","Dark Embrace"],"picked":"SKIP","floor":12},{"not_picked":["Flex","Entrench","Blood for Blood"],"picked":"SKIP","floor":13},{"not_picked":["Fiend Fire","Bludgeon"],"picked":"Double Tap","floor":16},{"not_picked":["Combust+1","Headbutt"],"picked":"Evolve+1","floor":18},{"not_picked":["Twin Strike+1","Reckless Charge"],"picked":"Shrug It Off","floor":18},{"not_picked":["Seeing Red","Clash"],"picked":"Cleave","floor":19},{"not_picked":["Heavy Blade","True Grit"],"picked":"Inflame+1","floor":19},{"not_picked":["Sever Soul+1","Burning Pact"],"picked":"Armaments+1","floor":24},{"not_picked":["True Grit","Rampage","Disarm"],"picked":"SKIP","floor":24},{"not_picked":["Warcry+1","Body Slam+1"],"picked":"Whirlwind+1","floor":25},{"not_picked":["True Grit+1","Armaments+1","Havoc"],"picked":"SKIP","floor":28},{"not_picked":["Clothesline","Clash"],"picked":"Berserk","floor":29},{"not_picked":["Thunderclap","Spot Weakness"],"picked":"Shrug It Off","floor":29}],"player_experience":195992,"relics_obtained":[{"floor":6,"key":"Kunai"},{"floor":8,"key":"Lizard Tail"},{"floor":9,"key":"Incense Burner"},{"floor":10,"key":"Du-Vu Doll"},{"floor":13,"key":"Prayer Wheel"},{"floor":25,"key":"Omamori"},{"floor":26,"key":"Eternal Feather"},{"floor":28,"key":"Bag of Preparation"}],"event_choices":[{"damage_healed":0,"gold_gain":75,"player_choice":"Gather Gold","damage_taken":11,"max_hp_gain":0,"max_hp_loss":0,"event_name":"World of Goop","floor":3,"gold_loss":0},{"cards_removed":["Strike_R"],"damage_healed":0,"gold_gain":0,"player_choice":"Offered Basic","damage_taken":0,"max_hp_gain":0,"max_hp_loss":0,"event_name":"Bonfire Elementals","floor":21,"gold_loss":0}],"is_beta":false,"boss_relics":[{"not_picked":["SlaversCollar","Tiny House"],"picked":"Black Blood"}],"items_purged_floors":[14,20,31],"is_endless":false,"potions_floor_spawned":[4,11,12,18,19],"killed_by":"Collector","ascension_level":1}}