{"host":"takgv9cv6xf64vhq","time":1611778123,"event":{"mods":["BaseMod","Colored Powertips","Hubris","LagranYue(拉格朗・月)","Marisa（F雨　魔理沙）","Minty Spire (QoL Compilation)","Replay The Spire","StSLib","The Animator","The Cursed","The Jungle","TheHeartMod"],"gold_per_floor":[110,110,73,89,18,48,67,67,91,91,91,105,125,125,125,226,226,238,513,531,156,168,168,187,221,269,302,312,82,110,123,123,224,224,234,234,234,258,275,303,321,321,321,346,362,375,407,421,421,421,421,421,24,49,49],"floor_reached":56,"language":"ZHS","playtime":5117,"items_purged":["Regret","hubris:Disease"],"score":1877,"play_id":"1f2a34a3-eeb5-4a42-97a6-aa0483875296","local_time":"20210128040843","is_ascension_mode":true,"campfire_choices":[{"data":"BasicCrystalCard","floor":10.0,"key":"SMITH"},{"data":"Zap","floor":15.0,"key":"SMITH"},{"data":"Creative AI","floor":23.0,"key":"SMITH"},{"floor":32.0,"key":"DIG"},{"floor":42.0,"key":"RECALL"},{"data":"Defragment","floor":49,"key":"SMITH"},{"data":"Consume","floor":52,"key":"SMITH"}],"circlet_count":0,"master_deck":["Strike_B","Strike_B","Strike_B","Defend_B","Defend_B","Defend_B","Defend_B","Zap+1","Dualcast","Chill","Strike_P","Chaos+1","Undo","Capacitor","Conserve Battery","BasicCrystalCard+1","Go for the Eyes","Glacier","Creative AI+1","Doom and Gloom","Self Repair","Machine Learning","Cold Snap+1","Turbo+1","Coolheaded","Cold Snap","FIFO Queue","Defragment+1","hubris:Ukulele+1","Blizzard","Consume+1","Auto Shields+1","Heatsinks+1","Hologram+1","Cold Snap+1","Replay:Hysterical Blindness","Doom and Gloom+1","Parasite","Consume+1","BasicCrystalCard+1","Conserve Battery+1","Glacier","Steam Power"],"relics":["Cracked Core","NeowsBlessing","Toy Ornithopter","hubris:Towel","Potion Belt","ReplayTheSpireMod:Ring of Exchange","Ring of Misfortune","Replay:Fungal Core","Replay:Rubber Ducky","Medical Kit","Replay:Accelerometer","ReplayTheSpireMod:TigerMarble","Red Mask","LagranYue:MagicReflectiveArmorRelic","hubris:BallOfYels","Bottled Tornado","Replay:Grab Bag","Cursed Key","Philosopher\u0027s Stone","SacredBark","Cables","Replay:Mystery Machine","Prayer Wheel","Darkstone Periapt","Solar Panel","Kunai","ReplayTheSpireMod:Lightbulb","Art of War"],"acts_visited":["Exordium","TheCity","TheBeyond","TheEnding"],"potions_floor_usage":[44,50,54,55,55],"damage_taken":[{"damage":0.0,"enemies":"Small Slimes","floor":1.0,"turns":1.0},{"damage":0.0,"enemies":"Cultist","floor":4.0,"turns":1.0},{"damage":0.0,"enemies":"Gremlin Nob","floor":6.0,"turns":1.0},{"damage":0.0,"enemies":"2 Louse","floor":7.0,"turns":3.0},{"damage":5.0,"enemies":"Exordium Thugs","floor":12.0,"turns":7.0},{"damage":20.0,"enemies":"3 Louse","floor":13.0,"turns":5.0},{"damage":27.0,"enemies":"Slime Boss","floor":16.0,"turns":12.0},{"damage":3.0,"enemies":"Spheric Guardian","floor":18.0,"turns":5.0},{"damage":13.0,"enemies":"Shell Parasite","floor":20.0,"turns":10.0},{"damage":22.0,"enemies":"3 Cultists","floor":22.0,"turns":9.0},{"damage":0.0,"enemies":"Sentry and Sphere","floor":24.0,"turns":8.0},{"damage":0.0,"enemies":"Book of Stabbing","floor":25.0,"turns":9.0},{"damage":6.0,"enemies":"Masked Bandits","floor":27.0,"turns":5.0},{"damage":0.0,"enemies":"Snake Plant","floor":28.0,"turns":4.0},{"damage":19.0,"enemies":"Gremlin Leader","floor":30.0,"turns":16.0},{"damage":0.0,"enemies":"Chosen and Byrds","floor":31.0,"turns":9.0},{"damage":0.0,"enemies":"Pondfish","floor":33.0,"turns":16.0},{"damage":0.0,"enemies":"3 Shapes","floor":35.0,"turns":6.0},{"damage":6.0,"enemies":"Orb Walker","floor":39.0,"turns":4.0},{"damage":0.0,"enemies":"R_Hoarder","floor":40.0,"turns":11.0},{"damage":0.0,"enemies":"Jaw Worm Horde","floor":41.0,"turns":6.0},{"damage":0,"enemies":"Reptomancer","floor":44,"turns":7},{"damage":0,"enemies":"Writhing Mass","floor":45,"turns":9},{"damage":0,"enemies":"3 Darklings","floor":46,"turns":4},{"damage":0,"enemies":"Giant Head","floor":47,"turns":7},{"damage":0,"enemies":"Sphere and 2 Shapes","floor":48,"turns":6},{"damage":1,"enemies":"Donu and Deca","floor":50,"turns":10},{"damage":0,"enemies":"Shield and Spear","floor":54,"turns":5},{"damage":16,"enemies":"The Heart","floor":55,"turns":11}],"seed_played":"5498475493997527591","potions_obtained":[{"floor":1.0,"key":"Weak Potion"},{"floor":6.0,"key":"SkillPotion"},{"floor":16.0,"key":"SkillPotion"},{"floor":22.0,"key":"Languid Potion"},{"floor":24.0,"key":"Adrenaline Potion"},{"floor":28.0,"key":"LifebloodPotion"},{"floor":30.0,"key":"Flashbang"},{"floor":33.0,"key":"Reflective Coating"},{"floor":41.0,"key":"DistilledChaos"},{"floor":44,"key":"LiquidBronze"},{"floor":45,"key":"EssenceOfDarkness"},{"floor":48,"key":"Languid Potion"},{"floor":54,"key":"Fire Potion"}],"is_trial":false,"path_per_floor":["M","?","$","M","$","E","M","?","T","R","?","M","M","?","R","B",null,"M","?","M","$","M","R","M","E","T","?","M","$","E","M","R","B",null,"M","?","$","T","M","E","M","R","T","E","M","M","E","M","R","B",null,"R","$","E","B",null],"character_chosen":"DEFECT","items_purchased":["Chaos","Capacitor","Replay:Rubber Ducky","Medical Kit","LagranYue:MagicReflectiveArmorRelic","FIFO Queue","ReplayTheSpireMod:Lightbulb","FairyPotion"],"campfire_rested":0,"item_purchase_floors":[3,5,21,21,29,29,53,53],"current_hp_per_floor":[75,75,75,75,75,75,75,75,75,75,75,70,50,50,50,28,75,72,72,62,62,47,47,54,75,75,75,75,75,63,70,70,75,75,75,75,75,75,69,75,75,75,81,81,87,87,87,87,87,87,87,87,87,87,86],"gold":49,"neow_bonus":"THREE_ENEMY_KILL","is_daily":false,"chose_seed":false,"campfire_upgraded":5,"win_rate":0.0,"timestamp":1611778123,"path_taken":["M","?","$","?","$","E","M","?","T","R","?","M","?","?","R","BOSS","M","?","M","$","M","R","?","E","T","?","M","$","E","M","R","BOSS","M","?","$","?","M","E","?","R","T","E","M","M","E","M","R","BOSS","R","$","E","BOSS"],"items_purchased_type":["Card","Card","Relic","Relic","Relic","Card","Relic","Potion"],"build_version":"2020-12-22","purchased_purges":2,"victory":true,"max_hp_per_floor":[75,75,75,75,75,75,75,75,75,75,75,75,75,75,75,75,75,75,75,75,75,75,75,75,75,75,75,75,75,75,75,75,75,75,75,75,75,75,75,75,75,75,81,81,87,87,87,87,87,87,87,87,87,87,87],"card_choices":[{"not_picked":["Reinforced Body","Storm"],"picked":"Chill","floor":1.0},{"not_picked":["Sweeping Beam","Redo"],"picked":"Undo","floor":4.0},{"not_picked":["hubris:DoWhile","Aggregate"],"picked":"Conserve Battery","floor":6.0},{"not_picked":["Redo","Streamline"],"picked":"BasicCrystalCard","floor":7.0},{"not_picked":["Stack","Barrage"],"picked":"Go for the Eyes","floor":12.0},{"not_picked":["BootSequence","Rebound"],"picked":"Glacier","floor":13.0},{"not_picked":["ReplayTheSpireMod:Omega Cannon","Fission"],"picked":"Creative AI","floor":16.0},{"not_picked":["Hologram","Coolheaded"],"picked":"Doom and Gloom","floor":18.0},{"not_picked":["Turbo","Redo"],"picked":"Self Repair","floor":20.0},{"not_picked":["Time Bomb","ReplaySort"],"picked":"Machine Learning","floor":22.0},{"not_picked":["Turbo","Skim"],"picked":"Cold Snap+1","floor":24.0},{"not_picked":["Beam Cell","Steam"],"picked":"Turbo+1","floor":25.0},{"not_picked":["Steam","Scrape"],"picked":"Coolheaded","floor":27.0},{"not_picked":["Darkness","Scrape+1"],"picked":"Cold Snap","floor":28.0},{"not_picked":["Stack+1","Auto Shields+1"],"picked":"Defragment","floor":30.0},{"not_picked":["Redo","Beam Cell"],"picked":"hubris:Ukulele+1","floor":31.0},{"not_picked":["hubris:DoWhile","All For One"],"picked":"ReplayTheSpireMod:Fabricate Wheel","floor":33.0},{"not_picked":["Go for the Eyes+1","Coolheaded+1"],"picked":"Blizzard","floor":35.0},{"not_picked":["Chill","hubris:PowerSurge+1"],"picked":"Consume+1","floor":39.0},{"not_picked":["Barrage","BootSequence"],"picked":"Auto Shields+1","floor":39.0},{"not_picked":["Compile Driver","Coolheaded+1"],"picked":"Heatsinks+1","floor":40.0},{"not_picked":["Sweeping Beam","hubris:Ukulele+1"],"picked":"Hologram+1","floor":41.0},{"not_picked":["Gash+1","Chill+1"],"picked":"Cold Snap+1","floor":41.0},{"not_picked":["Conserve Battery+1","Aggregate"],"picked":"Doom and Gloom+1","floor":44},{"not_picked":["Sweeping Beam","Rebound"],"picked":"Consume","floor":45},{"not_picked":["Genetic Algorithm","Gash","Streamline"],"picked":"SKIP","floor":45},{"not_picked":["Conserve Battery+1","Panic Button"],"picked":"BasicCrystalCard+1","floor":46},{"not_picked":["Undo+1","hubris:Ukulele","Blizzard"],"picked":"SKIP","floor":46},{"not_picked":["Melter","Hyperbeam"],"picked":"Conserve Battery+1","floor":47},{"not_picked":["Sweeping Beam+1","Leap+1"],"picked":"Glacier","floor":48},{"not_picked":["Doom and Gloom+1","Hologram"],"picked":"Steam Power","floor":48},{"not_picked":["Leap","Cold Snap","Darkness"],"picked":"SKIP","floor":54}],"player_experience":138696,"relics_obtained":[{"floor":6.0,"key":"Toy Ornithopter"},{"floor":9.0,"key":"Potion Belt"},{"floor":14.0,"key":"ReplayTheSpireMod:Ring of Exchange"},{"floor":14.0,"key":"Ring of Misfortune"},{"floor":25.0,"key":"Replay:Accelerometer"},{"floor":26.0,"key":"ReplayTheSpireMod:TigerMarble"},{"floor":27.0,"key":"Red Mask"},{"floor":30.0,"key":"hubris:BallOfYels"},{"floor":32.0,"key":"Bottled Tornado"},{"floor":38.0,"key":"Replay:Mystery Machine"},{"floor":40.0,"key":"Darkstone Periapt"},{"floor":44,"key":"Solar Panel"},{"floor":47,"key":"Kunai"},{"floor":54,"key":"Art of War"}],"event_choices":[{"cards_removed":["Strike_B"],"damage_healed":0.0,"max_hp_gain":0.0,"max_hp_loss":0.0,"gold_gain":0.0,"event_name":"NoteForYourself","player_choice":"Took Card","floor":2.0,"gold_loss":0.0,"damage_taken":0.0,"cards_obtained":["Strike_P"]},{"damage_healed":0.0,"max_hp_gain":0.0,"max_hp_loss":0.0,"gold_gain":0.0,"event_name":"Upgrade Shrine","player_choice":"Upgraded","floor":11.0,"gold_loss":0.0,"damage_taken":0.0,"cards_upgraded":["Chaos"]},{"damage_healed":0.0,"max_hp_gain":0.0,"max_hp_loss":0.0,"gold_gain":275.0,"event_name":"Golden Shrine","player_choice":"Desecrate","floor":19.0,"gold_loss":0.0,"damage_taken":0.0,"cards_obtained":["Regret"]},{"damage_healed":0.0,"max_hp_gain":0.0,"max_hp_loss":0.0,"gold_gain":0.0,"event_name":"Masked Bandits","player_choice":"Fought Bandits","floor":27.0,"gold_loss":0.0,"damage_taken":0.0},{"damage_healed":0.0,"max_hp_gain":0.0,"max_hp_loss":0.0,"gold_gain":0.0,"event_name":"WeMeetAgain","player_choice":"Gave Potion","floor":36.0,"gold_loss":0.0,"damage_taken":0.0,"relics_obtained":["Cables"]}],"is_beta":false,"boss_relics":[{"not_picked":["PrismaticShard","Pandora\u0027s Box"],"picked":"Replay:Fungal Core"},{"not_picked":["hubris:EmptyBottle","LagranYue:ContractPerformanceRelic"],"picked":"Replay:Grab Bag"},{"not_picked":["Fusion Hammer","Velvet Choker"],"picked":"Cursed Key"},{"not_picked":["Busted Crown","SlaversCollar"],"picked":"Philosopher\u0027s Stone"},{"not_picked":["Nuclear Battery","Black Star"],"picked":"SacredBark"}],"items_purged_floors":[21,53],"is_endless":false,"potions_floor_spawned":[1,6,16,22,24,28,30,33,41,44,45,48,54],"ascension_level":1}}