{"host":"8a72fthmlk1o8pdb","time":1611788357,"event":{"mods":["AchievementEnabler","Aspiration","Astrologer","Bard","BaseMod","Beaked The Cultist","Better Skull","Better Third Choice","Colored Map","Colored Powertips","Downfall","Friendly Minions","GifTheSpireLib","Googly Eyes","Gremlin Mod","Hermit","Jorbs\u0027s Wanderer Trilogy","Marisa????????","Minty Spire (QoL Compilation)","Permanent Neow","Random Character Button","Rare Cards Sparkle","Robot Space Explorer","Shop Mod","Somnambulant","StSLib","The Animator","The Construct","The Cursed","The Disciple","The Hayseed","The Hierophant","The Marked","The Necromancer","The Poker Player","The Problem Sleuth","The Runesmith","thorton"],"gold_per_floor":[117,117,133,7,19,19,45,10,10,25,25,0,0,18,18,119,119,139,158,158,158,158],"floor_reached":21,"language":"ENG","playtime":1083,"items_purged":["hermit:Strike_Hermit"],"score":179,"play_id":"5eb387b7-d12d-476d-9b19-cb5ca172cab9","local_time":"20210127145917","is_ascension_mode":false,"campfire_choices":[{"data":"hermit:GoldenBullet","floor":6,"key":"SMITH"},{"floor":15,"key":"REST"}],"circlet_count":0,"master_deck":["hermit:Strike_Hermit","hermit:Strike_Hermit","hermit:Strike_Hermit","hermit:Defend_Hermit","hermit:Defend_Hermit","hermit:Defend_Hermit","hermit:Defend_Hermit","hermit:Snapshot","hermit:Covet","hermit:RoundhouseKick","hermit:GoldenBullet+1","hermit:WideOpen","hermit:BodyArmor","hermit:BigShot","hermit:Ricochet","Enlightenment","Parasite","hermit:Deadeye","hermit:Roughhouse","hermit:CursedWeapon","Decay"],"relics":["hermit:Momento","Potion Belt","thethorton:BottledFunds"],"acts_visited":["Exordium","TheCity"],"potions_floor_usage":[7,14],"damage_taken":[{"damage":7,"enemies":"2 Louse","floor":1,"turns":2},{"damage":0,"enemies":"Cultist","floor":3,"turns":4},{"damage":0,"enemies":"Jaw Worm","floor":5,"turns":3},{"damage":65,"enemies":"Lagavulin","floor":7,"turns":11},{"damage":2,"enemies":"Large Slime","floor":10,"turns":6},{"damage":0,"enemies":"3 Louse","floor":14,"turns":3},{"damage":46,"enemies":"Hexaghost","floor":16,"turns":9},{"damage":24,"enemies":"Spheric Guardian","floor":18,"turns":4},{"damage":7,"enemies":"2 Thieves","floor":19,"turns":3},{"damage":51,"enemies":"Cultist and Chosen","floor":21,"turns":6}],"seed_played":"5986706458389727664","potions_obtained":[{"floor":1,"key":"PowerPotion"},{"floor":10,"key":"Block Potion"},{"floor":18,"key":"CultistPotion"}],"is_trial":false,"path_per_floor":["M","?","M","$","M","R","E","$","T","M","$","?","?","M","R","B",null,"M","M","?","M"],"character_chosen":"HERMIT","items_purchased":["hermit:BodyArmor","hermit:BigShot"],"campfire_rested":1,"item_purchase_floors":[4,8],"current_hp_per_floor":[68,68,68,68,68,68,3,3,3,1,1,7,27,27,51,5,81,57,50,50,0,0],"gold":158,"neow_bonus":"THREE_RARE_CARDS","is_daily":false,"chose_seed":false,"campfire_upgraded":1,"win_rate":0.0,"timestamp":1611788357,"path_taken":["M","?","M","$","M","R","E","?","T","M","$","?","?","M","R","BOSS","M","M","?","M"],"items_purchased_type":["Card","Card"],"build_version":"2020-12-22","purchased_purges":1,"victory":false,"max_hp_per_floor":[75,75,75,75,75,75,75,75,75,75,75,81,81,81,81,81,81,81,81,81,81,81],"card_choices":[{"not_picked":["hermit:EternalForm","hermit:FromBeyond"],"picked":"hermit:RoundhouseKick","floor":0},{"not_picked":["hermit:Midnight","hermit:Misfire"],"picked":"hermit:GoldenBullet","floor":1},{"not_picked":["hermit:Manifest","hermit:HighCaliber"],"picked":"hermit:WideOpen","floor":3},{"not_picked":["hermit:Snipe","hermit:Cheat","hermit:HighCaliber"],"picked":"SKIP","floor":5},{"not_picked":["hermit:OverwhelmingPower","hermit:Gestalt","hermit:ItchyTrigger"],"picked":"SKIP","floor":7},{"not_picked":["hermit:BodyArmor","hermit:HighCaliber"],"picked":"hermit:Ricochet","floor":10},{"not_picked":["hermit:Quickdraw","hermit:Determination"],"picked":"hermit:Deadeye","floor":14},{"not_picked":["hermit:HighNoon","hermit:OverwhelmingPower"],"picked":"hermit:Roughhouse","floor":16},{"not_picked":["hermit:Desperado","hermit:Feint"],"picked":"hermit:CursedWeapon","floor":18},{"not_picked":["hermit:Coalescence","hermit:LowProfile+1","hermit:Vantage"],"picked":"SKIP","floor":19}],"player_experience":47665,"relics_obtained":[{"floor":7,"key":"Potion Belt"}],"event_choices":[{"cards_removed":["theSleuth:FrighteningBeast"],"damage_healed":0,"gold_gain":0,"player_choice":"Removed Curses","damage_taken":0,"max_hp_gain":0,"max_hp_loss":0,"event_name":"Fountain of Cleansing","floor":2,"gold_loss":0},{"damage_healed":0,"gold_gain":0,"player_choice":"RENOUNCE","damage_taken":25,"max_hp_gain":0,"max_hp_loss":0,"event_name":"betterThird:BetterSerpent","floor":12,"gold_loss":25,"cards_obtained":["Enlightenment"]},{"damage_healed":20,"gold_gain":0,"player_choice":"Healed and dodged fight","damage_taken":0,"max_hp_gain":0,"max_hp_loss":0,"event_name":"Mushrooms","floor":13,"gold_loss":0,"cards_obtained":["Parasite"]},{"damage_healed":0,"gold_gain":0,"player_choice":"Smashed Altar","damage_taken":0,"max_hp_gain":0,"max_hp_loss":0,"event_name":"Forgotten Altar","floor":20,"gold_loss":0,"cards_obtained":["Decay"]}],"is_beta":false,"boss_relics":[{"not_picked":["Runic Pyramid","Velvet Choker"],"picked":"thethorton:BottledFunds"}],"items_purged_floors":[4],"is_endless":false,"potions_floor_spawned":[1,10,18],"killed_by":"Cultist and Chosen","ascension_level":0}}