{"host":"zfz13dp8aqi14g9h","time":1611758602,"event":{"mods":["Act Like it!","BaseMod","Conspire","Gensokyo","KomeijiMod","Marisa（F雨　魔理沙）","Minty Spire (QoL Compilation)","Quick Restart","Remilia（蕾米莉亚）","Replay The Spire","RumiaBox-露米娅的神秘盒子","Shop Mod","StSLib","TestMod","The Jungle","noobMod","【功能Mod】混沌之环修复补丁"],"gold_per_floor":[174,31,31,49,67,67,102,102,102,122,122,150,210,242,242,347,347,360,360,360,224,149,149,4,15,15,15,15,48,48,48,48,148,148,160,178,43,73,73,73],"floor_reached":39,"language":"ZHS","playtime":1953,"items_purged":["Lonely"],"score":560,"play_id":"e94f62f1-9c13-4f5e-87e0-8f7bf6d3966f","local_time":"20210127224321","is_ascension_mode":true,"campfire_choices":[{"floor":6.0,"key":"RECALL"},{"data":"RocketKickup","floor":8.0,"key":"SMITH"},{"floor":15.0,"key":"DIG"},{"data":"MillenniumVampire","floor":23,"key":"SMITH"},{"data":"BloodSurge","floor":28,"key":"SMITH"},{"data":"MiserableFate_Remiria","floor":30,"key":"SMITH"},{"data":"ChainGang","floor":32,"key":"SMITH"}],"circlet_count":0,"master_deck":["Strike_Remiria","Strike_Remiria","Strike_Remiria","Strike_Remiria","Defend_Remirira","Defend_Remirira","Defend_Remirira","Defend_Remirira","Absorbed","Scratch","FastHealing","RocketKickup+1","Impregnable","DoubleEdge","ChainGang+1","ScarletNetherworld","Tearing","MillenniumVampire+1","StigmaNizer","BloodPact","BloodPact","BloodSurge+1","MiserableFate_Remiria+1","FateSonata","BodyStrengthen","StigmaNizer+1","Reaper_Remiria"],"relics":["ThirstyCrossSpe","ice","testmod-TestBox","testmod-HarvestTotem","Replay:Mystery Machine","Potion Belt","FaceOfCleric","testmod-LifeArmor","Orichalcum","Replay:Fungal Core","SpecialStopwatch","Nloth\u0027s Gift","Ccalipers","testmod-SaigiyounoYou","MerchantsRug","Membership Card","testmod-Hope","Bird Faced Urn"],"acts_visited":["Exordium","TheCity","TheBeyond"],"potions_floor_usage":[],"damage_taken":[{"damage":0.0,"enemies":"Jaw Worm","floor":1.0,"turns":3.0},{"damage":0.0,"enemies":"Cultist","floor":4.0,"turns":3.0},{"damage":0.0,"enemies":"conspire:RoseBush","floor":5.0,"turns":3.0},{"damage":30.0,"enemies":"Replay:BlueRogue","floor":7.0,"turns":8.0},{"damage":16.0,"enemies":"Large Slime","floor":10.0,"turns":7.0},{"damage":27.0,"enemies":"3 Sentries","floor":12.0,"turns":7.0},{"damage":13.0,"enemies":"Lagavulin","floor":14.0,"turns":7.0},{"damage":19.0,"enemies":"Hexaghost","floor":16.0,"turns":7.0},{"damage":19.0,"enemies":"Spheric Guardian","floor":18.0,"turns":6.0},{"damage":4,"enemies":"Shell Parasite","floor":25,"turns":4},{"damage":39,"enemies":"conspire:SneckoGhost","floor":29,"turns":5},{"damage":2,"enemies":"Champ","floor":33,"turns":12},{"damage":28,"enemies":"3 Darklings","floor":35,"turns":9},{"damage":36,"enemies":"Orb Walker","floor":36,"turns":8},{"damage":44,"enemies":"Spire Growth","floor":39,"turns":5}],"seed_played":"-9113602445780408924","potions_obtained":[{"floor":4.0,"key":"testmod-SpacePotion"},{"floor":5.0,"key":"CalmPotion"},{"floor":12.0,"key":"UndeadPotion"},{"floor":33,"key":"Dexterity Potion"},{"floor":36,"key":"Energy Potion"}],"is_trial":false,"path_per_floor":["M","$","?","M","M","R","E","R","T","M","$","E","?","E","R","B",null,"M","?","?","$","?","R","$","M","T","?","R","E","R","$","R","B",null,"M","M","$","?","M"],"character_chosen":"RemiriaScarlet","items_purchased":["Potion Belt","BloodPact","HoshigumaDish","MerchantsRug","Membership Card","testmod-Hope"],"campfire_rested":0,"item_purchase_floors":[2,21,24,37,37,37],"current_hp_per_floor":[200,200,200,202,204,204,178,178,178,182,182,161,161,154,154,139,214,207,207,207,207,207,207,207,215,215,215,215,202,202,202,202,212,222,224,210,210,210,182,182],"gold":73,"neow_bonus":"RANDOM_COMMON_RELIC","is_daily":false,"chose_seed":false,"campfire_upgraded":5,"win_rate":0.0,"timestamp":1611758601,"path_taken":["M","$","?","M","M","R","E","R","T","?","?","E","?","E","R","BOSS","M","?","?","$","?","R","?","M","T","?","R","E","R","$","R","BOSS","M","?","$","?","M"],"items_purchased_type":["Relic","Card","Relic","Relic","Relic","Relic"],"build_version":"2020-12-22","purchased_purges":1,"victory":false,"max_hp_per_floor":[200,200,200,202,204,204,206,206,206,208,208,210,210,212,212,214,214,216,216,216,216,216,216,216,218,218,218,218,220,220,220,220,222,222,224,226,226,226,226,226],"card_choices":[{"not_picked":["BloodCleaner","BloodCollect"],"picked":"FastHealing","floor":1.0},{"not_picked":["BloodCleaner","DemonsDinnerFork_Remiria"],"picked":"RocketKickup","floor":4.0},{"not_picked":["FateEnsemble","BloodCleaner"],"picked":"Impregnable","floor":5.0},{"not_picked":["FierceSweep","RocketKickup"],"picked":"DoubleEdge","floor":7.0},{"not_picked":["Cripple","FateEnsemble"],"picked":"ChainGang","floor":10.0},{"not_picked":["BombardNight","BloodySuit"],"picked":"ScarletNetherworld","floor":12.0},{"not_picked":["DemonsDinnerFork_Remiria","RocketKickup"],"picked":"Tearing","floor":14.0},{"not_picked":["FateConcerto","FitfulNightmare"],"picked":"MillenniumVampire","floor":16.0},{"not_picked":["DamonLordCradle_Remiria","CruelSlaughter+1"],"picked":"StigmaNizer","floor":18.0},{"not_picked":["BloodySuit","FastHealing"],"picked":"BloodSurge","floor":25},{"not_picked":["DemonLordWalk","StigmaNizer"],"picked":"MiserableFate_Remiria","floor":29},{"not_picked":["HeartBreak_Remiria","MillenniumVampire"],"picked":"FateSonata","floor":33},{"not_picked":["ChainGang","BloodSurge+1"],"picked":"BodyStrengthen","floor":35},{"not_picked":["CombatMeter","BloodCollect+1"],"picked":"StigmaNizer+1","floor":36},{"not_picked":["Feint+1","Warpath"],"picked":"Reaper_Remiria","floor":38}],"player_experience":236852,"relics_obtained":[{"floor":7.0,"key":"Sundial"},{"floor":12.0,"key":"Blue Candle"},{"floor":14.0,"key":"testmod-LifeArmor"},{"floor":15.0,"key":"Orichalcum"},{"floor":26,"key":"Juzu Bracelet"},{"floor":29,"key":"Ccalipers"},{"floor":38,"key":"Bird Faced Urn"}],"event_choices":[{"damage_healed":0.0,"max_hp_gain":0.0,"max_hp_loss":0.0,"gold_gain":0.0,"event_name":"FaceTrader","player_choice":"Trade","floor":3.0,"gold_loss":0.0,"damage_taken":0.0,"relics_obtained":["FaceOfCleric"]},{"damage_healed":0.0,"max_hp_gain":0.0,"max_hp_loss":0.0,"gold_gain":60.0,"event_name":"Golden Wing","player_choice":"Gained Gold","floor":13.0,"gold_loss":0.0,"damage_taken":0.0},{"damage_healed":0,"gold_gain":0,"player_choice":"Opened","damage_taken":0,"relics_obtained":["PreservedInsect"],"max_hp_gain":0,"max_hp_loss":0,"event_name":"The Mausoleum","floor":19,"gold_loss":0,"cards_obtained":["Writhe"]},{"cards_removed":["Writhe"],"damage_healed":0,"gold_gain":0,"player_choice":"Gave Gold","damage_taken":0,"max_hp_gain":0,"max_hp_loss":0,"event_name":"Beggar","floor":22,"gold_loss":75},{"damage_healed":0,"gold_gain":0,"player_choice":"Traded Relic","damage_taken":0,"relics_obtained":["Nloth\u0027s Gift"],"max_hp_gain":0,"max_hp_loss":0,"event_name":"N\u0027loth","floor":27,"relics_lost":["Juzu Bracelet"],"gold_loss":0}],"is_beta":false,"boss_relics":[{"not_picked":["conspire:SpecialSausage","Tiny House"],"picked":"Replay:Fungal Core"},{"not_picked":["SoulBox","AddBug"],"picked":"testmod-SaigiyounoYou"}],"items_purged_floors":[21],"is_endless":false,"potions_floor_spawned":[4,5,12,33,36],"killed_by":"Spire Growth","ascension_level":1}}