{"host":"ttx8tv95o5vka1nm","time":1611712612,"event":{"mods":["AchievementEnabler","BaseMod","Colored Map","Downfall","Infinite Spire","Minty Spire (QoL Compilation)","Replay The Spire","Shop Mod","StSLib","The Jungle"],"gold_per_floor":[99,111,123,123,143,177,222,122,135,145,178,193,193,226,244,340,340,340,357,369,385,660,660,687,130,162,176,176,192,192,219,229,334,334,334,345,345,358,239,267,267,295,312,312,68,85,100,115,132,230,230,230,249,263,277,293,101,101,134,145,145,161,161,195,215,225,327,327,327,338,349,369,189,189,214,106,106,140,240,253,353,353,366,465,465,465,480,499,519,218,231,261,278,278,307,307,325,325,325,338,445,445,445,461,471,484,73,95,129,148,148,148,148,159,178,204,219,318,318,318,332,332,59,59,61,89,121,134,134,166,166,166,186,228,325,325,325,343,618,40,117,117,142,242,260,280,180,550,550,577,596,695,695,725,249,249,345,441],"floor_reached":159,"language":"ENG","playtime":13641,"items_purged":["Regret","Guardian:Defend_Guardian","Guardian:Strike_Guardian","Guardian:Strike_Guardian","Guardian:Defend_Guardian","Guardian:Defend_Guardian","Guardian:Strike_Guardian","downfall:Aged","Guardian:Harden","Guardian:RevengeProtocol","Guardian:ChargeUp","Writhe","bronze:BuggyMess+1","Regret","Panacea+1","Guardian:BaubleBeam+1"],"score":4768,"play_id":"4679b9ad-3b50-4184-ab4d-c177d89d3a5f","local_time":"20210127115652","is_ascension_mode":true,"campfire_choices":[{"floor":1.0,"key":"RECALL"},{"data":"Guardian:ConstructionForm","floor":8.0,"key":"SMITH"},{"floor":13.0,"key":"REST"},{"data":"Guardian:DecasProtection","floor":18.0,"key":"SMITH"},{"data":"Guardian:ShieldCharger","floor":23.0,"key":"SMITH"},{"data":"Guardian:DonusPower","floor":30.0,"key":"SMITH"},{"data":"infinitespire:UltimateForm","floor":35.0,"key":"SMITH"},{"data":"Guardian:ConstructionForm","floor":52.0,"key":"SMITH"},{"data":"Guardian:AncientConstruct","floor":69.0,"key":"SMITH"},{"data":"Guardian:Orbwalk","floor":77.0,"key":"SMITH"},{"data":"infinitespire:Menacing","floor":86.0,"key":"SMITH"},{"data":"Guardian:TwinSlam","floor":94.0,"key":"SMITH"},{"data":"Guardian:PiercingHide","floor":96.0,"key":"SMITH"},{"data":"Guardian:TimeBomb","floor":98.0,"key":"SMITH"},{"data":"Panache","floor":103.0,"key":"SMITH"},{"data":"infinitespire:Starlight","floor":111.0,"key":"SMITH"},{"data":"Panacea","floor":113.0,"key":"SMITH"},{"data":"Bullet Time","floor":120,"key":"SMITH"},{"data":"Reprogram","floor":129,"key":"SMITH"},{"floor":132,"key":"DIG"},{"floor":137,"key":"DIG"},{"floor":147,"key":"DIG"},{"floor":149,"key":"DIG"},{"floor":156,"key":"DIG"}],"circlet_count":0,"master_deck":["Guardian:TwinSlam+1","Guardian:PiercingHide+1","Guardian:ConstructionForm+1","Guardian:TimeBomb+1","Guardian:DecasProtection+1","Guardian:ShieldCharger+1","Guardian:Orbwalk+1","Guardian:GatlingBeam+1","Guardian:RollAttack+1","Guardian:BronzeArmor+1","Guardian:ChargeCore+1","Guardian:FloatingOrbs","infinitespire:UltimateForm+1","infinitespire:DeathsTouch+1","Guardian:DonusPower+1","Guardian:BaubleBeam+1","Guardian:Recover+1","Guardian:TemporalShield+1","Guardian:ChargeUp+1","Guardian:ConstructionForm+1","Guardian:AncientConstruct+1","infinitespire:SevenWalls+1","Guardian:CrystalBeam+1","Guardian:Incinerate+1","Guardian:BodySlam+1","infinitespire:Menacing+1","Guardian:GemFire+1","Guardian:DonusPower+1","expansioncontent:PrepareCrush+1","Bludgeon+1","infinitespire:Starlight+1","Slimebound:Prepare+1","Panache+1","Heavy Blade+1","Bullet Time+1","Reprogram+1","infinitespire:SealOfDarkness+","Guardian:ConstructionForm","ReplayTheSpireMod:Brewmster","Barricade","Hyperbeam+1"],"relics":["Snecko Eye","Pen Nib","Vajra","downfall:HeartBlessingRed","infinitespire:CheckeredPen","Anchor","Philosopher\u0027s Stone","Smiling Mask","MerchantsRug","Molten Egg 2","Shuriken","TungstenRod","Bottled Lightning","Lantern","Blood Vial","Strange Spoon","Juzu Bracelet","infinitespire:PuzzleCube","Boot","infinitespire:Bottled Soul","Mercury Hourglass","HornCleat","Coffee Dripper","Guardian:BottledStasis","Ornamental Fan","infinitespire:WardingShard","downfall:GremlinSack","downfall:GremlinWheel","Matryoshka","SlaversCollar","PrismaticShard","Art of War","Question Card","infinitespire:Midas Blood","infinitespire:Cupcake","infinitespire:EmpoweringShard","HandDrill","Odd Mushroom","infinitespire:Cubic Diamond","Runic Pyramid","Shovel","Medical Kit","Ancient Tea Set","Toolbox","Du-Vu Doll","bronze:MakeshiftBattery","MealTicket","Frozen Eye","Lizard Tail","War Paint","Regal Pillow","Blue Candle","downfall:GremlinWheel","downfall:HeartBlessingBlue","Pantograph","Bag of Preparation","Cursed Key","Lee\u0027s Waffle","Toy Ornithopter","infinitespire:ShieldingShard"],"acts_visited":["Exordium","TheCity","TheBeyond","Exordium","Exordium","TheBeyond","Exordium","Exordium","TheBeyond","TheEnding"],"potions_floor_usage":[154],"damage_taken":[{"damage":0.0,"enemies":"Small Slimes","floor":2.0,"turns":3.0},{"damage":0.0,"enemies":"Cultist","floor":3.0,"turns":3.0},{"damage":2.0,"enemies":"Jaw Worm","floor":5.0,"turns":3.0},{"damage":33.0,"enemies":"Lagavulin","floor":6.0,"turns":13.0},{"damage":0.0,"enemies":"Exordium Thugs","floor":9.0,"turns":3.0},{"damage":0.0,"enemies":"Blue Slaver","floor":10.0,"turns":4.0},{"damage":30.0,"enemies":"Gremlin Nob","floor":11.0,"turns":6.0},{"damage":8.0,"enemies":"Lots of Slimes","floor":12.0,"turns":4.0},{"damage":23.0,"enemies":"3 Sentries","floor":14.0,"turns":7.0},{"damage":0.0,"enemies":"Red Slaver","floor":15.0,"turns":2.0},{"damage":0.0,"enemies":"SI_SHIV_ARCHETYPE","floor":16.0,"turns":5.0},{"damage":0.0,"enemies":"Spheric Guardian","floor":19.0,"turns":4.0},{"damage":13.0,"enemies":"3 Byrds","floor":20.0,"turns":4.0},{"damage":1.0,"enemies":"Shelled Parasite and Fungi","floor":21.0,"turns":3.0},{"damage":0.0,"enemies":"downfall:FleeingMerchant","floor":25.0,"turns":4.0},{"damage":0.0,"enemies":"Gremlin Leader","floor":26.0,"turns":5.0},{"damage":0.0,"enemies":"Cultist and Chosen","floor":27.0,"turns":4.0},{"damage":0.0,"enemies":"Snecko","floor":29.0,"turns":3.0},{"damage":9.0,"enemies":"Slavers","floor":31.0,"turns":4.0},{"damage":0.0,"enemies":"3 Cultists","floor":32.0,"turns":3.0},{"damage":3.0,"enemies":"IC_MUSHROOM_ARCHETYPE","floor":33.0,"turns":4.0},{"damage":2.0,"enemies":"3 Darklings","floor":36.0,"turns":2.0},{"damage":0.0,"enemies":"Orb Walker","floor":38.0,"turns":3.0},{"damage":9.0,"enemies":"downfall:FleeingMerchant","floor":39.0,"turns":4.0},{"damage":14.0,"enemies":"Nightmare","floor":40.0,"turns":5.0},{"damage":9.0,"enemies":"Reptomancer","floor":42.0,"turns":5.0},{"damage":0.0,"enemies":"Maw","floor":43.0,"turns":5.0},{"damage":0.0,"enemies":"Transient","floor":46.0,"turns":5.0},{"damage":0.0,"enemies":"3 Darklings","floor":47.0,"turns":2.0},{"damage":0.0,"enemies":"Sphere and 2 Shapes","floor":48.0,"turns":3.0},{"damage":14.0,"enemies":"Maw","floor":49.0,"turns":3.0},{"damage":0.0,"enemies":"WA_ARCHETYPE_DIVINITY","floor":50.0,"turns":6.0},{"damage":0.0,"enemies":"Small Slimes","floor":53.0,"turns":3.0},{"damage":0.0,"enemies":"2 Louse","floor":54.0,"turns":2.0},{"damage":0.0,"enemies":"Cultist","floor":55.0,"turns":2.0},{"damage":0.0,"enemies":"Exordium Wildlife","floor":56.0,"turns":3.0},{"damage":0.0,"enemies":"Lagavulin","floor":59.0,"turns":3.0},{"damage":0.0,"enemies":"3 Louse","floor":60.0,"turns":2.0},{"damage":0.0,"enemies":"Blue Slaver","floor":62.0,"turns":2.0},{"damage":0.0,"enemies":"Gremlin Nob","floor":64.0,"turns":3.0},{"damage":0.0,"enemies":"Gremlin Gang","floor":65.0,"turns":2.0},{"damage":0.0,"enemies":"Looter","floor":66.0,"turns":2.0},{"damage":0.0,"enemies":"The Guardian","floor":67.0,"turns":5.0},{"damage":0.0,"enemies":"theJungle:GiantWrat","floor":70.0,"turns":3.0},{"damage":0.0,"enemies":"Shell Parasite","floor":71.0,"turns":2.0},{"damage":10.0,"enemies":"theJungle:Snecko_Cultist_And_Trap","floor":72.0,"turns":3.0},{"damage":0.0,"enemies":"theJungle:Cassacara","floor":75.0,"turns":4.0},{"damage":0.0,"enemies":"Nightmare","floor":78.0,"turns":5.0},{"damage":0.0,"enemies":"Nightmare","floor":79.0,"turns":2.0},{"damage":0.0,"enemies":"theJungle:Lyon","floor":80.0,"turns":3.0},{"damage":0.0,"enemies":"theJungle:Lyon","floor":81.0,"turns":2.0},{"damage":0.0,"enemies":"theJungle:JungleHuntersEncounter","floor":83.0,"turns":3.0},{"damage":0.0,"enemies":"theJungle:QueenSpyder","floor":84.0,"turns":6.0},{"damage":0.0,"enemies":"Orb Walker","floor":87.0,"turns":2.0},{"damage":14.0,"enemies":"3 Shapes","floor":88.0,"turns":2.0},{"damage":7.0,"enemies":"Jaw Worm Horde","floor":89.0,"turns":3.0},{"damage":0.0,"enemies":"Maw","floor":91.0,"turns":5.0},{"damage":0.0,"enemies":"Reptomancer","floor":92.0,"turns":2.0},{"damage":0.0,"enemies":"Transient","floor":93.0,"turns":5.0},{"damage":0.0,"enemies":"Nemesis","floor":95.0,"turns":3.0},{"damage":18.0,"enemies":"Spire Growth","floor":97.0,"turns":3.0},{"damage":6.0,"enemies":"Sphere and 2 Shapes","floor":100.0,"turns":3.0},{"damage":35.0,"enemies":"infinitespire:MassOfShapes","floor":101.0,"turns":7.0},{"damage":0.0,"enemies":"Cultist","floor":104.0,"turns":2.0},{"damage":0.0,"enemies":"Small Slimes","floor":105.0,"turns":1.0},{"damage":0.0,"enemies":"2 Louse","floor":106.0,"turns":2.0},{"damage":0.0,"enemies":"The Mushroom Lair","floor":108.0,"turns":2.0},{"damage":0.0,"enemies":"Gremlin Nob","floor":109.0,"turns":2.0},{"damage":0.0,"enemies":"Lots of Slimes","floor":110.0,"turns":2.0},{"damage":0.0,"enemies":"Gremlin Gang","floor":114.0,"turns":4.0},{"damage":0.0,"enemies":"2 Fungi Beasts","floor":115.0,"turns":2.0},{"damage":28.0,"enemies":"3 Louse","floor":116.0,"turns":3.0},{"damage":0.0,"enemies":"Large Slime","floor":117.0,"turns":3.0},{"damage":16,"enemies":"Hexaghost","floor":118,"turns":4},{"damage":0,"enemies":"theJungle:GiantWrat","floor":121,"turns":2},{"damage":0,"enemies":"theJungle:2_Phrogs","floor":126,"turns":5},{"damage":0,"enemies":"theJungle:Cassacara","floor":127,"turns":5},{"damage":0,"enemies":"Shell Parasite","floor":128,"turns":1},{"damage":0,"enemies":"theJungle:MamaSnecko","floor":130,"turns":3},{"damage":3,"enemies":"theJungle:Snecko_Cultist_And_Trap","floor":133,"turns":4},{"damage":25,"enemies":"theJungle:2_Flameangoes","floor":134,"turns":4},{"damage":0,"enemies":"theJungle:QueenSpyder","floor":135,"turns":5},{"damage":0,"enemies":"Orb Walker","floor":138,"turns":2},{"damage":0,"enemies":"Reptomancer","floor":143,"turns":3},{"damage":0,"enemies":"Reptomancer","floor":144,"turns":3},{"damage":2,"enemies":"3 Darklings","floor":145,"turns":2},{"damage":0,"enemies":"Maw","floor":146,"turns":4},{"damage":0,"enemies":"R_Hoarder","floor":150,"turns":2},{"damage":0,"enemies":"Transient","floor":151,"turns":5},{"damage":0,"enemies":"infinitespire:LordOfFortification","floor":152,"turns":1},{"damage":0,"enemies":"ME_ARCHETYPE_MERCHANT","floor":154,"turns":4},{"damage":0,"enemies":"IC_STATUS_ARCHETYPE","floor":157,"turns":9},{"damage":0,"enemies":"downfall:NeowBossFinal","floor":158,"turns":8}],"seed_played":"-105189405339054766","potions_obtained":[{"floor":4.0,"key":"Strength Potion"},{"floor":4.0,"key":"bronze:BurnAndBuffPotion"},{"floor":4.0,"key":"Guardian:BlockOnCardUsePotion"},{"floor":12.0,"key":"FearPotion"},{"floor":21.0,"key":"SneckoOil"},{"floor":26.0,"key":"Regen Potion"},{"floor":27.0,"key":"AttackPotion"},{"floor":32.0,"key":"ColorlessPotion"},{"floor":38.0,"key":"Guardian:AcceleratePotion"},{"floor":42.0,"key":"PowerPotion"},{"floor":43.0,"key":"SteroidPotion"},{"floor":47.0,"key":"DuplicationPotion"},{"floor":48.0,"key":"Weak Potion"},{"floor":54.0,"key":"Ancient Potion"},{"floor":55.0,"key":"SteroidPotion"},{"floor":56.0,"key":"SteroidPotion"},{"floor":60.0,"key":"Ancient Potion"},{"floor":62.0,"key":"LiquidMemories"},{"floor":67.0,"key":"Guardian:DefensiveModePotion"},{"floor":71.0,"key":"AttackPotion"},{"floor":72.0,"key":"GamblersBrew"},{"floor":75.0,"key":"champ:CounterPotion"},{"floor":80.0,"key":"hexamod:SoulburnPotion"},{"floor":83.0,"key":"FairyPotion"},{"floor":84.0,"key":"AttackPotion"},{"floor":87.0,"key":"SpeedPotion"},{"floor":88.0,"key":"SkillPotion"},{"floor":92.0,"key":"Energy Potion"},{"floor":95.0,"key":"SpeedPotion"},{"floor":108.0,"key":"GamblersBrew"},{"floor":109.0,"key":"EssenceOfSteel"},{"floor":110.0,"key":"SteroidPotion"},{"floor":117,"key":"Guardian:AcceleratePotion"},{"floor":127,"key":"EssenceOfSteel"},{"floor":128,"key":"Elixir"},{"floor":130,"key":"Block Potion"},{"floor":135,"key":"Fire Potion"},{"floor":144,"key":"Block Potion"},{"floor":145,"key":"ColorlessPotion"},{"floor":146,"key":"AttackPotion"},{"floor":152,"key":"Guardian:BlockOnCardUsePotion"},{"floor":154,"key":"Fruit Juice"}],"is_trial":false,"path_per_floor":["R","M","M","?","M","E","T","R","M","M","E","M","R","E","M","B",null,"R","M","M","M","?","R","T","$","E","M","AVR","M","R","E","M","B",null,"R","M","?","M","$","NM","T","E","M","?","$","M","M","M","M","B",null,"R","M","M","M","M","$","T","E","M","?","M","AVR","E","M","M","B",null,"R","M","M","M","$","?","E","$","R","NM","?","M","?","AVR","M","B",null,"R","M","M","M","$","M","E","M","R","E","R","M","R","AVR","M","B",null,"R","M","M","M","$","?","E","M","R","?","R","M","M","M","M","B",null,"R","M","?","$","?","?","E","E","M","R","E","AVR","R","M","M","B",null,"R","M","?","$","?","AVR","E","?","M","M","R","?","R","E","M","B",null,"E","$","R","B","B",null],"character_chosen":"GUARDIAN","items_purchased":["MerchantsRug","Potion Belt","Molten Egg 2","Lantern","Blood Vial","Strange Spoon","infinitespire:Bottled Soul","Mercury Hourglass","Guardian:BottledStasis","Ornamental Fan","Guardian:CrystalBeam+1","infinitespire:WardingShard","PrismaticShard","Art of War","infinitespire:EmpoweringShard","HandDrill","Medical Kit","Ancient Tea Set","Frozen Eye","Lizard Tail","War Paint","ReplayTheSpireMod:Brewmster","Lee\u0027s Waffle","Toy Ornithopter"],"campfire_rested":1,"item_purchase_floors":[25,25,25,39,39,39,45,57,73,73,73,76,90,90,107,107,123,123,140,140,140,155,155,155],"current_hp_per_floor":[80,80,80,80,78,45,45,45,45,45,15,7,31,8,8,8,80,80,80,67,66,66,66,66,66,66,66,66,66,66,57,57,54,80,80,78,78,78,69,57,57,50,52,52,52,54,56,58,46,48,80,80,80,80,80,80,80,80,80,80,80,80,80,80,80,80,80,80,80,80,80,70,70,70,72,72,72,74,76,78,80,80,80,80,80,80,80,66,61,61,63,65,67,67,69,69,53,53,53,49,36,80,80,80,80,80,80,80,80,80,80,80,80,80,80,52,54,55,80,80,80,80,80,80,76,78,85,85,85,85,85,85,82,59,76,85,85,85,85,85,85,85,85,85,83,85,95,73,73,75,92,95,95,100,107,107,107,107],"gold":441,"neow_bonus":"BOSS_RELIC","is_daily":false,"chose_seed":false,"campfire_upgraded":17,"win_rate":0.0,"timestamp":1611712612,"path_taken":["R","M","M","?","M","E","T","R","?","?","E","M","R","E","M","BOSS","R","M","M","M","?","R","T","$","E","?","AVR","M","R","E","M","BOSS","R","M","?","M","$","NM","T","E","M","?","$","M","M","M","M","BOSS","R","M","M","M","M","$","T","E","M","?","M","AVR","E","M","M","BOSS","R","M","M","M","$","?","E","$","R","NM","?","M","?","AVR","M","BOSS","R","M","M","M","$","M","E","M","R","E","R","M","R","AVR","M","BOSS","R","M","M","M","$","?","E","M","R","?","R","M","M","M","M","BOSS","R","M","?","$","?","?","E","E","M","R","E","AVR","R","M","M","BOSS","R","M","?","$","?","AVR","E","?","M","M","R","?","R","E","M","BOSS","E","$","R","BOSS","BOSS"],"items_purchased_type":["Relic","Relic","Relic","Relic","Relic","Relic","Relic","Relic","Relic","Relic","Card","Relic","Relic","Relic","Relic","Relic","Relic","Relic","Relic","Relic","Relic","Card","Relic","Relic"],"build_version":"2020-12-22","purchased_purges":16,"victory":true,"max_hp_per_floor":[80,80,80,80,80,80,80,80,80,80,80,80,80,80,80,80,80,80,80,80,80,80,80,80,80,80,80,80,80,80,80,80,80,80,80,80,80,80,80,80,80,80,80,80,80,80,80,80,80,80,80,80,80,80,80,80,80,80,80,80,80,80,80,80,80,80,80,80,80,80,80,80,80,80,80,80,80,80,80,80,80,80,80,80,80,80,80,80,80,80,80,80,80,80,80,80,80,80,80,80,80,80,80,80,80,80,80,80,80,80,80,80,80,80,80,80,80,80,80,80,80,80,80,80,85,85,85,85,85,85,85,85,85,85,85,85,85,85,85,85,85,85,85,85,85,85,95,95,95,95,95,95,95,100,107,107,107,107],"card_choices":[{"not_picked":["Guardian:Incinerate","Guardian:Emergency"],"picked":"Guardian:Gem_Green","floor":2.0},{"not_picked":["Guardian:Gem_Lightblue","Guardian:TimeCapacitor"],"picked":"Guardian:PiercingHide","floor":3.0},{"not_picked":["Guardian:BronzeOrb","Guardian:PiercingHide","Guardian:Incinerate"],"picked":"SKIP","floor":5.0},{"not_picked":["Guardian:Orbwalk","Guardian:Recover"],"picked":"Guardian:ConstructionForm","floor":6.0},{"not_picked":["Guardian:CrystalBeam","Guardian:Gem_Green"],"picked":"Guardian:TimeBomb","floor":9.0},{"not_picked":["Guardian:Gem_Green","Guardian:PrimingBeam"],"picked":"Guardian:DecasProtection","floor":10.0},{"not_picked":["Guardian:PrismaticBarrier","Guardian:EvasiveProtocol"],"picked":"Guardian:ShieldCharger","floor":11.0},{"not_picked":["Guardian:WalkerClaw","Guardian:ShieldCharger"],"picked":"Guardian:Gem_Cyan","floor":12.0},{"not_picked":["Guardian:RollAttack","Guardian:ChargeCore"],"picked":"Guardian:Orbwalk","floor":14.0},{"not_picked":["Guardian:Gem_Green","Guardian:VentSteam"],"picked":"Guardian:Gem_Yellow","floor":15.0},{"not_picked":["Guardian:StasisStrike","Guardian:StasisField"],"picked":"Guardian:GatlingBeam","floor":16.0},{"not_picked":["Guardian:ChargeCore","Guardian:Suspension"],"picked":"Guardian:Orbwalk","floor":19.0},{"not_picked":["Guardian:PiercingHide","Guardian:RefractedBeam"],"picked":"Guardian:RollAttack+1","floor":20.0},{"not_picked":["Guardian:RefractedBeam","Guardian:PrimingBeam"],"picked":"Guardian:Gem_Orange","floor":21.0},{"not_picked":["Guardian:Recover+1","Guardian:VentSteam"],"picked":"Guardian:BronzeArmor","floor":25.0},{"not_picked":["Guardian:Emergency","Guardian:Gem_Lightblue"],"picked":"Guardian:ChargeCore+1","floor":26.0},{"not_picked":["Guardian:Repulse","Guardian:Gem_Cyan"],"picked":"Guardian:FloatingOrbs","floor":27.0},{"not_picked":["Guardian:Gem_Red","Guardian:Reroute+1"],"picked":"Guardian:DonusPower","floor":29.0},{"not_picked":["Guardian:Gem_Cyan","Guardian:TimeBomb","Guardian:SpikerProtocol"],"picked":"SKIP","floor":31.0},{"not_picked":["Guardian:TimeSifter","Guardian:PrimingBeam+1","Guardian:PrismaticBarrier"],"picked":"SKIP","floor":32.0},{"not_picked":["Guardian:FastForward","Guardian:Gem_Orange"],"picked":"Guardian:BaubleBeam+1","floor":33.0},{"not_picked":["Guardian:Gem_Cyan","Guardian:Clone+1"],"picked":"Guardian:Recover+1","floor":36.0},{"not_picked":["Guardian:RollAttack+1","Guardian:Reroute+1","Guardian:ShieldCharger"],"picked":"SKIP","floor":38.0},{"not_picked":["Guardian:Recover+1","Guardian:Gem_Lightblue"],"picked":"Guardian:BaubleBeam+1","floor":39.0},{"not_picked":["Guardian:PiercingHide","Guardian:PrismaticBeam+1"],"picked":"Guardian:TemporalShield+1","floor":40.0},{"not_picked":["Guardian:Gem_Cyan","Guardian:Recover","Guardian:ShieldCharger+1"],"picked":"SKIP","floor":42.0},{"not_picked":["Guardian:TemporalShield","Guardian:Gem_Cyan"],"picked":"Guardian:ChargeUp","floor":43.0},{"not_picked":["Guardian:RollAttack+1","Guardian:BronzeOrb+1","Guardian:TimeBomb"],"picked":"SKIP","floor":46.0},{"not_picked":["Guardian:BronzeArmor","Guardian:Suspension"],"picked":"Guardian:ChargeUp","floor":47.0},{"not_picked":["Guardian:Gem_Cyan","Guardian:ChargeUp+1"],"picked":"Guardian:Gem_Purple","floor":48.0},{"not_picked":["Guardian:Planning","Guardian:FloatingOrbs+1","Guardian:Preprogram"],"picked":"SKIP","floor":49.0},{"not_picked":["Guardian:HyperBeam_Guardian+1","Guardian:Gem_Synthetic"],"picked":"Guardian:ConstructionForm","floor":50.0},{"not_picked":["Guardian:VentSteam"],"picked":"SKIP","floor":53.0},{"not_picked":["Guardian:TemporalStrike+1"],"picked":"SKIP","floor":54.0},{"not_picked":["Guardian:Emergency"],"picked":"SKIP","floor":55.0},{"not_picked":["Guardian:Suspension"],"picked":"SKIP","floor":56.0},{"not_picked":["Guardian:Reroute+1"],"picked":"SKIP","floor":59.0},{"not_picked":[],"picked":"Guardian:Gem_Crimson","floor":60.0},{"not_picked":[],"picked":"Guardian:AncientConstruct","floor":62.0},{"not_picked":["Guardian:SpikerProtocol"],"picked":"SKIP","floor":64.0},{"not_picked":["Guardian:SpikerProtocol"],"picked":"SKIP","floor":64.0},{"not_picked":["Guardian:Gem_Lightblue"],"picked":"SKIP","floor":65.0},{"not_picked":["Guardian:Recover"],"picked":"SKIP","floor":66.0},{"not_picked":["Guardian:Recover+1"],"picked":"SKIP","floor":70.0},{"not_picked":["Guardian:Harden"],"picked":"SKIP","floor":71.0},{"not_picked":["Guardian:RollAttack+1"],"picked":"SKIP","floor":72.0},{"not_picked":["Guardian:StasisField","Guardian:TemporalShield+1","Guardian:BronzeOrb+1"],"picked":"SKIP","floor":75.0},{"not_picked":["Guardian:HyperBeam_Guardian+1","Guardian:FloatingOrbs","Guardian:AncientConstruct"],"picked":"SKIP","floor":78.0},{"not_picked":["Guardian:ChargeCore+1","Guardian:Preprogram+1"],"picked":"Guardian:BodySlam+1","floor":79.0},{"not_picked":["Guardian:Recover+1","Guardian:Incinerate+1","Guardian:BodySlam+1"],"picked":"SKIP","floor":80.0},{"not_picked":["Guardian:GuardianWhirl+1","Guardian:Reroute+1","Guardian:Gem_Lightblue"],"picked":"SKIP","floor":83.0},{"not_picked":["infinitespire:Execution","infinitespire:Fortify"],"picked":"infinitespire:Menacing","floor":84.0},{"not_picked":["Guardian:HyperBeam_Guardian+1","Guardian:RevengeProtocol"],"picked":"Guardian:GemFire+1","floor":84.0},{"not_picked":["Guardian:Gem_Blue","Guardian:ChargeCore+1"],"picked":"Guardian:DonusPower+1","floor":87.0},{"not_picked":["Guardian:VentSteam","Guardian:TemporalStrike+1","Guardian:Planning"],"picked":"SKIP","floor":88.0},{"not_picked":["Guardian:CrystalBeam+1","Guardian:Reroute+1","Guardian:Gem_Green"],"picked":"SKIP","floor":89.0},{"not_picked":["Guardian:Planning+1","Guardian:Gem_Purple"],"picked":"expansioncontent:PrepareCrush+1","floor":91.0},{"not_picked":["Impervious","Shrug It Off+1","Shockwave"],"picked":"SKIP","floor":92.0},{"not_picked":["Evolve+1","sneckomod:SerpentIdol+1","Guardian:ChargeCore+1"],"picked":"SKIP","floor":93.0},{"not_picked":["bronze:DelayedGuard+1","BowlingBash+1","Guardian:Gem_Yellow","bronze:BuggyMess"],"picked":"SKIP","floor":95.0},{"not_picked":["Shrug It Off","Slimebound:SplitMire+1","hexamod:EtherealExpedition"],"picked":"Bludgeon+1","floor":97.0},{"not_picked":["sneckomod:UnknownClassINFINITE_BLACK+1","Guardian:BodySlam+1","champ:Backstep"],"picked":"Slimebound:Prepare+1","floor":100.0},{"not_picked":["Slimebound:Teamwork","bronze:InfiniteLoop+1","Thunder Strike+1"],"picked":"Panache","floor":101.0},{"not_picked":["bronze:OilSpill+1","bronze:BitShift","expansioncontent:LastStand","champ:PerfectedStrike+1"],"picked":"SKIP","floor":104.0},{"not_picked":["hexamod:ThermalTransfer+1","Deadly Poison","Guardian:TemporalShield","bronze:Turbo"],"picked":"SKIP","floor":105.0},{"not_picked":["Slimebound:Darklings","Backflip","champ:IronFortress","Guardian:PiercingHide"],"picked":"SKIP","floor":106.0},{"not_picked":["hexamod:PowerFromBeyond","champ:BerserkerStyle","Poisoned Stab+1","FlyingSleeves+1"],"picked":"SKIP","floor":109.0},{"not_picked":["bronze:Turbo","Slimebound:LeechEnergy+1","sneckomod:UnknownClassBLUE"],"picked":"Heavy Blade+1","floor":110.0},{"not_picked":["bronze:Overload","Finesse","sneckomod:UnknownClassBLUE","Dagger Spray+1"],"picked":"SKIP","floor":114.0},{"not_picked":["Anger+1","JustLucky+1","Guardian:TimeBomb","Flying Knee+1"],"picked":"SKIP","floor":115.0},{"not_picked":["Guardian:Harden","sneckomod:ImprovisedAttack+1","bronze:SpaghettiCode","champ:GutPunch+1"],"picked":"SKIP","floor":116.0},{"not_picked":["Replay:ManipulateFuture","champ:Backstep","Warcry","bronze:Repulsor"],"picked":"SKIP","floor":117},{"not_picked":["Devotion","Ragnarok+1","champ:EnchantShield"],"picked":"Bullet Time","floor":118},{"not_picked":["Pummel+1","Slimebound:SplitLeeching","Slimebound:DivideAndConquer+1","ReplayTheSpireMod:System Scan"],"picked":"SKIP","floor":121},{"not_picked":["Guardian:WalkerClaw+1","Slimebound:SplitMire","Slimebound:LevelUp"],"picked":"bronze:BuggyMess+1","floor":126},{"not_picked":["Leap","Quick Slash+1","Auto Shields","bronze:Break+1"],"picked":"SKIP","floor":127},{"not_picked":["sneckomod:Unknown1Cost","EmptyFist+1","Masterful Stab+1"],"picked":"Reprogram","floor":128},{"not_picked":["sneckomod:Unknown0Cost","champ:FocusedDefense","Guardian:FloatingOrbs","Beam Cell+1"],"picked":"SKIP","floor":130},{"not_picked":["Dodge and Roll","champ:StanceDance+1","Guardian:GuardianWhirl+1","Replay:Undeath\u0027s Touch+1"],"picked":"SKIP","floor":133},{"not_picked":["bronze:BugBarrage+1","champ:TornadoPunch+1","bronze:DelayedGuard+1","bronze:Iterate+1"],"picked":"SKIP","floor":134},{"not_picked":["Rebound+1","champ:Shatter+1","Replay:SS_fish_1","bronze:ForLoop"],"picked":"SKIP","floor":138},{"not_picked":["Turbo+1","champ:EndlessRage","Guardian:Gem_Red","champ:HeavySlash+1"],"picked":"SKIP","floor":143},{"not_picked":["bronze:Boost","champ:BerserkersShout","sneckomod:SoulCleanse","bronze:Separator+1"],"picked":"SKIP","floor":145},{"not_picked":["Steam Power","hexamod:GhostflameBarrier","Slimebound:Grow+1"],"picked":"Guardian:Gem_White","floor":146},{"not_picked":["Slimebound:CheckThePlaybook","sneckomod:UnknownClassPURPLE+1","Sword Boomerang+1","Guardian:MultiBeam+1"],"picked":"SKIP","floor":150},{"not_picked":["bronze:Philosophize+1","Pommel Strike+1","champ:GutPunch+1","Anger+1"],"picked":"SKIP","floor":151},{"not_picked":["sneckomod:UnknownRareSkill","hexamod:UnlimitedPower","champ:VampiricStrike+1"],"picked":"Guardian:ConstructionForm","floor":152},{"not_picked":["Endless Agony+1","sneckomod:DiceBlock+1","champ:Circumvent+1","Collect"],"picked":"SKIP","floor":154},{"not_picked":["Corruption","champ:HoldFirm","Sadistic Nature"],"picked":"Barricade","floor":157},{"not_picked":["ReplayRNGCard","Establishment","Feed+1"],"picked":"Hyperbeam+1","floor":158}],"player_experience":886028,"relics_obtained":[{"floor":6.0,"key":"Pen Nib"},{"floor":7.0,"key":"Vajra"},{"floor":11.0,"key":"infinitespire:CheckeredPen"},{"floor":14.0,"key":"Anchor"},{"floor":24.0,"key":"Smiling Mask"},{"floor":26.0,"key":"Shuriken"},{"floor":31.0,"key":"Bottled Lightning"},{"floor":40.0,"key":"Juzu Bracelet"},{"floor":41.0,"key":"infinitespire:PuzzleCube"},{"floor":42.0,"key":"Boot"},{"floor":58.0,"key":"HornCleat"},{"floor":79.0,"key":"downfall:GremlinSack"},{"floor":81.0,"key":"downfall:GremlinWheel"},{"floor":94.0,"key":"Question Card"},{"floor":108.0,"key":"Odd Mushroom"},{"floor":132,"key":"Du-Vu Doll"},{"floor":137,"key":"MealTicket"},{"floor":141,"key":"Regal Pillow"},{"floor":144,"key":"downfall:GremlinWheel"},{"floor":147,"key":"Pantograph"},{"floor":149,"key":"Bag of Preparation"},{"floor":156,"key":"infinitespire:ShieldingShard"}],"event_choices":[{"damage_healed":0.0,"max_hp_gain":0.0,"max_hp_loss":0.0,"gold_gain":0.0,"event_name":"Lab","player_choice":"Got Potions","floor":4.0,"gold_loss":0.0,"damage_taken":0.0},{"cards_removed":["Guardian:Orbwalk"],"damage_healed":0.0,"max_hp_gain":0.0,"max_hp_loss":0.0,"gold_gain":0.0,"event_name":"Falling","player_choice":"Removed Power","floor":44.0,"gold_loss":0.0,"damage_taken":0.0},{"damage_healed":0.0,"max_hp_gain":0.0,"max_hp_loss":0.0,"gold_gain":0.0,"event_name":"Wheel of Change","player_choice":"Relic","floor":94.0,"gold_loss":0.0,"damage_taken":0.0},{"damage_healed":0.0,"max_hp_gain":0.0,"max_hp_loss":0.0,"gold_gain":0.0,"event_name":"Mushrooms","player_choice":"Fought Mushrooms","floor":108.0,"gold_loss":0.0,"damage_taken":0.0}],"is_beta":false,"boss_relics":[{"not_picked":["Guardian:StasisSlotReductionRelic","Velvet Choker"],"picked":"Philosopher\u0027s Stone"},{"not_picked":["Fusion Hammer","Cursed Key"],"picked":"Empty Cage"},{"not_picked":["Calling Bell","Pandora\u0027s Box"],"picked":"Busted Crown"},{"not_picked":["Runic Pyramid","Pandora\u0027s Box"],"picked":"Coffee Dripper"},{"not_picked":["Fusion Hammer","Guardian:StasisSlotReductionRelic"],"picked":"SlaversCollar"},{"not_picked":["SacredBark","Circlet"],"picked":"infinitespire:Cupcake"},{"not_picked":["Fusion Hammer","Astrolabe"],"picked":"Runic Pyramid"},{"not_picked":["Black Star","Velvet Choker"],"picked":"bronze:MakeshiftBattery"},{"not_picked":["Pandora\u0027s Box","Circlet"],"picked":"Cursed Key"}],"items_purged_floors":[25,28,39,45,57,63,73,82,90,99,107,123,131,140,142,155],"is_endless":true,"potions_floor_spawned":[5,9,10,12,15,19,21,26,27,32,38,42,43,47,48,54,55,56,60,62,67,71,72,75,80,83,84,87,88,92,95,108,109,110,117,127,128,130,135,144,145,146,152,154],"ascension_level":1}}