{"host":"pi8b3ffzwvxqztac","time":1611783504,"event":{"mods":["BaseMod","Colored Map","Downfall","Minty Spire (QoL Compilation)","StSLib"],"gold_per_floor":[115,115,115,81,100,100,125,125,125,125,137,137,172,190,190,289,289,304,304,208,53,72,106,106,133,185,185,185,185,185,203,203,307,357,372,389,389,407,424,424,443,443,470,470,41,55,65,80,80,80],"floor_reached":51,"language":"ENG","playtime":3438,"items_purged":["Defend_P"],"score":727,"play_id":"cc3c3014-bda0-4e20-b4f2-4f361946dd11","local_time":"20210128103824","is_ascension_mode":true,"campfire_choices":[{"data":"Eruption","floor":6,"key":"SMITH"},{"data":"CarveReality","floor":8,"key":"SMITH"},{"data":"Judgement","floor":10,"key":"SMITH"},{"floor":12,"key":"REST"},{"data":"Evaluate","floor":15,"key":"SMITH"},{"floor":27,"key":"REST"},{"data":"Vault","floor":29,"key":"SMITH"},{"floor":32,"key":"REST"},{"data":"MasterReality","floor":40,"key":"SMITH"},{"data":"FlurryOfBlows","floor":42,"key":"SMITH"},{"data":"FlurryOfBlows","floor":44,"key":"SMITH"},{"floor":49,"key":"REST"}],"circlet_count":0,"master_deck":["Strike_P+1","Strike_P+1","Defend_P+1","Defend_P","Defend_P","Eruption+1","Vigilance","Judgement+1","Prostrate","Sanctity","InnerPeace","CarveReality+1","Evaluate+1","ClearTheMind","Pray","Vault+1","FlurryOfBlows","Consecrate","FollowUp","FlurryOfBlows+1","Vault+1","Perseverance+1","MasterReality+1","CutThroughFate","TalkToTheHand+1","FlurryOfBlows+1","SashWhip+1","Tantrum+1","BattleHymn"],"relics":["PureWater","Toy Ornithopter","Nunchaku","Sundial","Strawberry","SlaversCollar","Whetstone","Pen Nib","Bottled Flame","Happy Flower","Toxic Egg 2","Tiny House","Orichalcum","Ginger"],"acts_visited":["Exordium","TheCity","TheBeyond"],"potions_floor_usage":[23,36,41,41,41,47,50,50],"damage_taken":[{"damage":0,"enemies":"Jaw Worm","floor":1,"turns":1},{"damage":0,"enemies":"Cultist","floor":5,"turns":4},{"damage":28,"enemies":"Lagavulin","floor":7,"turns":9},{"damage":0,"enemies":"2 Louse","floor":11,"turns":1},{"damage":11,"enemies":"Gremlin Nob","floor":13,"turns":4},{"damage":0,"enemies":"Exordium Thugs","floor":14,"turns":4},{"damage":15,"enemies":"Hexaghost","floor":16,"turns":9},{"damage":7,"enemies":"2 Thieves","floor":18,"turns":5},{"damage":0,"enemies":"3 Byrds","floor":22,"turns":4},{"damage":27,"enemies":"Book of Stabbing","floor":23,"turns":7},{"damage":26,"enemies":"Slavers","floor":25,"turns":6},{"damage":21,"enemies":"3 Cultists","floor":31,"turns":6},{"damage":33,"enemies":"Automaton","floor":33,"turns":10},{"damage":12,"enemies":"3 Darklings","floor":35,"turns":7},{"damage":0,"enemies":"3 Shapes","floor":36,"turns":5},{"damage":6,"enemies":"Maw","floor":38,"turns":9},{"damage":14,"enemies":"Jaw Worm Horde","floor":39,"turns":7},{"damage":14,"enemies":"3 Darklings","floor":41,"turns":4},{"damage":26,"enemies":"Sphere and 2 Shapes","floor":46,"turns":10},{"damage":19,"enemies":"4 Shapes","floor":47,"turns":5},{"damage":1,"enemies":"Spire Growth","floor":48,"turns":4},{"damage":40,"enemies":"Awakened One","floor":50,"turns":12}],"seed_played":"6408811392219895201","potions_obtained":[{"floor":1,"key":"Weak Potion"},{"floor":7,"key":"StancePotion"},{"floor":18,"key":"Ancient Potion"},{"floor":22,"key":"ColorlessPotion"},{"floor":34,"key":"EntropicBrew"},{"floor":36,"key":"Fruit Juice"},{"floor":46,"key":"LiquidBronze"}],"is_trial":false,"path_per_floor":["M","?","?","$","M","R","E","R","T","R","M","R","E","M","R","B",null,"M","?","$","$","M","E","?","E","T","R","T","R","?","M","R","B",null,"M","M","?","M","M","R","M","R","T","R","$","M","M","M","R","B",null],"character_chosen":"WATCHER","items_purchased":["Sanctity","Consecrate","FollowUp","Whetstone","BattleHymn","Ginger"],"campfire_rested":4,"item_purchase_floors":[4,20,20,21,45,45],"current_hp_per_floor":[72,65,65,65,65,65,37,37,37,37,37,58,54,54,54,39,79,72,72,72,72,72,50,50,24,24,47,47,47,47,26,49,16,84,72,82,82,76,62,62,63,63,63,63,63,37,23,22,48,18],"gold":80,"neow_bonus":"ONE_RANDOM_RARE_CARD","is_daily":false,"chose_seed":false,"campfire_upgraded":8,"win_rate":0.0,"timestamp":1611783504,"path_taken":["M","?","?","$","?","R","E","R","T","R","?","R","E","M","R","BOSS","M","?","?","$","?","E","?","E","T","R","?","R","?","M","R","BOSS","M","M","?","M","?","R","M","R","T","R","$","?","M","M","R","BOSS"],"items_purchased_type":["Card","Card","Card","Relic","Card","Relic"],"build_version":"2020-12-22","purchased_purges":1,"victory":true,"max_hp_per_floor":[72,72,72,72,72,72,72,72,72,72,72,72,79,79,79,79,79,79,79,79,79,79,79,79,79,79,79,79,79,79,79,79,79,84,84,89,89,89,89,89,89,89,89,89,89,89,89,89,89,89],"card_choices":[{"not_picked":["Fasting2","Evaluate"],"picked":"Prostrate","floor":1},{"not_picked":["SashWhip","Protect"],"picked":"InnerPeace","floor":5},{"not_picked":["Judgement","WreathOfFlame"],"picked":"CarveReality","floor":7},{"not_picked":["CrushJoints","ThirdEye"],"picked":"Evaluate","floor":11},{"not_picked":["WreathOfFlame","Crescendo"],"picked":"ClearTheMind","floor":13},{"not_picked":["WheelKick","Study"],"picked":"Pray","floor":14},{"not_picked":["Scrawl","Omniscience"],"picked":"Vault","floor":16},{"not_picked":["Halt","ThirdEye+1"],"picked":"FlurryOfBlows","floor":18},{"not_picked":["Vengeance","Fasting2+1","Protect+1"],"picked":"SKIP","floor":22},{"not_picked":["Conclude","SignatureMove"],"picked":"FlurryOfBlows","floor":23},{"not_picked":["FollowUp","EmptyFist+1"],"picked":"Vault","floor":25},{"not_picked":["WheelKick","CrushJoints"],"picked":"Perseverance+1","floor":31},{"not_picked":["Scrawl+1","DevaForm"],"picked":"MasterReality","floor":33},{"not_picked":["Vengeance+1","Halt+1"],"picked":"CutThroughFate","floor":34},{"not_picked":["ReachHeaven","WaveOfTheHand+1","WheelKick"],"picked":"SKIP","floor":35},{"not_picked":["Worship+1","EmptyFist"],"picked":"TalkToTheHand+1","floor":36},{"not_picked":["WheelKick+1","BattleHymn+1"],"picked":"FlurryOfBlows","floor":38},{"not_picked":["EmptyMind+1","Indignation+1"],"picked":"SashWhip+1","floor":39},{"not_picked":["Halt+1","Protect+1"],"picked":"Tantrum+1","floor":41},{"not_picked":["Consecrate+1","FollowUp+1","DevaForm"],"picked":"SKIP","floor":46},{"not_picked":["WindmillStrike","Crescendo+1","JustLucky+1"],"picked":"SKIP","floor":47},{"not_picked":["PathToVictory+1","Worship+1","Indignation+1"],"picked":"SKIP","floor":48}],"player_experience":639550,"relics_obtained":[{"floor":7,"key":"Nunchaku"},{"floor":9,"key":"Sundial"},{"floor":13,"key":"Strawberry"},{"floor":23,"key":"Pen Nib"},{"floor":25,"key":"Bottled Flame"},{"floor":26,"key":"Happy Flower"},{"floor":28,"key":"Toxic Egg 2"},{"floor":43,"key":"Orichalcum"}],"event_choices":[{"cards_removed":["Strike_P"],"damage_healed":0,"gold_gain":0,"player_choice":"Card Removal","damage_taken":7,"max_hp_gain":0,"max_hp_loss":0,"event_name":"Golden Wing","floor":2,"gold_loss":0},{"damage_healed":0,"gold_gain":0,"player_choice":"Gave Potion","damage_taken":0,"relics_obtained":["Toy Ornithopter"],"max_hp_gain":0,"max_hp_loss":0,"event_name":"WeMeetAgain","floor":3,"gold_loss":0},{"damage_healed":0,"gold_gain":0,"player_choice":"Upgraded","damage_taken":0,"max_hp_gain":0,"max_hp_loss":0,"event_name":"Upgrade Shrine","floor":19,"gold_loss":0,"cards_upgraded":["Vault"]},{"cards_removed":["Strike_P"],"damage_healed":0,"gold_gain":0,"player_choice":"Elegance","damage_taken":0,"max_hp_gain":0,"max_hp_loss":0,"event_name":"Back to Basics","floor":24,"gold_loss":0},{"damage_healed":0,"gold_gain":0,"player_choice":"Ignored","damage_taken":0,"max_hp_gain":0,"max_hp_loss":0,"event_name":"Vampires","floor":30,"gold_loss":0},{"damage_healed":0,"gold_gain":0,"player_choice":"Ignored","damage_taken":0,"max_hp_gain":0,"max_hp_loss":0,"event_name":"SecretPortal","floor":37,"gold_loss":0}],"is_beta":false,"boss_relics":[{"not_picked":["Runic Dome","Fusion Hammer"],"picked":"SlaversCollar"},{"not_picked":["Empty Cage","Black Star"],"picked":"Tiny House"}],"items_purged_floors":[45],"is_endless":false,"potions_floor_spawned":[1,7,18,22,35,36,46],"ascension_level":1}}