{"host":"c97twqu0op5dg8i4","time":1611719576,"event":{"mods":["AchievementEnabler","BaseMod","Colored Map","Minty Spire (QoL Compilation)","Permanent Neow"],"gold_per_floor":[116,8,8,8,35,35,70,88,88,88,112,164,190,202,214,74,74,74,198,261,286,286,299,299,299,299,299,322,322,353,353,372,372,391,391,511,511,535,535,460,484,50,93,93,93],"floor_reached":44,"language":"ENG","playtime":1496,"items_purged":["Strike_P"],"score":646,"play_id":"9397d149-9592-4a5a-869a-79096b0bcfe9","local_time":"20210126225256","is_ascension_mode":true,"campfire_choices":[{"data":"Eruption","floor":6,"key":"SMITH"},{"data":"Vigilance","floor":9,"key":"SMITH"},{"floor":14,"key":"REST"},{"data":"TalkToTheHand","floor":17,"key":"SMITH"},{"data":"Evaluate","floor":18,"key":"SMITH"},{"data":"Conclude","floor":26,"key":"SMITH"},{"floor":31,"key":"REST"},{"floor":33,"key":"REST"},{"floor":35,"key":"REST"}],"circlet_count":0,"master_deck":["Strike_P+1","Strike_P+1","Strike_P+1","Defend_P+1","Defend_P+1","Defend_P+1","Eruption+1","Vigilance+1","Conclude+1","Conclude+1","CarveReality+1","LikeWater+1","Evaluate+1","WreathOfFlame","TalkToTheHand+1","DevaForm","FearNoEvil","Writhe","EmptyFist","Crescendo+1","ConjureBlade","LikeWater+1","ClearTheMind"],"relics":["PureWater","Golden Idol","Blood Vial","Ice Cream","Singing Bowl","MawBank","PreservedInsect","Tiny House","StoneCalendar","Pen Nib","Tiny Chest","Busted Crown","DollysMirror","Bottled Flame","Whetstone"],"acts_visited":["Exordium","TheCity","TheBeyond"],"potions_floor_usage":[19,21,27,28,36,36,38],"damage_taken":[{"damage":12,"enemies":"Jaw Worm","floor":1,"turns":2},{"damage":13,"enemies":"Gremlin Nob","floor":7,"turns":3},{"damage":12,"enemies":"Small Slimes","floor":8,"turns":2},{"damage":2,"enemies":"3 Sentries","floor":12,"turns":5},{"damage":0,"enemies":"2 Louse","floor":13,"turns":2},{"damage":45,"enemies":"The Guardian","floor":19,"turns":9},{"damage":0,"enemies":"Spheric Guardian","floor":21,"turns":3},{"damage":38,"enemies":"2 Thieves","floor":23,"turns":4},{"damage":4,"enemies":"Masked Bandits","floor":27,"turns":2},{"damage":40,"enemies":"Cultist and Chosen","floor":28,"turns":7},{"damage":19,"enemies":"Book of Stabbing","floor":30,"turns":6},{"damage":3,"enemies":"3 Cultists","floor":32,"turns":5},{"damage":12,"enemies":"Centurion and Healer","floor":34,"turns":3},{"damage":61,"enemies":"Automaton","floor":36,"turns":8},{"damage":15,"enemies":"3 Shapes","floor":38,"turns":3},{"damage":13,"enemies":"Orb Walker","floor":41,"turns":3},{"damage":5,"enemies":"Giant Head","floor":43,"turns":7},{"damage":50,"enemies":"Transient","floor":44,"turns":4}],"seed_played":"-2388890100078507734","potions_obtained":[{"floor":1,"key":"BottledMiracle"},{"floor":7,"key":"AttackPotion"},{"floor":13,"key":"Fire Potion"},{"floor":20,"key":"Ambrosia"},{"floor":21,"key":"SmokeBomb"},{"floor":34,"key":"SkillPotion"},{"floor":36,"key":"Block Potion"},{"floor":43,"key":"BottledMiracle"}],"is_trial":false,"path_per_floor":["M","$","?","?","T","R","E","M","R","T","T","E","M","R","?","$","R","R","B",null,"M","?","M","?","?","R","?","M","T","E","R","M","R","M","R","B",null,"M","?","$","M","$","E","M"],"character_chosen":"WATCHER","items_purchased":["CarveReality","LikeWater","TalkToTheHand","DuplicationPotion","DollysMirror","Bottled Flame","ClearTheMind"],"campfire_rested":4,"item_purchase_floors":[2,2,16,40,42,42,42],"current_hp_per_floor":[53,53,53,58,58,58,47,37,37,37,37,37,41,63,63,63,63,63,20,66,70,70,34,34,61,61,59,21,21,6,30,31,56,48,74,15,69,58,58,58,49,49,48,0,0],"gold":93,"neow_bonus":"THREE_CARDS","is_daily":false,"chose_seed":false,"campfire_upgraded":5,"win_rate":0.0,"timestamp":1611719576,"path_taken":["M","$","?","?","?","R","E","M","R","T","T","E","M","R","?","$","R","R","BOSS","M","?","M","?","?","R","?","M","T","E","R","M","R","M","R","BOSS","M","?","$","M","$","E","M"],"items_purchased_type":["Card","Card","Card","Potion","Relic","Relic","Card"],"build_version":"2020-12-22","purchased_purges":1,"victory":false,"max_hp_per_floor":[72,72,67,72,72,72,72,72,72,72,72,72,74,74,74,74,74,74,74,79,81,81,81,81,81,81,81,81,81,83,83,85,85,87,87,87,87,89,89,89,91,91,93,93,93],"card_choices":[{"not_picked":["Protect","Crescendo"],"picked":"Conclude","floor":0},{"not_picked":["Swivel","ClearTheMind"],"picked":"Conclude","floor":1},{"not_picked":["WaveOfTheHand","MentalFortress"],"picked":"Evaluate","floor":7},{"not_picked":["SignatureMove","Fasting2","Pray"],"picked":"SKIP","floor":8},{"not_picked":["Halt","WheelKick"],"picked":"WreathOfFlame","floor":12},{"not_picked":["CrushJoints","JustLucky","Halt"],"picked":"Singing Bowl","floor":13},{"not_picked":["Scrawl","DeusExMachina"],"picked":"DevaForm","floor":19},{"not_picked":["Consecrate","SashWhip"],"picked":"FearNoEvil","floor":20},{"not_picked":["Prostrate","Indignation","ClearTheMind"],"picked":"Singing Bowl","floor":21},{"not_picked":["Indignation","JustLucky"],"picked":"EmptyFist","floor":23},{"not_picked":["Weave+1","FlyingSleeves+1"],"picked":"Crescendo+1","floor":28},{"not_picked":["Fasting2","Indignation","Worship"],"picked":"Singing Bowl","floor":30},{"not_picked":["Conclude","CutThroughFate","EmptyBody+1"],"picked":"Singing Bowl","floor":32},{"not_picked":["CutThroughFate","Nirvana","ThirdEye+1"],"picked":"Singing Bowl","floor":34},{"not_picked":["SpiritShield","DeusExMachina"],"picked":"ConjureBlade","floor":36},{"not_picked":["FlurryOfBlows"],"picked":"Singing Bowl","floor":38},{"not_picked":["FlyingSleeves+1"],"picked":"Singing Bowl","floor":41},{"not_picked":["FollowUp"],"picked":"Singing Bowl","floor":43}],"player_experience":310219,"relics_obtained":[{"floor":5,"key":"Blood Vial"},{"floor":7,"key":"Ice Cream"},{"floor":10,"key":"Singing Bowl"},{"floor":11,"key":"MawBank"},{"floor":12,"key":"PreservedInsect"},{"floor":29,"key":"Pen Nib"},{"floor":30,"key":"Tiny Chest"},{"floor":43,"key":"Whetstone"}],"event_choices":[{"damage_healed":0,"gold_gain":0,"player_choice":"Lose Max HP","damage_taken":0,"relics_obtained":["Golden Idol"],"max_hp_gain":0,"max_hp_loss":5,"event_name":"Golden Idol","floor":3,"gold_loss":0},{"damage_healed":0,"gold_gain":0,"player_choice":"Donut","damage_taken":0,"max_hp_gain":5,"max_hp_loss":0,"event_name":"Big Fish","floor":4,"gold_loss":0},{"damage_healed":0,"gold_gain":0,"player_choice":"Grow","damage_taken":0,"max_hp_gain":0,"max_hp_loss":0,"event_name":"Living Wall","floor":15,"gold_loss":0,"cards_upgraded":["LikeWater"]},{"damage_healed":0,"gold_gain":0,"player_choice":"Opened","damage_taken":0,"relics_obtained":["StoneCalendar"],"max_hp_gain":0,"max_hp_loss":0,"event_name":"The Mausoleum","floor":22,"gold_loss":0,"cards_obtained":["Writhe"]},{"damage_healed":0,"gold_gain":0,"player_choice":"Simplicity","damage_taken":0,"max_hp_gain":0,"max_hp_loss":0,"event_name":"Back to Basics","floor":24,"gold_loss":0,"cards_upgraded":["Strike_P","Strike_P","Defend_P","Defend_P","Defend_P","Defend_P"]},{"damage_healed":27,"gold_gain":0,"player_choice":"Heal","damage_taken":0,"max_hp_gain":0,"max_hp_loss":0,"event_name":"The Library","floor":25,"gold_loss":0},{"damage_healed":0,"gold_gain":0,"player_choice":"Fought Bandits","damage_taken":0,"max_hp_gain":0,"max_hp_loss":0,"event_name":"Masked Bandits","floor":27,"gold_loss":0},{"cards_removed":["Defend_P"],"damage_healed":0,"gold_gain":0,"player_choice":"Removed Skill","damage_taken":0,"max_hp_gain":0,"max_hp_loss":0,"event_name":"Falling","floor":39,"gold_loss":0}],"is_beta":false,"boss_relics":[{"not_picked":["SacredBark","Velvet Choker"],"picked":"Tiny House"},{"not_picked":["Black Star","Coffee Dripper"],"picked":"Busted Crown"}],"items_purged_floors":[16],"is_endless":false,"potions_floor_spawned":[1,7,13,21,23,34,36,43],"killed_by":"Transient","ascension_level":7}}