{"host":"pcbz64t4k17ey4z1","time":1611783712,"event":{"mods":["2.2 Compatiblity","AchievementEnabler","Act Like it!","Aspiration","BaseMod","Beaked The Cultist","Better Match","Better Third Choice","BetterRewards","Card Forge","Colored Map","Colored Powertips","Conspire","Disable Question Mark Monsters","Fireblade Mod","Friendly Minions","Gensokyo","GifTheSpireLib","Glutton Mod","Googly Eyes","Gremlin Mod","Hermit","Hubris","Infinite Spire","Koishi","Marisa????????","Minty Spire (QoL Compilation)","Permanent Neow","Potionbrewer","Quick Restart","Random Character Button","Rare Cards Sparkle","Relic Filter","Replay The Spire","Robot Space Explorer","Shade Mod","Shop Mod","Spicy Shops","StSLib","Stuff the Spire","SuperFastMode","The Cursed","The Druid","The Gatherer","The Hierophant","The IronCluck","The Jungle","The Marked","The Runesmith","Virulent Crown","Waifu the Spire","Wandering Minibosses"],"gold_per_floor":[360,375,389,409,420,453,465,465,490,506,538,557,592,375,375,470,470,483,500,149,149,166,192,207,235,235,246,266,292,292,292],"floor_reached":30,"language":"ENG","playtime":1397,"items_purged":[],"score":498,"play_id":"05f2c228-1405-4e57-bad0-1adc4e8bddba","local_time":"20210127214152","is_ascension_mode":true,"campfire_choices":[{"data":"Runesmith:CraftSpiculum","floor":8,"key":"SMITH"},{"data":"Runesmith:DoubleUp","floor":15,"key":"SMITH"}],"circlet_count":0,"master_deck":["Runesmith:Strike_RS+1","Runesmith:Strike_RS+1","Runesmith:Strike_RS+1","Runesmith:Strike_RS+1","Runesmith:Defend_RS+1","Runesmith:Defend_RS+1","Runesmith:Defend_RS+1","Runesmith:CraftFirestone+1","Runesmith:Fortify+1","Runesmith:ChiselStab","Runesmith:CraftProtectio","Runesmith:CraftSpiculum+1","Runesmith:Permafrost","Runesmith:CraftSpiculum+1","Runesmith:DoubleUp+1","Runesmith:EarthShield+1","Runesmith:LightningRod","Runesmith:Firestorm","AbeCurse","Runesmith:Terraform","ReplayTheSpireMod:Whispers of Evil","Good Instincts","Runesmith:CraftIndustria","infinitespire:Starlight","Runesmith:LithiumIon+1","Runesmith:EarthShield","Runesmith:CraftVitae"],"relics":["Runesmith:BrokenRuby","Hammer of Thor","Seething Fire","Anvil of the Gods","potionbrewer:DrinkingBird","Blue Doll","CaptainsWheel","Strawberry","Replay:Kaleidoscope","Abe\u0027s Treasure","ReplayTheSpireMod:CursedCoin","StuffTheSpire:CocoNut","ReplayTheSpireMod:Lightbulb","Replay:Bottled Steam","Red Mask"],"acts_visited":["Exordium","TheCity"],"potions_floor_usage":[4,6,10,11,11,13,13,29,29],"damage_taken":[{"damage":0,"enemies":"Small Slimes","floor":1,"turns":3},{"damage":0,"enemies":"2 Louse","floor":2,"turns":2},{"damage":0,"enemies":"Cultist","floor":3,"turns":3},{"damage":4,"enemies":"Exordium Wildlife","floor":4,"turns":3},{"damage":0,"enemies":"Looter","floor":5,"turns":3},{"damage":0,"enemies":"Lagavulin","floor":6,"turns":9},{"damage":0,"enemies":"Blue Slaver","floor":7,"turns":3},{"damage":6,"enemies":"Red Slaver","floor":10,"turns":5},{"damage":7,"enemies":"3 Sentries","floor":11,"turns":6},{"damage":0,"enemies":"Looter","floor":12,"turns":3},{"damage":0,"enemies":"Lagavulin","floor":13,"turns":8},{"damage":0,"enemies":"Slime Boss","floor":16,"turns":11},{"damage":9,"enemies":"3 Byrds","floor":18,"turns":5},{"damage":0,"enemies":"Shell Parasite","floor":19,"turns":5},{"damage":2,"enemies":"Shelled Parasite and Fungi","floor":22,"turns":6},{"damage":5,"enemies":"Book of Stabbing","floor":23,"turns":5},{"damage":13,"enemies":"Cultist and Chosen","floor":24,"turns":6},{"damage":3,"enemies":"Nightmare","floor":25,"turns":8},{"damage":16,"enemies":"Snake Plant","floor":27,"turns":3},{"damage":18,"enemies":"Centurion and Healer","floor":28,"turns":9},{"damage":27,"enemies":"Masked Bandits","floor":29,"turns":5},{"damage":23,"enemies":"Book of Stabbing","floor":30,"turns":2}],"seed_played":"6845571324742688700","potions_obtained":[{"floor":1,"key":"DuplicationPotion"},{"floor":2,"key":"potionbrewer:CleansingPotion"},{"floor":4,"key":"Languid Potion"},{"floor":6,"key":"Swift Potion"},{"floor":16,"key":"PowerPotion"},{"floor":29,"key":"potionbrewer:ToxicPotion"}],"is_trial":false,"path_per_floor":["M","M","M","M","M","E","M","R","T","M","E","M","E","$","R","B",null,"M","M","$","?","M","E","M","NM","T","M","M","?","E"],"character_chosen":"RUNESMITH_CLASS","items_purchased":["Replay:Kaleidoscope","Runesmith:Firestorm","ReplayTheSpireMod:CursedCoin","StuffTheSpire:CocoNut","Good Instincts"],"campfire_rested":0,"item_purchase_floors":[14,14,20,20,20],"current_hp_per_floor":[70,70,70,66,66,66,66,66,66,60,53,53,60,60,60,60,73,64,64,71,71,69,64,51,48,48,42,34,17,0,0],"gold":292,"neow_bonus":"TWO_FIFTY_GOLD","is_daily":false,"chose_seed":false,"campfire_upgraded":2,"win_rate":0.0,"timestamp":1611783712,"path_taken":["M","M","M","M","M","E","M","R","T","M","E","M","E","$","R","BOSS","M","M","$","?","M","E","M","NM","T","M","M","?","E"],"items_purchased_type":["Relic","Card","Relic","Relic","Card"],"build_version":"2020-12-22","purchased_purges":0,"victory":false,"max_hp_per_floor":[70,70,70,70,70,70,70,70,70,70,70,70,77,77,77,77,77,77,77,84,84,84,84,84,84,84,84,84,84,84,84],"card_choices":[{"not_picked":["Runesmith:UnstableHammer","Runesmith:RuneHurl"],"picked":"Runesmith:ChiselStab","floor":1},{"not_picked":["Runesmith:Terraform","Runesmith:HammerThrow"],"picked":"Runesmith:CraftProtectio","floor":2},{"not_picked":["Runesmith:EarthShield","Runesmith:CraftMagma"],"picked":"Runesmith:CraftSpiculum","floor":3},{"not_picked":["Runesmith:CraftMagma","Runesmith:Prism"],"picked":"Runesmith:Permafrost","floor":4},{"not_picked":["Runesmith:HammerThrow","Runesmith:OneForEveryone"],"picked":"Runesmith:CraftSpiculum","floor":5},{"not_picked":["aspiration:UnbridledHammer","Runesmith:HammerThrow","Runesmith:Discharge"],"picked":"SKIP","floor":6},{"not_picked":["Runesmith:CraftMagma","Runesmith:RuneHurl"],"picked":"Runesmith:DoubleUp","floor":7},{"not_picked":["Runesmith:NanitesCloud","Runesmith:CraftMagma"],"picked":"Runesmith:EarthShield","floor":10},{"not_picked":["Runesmith:NegativeSpace","Runesmith:UnstableHammer","Runesmith:OneForEveryone"],"picked":"SKIP","floor":11},{"not_picked":["Runesmith:HeatedChisel","Runesmith:Discharge","Runesmith:ShiftingStrike"],"picked":"SKIP","floor":12},{"not_picked":["aspiration:UnbridledHammer","Runesmith:ChiselStab"],"picked":"Runesmith:LightningRod","floor":13},{"not_picked":["Runesmith:CraftMagma","Runesmith:MakeshiftArmor"],"picked":"Runesmith:Terraform","floor":18},{"not_picked":["Runesmith:CraftMagma","Runesmith:HeatExchange","Runesmith:HammerAndChisel"],"picked":"SKIP","floor":19},{"not_picked":["Runesmith:UnstableHammer","Runesmith:CraftSpiculum","Runesmith:CraftMagma"],"picked":"SKIP","floor":22},{"not_picked":["Runesmith:CraftMagma","Runesmith:MakeshiftArmor"],"picked":"Runesmith:CraftIndustria","floor":23},{"not_picked":["Runesmith:ShiftingStrike","Runesmith:WhiteBalance","Runesmith:Overpower"],"picked":"SKIP","floor":24},{"not_picked":["infinitespire:UltimateForm","ReplayTheSpireMod:Echoes of Time"],"picked":"infinitespire:Starlight","floor":25},{"not_picked":["Runesmith:CraftProtectio","Runesmith:CraftObretio"],"picked":"Runesmith:LithiumIon+1","floor":25},{"not_picked":["Runesmith:RuneHurl","Runesmith:MakeshiftArmor"],"picked":"Runesmith:EarthShield","floor":27},{"not_picked":["Runesmith:CraftIncendium","Runesmith:ChiselStab+1","Runesmith:BackupBattery+1"],"picked":"SKIP","floor":28},{"not_picked":["Runesmith:MakeshiftArmor","Runesmith:Overpower+1"],"picked":"Runesmith:CraftVitae","floor":29}],"player_experience":3377676,"relics_obtained":[{"floor":6,"key":"potionbrewer:DrinkingBird"},{"floor":9,"key":"Blue Doll"},{"floor":11,"key":"CaptainsWheel"},{"floor":13,"key":"Strawberry"},{"floor":23,"key":"ReplayTheSpireMod:Lightbulb"},{"floor":25,"key":"Replay:Bottled Steam"},{"floor":29,"key":"Red Mask"}],"event_choices":[{"damage_healed":0,"gold_gain":0,"player_choice":"Fought Bandits","damage_taken":0,"max_hp_gain":0,"max_hp_loss":0,"event_name":"Masked Bandits","floor":29,"gold_loss":0}],"is_beta":false,"boss_relics":[{"not_picked":["Snecko Eye","Pandora\u0027s Box"],"picked":"Abe\u0027s Treasure"}],"items_purged_floors":[],"is_endless":false,"potions_floor_spawned":[1,2,4,6,16,19,22,24,27,29],"killed_by":"Book of Stabbing","ascension_level":5}}