{"host":"y3h3n3f7seyagppx","time":1611775238,"event":{"mods":["AlwaysNeverKeys","BaseMod","Better Vampires","Colored Powertips","DeckTracker","Emptier Cage","Minty Spire (QoL Compilation)","Permanent Neow","Quick Restart","Rare Cards Sparkle","Relic Sorter","Relic Stats","StSLib","Transform Curses"],"gold_per_floor":[111,130,149,166,166,177,206,206,206,231,231,265,265,297,297,372,372,390,390,390,8,8,8,33,45,94,123,151,178,103,120,120,120,120,135,188,16,16,36,66,84,111,111,11,233,263,282,312,312,312,312,312,312,62,96,96],"floor_reached":57,"language":"ENG","playtime":7020,"items_purged":["Clash","Hemokinesis"],"score":3538,"play_id":"27b48f71-7d50-4ef0-9477-e4078cc29f4a","local_time":"20210127142038","is_ascension_mode":true,"campfire_choices":[{"data":"Fiend Fire","floor":8.0,"key":"SMITH"},{"data":"Armaments","floor":11.0,"key":"SMITH"},{"data":"Carnage","floor":15.0,"key":"SMITH"},{"data":"Corruption","floor":23.0,"key":"SMITH"},{"data":"Barricade","floor":32,"key":"SMITH"},{"data":"Ghostly","floor":49,"key":"SMITH"},{"data":"Impervious","floor":53,"key":"SMITH"}],"circlet_count":0,"master_deck":["AscendersBane","Battle Trance","True Grit","Carnage+1","Shrug It Off","Fiend Fire+1","Armaments+1","Reaper","Barricade+1","Fiend Fire","Impervious+1","Intimidate","Twin Strike","Shrug It Off","Juggernaut","Evolve+1","Ghostly+1","Ghostly","Ghostly","Corruption+1","Flame Barrier","Body Slam","Exhume","Shrug It Off","Secret Technique","Whirlwind+1","Body Slam","Second Wind+1","Flame Barrier+1","Offering","Dark Embrace","Dark Embrace"],"relics":["Burning Blood","Odd Mushroom","Lantern","Blood Vial","Pantograph","Dream Catcher","HornCleat","Pandora\u0027s Box","Nilry\u0027s Codex","Happy Flower","CaptainsWheel","Boot","Toy Ornithopter","Red Mask","Ice Cream","Snecko Eye","Prayer Wheel","Centennial Puzzle","Singing Bowl","Kunai","Incense Burner","Juzu Bracelet","Red Skull","Bronze Scales","StrikeDummy"],"acts_visited":["Exordium","TheCity","TheBeyond","TheEnding"],"potions_floor_usage":[24,27,28],"damage_taken":[{"damage":0.0,"enemies":"Small Slimes","floor":1.0,"turns":6.0},{"damage":0.0,"enemies":"2 Louse","floor":2.0,"turns":3.0},{"damage":5.0,"enemies":"Jaw Worm","floor":3.0,"turns":5.0},{"damage":6.0,"enemies":"Blue Slaver","floor":4.0,"turns":3.0},{"damage":4.0,"enemies":"Large Slime","floor":6.0,"turns":4.0},{"damage":9.0,"enemies":"The Mushroom Lair","floor":7.0,"turns":4.0},{"damage":24.0,"enemies":"Lagavulin","floor":10.0,"turns":6.0},{"damage":13.0,"enemies":"3 Sentries","floor":12.0,"turns":8.0},{"damage":25.0,"enemies":"Lagavulin","floor":14.0,"turns":9.0},{"damage":25.0,"enemies":"The Guardian","floor":16.0,"turns":13.0},{"damage":9.0,"enemies":"Shell Parasite","floor":18.0,"turns":9.0},{"damage":7,"enemies":"Slavers","floor":24,"turns":6},{"damage":0,"enemies":"Spheric Guardian","floor":25,"turns":3},{"damage":2,"enemies":"Gremlin Leader","floor":27,"turns":5},{"damage":0,"enemies":"Masked Bandits","floor":28,"turns":3},{"damage":4,"enemies":"Book of Stabbing","floor":29,"turns":5},{"damage":1,"enemies":"3 Cultists","floor":31,"turns":5},{"damage":0,"enemies":"Champ","floor":33,"turns":10},{"damage":2,"enemies":"3 Shapes","floor":35,"turns":3},{"damage":0,"enemies":"2 Orb Walkers","floor":36,"turns":4},{"damage":1,"enemies":"3 Darklings","floor":39,"turns":4},{"damage":0,"enemies":"Nemesis","floor":40,"turns":5},{"damage":0,"enemies":"Transient","floor":41,"turns":6},{"damage":0,"enemies":"Reptomancer","floor":42,"turns":6},{"damage":0,"enemies":"Giant Head","floor":46,"turns":9},{"damage":0,"enemies":"Writhing Mass","floor":47,"turns":7},{"damage":0,"enemies":"Nemesis","floor":48,"turns":7},{"damage":2,"enemies":"Donu and Deca","floor":50,"turns":6},{"damage":1,"enemies":"Time Eater","floor":51,"turns":5},{"damage":3,"enemies":"Shield and Spear","floor":55,"turns":6},{"damage":0,"enemies":"The Heart","floor":56,"turns":8}],"seed_played":"1095173248520098396","potions_obtained":[{"floor":3.0,"key":"Block Potion"},{"floor":4.0,"key":"Regen Potion"},{"floor":12.0,"key":"ColorlessPotion"},{"floor":14.0,"key":"Weak Potion"},{"floor":16.0,"key":"SkillPotion"},{"floor":24,"key":"DistilledChaos"},{"floor":27,"key":"AttackPotion"},{"floor":35,"key":"SpeedPotion"},{"floor":40,"key":"SkillPotion"}],"is_trial":false,"path_per_floor":["M","M","M","M","?","M","?","R","T","E","R","E","?","E","R","B",null,"M","?","?","$","?","R","E","M","T","E","?","E","$","M","R","B",null,"M","?","$","?","M","E","M","E","T","$","?","E","M","E","R","B","B",null,"R","$","E","B",null],"character_chosen":"IRONCLAD","items_purchased":["Happy Flower","Corruption","SteroidPotion","Centennial Puzzle","Bronze Scales","Dark Embrace"],"campfire_rested":0,"item_purchase_floors":[21,21,21,37,54,54],"current_hp_per_floor":[68,68,68,68,68,68,65,65,65,47,47,57,46,29,29,43,62,61,34,13,13,13,13,17,25,25,34,34,34,34,34,34,34,34,34,34,34,24,34,34,36,36,36,36,36,38,42,42,42,42,42,42,42,42,42,42],"gold":96,"neow_bonus":"TRANSFORM_TWO_CARDS","is_daily":false,"chose_seed":false,"campfire_upgraded":7,"win_rate":0.0,"timestamp":1611775238,"path_taken":["M","M","M","M","?","M","?","R","T","E","R","E","?","E","R","BOSS","M","?","?","$","?","R","E","M","T","E","?","E","$","M","R","BOSS","M","?","$","?","M","E","M","E","T","$","?","E","M","E","R","BOSS","BOSS","R","$","E","BOSS"],"items_purchased_type":["Relic","Card","Potion","Relic","Relic","Card"],"build_version":"2020-12-22","purchased_purges":2,"victory":true,"max_hp_per_floor":[68,68,68,68,68,68,68,68,68,68,68,68,68,68,68,68,68,68,34,34,34,34,34,34,34,34,34,34,34,34,34,34,34,34,34,34,34,34,34,34,36,36,36,36,36,38,42,42,42,42,42,42,42,42,42,42],"relic_stats":{"Happy Flower":[37],"Singing Bowl":8,"counters":[31,183],"Juzu Bracelet":0,"Boot":[59],"Burning Blood":76,"Blood Vial":16,"Dream Catcher":0,"Centennial Puzzle":[12],"Pantograph":25,"Bronze Scales":[111],"Snecko Eye":[168,154,138,134],"Pandora\u0027s Box":["Fiend Fire","Impervious","Intimidate","Twin Strike","Shrug It Off","Juggernaut","Clothesline"],"Prayer Wheel":3,"Kunai":[4],"obtain_stats":[{"Ice Cream":29,"Lantern":9,"Singing Bowl":40,"Nilry\u0027s Codex":20,"Incense Burner":43,"Juzu Bracelet":46,"Boot":26,"Burning Blood":0,"Blood Vial":10,"Dream Catcher":13,"Centennial Puzzle":37,"HornCleat":14,"Pantograph":12,"Prayer Wheel":36,"Red Mask":28,"Kunai":42,"Red Skull":48,"Happy Flower":21,"Odd Mushroom":7,"CaptainsWheel":24,"Bronze Scales":54,"Snecko Eye":34,"Pandora\u0027s Box":17,"StrikeDummy":55,"Toy Ornithopter":27},{"Ice Cream":16,"Lantern":6,"Singing Bowl":22,"Nilry\u0027s Codex":11,"Incense Burner":24,"Juzu Bracelet":25,"Boot":13,"Burning Blood":0,"Blood Vial":7,"Dream Catcher":8,"Centennial Puzzle":20,"HornCleat":9,"Pantograph":8,"Prayer Wheel":20,"Red Mask":15,"Kunai":24,"Red Skull":27,"Happy Flower":11,"Odd Mushroom":6,"CaptainsWheel":12,"Bronze Scales":29,"Snecko Eye":18,"Pandora\u0027s Box":10,"StrikeDummy":30,"Toy Ornithopter":14},{"Ice Cream":92,"Lantern":25,"Singing Bowl":123,"Nilry\u0027s Codex":70,"Incense Burner":135,"Juzu Bracelet":144,"Boot":79,"Burning Blood":0,"Blood Vial":31,"Dream Catcher":39,"Centennial Puzzle":114,"HornCleat":48,"Pantograph":39,"Prayer Wheel":114,"Red Mask":87,"Kunai":135,"Red Skull":158,"Happy Flower":70,"Odd Mushroom":25,"CaptainsWheel":76,"Bronze Scales":169,"Snecko Eye":107,"Pandora\u0027s Box":61,"StrikeDummy":175,"Toy Ornithopter":84}],"Toy Ornithopter":0},"card_choices":[{"not_picked":["Pommel Strike","Combust"],"picked":"Carnage","floor":1.0},{"not_picked":["Cleave","Body Slam"],"picked":"Shrug It Off","floor":2.0},{"not_picked":["Sever Soul","Whirlwind"],"picked":"Hemokinesis","floor":3.0},{"not_picked":["Flex","Heavy Blade"],"picked":"Fiend Fire","floor":4.0},{"not_picked":["Pommel Strike","Iron Wave","Whirlwind"],"picked":"SKIP","floor":6.0},{"not_picked":["Flex","Battle Trance"],"picked":"Armaments","floor":10.0},{"not_picked":["Iron Wave","Thunderclap","True Grit"],"picked":"SKIP","floor":12.0},{"not_picked":["Armaments","Flex"],"picked":"Reaper","floor":14.0},{"not_picked":["Exhume","Feed"],"picked":"Barricade","floor":16.0},{"not_picked":["Anger","Iron Wave"],"picked":"Evolve+1","floor":18.0},{"not_picked":["Thunderclap","Warcry"],"picked":"Body Slam","floor":24},{"not_picked":["Clash","Rampage+1","Bloodletting"],"picked":"SKIP","floor":25},{"not_picked":["Clash","Rampage+1","Bloodletting"],"picked":"SKIP","floor":25},{"not_picked":["Heavy Blade","Seeing Red"],"picked":"Exhume","floor":27},{"not_picked":["Perfected Strike+1","Carnage","Bloodletting"],"picked":"SKIP","floor":29},{"not_picked":["Reckless Charge","Iron Wave","Juggernaut"],"picked":"SKIP","floor":31},{"not_picked":["Sever Soul+1","Cleave","Perfected Strike"],"picked":"SKIP","floor":35},{"not_picked":["Perfected Strike","Armaments+1"],"picked":"Shrug It Off","floor":36},{"not_picked":["Magnetism","Swift Strike"],"picked":"Secret Technique","floor":38},{"not_picked":["Thunderclap","Flame Barrier"],"picked":"Whirlwind+1","floor":39},{"not_picked":["Clash","Heavy Blade","Evolve"],"picked":"SKIP","floor":39},{"not_picked":["Headbutt+1","Shrug It Off"],"picked":"Body Slam","floor":40},{"not_picked":["Cleave+1","Heavy Blade","Rampage"],"picked":"Singing Bowl","floor":41},{"not_picked":["Flex","Uppercut"],"picked":"Second Wind+1","floor":41},{"not_picked":["Double Tap","Iron Wave"],"picked":"Flame Barrier+1","floor":42},{"not_picked":["Reckless Charge+1","Infernal Blade","Anger"],"picked":"Singing Bowl","floor":46},{"not_picked":["Pommel Strike","Anger","Combust"],"picked":"Singing Bowl","floor":47},{"not_picked":["Pummel+1","Whirlwind","Rampage"],"picked":"Singing Bowl","floor":47},{"not_picked":["Pommel Strike+1","Infernal Blade"],"picked":"Offering","floor":48},{"not_picked":["Wild Strike","Carnage+1"],"picked":"Dark Embrace","floor":55}],"player_experience":21655054,"relics_obtained":[{"floor":7.0,"key":"Odd Mushroom"},{"floor":9.0,"key":"Lantern"},{"floor":10.0,"key":"Blood Vial"},{"floor":12.0,"key":"Pantograph"},{"floor":14.0,"key":"HornCleat"},{"floor":20.0,"key":"Nilry\u0027s Codex"},{"floor":24,"key":"CaptainsWheel"},{"floor":26,"key":"Boot"},{"floor":27,"key":"Toy Ornithopter"},{"floor":28,"key":"Red Mask"},{"floor":29,"key":"Ice Cream"},{"floor":36,"key":"Prayer Wheel"},{"floor":40,"key":"Singing Bowl"},{"floor":42,"key":"Kunai"},{"floor":43,"key":"Incense Burner"},{"floor":46,"key":"Juzu Bracelet"},{"floor":48,"key":"Red Skull"},{"floor":55,"key":"StrikeDummy"}],"event_choices":[{"damage_healed":0.0,"max_hp_gain":0.0,"max_hp_loss":0.0,"gold_gain":0.0,"event_name":"Liars Game","player_choice":"Ignored","floor":5.0,"gold_loss":0.0,"damage_taken":0.0},{"damage_healed":0.0,"max_hp_gain":0.0,"max_hp_loss":0.0,"gold_gain":0.0,"event_name":"Mushrooms","player_choice":"Fought Mushrooms","floor":7.0,"gold_loss":0.0,"damage_taken":0.0},{"damage_healed":0.0,"max_hp_gain":0.0,"max_hp_loss":0.0,"gold_gain":0.0,"event_name":"Scrap Ooze","player_choice":"Success","floor":13.0,"gold_loss":0.0,"damage_taken":11.0,"relics_obtained":["Dream Catcher"]},{"damage_healed":0.0,"max_hp_gain":0.0,"max_hp_loss":34.0,"gold_gain":0.0,"event_name":"Ghosts","player_choice":"Became a Ghost","floor":19.0,"gold_loss":0.0,"damage_taken":0.0,"cards_obtained":["Ghostly","Ghostly","Ghostly"]},{"damage_healed":0.0,"max_hp_gain":0.0,"max_hp_loss":0.0,"gold_gain":0.0,"event_name":"Cursed Tome","player_choice":"Obtained Book","floor":20.0,"gold_loss":0.0,"damage_taken":21.0},{"damage_healed":0.0,"max_hp_gain":0.0,"max_hp_loss":0.0,"gold_gain":0.0,"cards_transformed":["Bash","Clothesline"],"event_name":"Drug Dealer","player_choice":"Became Test Subject","floor":22.0,"gold_loss":0.0,"damage_taken":0.0,"cards_obtained":["Flame Barrier","Clash"]},{"damage_healed":0,"gold_gain":0,"player_choice":"Fought Bandits","damage_taken":0,"max_hp_gain":0,"max_hp_loss":0,"event_name":"Masked Bandits","floor":28,"gold_loss":0},{"damage_healed":0,"gold_gain":0,"player_choice":"Fight","damage_taken":0,"max_hp_gain":0,"max_hp_loss":0,"event_name":"Mysterious Sphere","floor":36,"gold_loss":0},{"damage_healed":0,"gold_gain":0,"player_choice":"Memory 3","damage_taken":10,"max_hp_gain":0,"max_hp_loss":0,"event_name":"SensoryStone","floor":38,"gold_loss":0},{"damage_healed":0,"gold_gain":222,"player_choice":"Wore Mask","damage_taken":0,"max_hp_gain":0,"max_hp_loss":0,"event_name":"Tomb of Lord Red Mask","floor":45,"gold_loss":0}],"is_beta":false,"boss_relics":[{"not_picked":["Black Blood","Busted Crown"],"picked":"Pandora\u0027s Box"},{"not_picked":["Black Star","SlaversCollar"],"picked":"Snecko Eye"}],"items_purged_floors":[30,44],"is_endless":false,"potions_floor_spawned":[3,4,12,14,16,24,25,27,35,40,41,48],"ascension_level":20}}