{"host":"mg3e76uznu9x14du","time":1611791238,"event":{"mods":["BaseMod","Colored Map","Downfall","Minty Spire (QoL Compilation)","Permanent Neow","Relic Stats","StSLib","Waifu the Spire","everything is the same but u backflip on backflip"],"gold_per_floor":[99,110,128,144,144,154,203,222,122,148,148,165,165,194,206,307,307,207,218,241,241,241,241,241],"floor_reached":22,"language":"ENG","playtime":1936,"items_purged":[],"score":257,"play_id":"9f0fa2bb-1cbb-4565-aa54-a1e964cff17e","local_time":"20210127184718","is_ascension_mode":true,"campfire_choices":[{"floor":1,"key":"RECALL"},{"data":"hexamod:FastForward","floor":9,"key":"SMITH"},{"data":"hexamod:RainOfEmbers","floor":13,"key":"SMITH"},{"data":"hexamod:ParanormalForm","floor":18,"key":"SMITH"}],"circlet_count":0,"master_deck":["hexamod:Strike","hexamod:Strike","hexamod:Strike","hexamod:Strike","hexamod:Defend","hexamod:Defend","hexamod:Defend","hexamod:Defend","hexamod:Sear","hexamod:Float+1","hexamod:GhostLash+1","hexamod:StepThrough+1","hexamod:FirstSeal","hexamod:RainOfEmbers+1","hexamod:FastForward+1","hexamod:ThirdSeal","hexamod:SpectralSpark","hexamod:FlamesFromBeyond","hexamod:HauntingEcho","hexamod:ParanormalForm+1","hexamod:ChargedBarrage","hexamod:WildfireWeapon","hexamod:FifthSeal","hexamod:SecondSeal","hexamod:StepThrough","hexamod:SixthSeal","hexamod:SoulSteal+1","hexamod:BurningTouch"],"relics":["hexamod:SpiritBrand","Whetstone","downfall:HeartBlessingRed","Nunchaku","Guardian:PocketSentry","expansioncontent:StudyCardRelic","downfall:HeartBlessingGreen"],"acts_visited":["Exordium","TheCity"],"potions_floor_usage":[12,14,14,15,19],"damage_taken":[{"damage":0,"enemies":"2 Louse","floor":2,"turns":2},{"damage":2,"enemies":"Jaw Worm","floor":3,"turns":2},{"damage":0,"enemies":"Small Slimes","floor":4,"turns":3},{"damage":13,"enemies":"Lots of Slimes","floor":6,"turns":5},{"damage":8,"enemies":"Blue Slaver","floor":8,"turns":3},{"damage":15,"enemies":"Lagavulin","floor":10,"turns":5},{"damage":5,"enemies":"2 Fungi Beasts","floor":12,"turns":3},{"damage":7,"enemies":"3 Sentries","floor":14,"turns":4},{"damage":5,"enemies":"Large Slime","floor":15,"turns":4},{"damage":61,"enemies":"WA_ARCHETYPE_RETAIN","floor":16,"turns":7},{"damage":15,"enemies":"Spheric Guardian","floor":19,"turns":4},{"damage":35,"enemies":"Centurion and Healer","floor":20,"turns":7},{"damage":21,"enemies":"Snake Plant","floor":22,"turns":2}],"seed_played":"6176616272643546513","potions_obtained":[{"floor":6,"key":"hexamod:DoubleChargePotion"},{"floor":8,"key":"Explosive Potion"},{"floor":10,"key":"SpeedPotion"},{"floor":12,"key":"hexamod:EctoCoolerPotion"},{"floor":14,"key":"hexamod:EctoCoolerPotion"},{"floor":19,"key":"Strength Potion"}],"is_trial":false,"path_per_floor":["R","M","M","M","?","M","T","M","R","E","?","M","R","E","M","B",null,"R","M","M","?","M"],"character_chosen":"THE_SPIRIT","items_purchased":[],"campfire_rested":0,"item_purchase_floors":[],"current_hp_per_floor":[63,63,61,61,61,55,55,47,47,39,62,64,64,64,66,12,56,56,48,20,20,0,0,0],"gold":241,"neow_bonus":"UPGRADE_CARD","is_daily":false,"chose_seed":false,"campfire_upgraded":3,"win_rate":0.0,"timestamp":1611791238,"path_taken":["R","M","M","M","?","M","T","M","R","E","?","M","R","E","M","BOSS","R","M","M","?","M"],"items_purchased_type":[],"build_version":"2020-12-22","purchased_purges":0,"victory":false,"max_hp_per_floor":[70,70,70,70,70,70,70,70,70,70,70,70,70,70,70,70,70,70,70,70,70,70,70,70],"relic_stats":{"Nunchaku":[3],"counters":[13,51],"Whetstone":["hexamod:StepThrough","hexamod:GhostLash"],"obtain_stats":[{"Nunchaku":10,"downfall:HeartBlessingRed":9,"downfall:HeartBlessingGreen":18,"Guardian:PocketSentry":14,"expansioncontent:StudyCardRelic":17,"Whetstone":7,"hexamod:SpiritBrand":0},{"Nunchaku":6,"downfall:HeartBlessingRed":5,"downfall:HeartBlessingGreen":10,"Guardian:PocketSentry":8,"expansioncontent:StudyCardRelic":10,"Whetstone":4,"hexamod:SpiritBrand":0},{"Nunchaku":20,"downfall:HeartBlessingRed":15,"downfall:HeartBlessingGreen":38,"Guardian:PocketSentry":27,"expansioncontent:StudyCardRelic":38,"Whetstone":12,"hexamod:SpiritBrand":0}]},"card_choices":[{"not_picked":["hexamod:FlamesFromBeyond","hexamod:HeatMetal"],"picked":"hexamod:GhostLash","floor":2},{"not_picked":["hexamod:RetreatToShadows","hexamod:Rewind"],"picked":"hexamod:StepThrough","floor":3},{"not_picked":["hexamod:HeatShield","hexamod:GhostShield"],"picked":"hexamod:FirstSeal","floor":4},{"not_picked":["hexamod:BacktrackSmack","hexamod:ExtraCrispy"],"picked":"hexamod:RainOfEmbers","floor":6},{"not_picked":["hexamod:SwordOfDarkness","hexamod:HeatMetal"],"picked":"hexamod:FastForward","floor":8},{"not_picked":["hexamod:SuperheatedStrike","hexamod:SpectralAdrenaline"],"picked":"hexamod:ThirdSeal","floor":10},{"not_picked":["hexamod:PhantomFireball","hexamod:GhostOfSpireFuture"],"picked":"hexamod:SpectralSpark","floor":12},{"not_picked":["hexamod:SoulSteal","hexamod:ThermalTransfer"],"picked":"hexamod:FlamesFromBeyond","floor":12},{"not_picked":["hexamod:SpectersWail","hexamod:DynamicBlow"],"picked":"hexamod:HauntingEcho","floor":14},{"not_picked":["hexamod:FlameSwitch","hexamod:NightmareStrike"],"picked":"hexamod:ParanormalForm","floor":14},{"not_picked":["hexamod:InspiringFlames","hexamod:HeatCrush"],"picked":"hexamod:ChargedBarrage","floor":15},{"not_picked":["hexamod:BacktrackSmack","hexamod:RetreatToShadows","hexamod:HeatMetal"],"picked":"SKIP","floor":15},{"not_picked":["hexamod:SearingWound","hexamod:GiftsFromTheDead"],"picked":"hexamod:WildfireWeapon","floor":16},{"not_picked":["hexamod:WildfireWeapon","hexamod:VolcanoVisage"],"picked":"hexamod:FifthSeal","floor":16},{"not_picked":["hexamod:FirstSeal","hexamod:ThirdSeal"],"picked":"hexamod:SecondSeal","floor":19},{"not_picked":["hexamod:Again+1","hexamod:SwordOfDarkness+1"],"picked":"hexamod:StepThrough","floor":19},{"not_picked":["hexamod:PhantomFireball","hexamod:PhantomCloak","hexamod:Firestarter"],"picked":"SKIP","floor":19},{"not_picked":["hexamod:FirstSeal","hexamod:ThirdSeal"],"picked":"hexamod:SixthSeal","floor":20},{"not_picked":["hexamod:SecondSeal","hexamod:SuperheatedStrike+1"],"picked":"hexamod:SoulSteal+1","floor":20},{"not_picked":["hexamod:ChargedBarrage+1","hexamod:InspiringFlames"],"picked":"hexamod:BurningTouch","floor":20}],"player_experience":504865,"relics_obtained":[{"floor":7,"key":"Whetstone"},{"floor":10,"key":"Nunchaku"},{"floor":14,"key":"Guardian:PocketSentry"}],"event_choices":[{"damage_healed":23,"gold_gain":0,"player_choice":"Banana","damage_taken":0,"max_hp_gain":0,"max_hp_loss":0,"event_name":"Big Fish","floor":11,"gold_loss":0},{"damage_healed":0,"gold_gain":0,"player_choice":"Ignored","damage_taken":0,"max_hp_gain":0,"max_hp_loss":0,"event_name":"Vampires","floor":21,"gold_loss":0}],"is_beta":false,"boss_relics":[{"not_picked":["Tiny House","Calling Bell"],"picked":"expansioncontent:StudyCardRelic"}],"items_purged_floors":[],"is_endless":false,"potions_floor_spawned":[6,8,10,12,14,19],"killed_by":"Snake Plant","ascension_level":6}}