{"host":"vumwfieg2b2mnrfl","time":1611787064,"event":{"mods":["AchievementEnabler","BaseMod","Minty Spire (QoL Compilation)","Rare Cards Sparkle","Relic Stats"],"gold_per_floor":[111,52,52,68,68,103,114,141,141,157,157,190,146,162,162,236,236,249,249,276,293,311,346,346,21,21,21,39,39,39],"floor_reached":29,"language":"ENG","playtime":931,"items_purged":["Defend_R+1"],"score":642,"play_id":"86f8208c-0688-4ba3-8ae5-573306db08ab","local_time":"20210127163744","is_ascension_mode":true,"campfire_choices":[{"data":"Armaments","floor":15,"key":"SMITH"},{"floor":24,"key":"REST"}],"circlet_count":0,"master_deck":["AscendersBane","Strike_R+1","Strike_R+1","Strike_R+1","Strike_R+1","Defend_R+1","Defend_R+1","Defend_R+1","Bash+1","Whirlwind","Armaments+1","Twin Strike+1","Armaments","Inflame","Rage","Double Tap","Twin Strike","Armaments+1","Headbutt","Demon Form","Heavy Blade+1","Shrug It Off","Shockwave"],"relics":["Burning Blood","NeowsBlessing","StrikeDummy","Prayer Wheel","Incense Burner","PreservedInsect","SacredBark","Red Mask","Eternal Feather","Membership Card","Potion Belt","Paper Frog"],"acts_visited":["Exordium","TheCity"],"potions_floor_usage":[8,14,16,18,20,23,23],"damage_taken":[{"damage":0,"enemies":"Small Slimes","floor":1,"turns":1},{"damage":0,"enemies":"2 Louse","floor":4,"turns":1},{"damage":0,"enemies":"3 Sentries","floor":6,"turns":2},{"damage":2,"enemies":"Jaw Worm","floor":7,"turns":3},{"damage":28,"enemies":"Gremlin Nob","floor":8,"turns":4},{"damage":9,"enemies":"Exordium Wildlife","floor":10,"turns":4},{"damage":10,"enemies":"3 Sentries","floor":12,"turns":7},{"damage":3,"enemies":"Lots of Slimes","floor":14,"turns":3},{"damage":0,"enemies":"The Guardian","floor":16,"turns":12},{"damage":21,"enemies":"2 Thieves","floor":18,"turns":4},{"damage":34,"enemies":"Masked Bandits","floor":20,"turns":4},{"damage":0,"enemies":"Chosen","floor":21,"turns":4},{"damage":3,"enemies":"Centurion and Healer","floor":22,"turns":5},{"damage":55,"enemies":"Book of Stabbing","floor":23,"turns":6},{"damage":13,"enemies":"Snake Plant","floor":28,"turns":4},{"damage":39,"enemies":"Snecko","floor":29,"turns":5}],"seed_played":"-3875118675671146460","potions_obtained":[{"floor":4,"key":"BlessingOfTheForge"},{"floor":7,"key":"Fire Potion"},{"floor":12,"key":"PowerPotion"},{"floor":14,"key":"Explosive Potion"},{"floor":16,"key":"Ancient Potion"},{"floor":20,"key":"BloodPotion"},{"floor":21,"key":"Swift Potion"}],"is_trial":false,"path_per_floor":["M","$","?","M","?","E","M","E","T","M","?","E","?","M","R","B",null,"M","?","?","M","M","E","R","$","T","$","M","M"],"character_chosen":"IRONCLAD","items_purchased":["Armaments","Membership Card","Shrug It Off","Potion Belt"],"campfire_rested":1,"item_purchase_floors":[2,25,25,25],"current_hp_per_floor":[74,74,67,73,73,75,75,53,53,50,27,23,23,26,26,32,64,49,49,21,27,30,11,45,45,45,45,38,0,0],"gold":39,"neow_bonus":"THREE_ENEMY_KILL","is_daily":false,"chose_seed":false,"campfire_upgraded":1,"win_rate":0.0,"timestamp":1611787064,"path_taken":["M","$","?","M","?","E","M","E","T","M","?","E","?","M","R","BOSS","M","?","?","M","M","E","R","$","T","?","M","?"],"items_purchased_type":["Card","Relic","Card","Relic"],"build_version":"2020-12-22","purchased_purges":1,"victory":false,"max_hp_per_floor":[75,75,75,75,75,75,75,75,75,75,75,75,75,75,75,75,75,75,75,75,75,75,75,75,75,75,75,75,75,75],"relic_stats":{"counters":[16,69],"Prayer Wheel":6,"Eternal Feather":12,"PreservedInsect":43,"obtain_stats":[{"Potion Belt":25,"NeowsBlessing":0,"SacredBark":17,"Prayer Wheel":8,"Eternal Feather":23,"PreservedInsect":12,"Incense Burner":9,"Red Mask":20,"Membership Card":25,"StrikeDummy":6,"Burning Blood":0,"Paper Frog":26},{"Potion Belt":14,"NeowsBlessing":0,"SacredBark":9,"Prayer Wheel":5,"Eternal Feather":14,"PreservedInsect":7,"Incense Burner":5,"Red Mask":11,"Membership Card":14,"StrikeDummy":3,"Burning Blood":0,"Paper Frog":14},{"Potion Belt":60,"NeowsBlessing":0,"SacredBark":37,"Prayer Wheel":11,"Eternal Feather":60,"PreservedInsect":22,"Incense Burner":11,"Red Mask":45,"Membership Card":60,"StrikeDummy":4,"Burning Blood":0,"Paper Frog":60}],"Burning Blood":82},"card_choices":[{"not_picked":["Warcry","Anger"],"picked":"Whirlwind","floor":1},{"not_picked":["Perfected Strike","Anger","Sentinel"],"picked":"SKIP","floor":4},{"not_picked":["Pommel Strike","Wild Strike"],"picked":"Twin Strike","floor":6},{"not_picked":["Thunderclap","Twin Strike"],"picked":"Armaments","floor":7},{"not_picked":["Hemokinesis","Reckless Charge","Heavy Blade"],"picked":"SKIP","floor":8},{"not_picked":["Clothesline","Seeing Red","Headbutt"],"picked":"SKIP","floor":10},{"not_picked":["Thunderclap","Body Slam","Sword Boomerang"],"picked":"SKIP","floor":10},{"not_picked":["Sentinel","Thunderclap"],"picked":"Inflame","floor":12},{"not_picked":["Intimidate","Sword Boomerang"],"picked":"Rage","floor":14},{"not_picked":["Infernal Blade","Flex","Entrench"],"picked":"SKIP","floor":14},{"not_picked":["Impervious","Exhume"],"picked":"Double Tap","floor":16},{"not_picked":["Thunderclap","Iron Wave"],"picked":"Twin Strike","floor":18},{"not_picked":["Burning Pact","Sentinel","Second Wind"],"picked":"SKIP","floor":18},{"not_picked":["Havoc","Feel No Pain"],"picked":"Armaments+1","floor":21},{"not_picked":["Twin Strike","Pommel Strike"],"picked":"Headbutt","floor":21},{"not_picked":["Clash","Dual Wield"],"picked":"Demon Form","floor":22},{"not_picked":["Rampage+1","Burning Pact","Havoc"],"picked":"SKIP","floor":22},{"not_picked":["Shockwave","Iron Wave"],"picked":"Heavy Blade+1","floor":23},{"not_picked":["Havoc","Wild Strike"],"picked":"Shockwave","floor":28},{"not_picked":["True Grit","Wild Strike","Carnage"],"picked":"SKIP","floor":28}],"player_experience":478014,"relics_obtained":[{"floor":6,"key":"StrikeDummy"},{"floor":8,"key":"Prayer Wheel"},{"floor":9,"key":"Incense Burner"},{"floor":12,"key":"PreservedInsect"},{"floor":20,"key":"Red Mask"},{"floor":23,"key":"Eternal Feather"},{"floor":26,"key":"Paper Frog"}],"event_choices":[{"cards_removed":["Strike_R"],"damage_healed":0,"gold_gain":0,"player_choice":"Card Removal","damage_taken":7,"max_hp_gain":0,"max_hp_loss":0,"event_name":"Golden Wing","floor":3,"gold_loss":0},{"damage_healed":0,"gold_gain":0,"player_choice":"Ignored","damage_taken":0,"max_hp_gain":0,"max_hp_loss":0,"event_name":"Liars Game","floor":5,"gold_loss":0},{"damage_healed":0,"gold_gain":0,"player_choice":"Entered Light","damage_taken":23,"max_hp_gain":0,"max_hp_loss":0,"event_name":"Shining Light","floor":11,"gold_loss":0,"cards_upgraded":["Twin Strike","Bash"]},{"damage_healed":0,"gold_gain":0,"player_choice":"Left Gold","damage_taken":0,"max_hp_gain":0,"max_hp_loss":0,"event_name":"World of Goop","floor":13,"gold_loss":44},{"damage_healed":0,"gold_gain":0,"player_choice":"Simplicity","damage_taken":0,"max_hp_gain":0,"max_hp_loss":0,"event_name":"Back to Basics","floor":19,"gold_loss":0,"cards_upgraded":["Strike_R","Strike_R","Strike_R","Strike_R","Defend_R","Defend_R","Defend_R","Defend_R"]},{"damage_healed":0,"gold_gain":0,"player_choice":"Fought Bandits","damage_taken":0,"max_hp_gain":0,"max_hp_loss":0,"event_name":"Masked Bandits","floor":20,"gold_loss":0}],"is_beta":false,"boss_relics":[{"not_picked":["Runic Pyramid","Runic Dome"],"picked":"SacredBark"}],"items_purged_floors":[25],"is_endless":false,"potions_floor_spawned":[4,7,12,14,16,20,21,22],"killed_by":"Snecko","ascension_level":18}}