{"host":"hlz9nytggqnehs39","time":1611765253,"event":{"mods":["BaseMod","Highlight Path","Minty Spire (QoL Compilation)","Relic Stats"],"gold_per_floor":[369,369,387,400,196,231,231,194,194,194,210,210,160,189,189,289,289,300,300,154,154,154,181,196,196,196,224,224,234,252,268,268,373,373,383,383,96,114,114,140,159,209,235,235,252,252,266,286,286,286],"floor_reached":51,"language":"ENG","playtime":8487,"items_purged":["Strike_B","Writhe","Strike_B"],"score":1085,"play_id":"8e5ea451-1427-4002-818e-5469f9a5760a","local_time":"20210127173413","is_ascension_mode":true,"campfire_choices":[{"data":"Sunder","floor":10,"key":"SMITH"},{"data":"Zap","floor":12,"key":"SMITH"},{"data":"Coolheaded","floor":15,"key":"SMITH"},{"data":"Barrage","floor":25,"key":"SMITH"},{"data":"1","floor":28,"key":"LIFT"},{"floor":32,"key":"REST"},{"data":"2","floor":46,"key":"LIFT"},{"data":"Amplify","floor":49,"key":"SMITH"}],"circlet_count":0,"master_deck":["Defend_B","Defend_B","Defend_B","Defend_B","Zap+1","Dualcast","Cold Snap","Conserve Battery","Hologram","Coolheaded+1","Buffer+1","Sunder+1","Glacier","Conserve Battery","Electrodynamics+1","Barrage+1","Creative AI+1","Go for the Eyes+1","Thunder Strike+1","Glacier+1","Amplify+1","Biased Cognition+1","Capacitor+1","Capacitor+1","Loop+1","Storm+1"],"relics":["Cracked Core","Frozen Egg 2","Cables","Nuclear Battery","Vajra","Nloth\u0027s Gift","Blue Candle","Molten Egg 2","Girya","Snecko Eye","Membership Card","Oddly Smooth Stone","Blood Vial","Mango","MealTicket"],"acts_visited":["Exordium","TheCity","TheBeyond"],"potions_floor_usage":[6,16,23,27,27,33,33,40,47,50,50,50],"damage_taken":[{"damage":0,"enemies":"Cultist","floor":1,"turns":4},{"damage":0,"enemies":"Jaw Worm","floor":3,"turns":4},{"damage":0,"enemies":"2 Louse","floor":4,"turns":3},{"damage":6,"enemies":"3 Sentries","floor":6,"turns":12},{"damage":0,"enemies":"Large Slime","floor":11,"turns":5},{"damage":0,"enemies":"Gremlin Nob","floor":14,"turns":4},{"damage":13,"enemies":"Slime Boss","floor":16,"turns":15},{"damage":4,"enemies":"2 Thieves","floor":18,"turns":4},{"damage":0,"enemies":"Gremlin Leader","floor":23,"turns":5},{"damage":0,"enemies":"3 Byrds","floor":24,"turns":2},{"damage":11,"enemies":"Book of Stabbing","floor":27,"turns":7},{"damage":12,"enemies":"Centurion and Healer","floor":29,"turns":5},{"damage":15,"enemies":"Snake Plant","floor":30,"turns":3},{"damage":3,"enemies":"Chosen and Byrds","floor":31,"turns":3},{"damage":0,"enemies":"Champ","floor":33,"turns":16},{"damage":0,"enemies":"3 Shapes","floor":35,"turns":2},{"damage":0,"enemies":"3 Darklings","floor":38,"turns":8},{"damage":6,"enemies":"Nemesis","floor":40,"turns":11},{"damage":0,"enemies":"Maw","floor":41,"turns":7},{"damage":0,"enemies":"Mind Bloom Boss Battle","floor":42,"turns":6},{"damage":0,"enemies":"Transient","floor":45,"turns":5},{"damage":16,"enemies":"4 Shapes","floor":47,"turns":3},{"damage":0,"enemies":"Spire Growth","floor":48,"turns":4},{"damage":26,"enemies":"Time Eater","floor":50,"turns":8}],"seed_played":"6504362437772774266","potions_obtained":[{"floor":1,"key":"Block Potion"},{"floor":6,"key":"LiquidMemories"},{"floor":14,"key":"Dexterity Potion"},{"floor":16,"key":"PotionOfCapacity"},{"floor":23,"key":"SteroidPotion"},{"floor":30,"key":"Regen Potion"},{"floor":31,"key":"Energy Potion"},{"floor":35,"key":"SteroidPotion"},{"floor":40,"key":"SkillPotion"},{"floor":41,"key":"Explosive Potion"},{"floor":47,"key":"Fire Potion"}],"is_trial":false,"path_per_floor":["M","?","M","M","$","E","?","$","T","R","M","R","?","E","R","B",null,"M","?","$","?","?","E","M","R","T","E","R","M","M","M","R","B",null,"M","?","$","M","?","E","M","?","T","?","M","R","M","M","R","B",null],"character_chosen":"DEFECT","items_purchased":["Coolheaded","PotionOfCapacity","Sunder","Barrage","Membership Card","Oddly Smooth Stone"],"campfire_rested":1,"item_purchase_floors":[5,5,8,20,37,37],"current_hp_per_floor":[68,61,61,61,61,55,55,55,55,55,55,55,55,55,55,42,62,58,58,58,58,58,58,58,58,58,47,47,35,20,17,37,52,64,64,64,64,64,64,58,60,76,76,82,82,82,66,68,68,44],"gold":286,"neow_bonus":"TWO_FIFTY_GOLD","is_daily":false,"chose_seed":false,"campfire_upgraded":5,"win_rate":0.0,"timestamp":1611765253,"path_taken":["M","?","M","M","$","E","?","$","T","R","M","R","?","E","R","BOSS","M","?","$","?","?","E","?","R","T","E","R","?","M","M","R","BOSS","M","?","$","M","?","E","M","?","T","?","?","R","M","M","R","BOSS"],"items_purchased_type":["Card","Potion","Card","Card","Relic","Relic"],"build_version":"2020-12-22","purchased_purges":3,"victory":true,"max_hp_per_floor":[68,68,68,68,68,68,68,68,68,68,68,68,68,68,68,68,68,68,68,68,68,68,68,68,68,68,68,68,68,68,68,68,68,68,68,68,68,68,68,68,68,82,82,82,82,82,82,82,82,82],"relic_stats":{"Blood Vial":8,"counters":[24,146],"Blue Candle":[0],"Snecko Eye":[65,115,101,98],"MealTicket":0,"Nloth\u0027s Gift":5,"obtain_stats":[{"Girya":27,"Blue Candle":23,"Vajra":19,"Oddly Smooth Stone":37,"Mango":42,"Frozen Egg 2":9,"Cables":14,"Nuclear Battery":17,"Blood Vial":40,"Snecko Eye":34,"Molten Egg 2":26,"MealTicket":43,"Nloth\u0027s Gift":22,"Membership Card":37,"Cracked Core":0,"Meat on the Bone":6},{"Girya":11,"Blue Candle":9,"Vajra":8,"Oddly Smooth Stone":16,"Mango":20,"Frozen Egg 2":4,"Cables":6,"Nuclear Battery":7,"Blood Vial":18,"Snecko Eye":15,"Molten Egg 2":10,"MealTicket":20,"Nloth\u0027s Gift":8,"Membership Card":16,"Cracked Core":0,"Meat on the Bone":4},{"Girya":65,"Blue Candle":56,"Vajra":51,"Oddly Smooth Stone":94,"Mango":126,"Frozen Egg 2":23,"Cables":32,"Nuclear Battery":47,"Blood Vial":113,"Snecko Eye":92,"Molten Egg 2":58,"MealTicket":126,"Nloth\u0027s Gift":51,"Membership Card":94,"Cracked Core":0,"Meat on the Bone":23}],"Cables":[106,61,41,0,4]},"card_choices":[{"not_picked":["Double Energy","Turbo"],"picked":"Cold Snap","floor":1},{"not_picked":["Redo","Leap"],"picked":"Conserve Battery","floor":3},{"not_picked":["Redo","Scrape"],"picked":"Hologram","floor":4},{"not_picked":["Scrape","Cold Snap"],"picked":"Buffer","floor":6},{"not_picked":["Static Discharge+1","Sweeping Beam"],"picked":"Glacier","floor":11},{"not_picked":["Hologram","Cold Snap"],"picked":"Conserve Battery","floor":14},{"not_picked":["Rainbow","Reboot"],"picked":"Electrodynamics+1","floor":16},{"not_picked":["Hologram","Hello World+1","Gash+1"],"picked":"SKIP","floor":18},{"not_picked":["Rebound","Reinforced Body"],"picked":"Creative AI+1","floor":23},{"not_picked":["Turbo","Reboot"],"picked":"Go for the Eyes+1","floor":24},{"not_picked":["Tempest","Fission"],"picked":"Auto Shields+1","floor":27},{"not_picked":["Sweeping Beam+1","Go for the Eyes+1"],"picked":"Cold Snap+1","floor":29},{"not_picked":["Sweeping Beam+1","Leap+1"],"picked":"Thunder Strike+1","floor":30},{"not_picked":["Reinforced Body","Turbo"],"picked":"Glacier+1","floor":31},{"not_picked":["Machine Learning+1","Creative AI+1"],"picked":"Amplify","floor":33},{"not_picked":["Hologram","Chill","Beam Cell+1"],"picked":"SKIP","floor":35},{"not_picked":["Turbo+1","Conserve Battery","Gash+1"],"picked":"SKIP","floor":38},{"not_picked":["Steam Power","Seek"],"picked":"Biased Cognition+1","floor":40},{"not_picked":["Ball Lightning+1","Turbo+1"],"picked":"Capacitor+1","floor":41},{"not_picked":["Genetic Algorithm","Go for the Eyes+1"],"picked":"Capacitor+1","floor":42},{"not_picked":["Stack","Leap","Steam+1"],"picked":"SKIP","floor":45},{"not_picked":["Capacitor+1","Steam Power"],"picked":"Loop+1","floor":47},{"not_picked":["Cold Snap+1","Double Energy+1"],"picked":"Storm+1","floor":48}],"player_experience":394227,"relics_obtained":[{"floor":6,"key":"Meat on the Bone"},{"floor":9,"key":"Frozen Egg 2"},{"floor":14,"key":"Cables"},{"floor":23,"key":"Blue Candle"},{"floor":26,"key":"Molten Egg 2"},{"floor":27,"key":"Girya"},{"floor":40,"key":"Blood Vial"},{"floor":42,"key":"Mango"},{"floor":43,"key":"MealTicket"}],"event_choices":[{"cards_removed":["Strike_B"],"damage_healed":0,"gold_gain":0,"player_choice":"Card Removal","damage_taken":7,"max_hp_gain":0,"max_hp_loss":0,"event_name":"Golden Wing","floor":2,"gold_loss":0},{"damage_healed":0,"gold_gain":0,"player_choice":"Grow","damage_taken":0,"max_hp_gain":0,"max_hp_loss":0,"event_name":"Living Wall","floor":7,"gold_loss":0,"cards_upgraded":["Buffer"]},{"cards_removed":["Strike_B"],"damage_healed":0,"gold_gain":0,"player_choice":"Card Removal","damage_taken":0,"max_hp_gain":0,"max_hp_loss":0,"event_name":"The Cleric","floor":13,"gold_loss":50},{"damage_healed":0,"gold_gain":0,"player_choice":"Opened","damage_taken":0,"relics_obtained":["Vajra"],"max_hp_gain":0,"max_hp_loss":0,"event_name":"The Mausoleum","floor":19,"gold_loss":0,"cards_obtained":["Writhe"]},{"damage_healed":0,"gold_gain":0,"player_choice":"Ignored","damage_taken":0,"max_hp_gain":0,"max_hp_loss":0,"event_name":"Ghosts","floor":21,"gold_loss":0},{"damage_healed":0,"gold_gain":0,"player_choice":"Traded Relic","damage_taken":0,"relics_obtained":["Nloth\u0027s Gift"],"max_hp_gain":0,"max_hp_loss":0,"event_name":"N\u0027loth","floor":22,"relics_lost":["Meat on the Bone"],"gold_loss":0},{"cards_removed":["Cold Snap"],"damage_healed":0,"gold_gain":0,"player_choice":"Removed Attack","damage_taken":0,"max_hp_gain":0,"max_hp_loss":0,"event_name":"Falling","floor":36,"gold_loss":0},{"damage_healed":0,"gold_gain":0,"player_choice":"Ignored","damage_taken":0,"max_hp_gain":0,"max_hp_loss":0,"event_name":"Tomb of Lord Red Mask","floor":39,"gold_loss":0},{"damage_healed":0,"gold_gain":0,"player_choice":"Fight","damage_taken":0,"max_hp_gain":0,"max_hp_loss":0,"event_name":"MindBloom","floor":42,"gold_loss":0},{"cards_removed":["Auto Shields"],"damage_healed":6,"gold_gain":0,"player_choice":"Offered Uncommon","damage_taken":0,"max_hp_gain":0,"max_hp_loss":0,"event_name":"Bonfire Elementals","floor":44,"gold_loss":0}],"is_beta":false,"boss_relics":[{"not_picked":["FrozenCore","Calling Bell"],"picked":"Nuclear Battery"},{"not_picked":["Astrolabe","Velvet Choker"],"picked":"Snecko Eye"}],"items_purged_floors":[5,20,37],"is_endless":false,"potions_floor_spawned":[1,6,14,16,23,30,31,35,40,41,47],"ascension_level":8}}