{"host":"a3oe3gstxz77c7qu","time":1611768583,"event":{"mods":["2.2 Compatiblity","Act Like it!","Astrologer","BaseMod","Bestiary","Better Altar","Better Match","Better Note","Better Skull","Better Third Choice","Block Reminder","Curses Come First","Custom Start","Dark Map","Downfall","Fox Events","Friendly Minions","GifTheSpireLib","Hallownest","Hermit","Jorbs\u0027s Wanderer Trilogy","Lobotomy","LobotomyExtend","Marisa????????","Minty Spire (QoL Compilation)","Permanent Neow","Quick Restart","Relic Stats","Spire Arcade","StSLib","The Bug Knight","The Cursed","The Disciple","The Jungle","Uncapped","Unknown Chances","Wandering Minibosses"],"gold_per_floor":[115,190,190,200,71,106,118,118,118,150,161,161,161,175,175,276,276,276,293,293,293,29,29,48,83,137,157,157,187,199,228,228,331,331,331,331],"floor_reached":35,"language":"ENG","playtime":3188,"items_purged":["Strike_Br","LockedWarPaint+1"],"score":659,"play_id":"0daf3bec-13c9-45dd-b012-85bb607c4b89","local_time":"20210127172943","is_ascension_mode":true,"campfire_choices":[{"data":"LockedWarPaint","floor":8,"key":"SMITH"},{"floor":12,"key":"REST"},{"data":"1","floor":15,"key":"LIFT"},{"data":"2","floor":23,"key":"LIFT"},{"data":"3","floor":32,"key":"LIFT"}],"circlet_count":0,"master_deck":["Strike_Br+1","Strike_Br+1","Defend_Br+1","Defend_Br+1","Defend_Br+1","Defend_Br+1","SecondHand","PatternShift","LockedPlans","DespairKnight","LockedAnchor","HandsUpC","LockedThread","LockedScales","MeatLantern","QueenOfHatred","HandsUpB","Accruing","CrunchTime","Flay","Flay"],"relics":["Chronograph","CogitoBucket","RabbitCall","LetterFromLob","Cryopreserver","InkBottle","Girya","SkinProphecy","Nitrogen?","Membership Card","sneckomod:BlankCard","Blood Vial","TreeSap","Bag of Marbles","Boot","sneckomod:SneckoTalon"],"acts_visited":["Exordium","TheCity","TheBeyond"],"potions_floor_usage":[11,19,25,25,27,27,31,35],"damage_taken":[{"damage":3,"enemies":"Small Slimes","floor":1,"turns":5},{"damage":0,"enemies":"Jaw Worm","floor":4,"turns":5},{"damage":0,"enemies":"HollowMod:MossKnight","floor":6,"turns":36},{"damage":0,"enemies":"Cultist","floor":7,"turns":6},{"damage":36,"enemies":"Gremlin Nob","floor":10,"turns":7},{"damage":0,"enemies":"2 Fungi Beasts","floor":11,"turns":8},{"damage":0,"enemies":"Large Slime","floor":14,"turns":12},{"damage":0,"enemies":"Hexaghost","floor":16,"turns":18},{"damage":0,"enemies":"3 Byrds","floor":18,"turns":8},{"damage":31,"enemies":"3 Byrds","floor":19,"turns":3},{"damage":0,"enemies":"Chosen","floor":24,"turns":6},{"damage":22,"enemies":"Slavers","floor":25,"turns":9},{"damage":0,"enemies":"3 Cultists","floor":27,"turns":7},{"damage":0,"enemies":"HollowMod:Nosk","floor":29,"turns":10},{"damage":6,"enemies":"Sentry and Sphere","floor":30,"turns":9},{"damage":13,"enemies":"Slavers","floor":31,"turns":6},{"damage":0,"enemies":"Automaton","floor":33,"turns":11},{"damage":115,"enemies":"Orb Walker","floor":35,"turns":4}],"seed_played":"-1841176968367198701","potions_obtained":[{"floor":4,"key":"Fruit Juice"},{"floor":6,"key":"sneckomod:MuddlingPotion"},{"floor":10,"key":"EssenceOfSteel"},{"floor":16,"key":"EntropicBrew"},{"floor":19,"key":"Swift Potion"},{"floor":24,"key":"ColorlessPotion"},{"floor":25,"key":"SteroidPotion"},{"floor":28,"key":"DistilledChaos"},{"floor":33,"key":"Dexterity Potion"}],"is_trial":false,"path_per_floor":["M","?","?","M","$","E","M","R","T","E","M","R","?","M","R","B",null,"M","M","?","?","$","R","M","E","T","M","?","E","M","E","R","B",null,"M"],"character_chosen":"CHRONO_CLASS","items_purchased":["LockedAnchor","Membership Card","HandsUpB","Accruing"],"campfire_rested":1,"item_purchase_floors":[5,22,22,22],"current_hp_per_floor":[62,51,44,44,44,44,44,44,44,8,8,27,27,23,23,19,69,65,35,35,35,35,35,43,29,29,25,25,44,51,42,42,58,94,0,0],"gold":331,"neow_bonus":"","is_daily":false,"chose_seed":false,"campfire_upgraded":1,"win_rate":0.0,"timestamp":1611768583,"path_taken":["M","?","?","M","$","E","?","R","T","E","M","R","?","M","R","BOSS","M","M","?","?","$","R","M","E","T","M","?","E","M","E","R","BOSS","M"],"items_purchased_type":["Card","Relic","Card","Card"],"build_version":"2020-12-22","purchased_purges":2,"victory":false,"max_hp_per_floor":[65,65,65,65,65,65,65,65,65,65,65,65,65,67,67,69,69,71,78,78,78,78,78,80,82,82,86,86,88,90,92,92,94,94,68,68],"relic_stats":{"Blood Vial":16,"counters":[21,172],"Boot":[0],"obtain_stats":[{"RabbitCall":0,"Girya":10,"Cryopreserver":6,"sneckomod:BlankCard":25,"SkinProphecy":11,"Boot":31,"sneckomod:SneckoTalon":34,"Chronograph":17,"Blood Vial":26,"CogitoBucket":0,"Chronometer":0,"TreeSap":27,"Nitrogen?":13,"LetterFromLob":1,"Bag of Marbles":29,"Membership Card":22,"InkBottle":9},{"RabbitCall":0,"Girya":5,"Cryopreserver":3,"sneckomod:BlankCard":13,"SkinProphecy":7,"Boot":18,"sneckomod:SneckoTalon":19,"Chronograph":9,"Blood Vial":13,"CogitoBucket":0,"Chronometer":0,"TreeSap":15,"Nitrogen?":7,"LetterFromLob":1,"Bag of Marbles":16,"Membership Card":11,"InkBottle":4},{"RabbitCall":0,"Girya":59,"Cryopreserver":46,"sneckomod:BlankCard":124,"SkinProphecy":68,"Boot":156,"sneckomod:SneckoTalon":167,"Chronograph":98,"Blood Vial":124,"CogitoBucket":0,"Chronometer":0,"TreeSap":131,"Nitrogen?":68,"LetterFromLob":5,"Bag of Marbles":141,"Membership Card":109,"InkBottle":52}],"InkBottle":[35]},"card_choices":[{"not_picked":["Analog","LockedBlood"],"picked":"LockedWarPaint","floor":1},{"not_picked":["Scarecrow","Freischutz","BeautyBeast"],"picked":"Singing Bowl","floor":1},{"not_picked":["ShortSighted","AlternateTimeline"],"picked":"LockedPlans","floor":4},{"not_picked":["FairyFestival","ShyLook","Scorched"],"picked":"Singing Bowl","floor":4},{"not_picked":["VoidDream","BeautyBeast"],"picked":"DespairKnight","floor":4},{"not_picked":["Tempo","BlueShift"],"picked":"HandsUpC","floor":6},{"not_picked":["SpiderBud","BigBird","Murderer"],"picked":"Singing Bowl","floor":6},{"not_picked":["LockedOrichalcum","LockedAnchor"],"picked":"LockedThread","floor":7},{"not_picked":["VoidDream","Wellcheers","BeautyBeast"],"picked":"Singing Bowl","floor":7},{"not_picked":["Laetitia","QueenOfHatred","WallGazer"],"picked":"Singing Bowl","floor":10},{"not_picked":["WatchCommand","Cuckoo","LockedAnchor"],"picked":"SKIP","floor":10},{"not_picked":["LockedMedicine","LockedTurtyl"],"picked":"LockedScales","floor":11},{"not_picked":["LaLuna","VoidDream"],"picked":"MeatLantern","floor":11},{"not_picked":["MHz","LaLuna","Mercenary"],"picked":"Singing Bowl","floor":14},{"not_picked":["Echonomics","Echoward","Engulf"],"picked":"SKIP","floor":14},{"not_picked":["OSAHOGD","BigBird","GreedKing"],"picked":"Singing Bowl","floor":16},{"not_picked":["BeautyBeast","WallGazer","Porccubus"],"picked":"Singing Bowl","floor":19},{"not_picked":["Yin","Freischutz"],"picked":"QueenOfHatred","floor":19},{"not_picked":["ReapSow","LockedMedicine","WakeUpCall"],"picked":"SKIP","floor":19},{"not_picked":["LockedMawBank","BlueShift"],"picked":"CrunchTime","floor":24},{"not_picked":["LaLuna","SpiderBud","DreamingCurrent"],"picked":"Singing Bowl","floor":24},{"not_picked":["SilentOrchestra","Variant","WhitesApple"],"picked":"Singing Bowl","floor":25},{"not_picked":["LockedUrn","Goo","LockedMedicine"],"picked":"SKIP","floor":25},{"not_picked":["LongBird","HappyTeddy","MeltingLove"],"picked":"Singing Bowl","floor":27},{"not_picked":["BlueShift","CrunchTime","Stagnate+1"],"picked":"SKIP","floor":27},{"not_picked":["MHz","HappyTeddy","ShyLook"],"picked":"Singing Bowl","floor":29},{"not_picked":["ExoVibe+1","Tempo","BiteCommand+1"],"picked":"SKIP","floor":29},{"not_picked":["BlueStar","HappyTeddy","Rudolta"],"picked":"Singing Bowl","floor":30},{"not_picked":["BeatsPerMinute","LockedTurtyl","Echoward"],"picked":"SKIP","floor":30},{"not_picked":["Stagnate+1","Echoward+1"],"picked":"Flay","floor":31},{"not_picked":["Porccubus","Alriune","CENSORED"],"picked":"Singing Bowl","floor":31},{"not_picked":["Fragmentalize","RageCommand"],"picked":"Flay","floor":33},{"not_picked":["LittlePrince","CrumblingArmor","MeltingLove"],"picked":"Singing Bowl","floor":33}],"player_experience":1099148,"relics_obtained":[{"floor":1,"key":"LetterFromLob"},{"floor":6,"key":"Cryopreserver"},{"floor":9,"key":"InkBottle"},{"floor":10,"key":"Girya"},{"floor":25,"key":"sneckomod:BlankCard"},{"floor":26,"key":"Blood Vial"},{"floor":29,"key":"Bag of Marbles"},{"floor":31,"key":"Boot"}],"event_choices":[{"damage_healed":0,"gold_gain":75,"player_choice":"Gold","damage_taken":11,"max_hp_gain":0,"max_hp_loss":0,"event_name":"betterThird:BetterGoop","floor":2,"gold_loss":0},{"cards_removed":["Strike_Br"],"damage_healed":0,"gold_gain":0,"player_choice":"Card Removal","damage_taken":7,"max_hp_gain":0,"max_hp_loss":0,"event_name":"Golden Wing","floor":3,"gold_loss":0},{"damage_healed":0,"gold_gain":0,"player_choice":"Simplicity","damage_taken":0,"max_hp_gain":0,"max_hp_loss":6,"event_name":"betterThird:BetterWriting","floor":20,"gold_loss":0},{"damage_healed":0,"gold_gain":0,"player_choice":"Ignored","damage_taken":0,"max_hp_gain":0,"max_hp_loss":0,"event_name":"N\u0027loth","floor":21,"gold_loss":0},{"damage_healed":0,"gold_gain":0,"player_choice":"Got Potions","damage_taken":0,"max_hp_gain":0,"max_hp_loss":0,"event_name":"Lab","floor":28,"gold_loss":0}],"is_beta":false,"boss_relics":[{"not_picked":["Runic Dome","Tiny House"],"picked":"Chronograph"},{"not_picked":["SlaversCollar","Philosopher\u0027s Stone"],"picked":"sneckomod:SneckoTalon"}],"items_purged_floors":[5,22],"is_endless":false,"potions_floor_spawned":[4,6,10,16,19,24,25,33],"killed_by":"Orb Walker","ascension_level":3}}