{"host":"yvb207ks1sg3cxef","time":1611757802,"event":{"mods":["2.2 Compatiblity","BaseMod","Bestiary","Colored Powertips","Minty Spire (QoL Compilation)","Permanent Neow","Quick Restart","Relic Stats","StSLib"],"gold_per_floor":[20,37,37,53,53,53,53,67,90,128,128,162,174,186,198,315,327,355,388,411,423,463,475,475],"floor_reached":23,"language":"ENG","playtime":1111,"items_purged":[],"score":251,"play_id":"9fa91faf-07c8-43ab-9286-829a825f2a4f","local_time":"20210127200002","is_ascension_mode":true,"campfire_choices":[{"data":"Zap","floor":6,"key":"SMITH"},{"data":"Creative AI","floor":11,"key":"SMITH"},{"data":"Chill","floor":13,"key":"SMITH"},{"data":"Fission","floor":15,"key":"SMITH"}],"circlet_count":0,"master_deck":["Strike_B","Strike_B","Defend_B","Defend_B","Defend_B","Zap+1","Dualcast","Genetic Algorithm+1","Leap","Ball Lightning","Fission+1","Creative AI+1","Chill+1","Fission","Glacier","BootSequence+1"],"relics":["Cracked Core","Art of War","CeramicFish","MawBank","Black Star"],"acts_visited":["Exordium","TheCity"],"potions_floor_usage":[8,10,18,19,20],"damage_taken":[{"damage":3,"enemies":"2 Louse","floor":1,"turns":2},{"damage":0,"enemies":"Cultist","floor":2,"turns":3},{"damage":5,"enemies":"Jaw Worm","floor":4,"turns":4},{"damage":0,"enemies":"Gremlin Gang","floor":8,"turns":2},{"damage":23,"enemies":"Gremlin Nob","floor":10,"turns":4},{"damage":9,"enemies":"Lagavulin","floor":12,"turns":7},{"damage":13,"enemies":"Hexaghost","floor":16,"turns":10},{"damage":3,"enemies":"2 Thieves","floor":18,"turns":4},{"damage":11,"enemies":"Chosen","floor":19,"turns":6},{"damage":12,"enemies":"Sentry and Sphere","floor":20,"turns":8},{"damage":29,"enemies":"Snecko","floor":22,"turns":8},{"damage":55,"enemies":"Gremlin Leader","floor":23,"turns":7}],"seed_played":"-4981449325467675809","potions_obtained":[{"floor":2,"key":"Dexterity Potion"},{"floor":4,"key":"Explosive Potion"},{"floor":8,"key":"Swift Potion"},{"floor":10,"key":"AttackPotion"},{"floor":18,"key":"EssenceOfSteel"},{"floor":19,"key":"Block Potion"},{"floor":22,"key":"FearPotion"}],"is_trial":false,"path_per_floor":["M","M","?","M","?","R","?","M","T","E","R","E","R","$","R","B",null,"M","M","M","?","M","E"],"character_chosen":"DEFECT","items_purchased":[],"campfire_rested":0,"item_purchase_floors":[],"current_hp_per_floor":[72,72,72,67,67,67,67,67,67,44,44,35,35,35,35,22,62,59,48,36,75,46,0,0],"gold":475,"neow_bonus":"REMOVE_TWO","is_daily":false,"chose_seed":false,"campfire_upgraded":4,"win_rate":0.0,"timestamp":1611757802,"path_taken":["M","M","?","?","?","R","?","M","T","E","R","E","R","$","R","BOSS","M","?","M","?","M","E"],"items_purchased_type":[],"build_version":"2020-12-22","purchased_purges":0,"victory":false,"max_hp_per_floor":[75,75,75,75,75,75,75,75,75,75,75,75,75,75,75,75,75,75,75,75,75,75,75,75],"relic_stats":{"counters":[12,65],"CeramicFish":45,"Art of War":[24],"Black Star":0,"MawBank":132,"obtain_stats":[{"CeramicFish":10,"Art of War":9,"Black Star":17,"Cracked Core":0,"MawBank":12},{"CeramicFish":5,"Art of War":4,"Black Star":7,"Cracked Core":0,"MawBank":6},{"CeramicFish":15,"Art of War":11,"Black Star":32,"Cracked Core":0,"MawBank":22}]},"card_choices":[{"not_picked":["Conserve Battery","Hologram"],"picked":"Genetic Algorithm","floor":1},{"not_picked":["Coolheaded","Reprogram"],"picked":"Leap","floor":2},{"not_picked":["Undo","Steam"],"picked":"Ball Lightning","floor":4},{"not_picked":["Blizzard","Rebound"],"picked":"Defragment","floor":8},{"not_picked":["Hologram","Multi-Cast"],"picked":"Creative AI","floor":10},{"not_picked":["Force Field","Blizzard"],"picked":"Chill","floor":12},{"not_picked":["Meteor Strike","Core Surge"],"picked":"Fission","floor":16},{"not_picked":["Steam Power","Go for the Eyes","Blizzard"],"picked":"SKIP","floor":18},{"not_picked":["Compile Driver","Gash+1"],"picked":"Glacier","floor":19},{"not_picked":["Gash+1","Hologram+1","Aggregate"],"picked":"SKIP","floor":20},{"not_picked":["Beam Cell","Barrage+1"],"picked":"BootSequence+1","floor":22}],"player_experience":487257,"relics_obtained":[{"floor":9,"key":"Art of War"},{"floor":10,"key":"CeramicFish"},{"floor":12,"key":"MawBank"}],"event_choices":[{"damage_healed":0,"gold_gain":0,"player_choice":"Forge","damage_taken":0,"max_hp_gain":0,"max_hp_loss":0,"event_name":"Accursed Blacksmith","floor":3,"gold_loss":0,"cards_upgraded":["Genetic Algorithm"]},{"damage_healed":0,"gold_gain":0,"player_choice":"Ignored","damage_taken":0,"max_hp_gain":0,"max_hp_loss":0,"event_name":"Liars Game","floor":5,"gold_loss":0},{"damage_healed":0,"gold_gain":0,"cards_transformed":["Strike_B"],"player_choice":"Transformed","damage_taken":0,"max_hp_gain":0,"max_hp_loss":0,"event_name":"Transmorgrifier","floor":7,"gold_loss":0,"cards_obtained":["Fission"]},{"cards_removed":["Defragment"],"damage_healed":39,"gold_gain":0,"player_choice":"Offered Uncommon","damage_taken":0,"max_hp_gain":0,"max_hp_loss":0,"event_name":"Bonfire Elementals","floor":21,"gold_loss":0}],"is_beta":false,"boss_relics":[{"not_picked":["Ectoplasm","Sozu"],"picked":"Black Star"}],"items_purged_floors":[],"is_endless":false,"potions_floor_spawned":[2,4,8,10,18,19,22],"killed_by":"Gremlin Leader","ascension_level":5}}