{"host":"zw3x6hwkln2702ol","time":1611743025,"event":{"mods":["AchievementEnabler","BaseMod","Card Forge","Colored Map","Default Mod","Minty Spire (QoL Compilation)","StSLib","TestMod"],"gold_per_floor":[154,229,269,334,404,518,518,669,669,758,878,939,939,1007,1007,1347,1347,1434,1434,796,833,926,1150,1290,1486,1558,1558,2278,2465,2465,2609,2609,3124,3124,3268,2697,2820,2243,2412,2412,2646,2864,2911,3261,3545,3545,3695,3948,3948,4444,4444,4444,3914,4251,5065],"floor_reached":56,"language":"ZHS","playtime":3046,"items_purged":["Strike_P","Defend_P","Defend_P"],"score":2701,"play_id":"2f211ef5-064f-49cf-b3da-21750fa05df8","local_time":"20210127182344","is_ascension_mode":true,"campfire_choices":[{"data":"Eruption","floor":7,"key":"SMITH"},{"data":"Scrawl","floor":15,"key":"SMITH"},{"floor":27,"key":"RECALL"},{"data":"EmptyMind","floor":30,"key":"SMITH"},{"data":"PathToVictory","floor":32,"key":"SMITH"},{"data":"Alpha","floor":40,"key":"SMITH"},{"data":"Finesse","floor":46,"key":"SMITH"},{"data":"Defend_P","floor":49,"key":"SMITH"},{"floor":52,"key":"REST"}],"circlet_count":0,"master_deck":["AscendersBane","Defend_P+1","Eruption+1","Vigilance+1","PathToVictory+1","Scrawl+1","JustLucky+1","InnerPeace+1","Tantrum+1","Wallop+1","Pray+1","TalkToTheHand+1","Scrawl+1","Prostrate+1","Scrawl+1","Omniscience+1","PathToVictory+1","EmptyMind+1","Finesse+1","Alpha+1","Devotion+1","ForeignInfluence+1","Panacea+1","zzy:StrongDefendSkill+1","testmod-LifeRuler+1","Bloodletting+1","Distraction+1","testmod-PowerStrike+1","Entrench+1"],"relics":["PureWater","Hammer of Thor","Seething Fire","Anvil of the Gods","zzy:PlaceholderRelic","testmod-TestBox","testmod-Recursion","Damaru","Sundial","Gremlin Horn","Mercury Hourglass","Empty Cage","Blue Candle","testmod-Antiphasic","Orrery","Strawberry","Red Mask","testmod-OneHitWonder","Ornamental Fan","testmod-DeterminationOfClimber","Toxic Egg 2","Ancient Tea Set","Oddly Smooth Stone","PrismaticShard","Juzu Bracelet","MealTicket","Bronze Scales","Membership Card","testmod-CyclicPeriapt","Letter Opener","Calipers"],"acts_visited":["Exordium","TheCity","TheBeyond","TheEnding"],"potions_floor_usage":[16,23,24,33,55,55],"damage_taken":[{"damage":0,"enemies":"Jaw Worm","floor":1,"turns":2},{"damage":0,"enemies":"2 Louse","floor":3,"turns":1},{"damage":0,"enemies":"Cultist","floor":4,"turns":3},{"damage":0,"enemies":"Blue Slaver","floor":5,"turns":3},{"damage":0,"enemies":"Gremlin Nob","floor":6,"turns":3},{"damage":0,"enemies":"3 Sentries","floor":8,"turns":4},{"damage":0,"enemies":"Exordium Thugs","floor":10,"turns":2},{"damage":0,"enemies":"Gremlin Nob","floor":11,"turns":2},{"damage":0,"enemies":"Looter","floor":12,"turns":2},{"damage":0,"enemies":"2 Fungi Beasts","floor":14,"turns":1},{"damage":5,"enemies":"Hexaghost","floor":16,"turns":4},{"damage":0,"enemies":"Shell Parasite","floor":18,"turns":2},{"damage":0,"enemies":"Spheric Guardian","floor":21,"turns":3},{"damage":2,"enemies":"Snake Plant","floor":22,"turns":3},{"damage":0,"enemies":"Slavers","floor":23,"turns":3},{"damage":0,"enemies":"Masked Bandits","floor":24,"turns":1},{"damage":0,"enemies":"Book of Stabbing","floor":25,"turns":3},{"damage":0,"enemies":"Slavers","floor":29,"turns":3},{"damage":0,"enemies":"Snecko","floor":31,"turns":4},{"damage":1,"enemies":"Champ","floor":33,"turns":3},{"damage":0,"enemies":"3 Shapes","floor":35,"turns":1},{"damage":0,"enemies":"Orb Walker","floor":37,"turns":1},{"damage":0,"enemies":"Jaw Worm Horde","floor":39,"turns":1},{"damage":0,"enemies":"Spire Growth","floor":41,"turns":1},{"damage":0,"enemies":"Writhing Mass","floor":42,"turns":1},{"damage":0,"enemies":"Maw","floor":44,"turns":1},{"damage":1,"enemies":"Reptomancer","floor":45,"turns":1},{"damage":1,"enemies":"Nemesis","floor":48,"turns":1},{"damage":0,"enemies":"Time Eater","floor":50,"turns":3},{"damage":0,"enemies":"Shield and Spear","floor":54,"turns":1},{"damage":1,"enemies":"The Heart","floor":55,"turns":1}],"seed_played":"487997417557540079","potions_obtained":[{"floor":1,"key":"Explosive Potion"},{"floor":4,"key":"Swift Potion"},{"floor":16,"key":"Explosive Potion"},{"floor":21,"key":"Energy Potion"},{"floor":23,"key":"Explosive Potion"},{"floor":24,"key":"LiquidBronze"},{"floor":33,"key":"Explosive Potion"},{"floor":39,"key":"PowerPotion"}],"is_trial":false,"path_per_floor":["M","?","M","M","M","E","R","E","T","M","E","M","?","M","R","B",null,"M","?","$","M","M","E","?","E","T","R","?","E","R","M","R","B",null,"M","$","M","$","M","R","M","M","T","M","E","R","?","E","R","B",null,"R","$","E","B",null],"character_chosen":"WATCHER","items_purchased":["Blue Candle","testmod-Antiphasic","Orrery","CeramicFish","Toxic Egg 2","Panacea+1","Ancient Tea Set","Oddly Smooth Stone","PrismaticShard","Membership Card","testmod-CyclicPeriapt","Letter Opener","testmod-PowerStrike+1"],"campfire_rested":1,"item_purchase_floors":[20,20,20,36,36,36,38,38,38,53,53,53,53],"current_hp_per_floor":[61,56,56,56,56,56,56,56,56,56,56,56,56,56,56,54,66,66,66,66,66,66,73,73,73,73,73,18,18,18,18,18,18,75,84,84,94,94,94,94,94,94,94,94,95,95,95,96,96,96,96,96,96,96,97],"gold":5065,"neow_bonus":"THREE_CARDS","is_daily":false,"chose_seed":false,"campfire_upgraded":7,"win_rate":0.0,"timestamp":1611743024,"path_taken":["M","?","M","M","M","E","R","E","T","M","E","M","?","?","R","BOSS","M","?","$","M","M","E","?","E","T","R","?","E","R","M","R","BOSS","M","$","M","$","M","R","M","M","T","M","E","R","?","E","R","BOSS","R","$","E","BOSS"],"items_purchased_type":["Relic","Relic","Relic","Relic","Relic","Card","Relic","Relic","Relic","Relic","Relic","Relic","Card"],"build_version":"2020-12-22","purchased_purges":3,"victory":true,"max_hp_per_floor":[68,69,69,69,69,69,69,69,69,69,69,69,69,69,69,70,70,70,70,70,70,71,78,78,78,78,78,93,93,93,93,93,94,94,94,94,94,94,94,94,94,94,94,94,95,95,95,96,96,96,96,96,96,96,97],"card_choices":[{"not_picked":["EmptyBody","FollowUp"],"picked":"PathToVictory","floor":0},{"not_picked":["Swivel","WreathOfFlame","ReachHeaven"],"picked":"SKIP","floor":1},{"not_picked":["FollowUp","FlyingSleeves","ClearTheMind"],"picked":"SKIP","floor":3},{"not_picked":["Tantrum","ThirdEye"],"picked":"Scrawl","floor":4},{"not_picked":["WindmillStrike","ThirdEye"],"picked":"JustLucky","floor":5},{"not_picked":["FlyingSleeves","Indignation"],"picked":"InnerPeace","floor":6},{"not_picked":["TalkToTheHand","ReachHeaven"],"picked":"Tantrum","floor":8},{"not_picked":["ThirdEye","Protect","CrushJoints"],"picked":"SKIP","floor":10},{"not_picked":["DeceiveReality","ClearTheMind"],"picked":"Wallop","floor":11},{"not_picked":["FlyingSleeves","FlurryOfBlows"],"picked":"Pray","floor":12},{"not_picked":["ThirdEye","Worship"],"picked":"TalkToTheHand","floor":14},{"not_picked":["MasterReality","Ragnarok"],"picked":"Scrawl","floor":16},{"not_picked":["PathToVictory","MentalFortress","Tantrum+1"],"picked":"SKIP","floor":18},{"not_picked":["Prostrate","Crescendo"],"picked":"Scrawl","floor":20},{"not_picked":["JustLucky","CutThroughFate"],"picked":"Omniscience","floor":20},{"not_picked":["Worship","Prostrate"],"picked":"PathToVictory+1","floor":21},{"not_picked":["Wallop","WindmillStrike","SandsOfTime"],"picked":"SKIP","floor":22},{"not_picked":["FollowUp","InnerPeace"],"picked":"EmptyMind","floor":23},{"not_picked":["Crescendo","Tantrum","ThirdEye"],"picked":"SKIP","floor":25},{"not_picked":["PathToVictory","Prostrate","BattleHymn"],"picked":"SKIP","floor":29},{"not_picked":["Study","Tantrum"],"picked":"Alpha","floor":31},{"not_picked":["Alpha","Establishment"],"picked":"Devotion","floor":33},{"not_picked":["JustLucky","FlyingSleeves+1"],"picked":"ForeignInfluence","floor":35},{"not_picked":["SandsOfTime","FlurryOfBlows","SashWhip+1"],"picked":"SKIP","floor":37},{"not_picked":["Ball Lightning","Flash of Steel"],"picked":"zzy:StrongDefendSkill+1","floor":39},{"not_picked":["Quick Slash","Battle Trance+1"],"picked":"testmod-LifeRuler+1","floor":41},{"not_picked":["WheelKick","Flex+1","Iron Wave"],"picked":"SKIP","floor":42},{"not_picked":["Deadly Poison+1","Deflect+1"],"picked":"Bloodletting+1","floor":44},{"not_picked":["True Grit+1","PanicButton+1","Expertise+1"],"picked":"SKIP","floor":45},{"not_picked":["Bane","Flying Knee+1"],"picked":"Distraction+1","floor":48},{"not_picked":["Storm","Thunderclap"],"picked":"Entrench+1","floor":54}],"player_experience":353893,"relics_obtained":[{"floor":6,"key":"Damaru"},{"floor":8,"key":"Sundial"},{"floor":9,"key":"Gremlin Horn"},{"floor":11,"key":"Mercury Hourglass"},{"floor":23,"key":"Strawberry"},{"floor":24,"key":"Red Mask"},{"floor":25,"key":"testmod-OneHitWonder"},{"floor":29,"key":"Ornamental Fan"},{"floor":43,"key":"Juzu Bracelet"},{"floor":45,"key":"MealTicket"},{"floor":48,"key":"Bronze Scales"},{"floor":54,"key":"Calipers"}],"event_choices":[{"damage_healed":0,"gold_gain":75,"player_choice":"Gather Gold","damage_taken":11,"max_hp_gain":0,"max_hp_loss":0,"event_name":"World of Goop","floor":2,"gold_loss":0},{"cards_removed":["Strike_P"],"damage_healed":0,"gold_gain":0,"player_choice":"Purged","damage_taken":0,"max_hp_gain":0,"max_hp_loss":0,"event_name":"Purifier","floor":13,"gold_loss":0},{"damage_healed":0,"gold_gain":0,"player_choice":"Read","damage_taken":0,"max_hp_gain":0,"max_hp_loss":0,"event_name":"The Library","floor":19,"gold_loss":0,"cards_obtained":["Prostrate"]},{"damage_healed":0,"gold_gain":0,"player_choice":"Fought Bandits","damage_taken":0,"max_hp_gain":0,"max_hp_loss":0,"event_name":"Masked Bandits","floor":24,"gold_loss":0},{"damage_healed":0,"gold_gain":720,"player_choice":"GOLD GOLD GOLD GOLD GOLD GOLD GOLD GOLD CARD CARD CARD CARD CARD CARD ","damage_taken":133,"max_hp_gain":0,"max_hp_loss":0,"event_name":"Knowing Skull","floor":28,"potions_obtained":[],"gold_loss":0,"cards_obtained":["Blind","testmod-Automaton","PanicButton","Finesse","Mind Blast","Swift Strike"]},{"damage_healed":0,"gold_gain":150,"player_choice":"Sell","damage_taken":0,"max_hp_gain":0,"max_hp_loss":0,"event_name":"¶÷ÂåË¹µÄÅÌ×Ó","floor":47,"relics_lost":["CeramicFish"],"gold_loss":0}],"is_beta":false,"boss_relics":[{"not_picked":["SlaversCollar","testmod-BloodSacrificeSpiritualization"],"picked":"Empty Cage"},{"not_picked":["Astrolabe","Tiny House"],"picked":"testmod-DeterminationOfClimber"}],"items_purged_floors":[20,36,38],"is_endless":false,"potions_floor_spawned":[1,4,5,8,11,12,16,21,22,23,24,33,37,39,41,54],"ascension_level":14}}