{"host":"2fgwwnzqc97k7iys","time":1611776023,"event":{"mods":["BaseMod","Colored Map","Minty Spire (QoL Compilation)","Quick Restart","Relic Stats"],"gold_per_floor":[116,116,133,133,149,149,178,22,49,61,61,80,99,113,113,212,212,212,212,212,212,212,212,78,78,78],"floor_reached":25,"language":"ENG","playtime":1253,"items_purged":["Strike_G","Strike_G"],"score":300,"play_id":"9a394368-3655-4cc4-a738-1a61860a2a63","local_time":"20210127133343","is_ascension_mode":true,"campfire_choices":[{"data":"All Out Attack","floor":6,"key":"SMITH"},{"data":"Neutralize","floor":11,"key":"SMITH"},{"data":"Backflip","floor":15,"key":"SMITH"},{"data":"Blur","floor":23,"key":"SMITH"}],"circlet_count":0,"master_deck":["Strike_G","Strike_G","Strike_G","Defend_G","Defend_G","Defend_G","Defend_G","Defend_G","Survivor","Neutralize+1","Poisoned Stab","All Out Attack+1","Dagger Throw","A Thousand Cuts+1","Well Laid Plans+1","PiercingWail","Backflip+1","Tools of the Trade+1","Deflect","Blade Dance+1","Blur+1","Infinite Blades+1"],"relics":["Ring of the Snake","NeowsBlessing","StrikeDummy","Happy Flower","Frozen Egg 2","Nunchaku","Ectoplasm","NlothsMask"],"acts_visited":["Exordium","TheCity"],"potions_floor_usage":[16],"damage_taken":[{"damage":0,"enemies":"Cultist","floor":1,"turns":1},{"damage":0,"enemies":"Jaw Worm","floor":3,"turns":1},{"damage":0,"enemies":"Small Slimes","floor":5,"turns":1},{"damage":29,"enemies":"3 Sentries","floor":7,"turns":7},{"damage":12,"enemies":"Exordium Thugs","floor":10,"turns":3},{"damage":0,"enemies":"Gremlin Gang","floor":12,"turns":4},{"damage":0,"enemies":"3 Louse","floor":13,"turns":2},{"damage":1,"enemies":"Exordium Thugs","floor":14,"turns":3},{"damage":14,"enemies":"The Guardian","floor":16,"turns":13},{"damage":2,"enemies":"Chosen","floor":18,"turns":5},{"damage":7,"enemies":"Shell Parasite","floor":19,"turns":4},{"damage":10,"enemies":"Sentry and Sphere","floor":20,"turns":4},{"damage":15,"enemies":"Snecko","floor":22,"turns":5},{"damage":25,"enemies":"Gremlin Leader","floor":25,"turns":2}],"seed_played":"2640094698451007878","potions_obtained":[{"floor":3,"key":"SneckoOil"},{"floor":10,"key":"AttackPotion"},{"floor":12,"key":"Block Potion"},{"floor":16,"key":"DuplicationPotion"}],"is_trial":false,"path_per_floor":["M","T","M","T","M","R","E","$","T","M","R","M","M","M","R","B",null,"M","M","M","?","M","R","$","E"],"character_chosen":"THE_SILENT","items_purchased":["Well Laid Plans+1","Infinite Blades+1"],"campfire_rested":0,"item_purchase_floors":[8,24],"current_hp_per_floor":[63,63,63,63,63,63,34,34,34,22,22,22,22,21,21,7,54,52,45,35,35,20,20,20,0,0],"gold":78,"neow_bonus":"THREE_ENEMY_KILL","is_daily":false,"chose_seed":false,"campfire_upgraded":4,"win_rate":0.0,"timestamp":1611776023,"path_taken":["M","?","M","?","?","R","E","?","T","M","R","M","M","M","R","BOSS","M","M","M","?","M","R","?","E"],"items_purchased_type":["Card","Card"],"build_version":"2020-12-22","purchased_purges":2,"victory":false,"max_hp_per_floor":[70,70,70,70,70,70,70,70,70,70,70,70,70,70,70,70,70,70,70,70,70,70,70,70,70,70],"relic_stats":{"Nunchaku":[9],"Happy Flower":[17],"counters":[14,55],"Ectoplasm":60,"obtain_stats":[{"Nunchaku":9,"NeowsBlessing":0,"Happy Flower":4,"Ectoplasm":17,"Frozen Egg 2":7,"StrikeDummy":2,"Ring of the Snake":0,"NlothsMask":21},{"Nunchaku":4,"NeowsBlessing":0,"Happy Flower":2,"Ectoplasm":9,"Frozen Egg 2":4,"StrikeDummy":1,"Ring of the Snake":0,"NlothsMask":12},{"Nunchaku":10,"NeowsBlessing":0,"Happy Flower":2,"Ectoplasm":35,"Frozen Egg 2":10,"StrikeDummy":1,"Ring of the Snake":0,"NlothsMask":48}],"Ring of the Snake":[28]},"card_choices":[{"not_picked":["Slice","Flying Knee"],"picked":"Poisoned Stab","floor":1},{"not_picked":["PiercingWail","Sucker Punch"],"picked":"All Out Attack","floor":3},{"not_picked":["Sucker Punch","Calculated Gamble"],"picked":"Dagger Throw","floor":5},{"not_picked":["Sucker Punch","Dodge and Roll"],"picked":"A Thousand Cuts+1","floor":7},{"not_picked":["Prepared","Outmaneuver","Caltrops+1"],"picked":"SKIP","floor":10},{"not_picked":["Underhanded Strike","Deadly Poison"],"picked":"PiercingWail","floor":12},{"not_picked":["Reflex","Quick Slash"],"picked":"Backflip","floor":13},{"not_picked":["Riddle With Holes","Catalyst","Setup"],"picked":"SKIP","floor":14},{"not_picked":["Night Terror","Wraith Form v2+1"],"picked":"Tools of the Trade+1","floor":16},{"not_picked":["Poisoned Stab","Prepared"],"picked":"Deflect","floor":18},{"not_picked":["Dagger Spray","Flying Knee"],"picked":"Blade Dance+1","floor":19},{"not_picked":["Glass Knife","Blade Dance","Terror"],"picked":"SKIP","floor":20},{"not_picked":["Crippling Poison","Flechettes+1"],"picked":"Blur","floor":22}],"player_experience":511355,"relics_obtained":[{"floor":2,"key":"StrikeDummy"},{"floor":4,"key":"Happy Flower"},{"floor":7,"key":"Frozen Egg 2"},{"floor":9,"key":"Nunchaku"}],"event_choices":[{"damage_healed":0,"gold_gain":0,"player_choice":"Trade","damage_taken":0,"relics_obtained":["NlothsMask"],"max_hp_gain":0,"max_hp_loss":0,"event_name":"FaceTrader","floor":21,"gold_loss":0}],"is_beta":false,"boss_relics":[{"not_picked":["Black Star","Calling Bell"],"picked":"Ectoplasm"}],"items_purged_floors":[8,24],"is_endless":false,"potions_floor_spawned":[3,10,12,14,16,19],"killed_by":"Gremlin Leader","ascension_level":9}}