{"host":"xi8yg1ddhptuxb9d","time":1611767238,"event":{"mods":["AchievementEnabler","AlwaysNeverKeys","BaseMod","Block Reminder","Minty Spire (QoL Compilation)","Relic Sorter","StSLib"],"gold_per_floor":[110,124,144,154,174,174,174,201,254,254,254,267,283,315,315,315,315],"floor_reached":16,"language":"ENG","playtime":513,"items_purged":[],"score":278,"play_id":"d2920a14-3af2-4317-8ade-06081cddd8f2","local_time":"20210127120718","is_ascension_mode":true,"campfire_choices":[{"floor":6.0,"key":"REST"},{"data":"Blasphemy","floor":11,"key":"SMITH"},{"data":"Eruption","floor":15,"key":"SMITH"}],"circlet_count":0,"master_deck":["AscendersBane","Strike_P","Strike_P","Strike_P","Strike_P","Defend_P","Defend_P","Defend_P","Defend_P","Eruption+1","Vigilance","EmptyFist","Consecrate","FlyingSleeves","ClearTheMind","Blasphemy+1","Evaluate","Wallop","Tantrum"],"relics":["PureWater","Ancient Tea Set","Art of War","The Courier"],"acts_visited":["Exordium"],"potions_floor_usage":[14,16],"damage_taken":[{"damage":7.0,"enemies":"Cultist","floor":1.0,"turns":3.0},{"damage":0.0,"enemies":"2 Louse","floor":2.0,"turns":2.0},{"damage":0.0,"enemies":"Small Slimes","floor":3.0,"turns":1.0},{"damage":8.0,"enemies":"Blue Slaver","floor":4.0,"turns":3.0},{"damage":14.0,"enemies":"Exordium Thugs","floor":5.0,"turns":3.0},{"damage":0.0,"enemies":"Gremlin Nob","floor":8.0,"turns":1.0},{"damage":8,"enemies":"3 Louse","floor":12,"turns":3},{"damage":0,"enemies":"2 Fungi Beasts","floor":13,"turns":3},{"damage":26,"enemies":"Lagavulin","floor":14,"turns":4},{"damage":34,"enemies":"The Guardian","floor":16,"turns":8}],"seed_played":"-5903313568794995682","potions_obtained":[{"floor":5.0,"key":"SteroidPotion"},{"floor":13,"key":"AttackPotion"},{"floor":14,"key":"GamblersBrew"}],"is_trial":false,"path_per_floor":["M","M","M","M","M","R","$","E","T","?","R","M","M","E","R","B"],"character_chosen":"WATCHER","items_purchased":[],"campfire_rested":1,"item_purchase_floors":[],"current_hp_per_floor":[60,60,60,52,38,60,60,60,60,65,65,57,57,31,31,0,0],"gold":315,"neow_bonus":"TEN_PERCENT_HP_BONUS","is_daily":false,"chose_seed":false,"campfire_upgraded":2,"win_rate":0.0,"timestamp":1611767238,"path_taken":["M","?","M","M","M","R","$","E","T","?","R","M","M","E","R","BOSS"],"items_purchased_type":[],"build_version":"2020-12-22","purchased_purges":0,"victory":false,"max_hp_per_floor":[74,74,74,74,74,74,74,74,74,79,79,79,79,79,79,79,79],"card_choices":[{"not_picked":["FollowUp","Crescendo"],"picked":"EmptyFist","floor":1.0},{"not_picked":["BattleHymn","SignatureMove"],"picked":"Consecrate","floor":2.0},{"not_picked":["Consecrate","Weave"],"picked":"FlyingSleeves","floor":3.0},{"not_picked":["WindmillStrike","Weave"],"picked":"ClearTheMind","floor":4.0},{"not_picked":["ClearTheMind","JustLucky"],"picked":"Blasphemy","floor":5.0},{"not_picked":["Study","CrushJoints"],"picked":"Evaluate","floor":8.0},{"not_picked":["CutThroughFate","Halt"],"picked":"Wallop","floor":12},{"not_picked":["Prostrate","JustLucky","Halt"],"picked":"SKIP","floor":13},{"not_picked":["FollowUp","Crescendo"],"picked":"Tantrum","floor":14}],"player_experience":680089,"relics_obtained":[{"floor":8.0,"key":"Ancient Tea Set"},{"floor":9.0,"key":"Art of War"},{"floor":14,"key":"The Courier"}],"event_choices":[{"damage_healed":0.0,"max_hp_gain":5.0,"max_hp_loss":0.0,"gold_gain":0.0,"event_name":"Big Fish","player_choice":"Donut","floor":10.0,"gold_loss":0.0,"damage_taken":0.0}],"is_beta":false,"boss_relics":[],"items_purged_floors":[],"is_endless":false,"potions_floor_spawned":[5,13,14],"killed_by":"The Guardian","ascension_level":20}}