{"host":"xi8yg1ddhptuxb9d","time":1611757338,"event":{"mods":["AchievementEnabler","AlwaysNeverKeys","BaseMod","Block Reminder","Minty Spire (QoL Compilation)","Relic Sorter","StSLib"],"gold_per_floor":[114,27,38,3,14,29,29,55,55,87,103,103,136,136,136,210,210,210,210,210,210,210,210,210,210,210,210,210,210,210,210,210,210,210],"floor_reached":33,"language":"ENG","playtime":1903,"items_purged":[],"score":600,"play_id":"f3dde383-1990-4e98-a418-b752daa00714","local_time":"20210127092218","is_ascension_mode":true,"campfire_choices":[{"data":"Neutralize","floor":7.0,"key":"SMITH"},{"data":"Footwork","floor":12.0,"key":"SMITH"},{"data":"Crippling Poison","floor":15.0,"key":"SMITH"},{"floor":27,"key":"REST"},{"floor":32,"key":"REST"}],"circlet_count":0,"master_deck":["AscendersBane","Strike_G","Strike_G","Strike_G","Strike_G","Strike_G","Defend_G","Defend_G","Defend_G","Defend_G","Defend_G","Survivor","Neutralize+1","Leg Sweep+1","Predator","Crippling Poison+1","Dagger Spray","Prepared","Bane","Acrobatics","Footwork+1","Backflip","Corpse Explosion","Bane","Quick Slash","Catalyst","Dagger Throw","Dagger Throw","Adrenaline","Quick Slash","Catalyst","Backflip","Footwork","Crippling Poison"],"relics":["Cursed Key","Akabeko","HornCleat","Meat on the Bone","Ectoplasm","Red Mask","Dream Catcher","Sundial"],"acts_visited":["Exordium","TheCity"],"potions_floor_usage":[23,23,33,33],"damage_taken":[{"damage":9.0,"enemies":"Small Slimes","floor":1.0,"turns":4.0},{"damage":0.0,"enemies":"2 Louse","floor":3.0,"turns":4.0},{"damage":3.0,"enemies":"Cultist","floor":5.0,"turns":4.0},{"damage":4.0,"enemies":"3 Louse","floor":6.0,"turns":2.0},{"damage":18.0,"enemies":"3 Sentries","floor":8.0,"turns":10.0},{"damage":0.0,"enemies":"Gremlin Nob","floor":10.0,"turns":3.0},{"damage":1.0,"enemies":"Blue Slaver","floor":11.0,"turns":2.0},{"damage":2.0,"enemies":"Lagavulin","floor":13.0,"turns":7.0},{"damage":12.0,"enemies":"The Guardian","floor":16.0,"turns":18.0},{"damage":7,"enemies":"Shell Parasite","floor":18,"turns":6},{"damage":0,"enemies":"3 Byrds","floor":19,"turns":2},{"damage":14,"enemies":"Shelled Parasite and Fungi","floor":20,"turns":3},{"damage":15,"enemies":"Snake Plant","floor":21,"turns":4},{"damage":0,"enemies":"Masked Bandits","floor":22,"turns":2},{"damage":23,"enemies":"Book of Stabbing","floor":23,"turns":5},{"damage":0,"enemies":"Snecko","floor":24,"turns":4},{"damage":7,"enemies":"Cultist and Chosen","floor":29,"turns":5},{"damage":11,"enemies":"Centurion and Healer","floor":30,"turns":2},{"damage":0,"enemies":"Snecko","floor":31,"turns":4},{"damage":58,"enemies":"Champ","floor":33,"turns":12}],"seed_played":"-566739138119461979","potions_obtained":[{"floor":1.0,"key":"Energy Potion"},{"floor":5.0,"key":"Energy Potion"},{"floor":8.0,"key":"SteroidPotion"},{"floor":10.0,"key":"Poison Potion"},{"floor":20,"key":"SteroidPotion"},{"floor":23,"key":"FearPotion"},{"floor":30,"key":"Fire Potion"},{"floor":31,"key":"GamblersBrew"}],"is_trial":false,"path_per_floor":["M","$","M","?","M","M","R","E","T","E","M","R","E","?","R","B",null,"M","M","M","M","?","E","M","?","T","R","?","M","M","M","R","B"],"character_chosen":"THE_SILENT","items_purchased":["Predator"],"campfire_rested":2,"item_purchase_floors":[2],"current_hp_per_floor":[50,50,50,66,63,59,59,41,41,41,40,40,38,38,38,38,59,52,52,38,35,35,24,36,36,36,55,55,48,37,37,56,0,0],"gold":210,"neow_bonus":"BOSS_RELIC","is_daily":false,"chose_seed":false,"campfire_upgraded":3,"win_rate":0.0,"timestamp":1611757338,"path_taken":["M","$","M","?","M","M","R","E","T","E","M","R","E","?","R","BOSS","M","M","M","M","?","E","M","?","T","R","?","M","M","M","R","BOSS"],"items_purchased_type":["Card"],"build_version":"2020-12-22","purchased_purges":0,"victory":false,"max_hp_per_floor":[66,66,66,66,66,66,66,66,66,66,66,66,66,66,66,66,66,66,66,66,66,66,66,66,66,66,66,66,66,66,66,66,66,66],"card_choices":[{"not_picked":["Poisoned Stab","Flying Knee"],"picked":"Leg Sweep","floor":1.0},{"not_picked":["Dodge and Roll","Distraction"],"picked":"Crippling Poison","floor":3.0},{"not_picked":["Well Laid Plans","Expertise"],"picked":"Dagger Spray","floor":5.0},{"not_picked":["All Out Attack","Outmaneuver"],"picked":"Prepared","floor":6.0},{"not_picked":["Underhanded Strike","Skewer"],"picked":"Bane","floor":8.0},{"not_picked":["Predator","Dodge and Roll"],"picked":"Acrobatics","floor":10.0},{"not_picked":["Backflip","Cloak And Dagger"],"picked":"Footwork","floor":11.0},{"not_picked":["Deflect","Blade Dance"],"picked":"Backflip","floor":13.0},{"not_picked":["Grand Finale","Venomology"],"picked":"Corpse Explosion","floor":16.0},{"not_picked":["Sucker Punch","Dodge and Roll"],"picked":"Bane","floor":18},{"not_picked":["Predator","Outmaneuver"],"picked":"Quick Slash","floor":19},{"not_picked":["Outmaneuver","Backstab+1"],"picked":"Catalyst","floor":20},{"not_picked":["Outmaneuver+1","Tactician"],"picked":"Dagger Throw","floor":21},{"not_picked":["Riddle With Holes","Cloak And Dagger"],"picked":"Dagger Throw","floor":22},{"not_picked":["Accuracy","Glass Knife"],"picked":"Adrenaline","floor":23},{"not_picked":["Outmaneuver","Slice+1"],"picked":"Quick Slash","floor":24},{"not_picked":["Dagger Throw","Prepared"],"picked":"Catalyst","floor":27},{"not_picked":["Terror","Infinite Blades"],"picked":"Backflip","floor":29},{"not_picked":["Poisoned Stab","Terror"],"picked":"Footwork","floor":30},{"not_picked":["Deflect","Prepared","Concentrate"],"picked":"SKIP","floor":31},{"not_picked":["Acrobatics","Blade Dance"],"picked":"Crippling Poison","floor":32}],"player_experience":678186,"relics_obtained":[{"floor":8.0,"key":"Akabeko"},{"floor":10.0,"key":"HornCleat"},{"floor":13.0,"key":"Meat on the Bone"},{"floor":22,"key":"Red Mask"},{"floor":23,"key":"Dream Catcher"}],"event_choices":[{"damage_healed":16.0,"max_hp_gain":0.0,"max_hp_loss":0.0,"gold_gain":0.0,"event_name":"The Cleric","player_choice":"Healed","floor":4.0,"gold_loss":35.0,"damage_taken":0.0},{"damage_healed":0.0,"max_hp_gain":0.0,"max_hp_loss":0.0,"gold_gain":0.0,"event_name":"Living Wall","player_choice":"Grow","floor":14.0,"gold_loss":0.0,"damage_taken":0.0,"cards_upgraded":["Leg Sweep"]},{"damage_healed":0,"gold_gain":0,"player_choice":"Fought Bandits","damage_taken":0,"max_hp_gain":0,"max_hp_loss":0,"event_name":"Masked Bandits","floor":22,"gold_loss":0},{"damage_healed":0,"gold_gain":0,"player_choice":"Ignored","damage_taken":0,"max_hp_gain":0,"max_hp_loss":0,"event_name":"Beggar","floor":25,"gold_loss":0},{"damage_healed":0,"gold_gain":0,"player_choice":"Gave Potion","damage_taken":0,"relics_obtained":["Sundial"],"max_hp_gain":0,"max_hp_loss":0,"event_name":"WeMeetAgain","floor":28,"gold_loss":0}],"is_beta":false,"boss_relics":[{"not_picked":["Calling Bell","Runic Pyramid"],"picked":"Ectoplasm"}],"items_purged_floors":[],"is_endless":false,"potions_floor_spawned":[1,5,8,10,11,20,23,30,31],"killed_by":"Champ","ascension_level":18}}