{"host":"i9wanet4r0ff4t9y","time":1611751011,"event":{"mods":["2.2 Compatiblity","Act Like it!","BaseMod","Bestiary","Better Altar","Better Match","Better Note","Better Sensory Stone","Better Skull","Better Third Choice","Better Vampires","BetterRewards","CapriCore","Colored Map","Curses Come First","Downfall","Hubris","Minty Spire (QoL Compilation)","Quick Restart","READ ME - Guardian Mod","READ ME - Snecko Mod","Relic Stats","Say the Spire","Spicy Shops","StSLib","The Disciple","The Poker Player","Waifu the Spire"],"gold_per_floor":[118,268,285,298,314,314,324,344,344,372,6,6,6,6,6,82,82,98,13,13,32,32,32,32,32,32,43,43,57,72,85,85,85,85],"floor_reached":33,"language":"POL","playtime":1123,"items_purged":[],"score":628,"play_id":"bc33a697-0360-424a-b303-165f8a17845b","local_time":"20210127133651","is_ascension_mode":true,"campfire_choices":[{"data":"Noxious Fumes","floor":6,"key":"SMITH"},{"floor":12,"key":"REST"},{"floor":15,"key":"REST"},{"data":"Venomology","floor":23,"key":"SMITH"},{"data":"Blade Dance","floor":25,"key":"SMITH"},{"data":"Distraction","floor":32,"key":"SMITH"}],"circlet_count":0,"master_deck":["AscendersBane","Strike_G","Strike_G","Strike_G+1","Strike_G","Strike_G","Defend_G","Defend_G","Defend_G","Defend_G","Defend_G","Survivor","Neutralize","Noxious Fumes+1","Sucker Punch","Doubt","Bane","PiercingWail+1","Flying Knee","Slice","Blade Dance+1","Slice","Doubt","Poisoned Stab","Deflect","Venomology+1","hubris:NaturalOne","Flying Knee","Poisoned Stab","Distraction+1","Leg Sweep","Finisher","Clothesline"],"relics":["Ring of the Snake","Snake Skull","MealTicket","Toy Ornithopter","hubris:TinFlute","hubris:TenFootPole","TwistedFunnel","hubris:Icosahedron","hubris:VirtuousBlindfold","hubris:DisguiseKit","hubris:BottledHeart","Strawberry"],"acts_visited":["Exordium","TheCity"],"potions_floor_usage":[10,16,16,21,21,29,30,30,31,33,33],"damage_taken":[{"damage":9,"enemies":"Jaw Worm","floor":1,"turns":5},{"damage":1,"enemies":"Small Slimes","floor":3,"turns":4},{"damage":0,"enemies":"2 Louse","floor":4,"turns":2},{"damage":3,"enemies":"Looter","floor":5,"turns":4},{"damage":1,"enemies":"3 Louse","floor":7,"turns":4},{"damage":2,"enemies":"Exordium Wildlife","floor":8,"turns":4},{"damage":31,"enemies":"Gremlin Nob","floor":10,"turns":5},{"damage":24,"enemies":"Slime Boss","floor":16,"turns":8},{"damage":32,"enemies":"2 Thieves","floor":18,"turns":4},{"damage":13,"enemies":"Shell Parasite","floor":21,"turns":6},{"damage":0,"enemies":"Centurion and Healer","floor":27,"turns":5},{"damage":0,"enemies":"Snake Plant","floor":29,"turns":4},{"damage":0,"enemies":"Snecko","floor":30,"turns":6},{"damage":0,"enemies":"Sentry and Sphere","floor":31,"turns":5},{"damage":7,"enemies":"hubris:MusketHawk","floor":33,"turns":6}],"seed_played":"6758113116731028630","potions_obtained":[{"floor":1,"key":"LiquidBronze"},{"floor":4,"key":"Energy Potion"},{"floor":10,"key":"BlessingOfTheForge"},{"floor":18,"key":"Guardian:BlockOnCardUsePotion"},{"floor":29,"key":"Guardian:BlockOnCardUsePotion"},{"floor":31,"key":"Explosive Potion"}],"is_trial":false,"path_per_floor":["M","?","M","M","M","R","M","M","T","E","$","R","?","?","R","B",null,"M","?","?","M","?","R","$","R","T","M","$","M","M","M","R","B"],"character_chosen":"THE_SILENT","items_purchased":["Snake Skull","Noxious Fumes","MealTicket","hubris:TenFootPole","TwistedFunnel","Poisoned Stab","Deflect"],"campfire_rested":2,"item_purchase_floors":[0,0,0,11,11,11,11],"current_hp_per_floor":[36,36,35,35,32,32,31,29,29,3,18,37,27,27,46,32,58,26,26,26,23,1,1,1,1,1,1,1,1,1,1,1,0,0],"gold":85,"neow_bonus":"","is_daily":false,"chose_seed":false,"campfire_upgraded":4,"win_rate":0.0,"timestamp":1611751011,"path_taken":["M","?","M","M","M","R","M","M","T","E","$","R","?","?","R","BOSS","M","?","?","M","?","R","$","R","T","M","?","?","M","?","R","BOSS"],"items_purchased_type":["Relic","Card","Relic","Relic","Relic","Card","Card"],"build_version":"2020-12-22","purchased_purges":0,"victory":false,"max_hp_per_floor":[66,66,66,66,66,66,66,66,66,66,66,66,66,66,66,66,66,66,66,66,66,1,1,1,1,1,1,1,1,1,1,1,1,1],"relic_stats":{"counters":[134,641],"MealTicket":15,"Snake Skull":[148],"obtain_stats":[{"TwistedFunnel":11,"CeramicFish":9,"Vajra":21,"Spirit Poop":29,"HoveringKite":34,"hubris:VirtuousBlindfold":17,"Whetstone":0,"Boot":0,"Sling":11,"Blood Vial":0,"Lizard Tail":17,"HornCleat":11,"Strawberry":0,"Philosopher\u0027s Stone":17,"Prayer Wheel":9,"MealTicket":0,"HandDrill":0,"Kunai":12,"hubris:TinFlute":10,"Girya":0,"Pear":23,"Happy Flower":10,"hubris:DuctTape":11,"Blue Candle":54,"Oddly Smooth Stone":53,"Eternal Feather":26,"Paper Crane":40,"War Paint":0,"Question Card":9,"Akabeko":41,"Shuriken":9,"hubris:BottledHeart":22,"Bronze Scales":9,"Bird Faced Urn":25,"Nloth\u0027s Gift":20,"Black Star":17,"hubris:TenFootPole":11,"StrikeDummy":23,"bronze:MakeshiftBattery":17,"Unceasing Top":28,"Meat on the Bone":21,"Darkstone Periapt":0,"Regal Pillow":9,"Lantern":0,"Singing Bowl":0,"Torii":43,"Enchiridion":25,"Mango":30,"Snake Skull":9,"Bag of Preparation":27,"Juzu Bracelet":47,"Incense Burner":41,"Ancient Tea Set":11,"Cursed Key":34,"Dream Catcher":17,"Nunchaku":26,"Tough Bandages":38,"Matryoshka":6,"Shovel":19,"hubris:Icosahedron":14,"Ninja Scroll":11,"Mummified Hand":13,"Toolbox":41,"Tiny Chest":11,"Chemical X":11,"InkBottle":6,"Ring of the Snake":0,"Potion Belt":0,"hubris:DisguiseKit":19,"The Specimen":0,"Golden Idol":2,"betterThird:NestCultRelic":28,"PreservedInsect":0,"The Courier":6,"Orichalcum":0,"Frozen Egg 2":41,"MawBank":27,"White Beast Statue":26,"Calling Bell":17,"Cauldron":21,"sneckomod:BabySnecko":22,"Strange Spoon":31,"Anchor":24,"Ornamental Fan":20,"betterThird:SlimedRelic":5,"Orrery":0,"hubris:BundleOfHerbs":26,"Bag of Marbles":0,"Bottled Lightning":7,"Membership Card":0,"hexamod:BolsterEngine":42,"Toy Ornithopter":12},{"TwistedFunnel":126,"CeramicFish":24,"Vajra":35,"Spirit Poop":39,"HoveringKite":41,"hubris:VirtuousBlindfold":127,"Whetstone":99,"Boot":26,"Sling":30,"Blood Vial":88,"Lizard Tail":71,"HornCleat":69,"Strawberry":50,"Philosopher\u0027s Stone":14,"Prayer Wheel":104,"MealTicket":119,"HandDrill":26,"Kunai":30,"hubris:TinFlute":126,"Girya":50,"Pear":75,"Happy Flower":11,"hubris:DuctTape":112,"Blue Candle":49,"Oddly Smooth Stone":48,"Eternal Feather":16,"Paper Crane":45,"War Paint":88,"Question Card":6,"Akabeko":45,"Shuriken":30,"hubris:BottledHeart":129,"Bronze Scales":6,"Bird Faced Urn":62,"Nloth\u0027s Gift":59,"Black Star":96,"hubris:TenFootPole":126,"StrikeDummy":61,"bronze:MakeshiftBattery":57,"Unceasing Top":77,"Meat on the Bone":97,"Darkstone Periapt":26,"Regal Pillow":10,"Lantern":26,"Singing Bowl":50,"Torii":85,"Enchiridion":75,"Mango":63,"Snake Skull":111,"Bag of Preparation":38,"Juzu Bracelet":47,"Incense Burner":85,"Ancient Tea Set":24,"Cursed Key":80,"Dream Catcher":71,"Nunchaku":75,"Tough Bandages":83,"Matryoshka":6,"Shovel":97,"hubris:Icosahedron":126,"Ninja Scroll":54,"Mummified Hand":112,"Toolbox":45,"Tiny Chest":30,"Chemical X":94,"InkBottle":92,"Ring of the Snake":0,"Potion Belt":64,"hubris:DisguiseKit":128,"The Specimen":26,"Golden Idol":27,"betterThird:NestCultRelic":16,"PreservedInsect":19,"The Courier":53,"Orichalcum":7,"Frozen Egg 2":45,"MawBank":116,"White Beast Statue":37,"Calling Bell":71,"Cauldron":16,"sneckomod:BabySnecko":16,"Strange Spoon":79,"Anchor":36,"Ornamental Fan":97,"betterThird:SlimedRelic":109,"Orrery":64,"hubris:BundleOfHerbs":116,"Bag of Marbles":50,"Bottled Lightning":10,"Membership Card":88,"hexamod:BolsterEngine":85,"Toy Ornithopter":25},{"TwistedFunnel":597,"CeramicFish":102,"Vajra":160,"Spirit Poop":174,"HoveringKite":184,"hubris:VirtuousBlindfold":605,"Whetstone":458,"Boot":121,"Sling":135,"Blood Vial":411,"Lizard Tail":324,"HornCleat":317,"Strawberry":235,"Philosopher\u0027s Stone":64,"Prayer Wheel":486,"MealTicket":569,"HandDrill":121,"Kunai":135,"hubris:TinFlute":597,"Girya":235,"Pear":344,"Happy Flower":49,"hubris:DuctTape":523,"Blue Candle":226,"Oddly Smooth Stone":221,"Eternal Feather":72,"Paper Crane":206,"War Paint":411,"Question Card":24,"Akabeko":206,"Shuriken":135,"hubris:BottledHeart":615,"Bronze Scales":24,"Bird Faced Urn":284,"Nloth\u0027s Gift":266,"Black Star":446,"hubris:TenFootPole":597,"StrikeDummy":278,"bronze:MakeshiftBattery":259,"Unceasing Top":352,"Meat on the Bone":450,"Darkstone Periapt":121,"Regal Pillow":41,"Lantern":121,"Singing Bowl":235,"Torii":393,"Enchiridion":344,"Mango":288,"Snake Skull":516,"Bag of Preparation":171,"Juzu Bracelet":215,"Incense Burner":393,"Ancient Tea Set":102,"Cursed Key":369,"Dream Catcher":324,"Nunchaku":344,"Tough Bandages":383,"Matryoshka":24,"Shovel":450,"hubris:Icosahedron":597,"Ninja Scroll":245,"Mummified Hand":523,"Toolbox":206,"Tiny Chest":135,"Chemical X":433,"InkBottle":427,"Ring of the Snake":0,"Potion Belt":300,"hubris:DisguiseKit":609,"The Specimen":121,"Golden Idol":124,"betterThird:NestCultRelic":72,"PreservedInsect":89,"The Courier":244,"Orichalcum":28,"Frozen Egg 2":206,"MawBank":551,"White Beast Statue":166,"Calling Bell":324,"Cauldron":72,"sneckomod:BabySnecko":72,"Strange Spoon":359,"Anchor":164,"Ornamental Fan":450,"betterThird:SlimedRelic":507,"Orrery":300,"hubris:BundleOfHerbs":551,"Bag of Marbles":235,"Bottled Lightning":41,"Membership Card":411,"hexamod:BolsterEngine":393,"Toy Ornithopter":105}],"Toy Ornithopter":25,"Ring of the Snake":[253]},"card_choices":[{"not_picked":["Prepared","Outmaneuver"],"picked":"Sucker Punch","floor":1},{"not_picked":["Slice","Prepared"],"picked":"Bane","floor":3},{"not_picked":["Eviscerate","Dagger Throw"],"picked":"PiercingWail","floor":4},{"not_picked":["Quick Slash","PiercingWail"],"picked":"Flying Knee","floor":5},{"not_picked":["Prepared","Reflex"],"picked":"Slice","floor":7},{"not_picked":["Acrobatics","Flying Knee"],"picked":"Blade Dance","floor":8},{"not_picked":["Eviscerate","hubris:TrickCloak"],"picked":"Slice","floor":10},{"not_picked":["Wraith Form v2","Unload"],"picked":"Venomology","floor":16},{"not_picked":["Calculated Gamble","Deadly Poison"],"picked":"Flying Knee","floor":18},{"not_picked":["Heel Hook","Prepared","Wild Strike"],"picked":"Poisoned Stab","floor":21},{"not_picked":["Dagger Throw+1","Quick Slash","Wild Strike"],"picked":"Distraction","floor":27},{"not_picked":["hubris:SlightOfHand","Phantasmal Killer","Armaments"],"picked":"Leg Sweep","floor":29},{"not_picked":["Deflect","Poisoned Stab","hubris:CleavingFinish"],"picked":"Finisher","floor":30},{"not_picked":["Sucker Punch","Poisoned Stab","Well Laid Plans"],"picked":"Clothesline","floor":31}],"player_experience":448128,"relics_obtained":[{"floor":9,"key":"Toy Ornithopter"},{"floor":10,"key":"hubris:TinFlute"},{"floor":26,"key":"Strawberry"}],"event_choices":[{"damage_healed":0,"gold_gain":150,"player_choice":"AGREE","damage_taken":118,"max_hp_gain":0,"max_hp_loss":0,"event_name":"betterThird:BetterSerpent","floor":2,"gold_loss":0},{"damage_healed":37,"gold_gain":0,"player_choice":"Upgrade","damage_taken":20,"max_hp_gain":0,"max_hp_loss":66,"event_name":"betterThird:BetterShining","floor":13,"gold_loss":0,"cards_upgraded":["Strike_G","PiercingWail"]},{"damage_healed":0,"gold_gain":0,"player_choice":"Obtained Relic","damage_taken":0,"relics_obtained":["hubris:DisguiseKit"],"max_hp_gain":0,"max_hp_loss":0,"event_name":"Addict","floor":19,"gold_loss":85},{"damage_healed":0,"gold_gain":0,"player_choice":"Ignored","damage_taken":0,"max_hp_gain":0,"max_hp_loss":0,"event_name":"Vampires","floor":20,"gold_loss":0}],"is_beta":false,"boss_relics":[{"not_picked":["bronze:MakeshiftBattery","hubris:RunicObelisk"],"picked":"hubris:VirtuousBlindfold"}],"items_purged_floors":[],"is_endless":false,"potions_floor_spawned":[1,4,10,18,29,31],"killed_by":"hubris:MusketHawk","ascension_level":16}}