{"host":"qxeepl7ydvsgmfdb","time":1611743210,"event":{"mods":["AchievementEnabler","BaseMod","Colored Powertips","Minty Spire (QoL Compilation)","Quick Restart","slay the spire mod where everything is the same but ironclad has a cowboy hat"],"gold_per_floor":[119,69,69,244,244,275,275,275,302,302,318,154,154,3,3,100,100,89,14,29,29,29,29,41,41,41,41,53,83,53,64,64,64,64],"floor_reached":33,"language":"ENG","playtime":985,"items_purged":["Doubt"],"score":465,"play_id":"fc0c102d-9cf2-4fc7-9211-bc4789b08379","local_time":"20210127052650","is_ascension_mode":true,"campfire_choices":[{"data":"Noxious Fumes","floor":7.0,"key":"SMITH"},{"data":"Cloak And Dagger","floor":10.0,"key":"SMITH"},{"floor":13.0,"key":"REST"},{"data":"Dramatic Entrance","floor":15.0,"key":"SMITH"},{"floor":23.0,"key":"REST"},{"floor":25.0,"key":"REST"},{"data":"Envenom","floor":27.0,"key":"SMITH"},{"floor":32.0,"key":"REST"}],"circlet_count":0,"master_deck":["AscendersBane","Defend_G","Defend_G","Defend_G","Defend_G","Defend_G","Survivor","Neutralize","Noxious Fumes+1","Cloak And Dagger+1","Dramatic Entrance+1","Envenom+1","Blade Dance+1","Deadly Poison","Bite","Bite","Bite","Bite","Bite","Cloak And Dagger","Terror+1","Poisoned Stab"],"relics":["Ring of the Snake","NeowsBlessing","Anchor","Nunchaku","Blue Candle","Orichalcum","TwistedFunnel","Pocketwatch","Tingsha"],"acts_visited":["Exordium","TheCity"],"potions_floor_usage":[33],"damage_taken":[{"damage":0.0,"enemies":"Jaw Worm","floor":1.0,"turns":1.0},{"damage":0.0,"enemies":"3 Sentries","floor":6.0,"turns":1.0},{"damage":0.0,"enemies":"2 Louse","floor":11.0,"turns":1.0},{"damage":56.0,"enemies":"Slime Boss","floor":16.0,"turns":11.0},{"damage":15.0,"enemies":"2 Thieves","floor":18.0,"turns":4.0},{"damage":16.0,"enemies":"Spheric Guardian","floor":20.0,"turns":5.0},{"damage":28.0,"enemies":"Snake Plant","floor":24.0,"turns":4.0},{"damage":6.0,"enemies":"Chosen and Byrds","floor":28.0,"turns":4.0},{"damage":40.0,"enemies":"Gremlin Leader","floor":29.0,"turns":4.0},{"damage":0.0,"enemies":"Cultist and Chosen","floor":31.0,"turns":4.0},{"damage":83,"enemies":"Automaton","floor":33,"turns":8}],"seed_played":"761002079111394316","potions_obtained":[{"floor":6.0,"key":"BlessingOfTheForge"},{"floor":11.0,"key":"SteroidPotion"},{"floor":16.0,"key":"AttackPotion"},{"floor":24.0,"key":"Strength Potion"},{"floor":30.0,"key":"Fruit Juice"},{"floor":30.0,"key":"SneckoOil"},{"floor":31.0,"key":"Swift Potion"}],"is_trial":false,"path_per_floor":["M","?","?","?","?","E","R","?","T","R","M","$","R","$","R","B",null,"M","?","M","?","?","R","M","R","T","R","M","E","?","M","R","B"],"character_chosen":"THE_SILENT","items_purchased":["Dramatic Entrance","TwistedFunnel"],"campfire_rested":4,"item_purchase_floors":[12,14],"current_hp_per_floor":[63,63,45,45,45,45,45,38,38,38,38,38,59,59,59,3,53,38,38,22,22,22,43,25,46,46,46,48,23,28,38,60,0,0],"gold":64,"neow_bonus":"THREE_ENEMY_KILL","is_daily":false,"chose_seed":false,"campfire_upgraded":4,"win_rate":0.0,"timestamp":1611743210,"path_taken":["M","?","?","?","?","E","R","?","T","R","?","?","R","$","R","BOSS","M","?","M","?","?","R","?","R","T","R","M","E","?","?","R","BOSS"],"items_purchased_type":["Card","Relic"],"build_version":"2020-12-22","purchased_purges":1,"victory":false,"max_hp_per_floor":[70,70,70,70,70,70,70,70,70,70,70,70,70,70,70,70,70,70,70,70,70,70,70,70,70,70,70,70,70,75,75,75,75,75],"card_choices":[{"not_picked":["Dodge and Roll","Caltrops"],"picked":"Noxious Fumes","floor":1.0},{"not_picked":["Choke","Sucker Punch"],"picked":"Cloak And Dagger","floor":6.0},{"not_picked":["Infinite Blades","Escape Plan","Dodge and Roll"],"picked":"SKIP","floor":11.0},{"not_picked":["Malaise","Venomology"],"picked":"Envenom","floor":16.0},{"not_picked":["Sucker Punch","PiercingWail"],"picked":"Blade Dance+1","floor":18.0},{"not_picked":["Calculated Gamble","Expertise"],"picked":"Deadly Poison","floor":20.0},{"not_picked":["Flying Knee","Backflip"],"picked":"Cloak And Dagger","floor":24.0},{"not_picked":["Flying Knee","Tactician+1","Escape Plan"],"picked":"SKIP","floor":28.0},{"not_picked":["Night Terror","Sucker Punch"],"picked":"Terror+1","floor":29.0},{"not_picked":["Concentrate","Prepared"],"picked":"Poisoned Stab","floor":31.0}],"player_experience":233209,"relics_obtained":[{"floor":6.0,"key":"Blue Candle"},{"floor":9.0,"key":"Orichalcum"},{"floor":26.0,"key":"Pocketwatch"},{"floor":29.0,"key":"Tingsha"}],"event_choices":[{"cards_removed":["Strike_G"],"damage_healed":0.0,"max_hp_gain":0.0,"max_hp_loss":0.0,"gold_gain":0.0,"event_name":"The Cleric","player_choice":"Card Removal","floor":2.0,"gold_loss":50.0,"damage_taken":0.0},{"damage_healed":0.0,"max_hp_gain":0.0,"max_hp_loss":0.0,"gold_gain":0.0,"event_name":"Scrap Ooze","player_choice":"Success","floor":3.0,"gold_loss":0.0,"damage_taken":18.0,"relics_obtained":["Anchor"]},{"damage_healed":0.0,"max_hp_gain":0.0,"max_hp_loss":0.0,"gold_gain":175.0,"event_name":"Liars Game","player_choice":"AGREE","floor":4.0,"gold_loss":0.0,"damage_taken":0.0,"cards_obtained":["Doubt"]},{"damage_healed":0.0,"max_hp_gain":0.0,"max_hp_loss":0.0,"gold_gain":0.0,"event_name":"Big Fish","player_choice":"Box","floor":5.0,"gold_loss":0.0,"damage_taken":0.0,"relics_obtained":["Nunchaku"],"cards_obtained":["Regret"]},{"cards_removed":["Regret"],"damage_healed":0.0,"max_hp_gain":0.0,"max_hp_loss":0.0,"gold_gain":0.0,"event_name":"Golden Wing","player_choice":"Card Removal","floor":8.0,"gold_loss":0.0,"damage_taken":7.0},{"cards_removed":["Strike_G"],"damage_healed":0.0,"max_hp_gain":0.0,"max_hp_loss":0.0,"gold_gain":0.0,"event_name":"Beggar","player_choice":"Gave Gold","floor":19.0,"gold_loss":75.0,"damage_taken":0.0},{"damage_healed":0.0,"max_hp_gain":0.0,"max_hp_loss":0.0,"gold_gain":0.0,"event_name":"The Mausoleum","player_choice":"Opened","floor":21.0,"gold_loss":0.0,"damage_taken":0.0,"relics_obtained":["Blood Vial"]},{"damage_healed":0.0,"max_hp_gain":0.0,"max_hp_loss":0.0,"gold_gain":0.0,"event_name":"Vampires","player_choice":"Became a vampire (Vial)","floor":22.0,"relics_lost":["Blood Vial"],"gold_loss":0.0,"damage_taken":0.0,"cards_obtained":["Bite","Bite","Bite","Bite","Bite"]},{"damage_healed":0.0,"max_hp_gain":0.0,"max_hp_loss":0.0,"gold_gain":0.0,"event_name":"The Woman in Blue","player_choice":"Bought 2 Potions","floor":30.0,"gold_loss":0.0,"damage_taken":0.0}],"is_beta":false,"boss_relics":[{"not_picked":["Runic Pyramid","Runic Dome","Cursed Key"]}],"items_purged_floors":[12],"is_endless":false,"potions_floor_spawned":[6,11,16,24,31],"killed_by":"Automaton","ascension_level":11}}