{"host":"8n3a40idg6eftpiu","time":1611762890,"event":{"mods":["Act Like it!","BaseMod","BetterRewards","Block Reminder","Colored Map","Colored Powertips","DeckTracker","GungeonMod","Hallownest","Highlight Path","Hubris","Minty Spire (QoL Compilation)","Practice Mode","Relic Sorter","StSLib","The Blue Laboratory","The Bug Knight","The Necromancer"],"gold_per_floor":[113,132,132,82,102,102,119,139,139,171,190,190,203,237,237,339,339,349,419,432,448,448,483,190,190,215,215,229,229,256,271,271,369,369,389,18,37,37,87,112,112,130,130,163,178,126,126,142,142,142,142,142,42,68,68],"floor_reached":56,"language":"POL","playtime":2130,"items_purged":["Strike_B","Shame"],"score":1359,"play_id":"b83b5736-9997-4a5c-b416-fc12a8024b59","local_time":"20210127165450","is_ascension_mode":false,"campfire_choices":[{"floor":6.0,"key":"RECALL"},{"floor":15.0,"key":"REST"},{"data":"Defragment","floor":25.0,"key":"SMITH"},{"data":"Capacitor","floor":27.0,"key":"SMITH"},{"floor":32,"key":"REST"},{"data":"Defragment","floor":41,"key":"SMITH"},{"data":"Loop","floor":49,"key":"SMITH"},{"data":"Dualcast","floor":52,"key":"SMITH"}],"circlet_count":0,"master_deck":["Strike_B","Strike_B","Defend_B+1","Defend_B","Defend_B","Defend_B","Zap","Dualcast+1","Melter+1","Ball Lightning","Capacitor+1","Ball Lightning","Defragment+1","Ball Lightning","Zap","Leap","Melter","Redo","Loop+1","Darkness","Darkness","Leap","Consume+1","Defragment+1","Defragment+1","Ball Lightning+1"],"relics":["FrozenCore","DemoMod:SerJunkan","Bronze Scales","Anchor","Letter Opener","DemoMod:PinkGuonStone","MealTicket","DemoMod:Junk","Orichalcum","Inserter","hubris:Potato","hubris:Towel","Lizard Tail"],"acts_visited":["Exordium","TheCity","TheBeyond","TheEnding"],"potions_floor_usage":[31,31,33,55],"damage_taken":[{"damage":0.0,"enemies":"Cultist","floor":1.0,"turns":3.0},{"damage":0.0,"enemies":"2 Louse","floor":2.0,"turns":2.0},{"damage":0.0,"enemies":"Jaw Worm","floor":5.0,"turns":2.0},{"damage":0.0,"enemies":"Large Slime","floor":7.0,"turns":4.0},{"damage":0.0,"enemies":"Lots of Slimes","floor":8.0,"turns":3.0},{"damage":0.0,"enemies":"HollowMod:MossKnight","floor":10.0,"turns":5.0},{"damage":0.0,"enemies":"2 Fungi Beasts","floor":11.0,"turns":3.0},{"damage":0.0,"enemies":"Large Slime","floor":13.0,"turns":4.0},{"damage":37.0,"enemies":"Lagavulin","floor":14.0,"turns":5.0},{"damage":15.0,"enemies":"Slime Boss","floor":16.0,"turns":5.0},{"damage":6.0,"enemies":"Spheric Guardian","floor":18.0,"turns":2.0},{"damage":14.0,"enemies":"Shelled Parasite and Fungi","floor":20.0,"turns":4.0},{"damage":19.0,"enemies":"Snake Plant","floor":21.0,"turns":4.0},{"damage":16.0,"enemies":"Book of Stabbing","floor":23.0,"turns":5.0},{"damage":11.0,"enemies":"Cultist and Chosen","floor":28.0,"turns":5.0},{"damage":22.0,"enemies":"Slavers","floor":30.0,"turns":5.0},{"damage":0,"enemies":"3 Cultists","floor":31,"turns":4},{"damage":14,"enemies":"Champ","floor":33,"turns":9},{"damage":2,"enemies":"Orb Walker","floor":35,"turns":4},{"damage":0,"enemies":"3 Shapes","floor":37,"turns":5},{"damage":0,"enemies":"Mind Bloom Boss Battle","floor":39,"turns":6},{"damage":9,"enemies":"Giant Head","floor":40,"turns":9},{"damage":0,"enemies":"Transient","floor":42,"turns":5},{"damage":0,"enemies":"Nemesis","floor":44,"turns":7},{"damage":0,"enemies":"Spire Growth","floor":45,"turns":2},{"damage":0,"enemies":"3 Darklings","floor":48,"turns":2},{"damage":19,"enemies":"Awakened One","floor":50,"turns":6},{"damage":28,"enemies":"Shield and Spear","floor":54,"turns":3},{"damage":44,"enemies":"The Heart","floor":55,"turns":5}],"seed_played":"2066947587157145891","potions_obtained":[{"floor":2.0,"key":"Explosive Potion"},{"floor":7.0,"key":"SteroidPotion"},{"floor":11.0,"key":"blueLaboratory:HorrorPotion"},{"floor":13.0,"key":"Strength Potion"},{"floor":30.0,"key":"Strength Potion"},{"floor":31,"key":"Weak Potion"},{"floor":40,"key":"GamblersBrew"},{"floor":42,"key":"Swift Potion"}],"is_trial":false,"path_per_floor":["M","M","?","?","M","R","M","M","T","E","M","?","M","E","R","B",null,"M","T","M","M","?","E","$","R","T","R","M","?","E","M","R","B",null,"M","$","M","$","?","E","R","M","T","E","M","$","?","M","R","B",null,"R","$","E","B",null],"character_chosen":"DEFECT","items_purchased":["Bronze Scales","Anchor","Orichalcum","Darkness","hubris:Potato","Defragment","blueLaboratory:FruitPunch"],"campfire_rested":2,"item_purchase_floors":[0,0,24,24,36,36,46],"current_hp_per_floor":[75,75,60,60,60,60,60,60,60,60,60,60,60,23,45,30,75,69,76,62,43,43,27,42,42,42,42,31,31,9,9,33,19,82,80,82,82,82,82,73,73,73,73,73,73,82,82,82,82,63,82,82,82,54,12],"gold":68,"neow_bonus":"","is_daily":false,"chose_seed":false,"campfire_upgraded":5,"win_rate":0.0,"timestamp":1611762890,"path_taken":["M","?","?","?","M","R","M","M","T","E","M","?","M","E","R","BOSS","M","?","?","M","?","E","$","R","T","R","M","?","E","?","R","BOSS","M","$","?","$","?","E","R","M","T","E","M","?","?","?","R","BOSS","R","$","E","BOSS"],"items_purchased_type":["Relic","Relic","Relic","Card","Relic","Card","Potion"],"build_version":"2020-12-22","purchased_purges":2,"victory":true,"max_hp_per_floor":[75,75,75,75,75,75,75,75,75,75,75,75,75,75,75,75,75,75,82,82,82,82,82,82,82,82,82,82,82,82,82,82,82,82,82,82,82,82,82,82,82,82,82,82,82,82,82,82,82,82,82,82,82,82,84],"card_choices":[{"not_picked":["Undo","Compile Driver","Sweeping Beam"],"picked":"SKIP","floor":1.0},{"not_picked":["Hologram","Tempest"],"picked":"Melter","floor":2.0},{"not_picked":["Steam","Rebound"],"picked":"Ball Lightning","floor":5.0},{"not_picked":["Rebound","Force Field"],"picked":"Capacitor","floor":7.0},{"not_picked":["Streamline","Sweeping Beam"],"picked":"Ball Lightning","floor":8.0},{"not_picked":["Heatsinks","Self Repair"],"picked":"Defragment","floor":10.0},{"not_picked":["Coolheaded","Buffer"],"picked":"Ball Lightning","floor":11.0},{"not_picked":["Hologram","Skim"],"picked":"Melter","floor":13.0},{"not_picked":["Darkness","Blizzard"],"picked":"Redo","floor":14.0},{"not_picked":["Steam","Redo"],"picked":"Loop","floor":18.0},{"not_picked":["Beam Cell","Aggregate","Compile Driver+1"],"picked":"SKIP","floor":20.0},{"not_picked":["Double Energy","Beam Cell"],"picked":"Darkness","floor":21.0},{"not_picked":["Sweeping Beam+1","Skim","Multi-Cast"],"picked":"SKIP","floor":23.0},{"not_picked":["Gash","Stack"],"picked":"Leap","floor":28.0},{"not_picked":["Steam","Loop"],"picked":"Consume+1","floor":30.0},{"not_picked":["Stack","Auto Shields","Doom and Gloom"],"picked":"SKIP","floor":31},{"not_picked":["Streamline+1","Coolheaded+1","hubris:PowerSurge+1"],"picked":"SKIP","floor":35},{"not_picked":["Barrage","Beam Cell","Tempest"],"picked":"SKIP","floor":37},{"not_picked":["hubris:Ukulele","Streamline"],"picked":"Defragment+1","floor":40},{"not_picked":["FTL+1","Compile Driver","Double Energy"],"picked":"SKIP","floor":42},{"not_picked":["Turbo+1","Sweeping Beam+1","Recycle+1"],"picked":"SKIP","floor":44},{"not_picked":["Static Discharge+1","Reinforced Body+1","Skim"],"picked":"SKIP","floor":45},{"not_picked":["Stack","Rebound","Static Discharge"],"picked":"SKIP","floor":48},{"not_picked":["Static Discharge+1","Chill"],"picked":"Ball Lightning+1","floor":54}],"player_experience":241576,"relics_obtained":[{"floor":10.0,"key":"Letter Opener"},{"floor":14.0,"key":"DemoMod:SerJunkan"},{"floor":19.0,"key":"DemoMod:PinkGuonStone"},{"floor":23.0,"key":"DemoMod:Junk"},{"floor":26.0,"key":"DemoMod:Junk"},{"floor":30.0,"key":"DemoMod:Junk"},{"floor":39,"key":"DemoMod:Junk"},{"floor":40,"key":"DemoMod:Junk"},{"floor":43,"key":"DemoMod:Junk"},{"floor":44,"key":"DemoMod:Junk"},{"floor":54,"key":"Lizard Tail"}],"event_choices":[{"damage_healed":0.0,"max_hp_gain":0.0,"max_hp_loss":0.0,"gold_gain":0.0,"event_name":"Shining Light","player_choice":"Entered Light","floor":3.0,"gold_loss":0.0,"damage_taken":15.0,"cards_upgraded":["Melter","Defend_B"]},{"cards_removed":["Strike_B"],"damage_healed":0.0,"max_hp_gain":0.0,"max_hp_loss":0.0,"gold_gain":0.0,"event_name":"The Cleric","player_choice":"Card Removal","floor":4.0,"gold_loss":50.0,"damage_taken":0.0},{"damage_healed":0.0,"max_hp_gain":0.0,"max_hp_loss":0.0,"gold_gain":0.0,"event_name":"Match and Keep!","player_choice":"2 cards matched","floor":12.0,"gold_loss":0.0,"damage_taken":0.0,"cards_obtained":["Zap","Leap"]},{"damage_healed":0.0,"max_hp_gain":0.0,"max_hp_loss":0.0,"gold_gain":0.0,"event_name":"Addict","player_choice":"Stole Relic","floor":22.0,"gold_loss":0.0,"damage_taken":0.0,"relics_obtained":["MealTicket"],"cards_obtained":["Shame"]},{"damage_healed":0.0,"max_hp_gain":0.0,"max_hp_loss":0.0,"gold_gain":0.0,"event_name":"NoteForYourself","player_choice":"Ignored","floor":29.0,"gold_loss":0.0,"damage_taken":0.0},{"damage_healed":0,"gold_gain":0,"player_choice":"Fight","damage_taken":0,"max_hp_gain":0,"max_hp_loss":0,"event_name":"MindBloom","floor":39,"gold_loss":0}],"is_beta":false,"boss_relics":[{"not_picked":["Empty Cage","Snecko Eye"],"picked":"FrozenCore"},{"not_picked":["Velvet Choker","hubris:HollowSoul"],"picked":"Inserter"}],"items_purged_floors":[24,53],"is_endless":false,"potions_floor_spawned":[2,7,11,13,14,20,23,30,31,39,40,42,45,54],"ascension_level":0}}