{"host":"vrsxkkch9ccrec7k","time":1611759735,"event":{"mods":["Act Like it!","BaseMod","Bestiary","Better Altar","Better Match","Better Note","Better Sensory Stone","Better Skull","Better Third Choice","Better Vampires","Downfall","Minty Spire (QoL Compilation)","Permanent Neow","Relic Stats","Spicy Shops","StSLib"],"gold_per_floor":[99,109,284,434,47,47,72,91,123,123,123,149,49,109,121,121,121,121],"floor_reached":16,"language":"ENG","playtime":1187,"items_purged":["Doubt"],"score":138,"play_id":"321b2188-49dc-453a-a0c2-128a0df61a74","local_time":"20210127100215","is_ascension_mode":true,"campfire_choices":[{"data":"Guardian:TwinSlam","floor":1,"key":"SMITH"},{"data":"Panacea","floor":11,"key":"SMITH"},{"data":"Guardian:SentryBeam","floor":13,"key":"SMITH"}],"circlet_count":0,"master_deck":["Guardian:Strike_Guardian","Guardian:Strike_Guardian","Guardian:Strike_Guardian","Guardian:Strike_Guardian","Guardian:Defend_Guardian","Guardian:Defend_Guardian","Guardian:Defend_Guardian","Guardian:Defend_Guardian","Guardian:CurlUp","Guardian:TwinSlam+1","Guardian:SentryBeam+1","downfall:Icky","Panacea+1","Finesse","Guardian:BronzeArmor","Guardian:FuturePlans","Guardian:Gem_Orange","Guardian:TemporalStrike","Guardian:Clone"],"relics":["Guardian:ModeShifter","Centennial Puzzle","Bag of Preparation","Art of War","downfall:HeartBlessingGreen","Letter Opener"],"acts_visited":["Exordium"],"potions_floor_usage":[9,14],"damage_taken":[{"damage":0,"enemies":"Jaw Worm","floor":2,"turns":4},{"damage":5,"enemies":"downfall:FleeingMerchant","floor":5,"turns":4},{"damage":0,"enemies":"Small Slimes","floor":8,"turns":4},{"damage":13,"enemies":"3 Sentries","floor":9,"turns":10},{"damage":2,"enemies":"Lagavulin","floor":12,"turns":9},{"damage":4,"enemies":"Lagavulin Event","floor":14,"turns":7},{"damage":1,"enemies":"2 Louse","floor":15,"turns":2},{"damage":35,"enemies":"SI_SHIV_ARCHETYPE","floor":16,"turns":10}],"seed_played":"576474521141659533","potions_obtained":[{"floor":12,"key":"Weak Potion"},{"floor":15,"key":"Fire Potion"}],"is_trial":false,"path_per_floor":["R","M","?","?","$","?","T","M","E","?","R","E","R","?","M","B"],"character_chosen":"GUARDIAN","items_purchased":["Centennial Puzzle","Panacea","Swift Potion"],"campfire_rested":0,"item_purchase_floors":[5,5,5],"current_hp_per_floor":[80,80,80,80,75,75,75,75,62,56,56,54,54,50,49,14,14,14],"gold":121,"neow_bonus":"TEN_PERCENT_HP_BONUS","is_daily":false,"chose_seed":false,"campfire_upgraded":3,"win_rate":0.0,"timestamp":1611759735,"path_taken":["R","M","?","?","$","?","T","M","E","?","R","E","R","?","M","BOSS"],"items_purchased_type":["Relic","Card","Potion"],"build_version":"2020-12-22","purchased_purges":1,"victory":false,"max_hp_per_floor":[88,88,88,88,88,88,88,88,88,88,88,88,88,88,88,88,88,88],"relic_stats":{"Centennial Puzzle":[15],"counters":[8,50],"Bag of Preparation":[12],"Art of War":[2],"Letter Opener":[0],"obtain_stats":[{"Centennial Puzzle":5,"Guardian:ModeShifter":0,"downfall:HeartBlessingGreen":13,"Bag of Preparation":7,"Art of War":12,"Letter Opener":14},{"Centennial Puzzle":2,"Guardian:ModeShifter":0,"downfall:HeartBlessingGreen":5,"Bag of Preparation":2,"Art of War":5,"Letter Opener":6},{"Centennial Puzzle":8,"Guardian:ModeShifter":0,"downfall:HeartBlessingGreen":31,"Bag of Preparation":8,"Art of War":31,"Letter Opener":38}]},"card_choices":[{"not_picked":["Guardian:Incinerate","Guardian:GuardianWhirl"],"picked":"Guardian:SentryBeam","floor":2},{"not_picked":["Guardian:Recover","Guardian:Gem_Crimson"],"picked":"Guardian:Gem_Green","floor":5},{"not_picked":["Discovery","Thinking Ahead"],"picked":"Finesse","floor":6},{"not_picked":["Guardian:PiercingHide","Guardian:TemporalShield"],"picked":"Guardian:BronzeArmor","floor":8},{"not_picked":["Guardian:PrimingBeam","Guardian:TemporalStrike"],"picked":"Guardian:FuturePlans","floor":9},{"not_picked":["Guardian:Planning","Guardian:ShieldCharger"],"picked":"Guardian:Gem_Orange","floor":12},{"not_picked":["Guardian:VentSteam","Guardian:Harden"],"picked":"Guardian:TemporalStrike","floor":14},{"not_picked":["Guardian:PrismaticBeam","Guardian:Gem_Green"],"picked":"Guardian:Clone","floor":15}],"player_experience":1772354,"relics_obtained":[{"floor":7,"key":"Bag of Preparation"},{"floor":12,"key":"Art of War"},{"floor":14,"key":"Letter Opener"}],"event_choices":[{"damage_healed":0,"gold_gain":1,"player_choice":"1","damage_taken":0,"max_hp_gain":0,"max_hp_loss":0,"event_name":"betterStone:BetterStone","floor":6,"gold_loss":0}],"is_beta":false,"boss_relics":[],"items_purged_floors":[5],"is_endless":false,"potions_floor_spawned":[12,15],"killed_by":"SI_SHIV_ARCHETYPE","ascension_level":6}}