{"host":"2wp95sdfrgw3k439","time":1611781404,"event":{"mods":["BaseMod","Better Altar","Better Skull","Better Third Choice","Curses Come First","Minty Spire (QoL Compilation)","Permanent Neow","Reliquary","StSLib"],"gold_per_floor":[13,30,130,144,162,162,192,192,218,252,276,288,316,328,340,352,352],"floor_reached":16,"language":"ENG","playtime":679,"items_purged":[],"score":157,"play_id":"e3156387-7a9a-4581-92f9-cf76d2808313","local_time":"20210127140324","is_ascension_mode":true,"campfire_choices":[{"data":"Berserk","floor":6,"key":"SMITH"},{"floor":8,"key":"REST"},{"floor":15,"key":"REST"}],"circlet_count":0,"master_deck":["Strike_R","Strike_R","Strike_R","Strike_R","Strike_R","Defend_R","Defend_R","Defend_R","Defend_R","Bash","Berserk+1","Thunderclap","Flame Barrier","Thunderclap","Pommel Strike","Infernal Blade","Double Tap","Pommel Strike","Brutality"],"relics":["Burning Blood","Omamori","reliquary:PartyBalloon","MawBank","Letter Opener"],"acts_visited":["Exordium"],"potions_floor_usage":[2,7,11,16],"damage_taken":[{"damage":9,"enemies":"Jaw Worm","floor":1,"turns":5},{"damage":1,"enemies":"Cultist","floor":2,"turns":4},{"damage":0,"enemies":"2 Louse","floor":4,"turns":2},{"damage":9,"enemies":"Lots of Slimes","floor":5,"turns":3},{"damage":33,"enemies":"3 Sentries","floor":7,"turns":9},{"damage":28,"enemies":"Lagavulin","floor":10,"turns":7},{"damage":4,"enemies":"Blue Slaver","floor":11,"turns":4},{"damage":36,"enemies":"Exordium Wildlife","floor":13,"turns":5},{"damage":34,"enemies":"Slime Boss","floor":16,"turns":6}],"seed_played":"-7759672094719541101","potions_obtained":[{"floor":1,"key":"EssenceOfSteel"},{"floor":4,"key":"Dexterity Potion"},{"floor":7,"key":"SpeedPotion"},{"floor":13,"key":"SteroidPotion"}],"is_trial":false,"path_per_floor":["M","M","?","M","M","R","E","R","T","E","M","?","M","?","R","B"],"character_chosen":"IRONCLAD","items_purchased":[],"campfire_rested":2,"item_purchase_floors":[],"current_hp_per_floor":[69,74,74,80,77,77,50,74,74,52,54,54,24,6,30,0,0],"gold":352,"neow_bonus":"THREE_RARE_CARDS","is_daily":false,"chose_seed":false,"campfire_upgraded":1,"win_rate":0.0,"timestamp":1611781404,"path_taken":["M","M","?","M","M","R","E","R","T","E","?","?","?","?","R","BOSS"],"items_purchased_type":[],"build_version":"2020-12-22","purchased_purges":0,"victory":false,"max_hp_per_floor":[80,80,80,80,80,80,80,80,80,80,80,80,80,80,80,80,80],"card_choices":[{"not_picked":["Reaper","Limit Break"],"picked":"Berserk","floor":0},{"not_picked":["Iron Wave","Warcry"],"picked":"Thunderclap","floor":1},{"not_picked":["Havoc","Perfected Strike"],"picked":"Flame Barrier","floor":2},{"not_picked":["Power Through","Headbutt"],"picked":"Thunderclap","floor":4},{"not_picked":["Perfected Strike","Havoc","Anger"],"picked":"SKIP","floor":5},{"not_picked":["True Grit","Headbutt"],"picked":"Pommel Strike","floor":7},{"not_picked":["Searing Blow","Clash"],"picked":"Infernal Blade","floor":10},{"not_picked":["Cleave","Disarm"],"picked":"Double Tap","floor":11},{"not_picked":["Fire Breathing","Perfected Strike","Twin Strike"],"picked":"SKIP","floor":13}],"player_experience":482408,"relics_obtained":[{"floor":7,"key":"Omamori"},{"floor":9,"key":"reliquary:PartyBalloon"},{"floor":10,"key":"MawBank"}],"event_choices":[{"damage_healed":0,"gold_gain":100,"player_choice":"Gold","damage_taken":0,"max_hp_gain":0,"max_hp_loss":0,"event_name":"Wheel of Change","floor":3,"gold_loss":0},{"damage_healed":0,"gold_gain":0,"player_choice":"2 cards matched","damage_taken":0,"max_hp_gain":0,"max_hp_loss":0,"event_name":"Match and Keep!","floor":12,"gold_loss":0,"cards_obtained":["Pommel Strike","Brutality"]},{"damage_healed":0,"gold_gain":1,"player_choice":"Relic ","damage_taken":18,"max_hp_gain":0,"max_hp_loss":0,"event_name":"betterThird:BetterScrap","floor":14,"gold_loss":0,"cards_obtained":["Riddle With Holes"]}],"is_beta":false,"boss_relics":[],"items_purged_floors":[],"is_endless":false,"potions_floor_spawned":[1,4,7,13],"killed_by":"Slime Boss","ascension_level":8}}