{"host":"dztixnx9b0gu6w9i","time":1611710953,"event":{"mods":["BaseMod","Bestiary","Minty Spire (QoL Compilation)","Relic Stats","Slay the Relics Exporter","SpireBot","ojb\u0027s Better Paths Mod","ojb\u0027s Info Mod"],"gold_per_floor":[127,154,182,182,209,245,245,245,245,590,35,35,35,44,44,142,142,172,199,244,253,89,120,120,143,198,198,226,226,266,289,289,387,387,411,436,436,436,461,461,511,9,9,59,87,132,172,199,199,199,199,199,199,44,84,84],"floor_reached":57,"language":"ENG","playtime":21472,"items_purged":["Defend_B","Dualcast"],"score":2751,"play_id":"61e357e6-e74c-4d0a-aa58-9fbdbce58a6c","local_time":"20210126202913","is_ascension_mode":true,"campfire_choices":[{"floor":7,"key":"REST"},{"data":"Chill","floor":12,"key":"SMITH"},{"data":"Barrage","floor":15,"key":"SMITH"},{"data":"Zap","floor":24,"key":"SMITH"},{"data":"Turbo","floor":27,"key":"SMITH"},{"data":"Go for the Eyes","floor":29,"key":"SMITH"},{"data":"J.A.X.","floor":32,"key":"SMITH"},{"floor":40,"key":"RECALL"},{"data":"Capacitor","floor":49,"key":"SMITH"},{"data":"Go for the Eyes","floor":53,"key":"SMITH"}],"circlet_count":0,"master_deck":["AscendersBane","Defend_B","Defend_B","Defend_B","Zap+1","Barrage+1","BootSequence","Go for the Eyes+1","Reinforced Body","Compile Driver","Chill+1","Capacitor+1","Echo Form","Go for the Eyes+1","Steam","Bite","Bite","Bite","Bite","Bite","J.A.X.+1","Turbo+1","Barrage","BootSequence+1","Leap+1","Echo Form","Coolheaded","Beam Cell+1","Reprogram+1","Doom and Gloom+1","Compile Driver","Recycle+1","All For One","Conserve Battery","Coolheaded+1","Glacier+1"],"relics":["Cracked Core","CeramicFish","Centennial Puzzle","Golden Idol","Old Coin","Bag of Preparation","Happy Flower","Runic Pyramid","ClockworkSouvenir","Bag of Marbles","Potion Belt","Nunchaku","Coffee Dripper","Blue Candle","Gambling Chip","OrangePellets","Eternal Feather","Juzu Bracelet","StrikeDummy","Bird Faced Urn","Mummified Hand"],"acts_visited":["Exordium","TheCity","TheBeyond","TheEnding"],"potions_floor_usage":[5,10,16,18,23,30,56,56,56],"damage_taken":[{"damage":1,"enemies":"Small Slimes","floor":1,"turns":4},{"damage":2,"enemies":"Jaw Worm","floor":2,"turns":3},{"damage":0,"enemies":"2 Louse","floor":3,"turns":2},{"damage":7,"enemies":"Large Slime","floor":5,"turns":4},{"damage":30,"enemies":"3 Sentries","floor":6,"turns":6},{"damage":11,"enemies":"Lagavulin","floor":10,"turns":7},{"damage":1,"enemies":"Slime Boss","floor":16,"turns":7},{"damage":1,"enemies":"Shell Parasite","floor":18,"turns":4},{"damage":1,"enemies":"2 Thieves","floor":19,"turns":5},{"damage":13,"enemies":"Book of Stabbing","floor":23,"turns":5},{"damage":6,"enemies":"Centurion and Healer","floor":25,"turns":5},{"damage":6,"enemies":"Snecko","floor":28,"turns":5},{"damage":4,"enemies":"Slavers","floor":30,"turns":4},{"damage":6,"enemies":"Sentry and Sphere","floor":31,"turns":5},{"damage":19,"enemies":"Collector","floor":33,"turns":7},{"damage":5,"enemies":"Orb Walker","floor":35,"turns":5},{"damage":1,"enemies":"3 Shapes","floor":36,"turns":6},{"damage":6,"enemies":"Maw","floor":39,"turns":6},{"damage":13,"enemies":"Nemesis","floor":41,"turns":9},{"damage":13,"enemies":"Reptomancer","floor":44,"turns":7},{"damage":5,"enemies":"Jaw Worm Horde","floor":45,"turns":6},{"damage":16,"enemies":"Nemesis","floor":46,"turns":9},{"damage":3,"enemies":"Mind Bloom Boss Battle","floor":47,"turns":6},{"damage":3,"enemies":"Sphere and 2 Shapes","floor":48,"turns":6},{"damage":16,"enemies":"Awakened One","floor":50,"turns":9},{"damage":22,"enemies":"Donu and Deca","floor":51,"turns":9},{"damage":48,"enemies":"Shield and Spear","floor":55,"turns":18},{"damage":39,"enemies":"The Heart","floor":56,"turns":9}],"seed_played":"-5846024973006528751","potions_obtained":[{"floor":1,"key":"SneckoOil"},{"floor":3,"key":"Swift Potion"},{"floor":6,"key":"FearPotion"},{"floor":16,"key":"LiquidBronze"},{"floor":18,"key":"PotionOfCapacity"},{"floor":25,"key":"SteroidPotion"},{"floor":28,"key":"EssenceOfSteel"},{"floor":31,"key":"Regen Potion"},{"floor":35,"key":"AttackPotion"},{"floor":44,"key":"PowerPotion"},{"floor":45,"key":"Block Potion"},{"floor":46,"key":"GamblersBrew"}],"is_trial":false,"path_per_floor":["M","M","M","?","M","E","R","?","T","E","$","R","?","?","R","B",null,"M","M","?","?","$","E","R","M","T","R","M","R","E","M","R","B",null,"M","M","?","?","M","R","E","$","T","E","M","E","?","M","R","B","B",null,"R","$","E","B",null],"character_chosen":"DEFECT","items_purchased":["Bag of Preparation","Happy Flower","DuplicationPotion","Chill","ClockworkSouvenir","Gambling Chip","OrangePellets","ColorlessPotion"],"campfire_rested":1,"item_purchase_floors":[11,11,11,11,22,42,42,54],"current_hp_per_floor":[63,61,61,40,33,3,24,24,24,13,13,13,34,34,34,33,56,55,54,44,44,44,41,41,44,44,44,44,44,44,44,44,38,43,44,44,44,44,44,44,44,44,44,44,41,41,44,44,44,43,36,42,44,44,44,27],"gold":84,"neow_bonus":"RANDOM_COMMON_RELIC","is_daily":false,"chose_seed":false,"campfire_upgraded":8,"win_rate":0.0,"timestamp":1611710953,"path_taken":["M","M","M","?","M","E","R","?","T","E","?","R","?","?","R","BOSS","M","?","?","?","$","E","R","?","T","R","M","R","E","M","R","BOSS","M","M","?","?","M","R","E","?","T","E","M","E","?","M","R","BOSS","BOSS","R","$","E","BOSS"],"items_purchased_type":["Relic","Relic","Potion","Card","Relic","Relic","Relic","Potion"],"build_version":"2020-12-22","purchased_purges":2,"victory":true,"max_hp_per_floor":[71,71,71,71,71,71,71,64,64,64,64,64,64,64,64,64,64,64,64,44,44,44,44,44,44,44,44,44,44,44,44,44,44,44,44,44,44,44,44,44,44,44,44,44,44,44,44,44,44,44,44,44,44,44,44,44],"relic_stats":{"Happy Flower":[50],"counters":[28,178],"Golden Idol":180,"CeramicFish":288,"Blue Candle":[1],"Eternal Feather":2,"Bag of Preparation":[44],"Juzu Bracelet":1,"OrangePellets":[6],"Centennial Puzzle":[65],"Nunchaku":[27],"Mummified Hand":[8],"Gambling Chip":[32],"Bird Faced Urn":[39],"obtain_stats":[{"Potion Belt":26,"Happy Flower":11,"Golden Idol":8,"CeramicFish":0,"Blue Candle":41,"Eternal Feather":43,"Bag of Preparation":11,"Juzu Bracelet":44,"Old Coin":10,"ClockworkSouvenir":22,"OrangePellets":42,"Centennial Puzzle":6,"Nunchaku":30,"Mummified Hand":55,"Gambling Chip":42,"Bird Faced Urn":47,"Bag of Marbles":23,"Coffee Dripper":34,"Cracked Core":0,"StrikeDummy":46,"Runic Pyramid":17},{"Potion Belt":11,"Happy Flower":6,"Golden Idol":5,"CeramicFish":0,"Blue Candle":19,"Eternal Feather":19,"Bag of Preparation":6,"Juzu Bracelet":20,"Old Coin":6,"ClockworkSouvenir":9,"OrangePellets":19,"Centennial Puzzle":5,"Nunchaku":13,"Mummified Hand":27,"Gambling Chip":19,"Bird Faced Urn":23,"Bag of Marbles":10,"Coffee Dripper":15,"Cracked Core":0,"StrikeDummy":22,"Runic Pyramid":7},{"Potion Belt":52,"Happy Flower":26,"Golden Idol":19,"CeramicFish":0,"Blue Candle":99,"Eternal Feather":99,"Bag of Preparation":26,"Juzu Bracelet":106,"Old Coin":26,"ClockworkSouvenir":42,"OrangePellets":99,"Centennial Puzzle":19,"Nunchaku":61,"Mummified Hand":169,"Gambling Chip":99,"Bird Faced Urn":127,"Bag of Marbles":47,"Coffee Dripper":73,"Cracked Core":0,"StrikeDummy":121,"Runic Pyramid":33}]},"card_choices":[{"not_picked":["Skim","Go for the Eyes"],"picked":"Ball Lightning","floor":1},{"not_picked":["Stack","Capacitor"],"picked":"Barrage","floor":2},{"not_picked":["Beam Cell","Force Field"],"picked":"BootSequence","floor":3},{"not_picked":["Auto Shields","Amplify"],"picked":"Go for the Eyes","floor":5},{"not_picked":["Stack","Genetic Algorithm"],"picked":"Reinforced Body","floor":6},{"not_picked":["Leap","Creative AI"],"picked":"Compile Driver","floor":10},{"not_picked":["Fission","Machine Learning"],"picked":"Echo Form","floor":16},{"not_picked":["Barrage","Ball Lightning"],"picked":"Go for the Eyes","floor":18},{"not_picked":["Conserve Battery","Darkness"],"picked":"Steam","floor":19},{"not_picked":["Auto Shields","White Noise","Coolheaded"],"picked":"SKIP","floor":23},{"not_picked":["Auto Shields","White Noise","Coolheaded"],"picked":"SKIP","floor":23},{"not_picked":["Loop","Fusion"],"picked":"Turbo","floor":25},{"not_picked":["Turbo","Rebound"],"picked":"Barrage","floor":28},{"not_picked":["Ball Lightning","Loop"],"picked":"BootSequence+1","floor":30},{"not_picked":["Scrape","Ball Lightning"],"picked":"Leap+1","floor":31},{"not_picked":["Seek","Reboot"],"picked":"Echo Form","floor":33},{"not_picked":["Tempest+1","Go for the Eyes"],"picked":"Coolheaded","floor":35},{"not_picked":["Leap","Barrage"],"picked":"Beam Cell+1","floor":36},{"not_picked":["Double Energy+1","Sunder"],"picked":"Reprogram+1","floor":39},{"not_picked":["Barrage","Storm"],"picked":"Doom and Gloom+1","floor":41},{"not_picked":["Tempest","Genetic Algorithm"],"picked":"Compile Driver","floor":44},{"not_picked":["Storm","Rebound"],"picked":"Recycle+1","floor":45},{"not_picked":["Skim","Beam Cell+1"],"picked":"All For One","floor":46},{"not_picked":["Rebound+1","Leap"],"picked":"Conserve Battery","floor":47},{"not_picked":["Self Repair","Gash"],"picked":"Coolheaded+1","floor":48},{"not_picked":["Doom and Gloom","White Noise"],"picked":"Glacier+1","floor":55}],"player_experience":8322601,"relics_obtained":[{"floor":6,"key":"Centennial Puzzle"},{"floor":10,"key":"Old Coin"},{"floor":23,"key":"Bag of Marbles"},{"floor":26,"key":"Potion Belt"},{"floor":30,"key":"Nunchaku"},{"floor":41,"key":"Blue Candle"},{"floor":43,"key":"Eternal Feather"},{"floor":44,"key":"Juzu Bracelet"},{"floor":46,"key":"StrikeDummy"},{"floor":47,"key":"Bird Faced Urn"},{"floor":55,"key":"Mummified Hand"}],"event_choices":[{"damage_healed":0,"gold_gain":0,"player_choice":"Entered Light","damage_taken":21,"max_hp_gain":0,"max_hp_loss":0,"event_name":"Shining Light","floor":4,"gold_loss":0,"cards_upgraded":["Strike_B","Strike_B"]},{"damage_healed":0,"gold_gain":0,"player_choice":"Lose Max HP","damage_taken":0,"relics_obtained":["Golden Idol"],"max_hp_gain":0,"max_hp_loss":7,"event_name":"Golden Idol","floor":8,"gold_loss":0},{"damage_healed":21,"gold_gain":0,"player_choice":"Banana","damage_taken":0,"max_hp_gain":0,"max_hp_loss":0,"event_name":"Big Fish","floor":13,"gold_loss":0},{"damage_healed":0,"gold_gain":0,"player_choice":"1 cards matched","damage_taken":0,"max_hp_gain":0,"max_hp_loss":0,"event_name":"Match and Keep!","floor":14,"gold_loss":0,"cards_obtained":["Capacitor"]},{"damage_healed":0,"gold_gain":0,"player_choice":"Became a vampire","damage_taken":0,"max_hp_gain":0,"max_hp_loss":20,"event_name":"Vampires","floor":20,"gold_loss":0,"cards_obtained":["Bite","Bite","Bite","Bite","Bite"]},{"damage_healed":0,"gold_gain":0,"player_choice":"Obtain J.A.X.","damage_taken":0,"max_hp_gain":0,"max_hp_loss":0,"event_name":"Drug Dealer","floor":21,"gold_loss":0,"cards_obtained":["J.A.X."]},{"damage_healed":0,"gold_gain":0,"player_choice":"Ignored","damage_taken":0,"max_hp_gain":0,"max_hp_loss":0,"event_name":"Tomb of Lord Red Mask","floor":37,"gold_loss":0},{"cards_removed":["Ball Lightning"],"damage_healed":0,"gold_gain":0,"player_choice":"Removed Attack","damage_taken":0,"max_hp_gain":0,"max_hp_loss":0,"event_name":"Falling","floor":38,"gold_loss":0},{"damage_healed":0,"gold_gain":0,"player_choice":"Fight","damage_taken":0,"max_hp_gain":0,"max_hp_loss":0,"event_name":"MindBloom","floor":47,"gold_loss":0}],"is_beta":false,"boss_relics":[{"not_picked":["Velvet Choker","Nuclear Battery"],"picked":"Runic Pyramid"},{"not_picked":["Philosopher\u0027s Stone","Fusion Hammer"],"picked":"Coffee Dripper"}],"items_purged_floors":[11,54],"is_endless":false,"potions_floor_spawned":[1,3,6,16,18,25,28,31,35,44,45,46],"ascension_level":20}}