{"host":"1omuyl0df1yi03p2","time":1611772063,"event":{"mods":["BaseMod","Colored Map","Colored Powertips","Downfall","Hubris","Infinite Spire","Minty Spire (QoL Compilation)","Replay The Spire","StSLib","The Bug Knight","The Necromancer","The Wild Card"],"gold_per_floor":[99,117,57,76,351,369,369,388,90,116,116,116,116,116,131,230,230,230,38,48,48,62,62,89,106,106,125,75,88,88,115,127,127,127,127],"floor_reached":33,"language":"ENG","playtime":2571,"items_purged":["Regret"],"score":317,"play_id":"c2751379-43f0-42c3-a4d8-d3f69b8bc989","local_time":"20210127122743","is_ascension_mode":false,"campfire_choices":[{"data":"Slimebound:CorrosiveSpit","floor":1,"key":"SMITH"},{"data":"Slimebound:RallyTheTroops","floor":11,"key":"SMITH"},{"floor":13,"key":"REST"},{"data":"Slimebound:SlimeSlap","floor":18,"key":"SMITH"},{"data":"infinitespire:UltimateForm","floor":23,"key":"SMITH"},{"data":"Slimebound:SelfFormingGoo","floor":30,"key":"SMITH"}],"circlet_count":0,"master_deck":["Slimebound:Strike_Slimebound","Slimebound:Strike_Slimebound","Slimebound:Strike_Slimebound","Slimebound:Tackle","Slimebound:Defend_Slimebound","Slimebound:Defend_Slimebound","Slimebound:Defend_Slimebound","Slimebound:Defend_Slimebound","Slimebound:Split","Slimebound:CorrosiveSpit+1","Slimebound:Overexert","Slimebound:AcidTongue","Slimebound:LevelUp","Slimebound:SplitAcid","Slimebound:SplitBruiser","Slimebound:GoopSpray","Slimebound:SamplingLick","Slimebound:LevelUp","Slimebound:RallyTheTroops+1","Slimebound:SplitBruiser","Slimebound:ProtectTheBoss","Slimebound:RainOfGoop","theWildCard:Odin","Slimebound:HauntingLick","Slimebound:SlimeSlap+1","Slimebound:HauntingLick+1","Slimebound:SplitMire","Slimebound:SplitBruiser","Slimebound:HauntingLick","infinitespire:UltimateForm+1","infinitespire:FutureSight","Slimebound:SplitMire","Slimebound:MegaLick","Slimebound:SelfFormingGoo+1","Slimebound:SplitLeeching+1","Slimebound:GrowthPunch+1","Slimebound:SplitAcid+1"],"relics":["Slimebound:AbsorbEndCombat","Slimebound:MaxSlimesRelic","Bronze Scales","hubris:ScarierMask","Vajra","Iron Hammer"],"acts_visited":["Exordium","TheCity"],"potions_floor_usage":[10,33,33,33],"damage_taken":[{"damage":1,"enemies":"2 Louse","floor":2,"turns":4},{"damage":5,"enemies":"downfall:FleeingMerchant","floor":3,"turns":4},{"damage":5,"enemies":"Cultist","floor":4,"turns":4},{"damage":10,"enemies":"Jaw Worm","floor":6,"turns":3},{"damage":7,"enemies":"2 Fungi Beasts","floor":8,"turns":3},{"damage":7,"enemies":"downfall:FleeingMerchant","floor":9,"turns":4},{"damage":1,"enemies":"Lagavulin","floor":10,"turns":4},{"damage":0,"enemies":"Exordium Wildlife","floor":15,"turns":4},{"damage":28,"enemies":"WA_ARCHETYPE_RETAIN","floor":16,"turns":5},{"damage":4,"enemies":"downfall:FleeingMerchant","floor":19,"turns":4},{"damage":6,"enemies":"3 Byrds","floor":20,"turns":2},{"damage":1,"enemies":"Chosen","floor":22,"turns":4},{"damage":20,"enemies":"Snake Plant","floor":25,"turns":5},{"damage":19,"enemies":"Snecko","floor":27,"turns":4},{"damage":9,"enemies":"Centurion and Healer","floor":29,"turns":3},{"damage":2,"enemies":"HollowMod:Nosk","floor":31,"turns":6},{"damage":0,"enemies":"Cultist and Chosen","floor":32,"turns":4},{"damage":56,"enemies":"SI_MIRROR_ARCHETYPE","floor":33,"turns":8}],"seed_played":"-6348316172082559667","potions_obtained":[{"floor":6,"key":"Strength Potion"},{"floor":8,"key":"SkillPotion"},{"floor":16,"key":"Elixir"},{"floor":20,"key":"sneckomod:MuddlingPotion"},{"floor":27,"key":"Reflective Coating"}],"is_trial":false,"path_per_floor":["R","M","$","M","?","M","T","M","$","E","R","?","R","?","M","B",null,"R","$","M","AVR","M","R","T","M","?","M","?","M","R","E","M","B"],"character_chosen":"SLIMEBOUND","items_purchased":["Slimebound:SplitAcid","Slimebound:RallyTheTroops","Slimebound:SplitBruiser","Slimebound:ProtectTheBoss","Slimebound:SplitMire","Slimebound:SplitBruiser"],"campfire_rested":1,"item_purchase_floors":[3,9,9,9,19,19],"current_hp_per_floor":[47,50,49,46,46,36,36,31,28,29,29,29,48,48,52,28,65,65,65,61,61,62,62,62,44,44,29,55,48,48,48,48,0,0,0],"gold":127,"neow_bonus":"THREE_RARE_CARDS","is_daily":false,"chose_seed":false,"campfire_upgraded":5,"win_rate":0.0,"timestamp":1611772063,"path_taken":["R","M","$","M","?","?","T","M","$","E","R","?","R","?","M","BOSS","R","$","M","AVR","M","R","T","M","?","M","?","M","R","E","M","BOSS"],"items_purchased_type":["Card","Card","Card","Card","Card","Card"],"build_version":"2020-12-22","purchased_purges":1,"victory":false,"max_hp_per_floor":[65,65,65,65,65,65,65,65,65,65,65,65,65,65,65,65,65,65,65,65,65,65,65,65,65,65,65,65,65,65,65,65,65,65,65],"card_choices":[{"not_picked":["Slimebound:MassRepurpose","Slimebound:RallyTheTroops"],"picked":"Slimebound:Overexert","floor":0},{"not_picked":["Slimebound:FormOfPuddle","Slimebound:RejuvenatingLick"],"picked":"Slimebound:AcidTongue","floor":2},{"not_picked":["Slimebound:PressTheAttack","Slimebound:SlimeBrawl"],"picked":"Slimebound:LevelUp","floor":3},{"not_picked":["Slimebound:Prepare","Slimebound:SplitMire"],"picked":"Slimebound:SplitBruiser","floor":4},{"not_picked":["Slimebound:SamplingLick","Slimebound:LivingWall"],"picked":"Slimebound:GoopSpray","floor":6},{"not_picked":["Slimebound:ForwardTackle","Slimebound:LeechEnergy"],"picked":"Slimebound:SamplingLick","floor":8},{"not_picked":["Slimebound:RollThrough","Slimebound:LivingWall"],"picked":"Slimebound:LevelUp","floor":9},{"not_picked":["Slimebound:PrepareCrush","Slimebound:RollThrough"],"picked":"Slimebound:RainOfGoop","floor":10},{"not_picked":["Slimebound:RollThrough","Slimebound:Gluttony"],"picked":"Slimebound:HauntingLick","floor":15},{"not_picked":["Slimebound:MassFeed","Slimebound:RallyTheTroops"],"picked":"Slimebound:SlimeSlap","floor":16},{"not_picked":["Slimebound:ComboTackle","Slimebound:AcidTongue"],"picked":"Slimebound:HauntingLick+1","floor":19},{"not_picked":["Slimebound:ForwardTackle","Slimebound:FlameTackle"],"picked":"Slimebound:HauntingLick","floor":20},{"not_picked":["Slimebound:RollThrough+1","Slimebound:ItLooksTasty"],"picked":"Slimebound:SplitMire","floor":22},{"not_picked":["Slimebound:HauntingLick","Slimebound:SplitAcid"],"picked":"Slimebound:MegaLick","floor":25},{"not_picked":["Slimebound:SplitBruiser","Slimebound:LevelUp"],"picked":"Slimebound:SelfFormingGoo","floor":27},{"not_picked":["Slimebound:LivingWall","Slimebound:GoopTackle+1"],"picked":"Slimebound:SplitLeeching+1","floor":29},{"not_picked":["Slimebound:ProtectTheBoss+1","Slimebound:TongueLash+1"],"picked":"Slimebound:GrowthPunch+1","floor":31},{"not_picked":["Slimebound:RejuvenatingLick","Slimebound:SplitLeeching"],"picked":"Slimebound:SplitAcid+1","floor":32}],"player_experience":168521,"relics_obtained":[{"floor":7,"key":"Slimebound:MaxSlimesRelic"},{"floor":10,"key":"Bronze Scales"},{"floor":24,"key":"Vajra"},{"floor":31,"key":"Iron Hammer"}],"event_choices":[],"is_beta":false,"boss_relics":[{"not_picked":["hubris:GrandSneckoEye","hubris:VirtuousBlindfold"],"picked":"hubris:ScarierMask"}],"items_purged_floors":[19],"is_endless":false,"potions_floor_spawned":[6,8,16,20,22,27,31,32],"killed_by":"SI_MIRROR_ARCHETYPE","ascension_level":0}}