{"host":"3vhe2wr81aw5r9bm","time":1611736729,"event":{"mods":["AchievementEnabler","BaseMod","Colored Powertips","Hermit","Lobotomy","LobotomyExtend","Minty Spire (QoL Compilation)","Replay The Spire","StSLib"],"gold_per_floor":[116,130,144,154,166,171,171],"floor_reached":6,"language":"ENG","playtime":783,"items_purged":[],"score":42,"play_id":"ad56697c-e687-479a-a9dd-79a2a41e136f","local_time":"20210127033849","is_ascension_mode":true,"campfire_choices":[],"circlet_count":0,"master_deck":["hermit:Strike_Hermit","hermit:Strike_Hermit","hermit:Strike_Hermit","hermit:Strike_Hermit","hermit:Defend_Hermit","hermit:Defend_Hermit","hermit:Defend_Hermit","hermit:Defend_Hermit","hermit:Snapshot","hermit:Covet","BlackSwan","hermit:Combo","LongBird","hermit:Enervate","OSAHOGD","hermit:LowProfile","Wellcheers","hermit:Scavenge","OldLady","hermit:PistolWhip"],"relics":["hermit:Momento","CogitoBucket","LetterFromLob"],"acts_visited":["Exordium"],"potions_floor_usage":[6],"damage_taken":[{"damage":0,"enemies":"Cultist","floor":1,"turns":3},{"damage":3,"enemies":"Jaw Worm","floor":2,"turns":4},{"damage":0,"enemies":"Small Slimes","floor":3,"turns":3},{"damage":14,"enemies":"Blue Slaver","floor":4,"turns":3},{"damage":36,"enemies":"Large Slime","floor":5,"turns":8},{"damage":35,"enemies":"Gremlin Nob","floor":6,"turns":4}],"seed_played":"2823260156127352040","potions_obtained":[{"floor":2,"key":"CultistPotion"}],"is_trial":false,"path_per_floor":["M","M","M","M","M","E"],"character_chosen":"HERMIT","items_purchased":[],"campfire_rested":0,"item_purchase_floors":[],"current_hp_per_floor":[75,72,72,58,28,0,0],"gold":171,"neow_bonus":"","is_daily":false,"chose_seed":false,"campfire_upgraded":0,"win_rate":0.0,"timestamp":1611736729,"path_taken":["M","M","M","M","M","E"],"items_purchased_type":[],"build_version":"2020-12-22","purchased_purges":0,"victory":false,"max_hp_per_floor":[75,75,75,75,75,75,75],"card_choices":[{"not_picked":["OldLady","MHz"],"picked":"BlackSwan","floor":1},{"not_picked":["hermit:WideOpen","hermit:Spite"],"picked":"hermit:Combo","floor":1},{"not_picked":["UniverseFragment","Bloodbath"],"picked":"LongBird","floor":2},{"not_picked":["hermit:WideOpen","hermit:Glare"],"picked":"hermit:Enervate","floor":2},{"not_picked":["DreamingCurrent","CrumblingArmor"],"picked":"OSAHOGD","floor":3},{"not_picked":["hermit:Manifest","hermit:Desperado"],"picked":"hermit:LowProfile","floor":3},{"not_picked":["OldLady","ShyLook"],"picked":"Wellcheers","floor":4},{"not_picked":["hermit:Determination","hermit:Snipe"],"picked":"hermit:Scavenge","floor":4},{"not_picked":["PunishingBird","Scorched"],"picked":"OldLady","floor":5},{"not_picked":["hermit:Quickdraw","hermit:Manifest"],"picked":"hermit:PistolWhip","floor":5}],"player_experience":337218,"relics_obtained":[{"floor":1,"key":"LetterFromLob"}],"event_choices":[],"is_beta":false,"boss_relics":[],"items_purged_floors":[],"is_endless":false,"potions_floor_spawned":[2],"killed_by":"Gremlin Nob","ascension_level":1}}