{"host":"gltm229u6j2oow3a","time":1611740578,"event":{"mods":["BaseMod","Colored Powertips","Minty Spire (QoL Compilation)","[IsaacMod]ÒÔÈö¼âËþ"],"gold_per_floor":[117,136,136,161,177,212,237,271,271,312,363,363,378,397,397,397,397],"floor_reached":16,"language":"ZHS","playtime":831,"items_purged":[],"score":194,"play_id":"da176a91-5e97-4186-93c7-c6deaf2953c0","local_time":"20210127174258","is_ascension_mode":true,"campfire_choices":[{"data":"Flex","floor":12,"key":"SMITH"},{"data":"DoctorFetus","floor":15,"key":"SMITH"}],"circlet_count":0,"master_deck":["Strike_R","Strike_R","Strike_R","Strike_R","Defend_R","Defend_R","Defend_R","Defend_R","Bash","DoctorFetus+1","Pummel","Shrug It Off","Headbutt","Flex+1","Bomb","Feel No Pain","Seeing Red","Headbutt","Limit Break"],"relics":["Burning Blood","HushsDoor","PokeGo","Golden Idol","BlankCard","Centennial Puzzle","Question Card","Smiling Mask"],"acts_visited":["Exordium"],"potions_floor_usage":[16],"damage_taken":[{"damage":18,"enemies":"Jaw Worm","floor":1,"turns":4},{"damage":14,"enemies":"Small Slimes","floor":2,"turns":3},{"damage":0,"enemies":"Cultist","floor":4,"turns":4},{"damage":0,"enemies":"Exordium Wildlife","floor":5,"turns":5},{"damage":0,"enemies":"3 Sentries","floor":6,"turns":5},{"damage":0,"enemies":"Large Slime","floor":7,"turns":8},{"damage":42,"enemies":"Lagavulin","floor":8,"turns":8},{"damage":0,"enemies":"3 Sentries","floor":10,"turns":3},{"damage":0,"enemies":"Exordium Thugs","floor":11,"turns":4},{"damage":0,"enemies":"Blue Slaver","floor":13,"turns":3},{"damage":0,"enemies":"Exordium Wildlife","floor":14,"turns":2},{"damage":38,"enemies":"The Guardian","floor":16,"turns":15}],"seed_played":"-2611455991237958664","potions_obtained":[{"floor":1,"key":"PowerPotion"},{"floor":2,"key":"CultistPotion"},{"floor":5,"key":"SkillPotion"}],"is_trial":false,"path_per_floor":["M","M","?","M","M","E","M","E","T","E","M","R","M","M","R","B"],"character_chosen":"IRONCLAD","items_purchased":[],"campfire_rested":0,"item_purchase_floors":[],"current_hp_per_floor":[68,60,40,46,52,58,64,28,28,34,40,40,46,52,52,14,14],"gold":397,"neow_bonus":"TRANSFORM_CARD","is_daily":false,"chose_seed":false,"campfire_upgraded":2,"win_rate":0.0,"timestamp":1611740578,"path_taken":["M","M","?","M","M","E","M","E","T","E","?","R","M","M","R","BOSS"],"items_purchased_type":[],"build_version":"2020-12-22","purchased_purges":0,"victory":false,"max_hp_per_floor":[80,80,80,80,80,80,80,80,80,80,80,80,80,80,80,80,80],"card_choices":[{"not_picked":[],"picked":"DoctorFetus","floor":0},{"not_picked":["Dark Embrace","Body Slam"],"picked":"Shrug It Off","floor":1},{"not_picked":["Heavy Blade","Clothesline"],"picked":"Headbutt","floor":2},{"not_picked":["Armaments","Battle Trance"],"picked":"Bomb","floor":4},{"not_picked":["Searing Blow","Cleave","Reckless Charge"],"picked":"SKIP","floor":5},{"not_picked":["Spot Weakness","True Grit"],"picked":"Flex","floor":6},{"not_picked":["Immolate","Headbutt"],"picked":"Bomb","floor":7},{"not_picked":["Dark Embrace","Shockwave"],"picked":"Feel No Pain","floor":8},{"not_picked":["Clash","Cleave","Twin Strike"],"picked":"Seeing Red","floor":10},{"not_picked":["True Grit","Heavy Blade","Wild Strike"],"picked":"Headbutt","floor":11},{"not_picked":["Sword Boomerang","Anger","Bomb"],"picked":"Limit Break","floor":13},{"not_picked":["Perfected Strike","Rampage","Shrug It Off","Rupture"],"picked":"SKIP","floor":14}],"player_experience":102663,"relics_obtained":[{"floor":6,"key":"BlankCard"},{"floor":8,"key":"Centennial Puzzle"},{"floor":9,"key":"Question Card"},{"floor":10,"key":"Smiling Mask"}],"event_choices":[{"damage_healed":0,"gold_gain":0,"player_choice":"Take Damage","damage_taken":20,"relics_obtained":["Golden Idol"],"max_hp_gain":0,"max_hp_loss":0,"event_name":"Golden Idol","floor":3,"gold_loss":0}],"is_beta":false,"boss_relics":[],"items_purged_floors":[],"is_endless":false,"potions_floor_spawned":[1,2,5,11,13],"killed_by":"The Guardian","ascension_level":2}}