{"host":"2fgwwnzqc97k7iys","time":1611783399,"event":{"mods":["BaseMod","Colored Map","Minty Spire (QoL Compilation)","Quick Restart","Relic Stats"],"gold_per_floor":[18,35,46,46,46,46,80,80,80,111,126,143,143,143,143,244,244,264,264,280,299,174,174,174],"floor_reached":23,"language":"ENG","playtime":1753,"items_purged":["Strike_G"],"score":291,"play_id":"b5711516-f36c-4e10-b1e4-9b143a963f10","local_time":"20210127153639","is_ascension_mode":true,"campfire_choices":[{"data":"Neutralize","floor":6.0,"key":"SMITH"},{"data":"Infinite Blades","floor":13.0,"key":"SMITH"},{"data":"Choke","floor":15.0,"key":"SMITH"}],"circlet_count":0,"master_deck":["Strike_G","Strike_G","Defend_G","Defend_G","Defend_G","Survivor","Neutralize+1","Dagger Throw","Choke+1","All Out Attack","Heel Hook","Dagger Spray","Escape Plan","Predator","Footwork","Infinite Blades+1","Leg Sweep","Storm of Steel","Infinite Blades","Accuracy","Cloak And Dagger"],"relics":["Ring of the Serpent","Kunai","Boot","Turnip","Nunchaku"],"acts_visited":["Exordium","TheCity"],"potions_floor_usage":[18,23],"damage_taken":[{"damage":1.0,"enemies":"Cultist","floor":1.0,"turns":3.0},{"damage":0.0,"enemies":"2 Louse","floor":2.0,"turns":2.0},{"damage":8.0,"enemies":"Small Slimes","floor":3.0,"turns":3.0},{"damage":17.0,"enemies":"3 Sentries","floor":7.0,"turns":5.0},{"damage":6.0,"enemies":"Gremlin Nob","floor":10.0,"turns":3.0},{"damage":0.0,"enemies":"Exordium Thugs","floor":11.0,"turns":4.0},{"damage":0.0,"enemies":"Lots of Slimes","floor":12.0,"turns":2.0},{"damage":16,"enemies":"Slime Boss","floor":16,"turns":9},{"damage":9,"enemies":"2 Thieves","floor":18,"turns":4},{"damage":9,"enemies":"Shell Parasite","floor":20,"turns":4},{"damage":13,"enemies":"Snecko","floor":21,"turns":5},{"damage":35,"enemies":"Gremlin Leader","floor":23,"turns":2}],"seed_played":"8647254298442234662","potions_obtained":[{"floor":1.0,"key":"AttackPotion"},{"floor":2.0,"key":"LiquidBronze"},{"floor":3.0,"key":"Energy Potion"},{"floor":11.0,"key":"Ancient Potion"},{"floor":21,"key":"ColorlessPotion"}],"is_trial":false,"path_per_floor":["M","M","M","?","?","R","E","?","T","E","M","M","R","?","R","B",null,"M","?","M","M","$","E"],"character_chosen":"THE_SILENT","items_purchased":["Cloak And Dagger"],"campfire_rested":0,"item_purchase_floors":[22],"current_hp_per_floor":[62,62,54,59,56,56,39,39,39,33,33,33,33,33,33,17,61,52,52,43,30,30,0,0],"gold":174,"neow_bonus":"TRANSFORM_TWO_CARDS","is_daily":false,"chose_seed":false,"campfire_upgraded":3,"win_rate":0.0,"timestamp":1611783399,"path_taken":["M","M","M","?","?","R","E","?","T","E","M","M","R","?","R","BOSS","M","?","M","?","$","E"],"items_purchased_type":["Card"],"build_version":"2020-12-22","purchased_purges":1,"victory":false,"max_hp_per_floor":[70,70,70,75,75,75,75,75,75,75,75,75,75,75,75,75,75,75,75,75,75,75,75,75],"relic_stats":{"Nunchaku":[8],"counters":[12,46],"Turnip":[0],"Kunai":[24],"Boot":[78],"obtain_stats":[{"Nunchaku":10,"Turnip":9,"Kunai":5,"Boot":7,"Ring of the Serpent":17,"Ring of the Snake":0},{"Nunchaku":5,"Turnip":4,"Kunai":3,"Boot":4,"Ring of the Serpent":8,"Ring of the Snake":0},{"Nunchaku":16,"Turnip":13,"Kunai":8,"Boot":13,"Ring of the Serpent":31,"Ring of the Snake":0}]},"card_choices":[{"not_picked":["Noxious Fumes","Sucker Punch"],"picked":"All Out Attack","floor":1.0},{"not_picked":["Choke","Bouncing Flask"],"picked":"Heel Hook","floor":2.0},{"not_picked":["Eviscerate","Quick Slash"],"picked":"Dagger Spray","floor":3.0},{"not_picked":["Wraith Form v2","Flechettes"],"picked":"Escape Plan","floor":7.0},{"not_picked":["Dagger Spray","Dodge and Roll"],"picked":"Footwork","floor":10.0},{"not_picked":["Underhanded Strike","Poisoned Stab"],"picked":"Infinite Blades","floor":11.0},{"not_picked":["PiercingWail","Dash"],"picked":"Leg Sweep","floor":12.0},{"not_picked":["After Image","Tools of the Trade"],"picked":"Storm of Steel","floor":16},{"not_picked":["Poisoned Stab","Prepared"],"picked":"Infinite Blades","floor":18},{"not_picked":["Dash","Underhanded Strike"],"picked":"Accuracy","floor":20},{"not_picked":["Crippling Poison","Reflex","All Out Attack"],"picked":"SKIP","floor":21}],"player_experience":511355,"relics_obtained":[{"floor":7.0,"key":"Boot"},{"floor":9.0,"key":"Turnip"},{"floor":10.0,"key":"Nunchaku"}],"event_choices":[{"damage_healed":0.0,"max_hp_gain":5.0,"max_hp_loss":0.0,"gold_gain":0.0,"event_name":"Big Fish","player_choice":"Donut","floor":4.0,"gold_loss":0.0,"damage_taken":0.0},{"damage_healed":0.0,"max_hp_gain":0.0,"max_hp_loss":0.0,"gold_gain":0.0,"event_name":"Scrap Ooze","player_choice":"Success","floor":5.0,"gold_loss":0.0,"damage_taken":3.0,"relics_obtained":["Kunai"]},{"damage_healed":0.0,"max_hp_gain":0.0,"max_hp_loss":0.0,"gold_gain":0.0,"cards_transformed":["Strike_G"],"event_name":"Living Wall","player_choice":"Change","floor":8.0,"gold_loss":0.0,"damage_taken":0.0,"cards_obtained":["Predator"]},{"cards_removed":["Strike_G"],"damage_healed":0.0,"max_hp_gain":0.0,"max_hp_loss":0.0,"gold_gain":0.0,"event_name":"Bonfire Elementals","player_choice":"Offered Basic","floor":14.0,"gold_loss":0.0,"damage_taken":0.0},{"damage_healed":0,"gold_gain":0,"player_choice":"0 cards matched","damage_taken":0,"max_hp_gain":0,"max_hp_loss":0,"event_name":"Match and Keep!","floor":19,"gold_loss":0,"cards_obtained":[]}],"is_beta":false,"boss_relics":[{"not_picked":["Fusion Hammer","Snecko Eye"],"picked":"Ring of the Serpent"}],"items_purged_floors":[22],"is_endless":false,"potions_floor_spawned":[1,2,3,11,21],"killed_by":"Gremlin Leader","ascension_level":9}}