{"host":"nyir1v7xajwugdek","time":1611773967,"event":{"mods":["BaseMod","Colored Powertips","Downfall","Minty Spire (QoL Compilation)","StSLib"],"gold_per_floor":[99,99,199,199,299,332,379,279,304,322,342,184,217,217,236,336,336,236,247,265,292,302,330,330,346,378,263,163,180,180,197,210,313,313,313,367,507,558,558,630,654,694,694,694],"floor_reached":42,"language":"ENG","playtime":3426,"items_purged":["downfall:Malfunctioning","downfall:Malfunctioning"],"score":814,"play_id":"97bd4af5-6cad-4d8b-8403-fb160154aacf","local_time":"20210127195927","is_ascension_mode":true,"campfire_choices":[{"data":"hexamod:Float","floor":1,"key":"SMITH"},{"floor":8,"key":"RECALL"},{"data":"hexamod:CatchUp","floor":18,"key":"SMITH"},{"data":"hexamod:Rewind","floor":28,"key":"SMITH"},{"data":"hexamod:ParanormalForm","floor":35,"key":"SMITH"}],"circlet_count":0,"master_deck":["hexamod:Strike","hexamod:Strike","hexamod:Strike","hexamod:Strike","hexamod:Defend","hexamod:Defend","hexamod:Defend","hexamod:Defend","hexamod:Sear","hexamod:Float+1","hexamod:AdvancingGuard","downfall:Haunted","downfall:Haunted","Parasite","hexamod:ForkedFlame+1","downfall:Haunted","hexamod:SpectersWail+1","hexamod:Sear","hexamod:SpectersWail","hexamod:CatchUp+1","hexamod:TurnItUp","Trip","hexamod:EmpoweredFlame","hexamod:HauntingEcho","hexamod:GiftsFromTheDead+1","hexamod:SpectersWail","hexamod:Rewind+1","hexamod:GhostShield","hexamod:FirstSeal","Decay","hexamod:GhostShield","hexamod:UnleashSpirits","hexamod:EtherealExpedition","hexamod:SpectersWail+1","hexamod:Hexaguard+1","hexamod:NightmareStrike","hexamod:GhostflameBarrier","hexamod:FirstSeal","hexamod:RecurringNightmare","hexamod:FlamesFromBeyond+1","hexamod:ParanormalForm+1","CurseOfTheBell","hexamod:Haunt+1","hexamod:SixthSeal","hexamod:PhantomCloak"],"relics":["hexamod:UnbrokenSoul","downfall:HeartsMalice","Du-Vu Doll","downfall:GremlinSack","Mummified Hand","downfall:HeartBlessingBlue","MealTicket","hexamod:BolsterEngine","downfall:HeartBlessingRed","Bronze Scales","WingedGreaves","hexamod:Sixitude","Eternal Feather","downfall:HeartBlessingGreen","downfall:KnowingSkull","Calling Bell","Centennial Puzzle","Gremlin Horn","Ice Cream","Potion Belt","Question Card","Toy Ornithopter"],"acts_visited":["Exordium","TheCity","TheBeyond"],"potions_floor_usage":[19,23,26,37,37],"damage_taken":[{"damage":0,"enemies":"Small Slimes","floor":2,"turns":1},{"damage":0,"enemies":"Cultist","floor":4,"turns":1},{"damage":0,"enemies":"Cultist","floor":5,"turns":1},{"damage":30,"enemies":"Lagavulin","floor":6,"turns":5},{"damage":10,"enemies":"Gremlin Nob","floor":9,"turns":3},{"damage":7,"enemies":"Jaw Worm","floor":10,"turns":3},{"damage":4,"enemies":"Red Slaver","floor":11,"turns":2},{"damage":0,"enemies":"downfall:FleeingMerchant","floor":12,"turns":4},{"damage":27,"enemies":"Lagavulin","floor":13,"turns":5},{"damage":16,"enemies":"Exordium Wildlife","floor":15,"turns":4},{"damage":7,"enemies":"SI_SHIV_ARCHETYPE","floor":16,"turns":5},{"damage":2,"enemies":"Chosen","floor":19,"turns":5},{"damage":14,"enemies":"3 Byrds","floor":20,"turns":4},{"damage":23,"enemies":"Centurion and Healer","floor":22,"turns":6},{"damage":12,"enemies":"Gremlin Leader","floor":23,"turns":4},{"damage":32,"enemies":"Snake Plant","floor":25,"turns":4},{"damage":7,"enemies":"Slavers","floor":26,"turns":4},{"damage":3,"enemies":"downfall:FleeingMerchant","floor":27,"turns":4},{"damage":0,"enemies":"Cultist and Chosen","floor":29,"turns":3},{"damage":18,"enemies":"Centurion and Healer","floor":31,"turns":5},{"damage":16,"enemies":"Snake Plant","floor":32,"turns":3},{"damage":0,"enemies":"WA_ARCHETYPE_CALM","floor":33,"turns":5},{"damage":3,"enemies":"Orb Walker","floor":36,"turns":2},{"damage":17,"enemies":"downfall:LadyInBlue","floor":37,"turns":6},{"damage":3,"enemies":"3 Shapes","floor":38,"turns":1},{"damage":65,"enemies":"Nemesis","floor":40,"turns":5},{"damage":36,"enemies":"Giant Head","floor":42,"turns":5}],"seed_played":"8693336748568236216","potions_obtained":[{"floor":5,"key":"BlessingOfTheForge"},{"floor":6,"key":"hexamod:EctoCoolerPotion"},{"floor":11,"key":"SkillPotion"},{"floor":20,"key":"sneckomod:MuddlingPotion"},{"floor":26,"key":"Dexterity Potion"},{"floor":32,"key":"hexamod:EctoCoolerPotion"},{"floor":37,"key":"Fruit Juice"},{"floor":37,"key":"PowerPotion"},{"floor":37,"key":"SpeedPotion"},{"floor":38,"key":"BlessingOfTheForge"},{"floor":40,"key":"Ancient Potion"}],"is_trial":false,"path_per_floor":["R","M","?","M","?","E","T","R","E","M","M","$","E","?","M","B",null,"R","M","M","T","M","E","T","M","E","$","R","M","?","M","M","B",null,"R","M","?","M","?","E","T","E"],"character_chosen":"THE_SPIRIT","items_purchased":["hexamod:FirstSeal"],"campfire_rested":0,"item_purchase_floors":[12],"current_hp_per_floor":[70,70,75,75,75,45,45,55,45,38,34,49,29,29,13,13,85,85,83,69,69,46,41,41,16,16,35,56,56,49,45,43,57,85,85,85,87,84,84,26,26,0,0,0],"gold":694,"neow_bonus":"THREE_ENEMY_KILL","is_daily":false,"chose_seed":false,"campfire_upgraded":4,"win_rate":0.0,"timestamp":1611773967,"path_taken":["R","M","?","M","?","E","T","R","E","M","?","?","E","?","M","BOSS","R","M","M","?","M","E","T","M","E","$","R","M","?","?","M","BOSS","R","M","?","?","?","E","T","E"],"items_purchased_type":["Card"],"build_version":"2020-12-22","purchased_purges":2,"victory":false,"max_hp_per_floor":[70,70,75,75,75,75,75,85,85,85,85,85,85,85,85,85,85,85,85,85,85,85,85,85,85,85,85,85,85,85,85,85,85,85,85,85,90,90,90,90,90,90,90,90],"card_choices":[{"not_picked":["hexamod:InspiringFlames","hexamod:Haunt"],"picked":"hexamod:AdvancingGuard","floor":2},{"not_picked":["hexamod:HauntingEcho","hexamod:FastForward"],"picked":"hexamod:SpectersWail","floor":4},{"not_picked":["hexamod:NightmareGuise","hexamod:HeatMetal"],"picked":"hexamod:EmpoweredFlame","floor":5},{"not_picked":["hexamod:PhantomFireball","hexamod:SpectralAdrenaline"],"picked":"hexamod:HauntingEcho","floor":6},{"not_picked":["hexamod:PowerFromBeyond","hexamod:HauntingEcho"],"picked":"hexamod:GiftsFromTheDead","floor":9},{"not_picked":["hexamod:SoulSteal","hexamod:HeatMetal"],"picked":"hexamod:SpectersWail","floor":10},{"not_picked":["hexamod:HeatMetal","hexamod:Again"],"picked":"hexamod:Rewind","floor":11},{"not_picked":["hexamod:BurningTouch","hexamod:PhantomFireball"],"picked":"hexamod:GhostShield","floor":12},{"not_picked":["hexamod:SwordOfDarkness","hexamod:ChargedBarrage","hexamod:SuperheatedStrike"],"picked":"SKIP","floor":13},{"not_picked":["hexamod:ThermalTransfer","hexamod:SwordOfDarkness"],"picked":"hexamod:GhostShield","floor":15},{"not_picked":["hexamod:TimeWarp","hexamod:UnlimitedPower"],"picked":"hexamod:UnleashSpirits","floor":16},{"not_picked":["hexamod:FlamesFromBeyond","hexamod:AdvancingGuard","hexamod:BacktrackSmack"],"picked":"SKIP","floor":19},{"not_picked":["hexamod:ShieldOfDarkness","hexamod:ExtraCrispy"],"picked":"hexamod:EtherealExpedition","floor":20},{"not_picked":["hexamod:Again","hexamod:BurningTouch+1"],"picked":"hexamod:SpectersWail+1","floor":22},{"not_picked":["hexamod:ThermalTransfer+1","hexamod:HauntingEcho"],"picked":"hexamod:Hexaguard+1","floor":23},{"not_picked":["hexamod:SwordOfDarkness","hexamod:Firestarter+1"],"picked":"hexamod:NightmareStrike","floor":25},{"not_picked":["hexamod:VolcanoVisage","hexamod:NecessarySacrifice+1"],"picked":"hexamod:GhostflameBarrier","floor":26},{"not_picked":["hexamod:InspiringFlames","hexamod:DynamicBlow+1"],"picked":"hexamod:FirstSeal","floor":27},{"not_picked":["hexamod:NightmareStrike+1","hexamod:Firestarter","hexamod:SuperheatedStrike+1"],"picked":"SKIP","floor":29},{"not_picked":["hexamod:NightmareStrike+1","hexamod:Firestarter","hexamod:SuperheatedStrike+1"],"picked":"SKIP","floor":29},{"not_picked":["hexamod:HauntingEcho","hexamod:SwordOfDarkness+1"],"picked":"hexamod:RecurringNightmare","floor":31},{"not_picked":["hexamod:AdvancingGuard","hexamod:NightmareGuise"],"picked":"hexamod:FlamesFromBeyond+1","floor":32},{"not_picked":["hexamod:TurnItUp","hexamod:VolcanoVisage"],"picked":"hexamod:ParanormalForm","floor":33},{"not_picked":["hexamod:PhantomFireball","hexamod:FirstSeal"],"picked":"hexamod:Haunt+1","floor":36},{"not_picked":["hexamod:HeatShield+1","hexamod:AdvancingGuard"],"picked":"hexamod:SixthSeal","floor":38},{"not_picked":["hexamod:RetreatToShadows+1","hexamod:FastForward+1"],"picked":"hexamod:PhantomCloak","floor":40}],"player_experience":665095,"relics_obtained":[{"floor":5,"key":"downfall:GremlinSack"},{"floor":6,"key":"Mummified Hand"},{"floor":9,"key":"MealTicket"},{"floor":13,"key":"hexamod:BolsterEngine"},{"floor":21,"key":"Bronze Scales"},{"floor":23,"key":"WingedGreaves"},{"floor":24,"key":"hexamod:Sixitude"},{"floor":26,"key":"Eternal Feather"},{"floor":34,"key":"Centennial Puzzle"},{"floor":34,"key":"Gremlin Horn"},{"floor":34,"key":"Ice Cream"},{"floor":37,"key":"Potion Belt"},{"floor":40,"key":"Question Card"},{"floor":41,"key":"Toy Ornithopter"}],"event_choices":[],"is_beta":false,"boss_relics":[{"not_picked":["Philosopher\u0027s Stone","Busted Crown"],"picked":"hexamod:UnbrokenSoul"},{"not_picked":["Runic Dome","Astrolabe"],"picked":"Calling Bell"}],"items_purged_floors":[12,27],"is_endless":false,"potions_floor_spawned":[5,6,11,13,15,20,26,32,33,38,40],"killed_by":"Giant Head","ascension_level":3}}