{"host":"c0q4hvpzcxjeo0kl","time":1611764489,"event":{"mods":["BaseMod","BetterRewards","Hermit","Minty Spire (QoL Compilation)","Replay The Spire","Shop Mod","StSLib","The Bug Knight","The Marked"],"gold_per_floor":[118,134,134,134,150,150,150,150],"floor_reached":7,"language":"DEU","playtime":589,"items_purged":[],"score":41,"play_id":"7b631c25-bee8-43f7-90e0-ce886f909f40","local_time":"20210127172129","is_ascension_mode":false,"campfire_choices":[{"floor":6.0,"key":"REST"}],"circlet_count":0,"master_deck":["hermit:Snapshot","hermit:Covet+1","hermit:GoldenBullet","hermit:CursedWeapon","hermit:Cheat","hermit:Determination","hermit:Snipe","Pot Of Greed","Pot Of Greed","Thinking Ahead","hermit:Virtue","hermit:NoHoldsBarred","hermit:BigShot","hermit:Roulette","hermit:Reprieve+1","hermit:Misfire","hermit:Horror","hermit:BlackWind","Pot Of Greed","hermit:Coalescence","hermit:Brawl","Sickly","Finesse"],"relics":["hermit:Momento","Ice Cream","Orrery","Grinning Jar","Pandora\u0027s Box","PrismaticShard"],"acts_visited":["Exordium"],"potions_floor_usage":[],"damage_taken":[{"damage":0.0,"enemies":"Small Slimes","floor":1.0,"turns":1.0},{"damage":11.0,"enemies":"Jaw Worm","floor":2.0,"turns":2.0},{"damage":0.0,"enemies":"2 Louse","floor":5.0,"turns":1.0},{"damage":0,"enemies":"3 Sentries","floor":7,"turns":1}],"seed_played":"1275351327325954071","potions_obtained":[{"floor":2.0,"key":"Energy Potion"},{"floor":5.0,"key":"Venom Potion"}],"is_trial":false,"path_per_floor":["M","M","?","?","M","R","E"],"character_chosen":"HERMIT","items_purchased":["Orrery","Grinning Jar"],"campfire_rested":1,"item_purchase_floors":[0,0],"current_hp_per_floor":[59,48,33,33,33,55,55,55],"gold":150,"neow_bonus":"","is_daily":false,"chose_seed":false,"campfire_upgraded":0,"win_rate":0.0,"timestamp":1611764489,"path_taken":["M","M","?","?","?","R","E"],"items_purchased_type":["Relic","Relic"],"build_version":"2020-12-22","purchased_purges":0,"victory":false,"max_hp_per_floor":[75,75,75,75,75,75,75,75],"card_choices":[{"not_picked":["hermit:ItchyTrigger","hermit:Vantage"],"picked":"hermit:GoldenBullet","floor":0.0},{"not_picked":["hermit:Adapt","hermit:Vantage"],"picked":"hermit:CursedWeapon","floor":0.0},{"not_picked":["hermit:GhostlyPresence","hermit:Roulette"],"picked":"hermit:Cheat","floor":0.0},{"not_picked":["hermit:TrackingShot","hermit:CalledShot"],"picked":"hermit:Determination","floor":0.0},{"not_picked":["hermit:BigShot","hermit:CalledShot"],"picked":"hermit:Snipe","floor":0.0},{"not_picked":["hermit:NoHoldsBarred","hermit:LowProfile"],"picked":"hermit:Coalescence","floor":1.0},{"not_picked":["hermit:Snipe","hermit:PistolWhip"],"picked":"hermit:Brawl","floor":2.0},{"not_picked":["hermit:LowProfile","Fission"],"picked":"Finesse","floor":5.0}],"player_experience":186026,"relics_obtained":[],"event_choices":[{"damage_healed":0.0,"max_hp_gain":0.0,"max_hp_loss":0.0,"gold_gain":0.0,"event_name":"Shining Light","player_choice":"Entered Light","floor":3.0,"gold_loss":0.0,"damage_taken":15.0,"cards_upgraded":["hermit:Covet","hermit:Reprieve"]}],"is_beta":false,"boss_relics":[],"items_purged_floors":[],"is_endless":false,"potions_floor_spawned":[2,5],"killed_by":"3 Sentries","ascension_level":0}}