{"host":"y2kfqdipa4rrljwb","time":1611729770,"event":{"mods":["ATMod(阿瑾Mod)","AchievementEnabler","Act Like it!","Aspiration","BaseMod","Friendly Minions","Infinite Spire","Minty Spire (QoL Compilation)","Random Character Button","Random Character Mod","Relic Stats","Replay The Spire","RumiaBox-露米娅的神秘盒子","StSLib","TestMod","【功能Mod】混沌之环修复补丁","【遗物卡牌】REMEMod"],"gold_per_floor":[114,134,154,170,183,214,269,269,269,269,325,325,325,384,384,387,387],"floor_reached":16,"language":"ZHS","playtime":4538,"items_purged":[],"score":143,"play_id":"91273832-6ec3-4b15-bb86-38591a9a9572","local_time":"20210127144250","is_ascension_mode":true,"campfire_choices":[{"data":"Neutralize","floor":10.0,"key":"SMITH"},{"floor":15.0,"key":"REST"}],"circlet_count":0,"master_deck":["Strike_G","Strike_G","Strike_G","Strike_G","Strike_G","Defend_G","Defend_G","Defend_G","Defend_G","Defend_G","Survivor","Neutralize+1","AT_ThistleTea","Dagger Spray","Blade Dance","Skewer","CommonCold","Dash"],"relics":["Ring of the Snake","REME_ComplimentaryCards","AT_ATBox","testmod-TestBox","REME_ArchaeologicalTools","Ring of Misfortune","ReplayTheSpireMod:Ring of Challenge","aspiration:BabyByrd","testmod-IncinerationGenerator","HornCleat"],"acts_visited":["Exordium"],"potions_floor_usage":[],"damage_taken":[{"damage":0.0,"enemies":"Cultist","floor":1.0,"turns":4.0},{"damage":0.0,"enemies":"Small Slimes","floor":2.0,"turns":5.0},{"damage":2.0,"enemies":"2 Louse","floor":3.0,"turns":3.0},{"damage":5.0,"enemies":"Large Slime","floor":4.0,"turns":7.0},{"damage":23.0,"enemies":"Exordium Thugs","floor":5.0,"turns":5.0},{"damage":24.0,"enemies":"3 Sentries","floor":6.0,"turns":5.0},{"damage":0.0,"enemies":"Blue Slaver","floor":7.0,"turns":2.0},{"damage":3.0,"enemies":"Large Slime","floor":11.0,"turns":7.0},{"damage":10.0,"enemies":"Lagavulin","floor":14.0,"turns":8.0},{"damage":45,"enemies":"Slime Boss","floor":16,"turns":9}],"seed_played":"-8730859190249469365","potions_obtained":[{"floor":2.0,"key":"Death Potion"},{"floor":3.0,"key":"Swift Potion"},{"floor":14.0,"key":"FairyPotion"}],"is_trial":false,"path_per_floor":["M","M","M","M","M","E","M","?","T","R","M","?","?","E","R","B"],"character_chosen":"THE_SILENT","items_purchased":[],"campfire_rested":1,"item_purchase_floors":[],"current_hp_per_floor":[77,77,75,70,47,23,23,23,23,23,20,20,20,10,33,11,11],"gold":387,"neow_bonus":"TEN_PERCENT_HP_BONUS","is_daily":false,"chose_seed":false,"campfire_upgraded":1,"win_rate":0.0,"timestamp":1611729770,"path_taken":["M","M","M","?","?","E","M","?","T","R","M","?","?","E","R","BOSS"],"items_purchased_type":[],"build_version":"2020-12-22","purchased_purges":0,"victory":false,"max_hp_per_floor":[77,77,77,77,77,77,77,77,77,77,77,77,77,77,77,77,77],"relic_stats":{"counters":[10,54],"obtain_stats":[{"AT_ATBox":0,"testmod-TestBox":0,"HornCleat":14,"aspiration:BabyByrd":12,"Ring of Misfortune":8,"infinitespire:Satchel":9,"testmod-IncinerationGenerator":13,"REME_ArchaeologicalTools":6,"ReplayTheSpireMod:Ring of Challenge":8,"Ring of the Snake":0,"REME_ComplimentaryCards":0},{"AT_ATBox":0,"testmod-TestBox":0,"HornCleat":9,"aspiration:BabyByrd":8,"Ring of Misfortune":7,"infinitespire:Satchel":7,"testmod-IncinerationGenerator":8,"REME_ArchaeologicalTools":6,"ReplayTheSpireMod:Ring of Challenge":7,"Ring of the Snake":0,"REME_ComplimentaryCards":0},{"AT_ATBox":0,"testmod-TestBox":0,"HornCleat":46,"aspiration:BabyByrd":38,"Ring of Misfortune":31,"infinitespire:Satchel":31,"testmod-IncinerationGenerator":38,"REME_ArchaeologicalTools":29,"ReplayTheSpireMod:Ring of Challenge":31,"Ring of the Snake":0,"REME_ComplimentaryCards":0}],"Ring of the Snake":[20]},"card_choices":[{"not_picked":["AT_TinkerSharpsword","Poisoned Stab"],"picked":"AT_ThistleTea","floor":1.0},{"not_picked":["Slice","Backstab"],"picked":"Dagger Spray","floor":2.0},{"not_picked":["Sneak Up","Outmaneuver"],"picked":"Blade Dance","floor":3.0},{"not_picked":["AT_TinkerSharpsword","Prepared","Acrobatics"],"picked":"SKIP","floor":4.0},{"not_picked":["Outmaneuver","REME_GreenPollution","Skewer"],"picked":"SKIP","floor":5.0},{"not_picked":["Terror","Dagger Spray","Outmaneuver"],"picked":"SKIP","floor":6.0},{"not_picked":["Quick Slash","Dagger Throw"],"picked":"Skewer","floor":7.0},{"not_picked":["Dagger Throw","Catalyst"],"picked":"Dash","floor":11.0},{"not_picked":["ReplayTheSpireMod:Necrosis","Dash","ReplayTheSpireMod:The Works"],"picked":"SKIP","floor":14.0}],"player_experience":184686,"relics_obtained":[{"floor":6.0,"key":"REME_ArchaeologicalTools"},{"floor":8.0,"key":"Ring of Misfortune"},{"floor":8.0,"key":"ReplayTheSpireMod:Ring of Challenge"},{"floor":9.0,"key":"infinitespire:Satchel"},{"floor":14.0,"key":"HornCleat"}],"event_choices":[{"damage_healed":0.0,"max_hp_gain":0.0,"max_hp_loss":0.0,"gold_gain":0.0,"event_name":"给自己的盒子","player_choice":"Swap Relic","floor":13.0,"relics_lost":["infinitespire:Satchel"],"gold_loss":0.0,"damage_taken":0.0,"relics_obtained":["testmod-IncinerationGenerator"]}],"is_beta":false,"boss_relics":[],"items_purged_floors":[],"is_endless":false,"potions_floor_spawned":[2,3,14],"killed_by":"Slime Boss","ascension_level":5}}