{"host":"emut9mh212kd9b86","time":1611744624,"event":{"mods":["ATMod(阿瑾Mod)","Act Like it!","Arknights The Spire","BaseMod","Gensokyo","LagranYue(拉格朗・月)","Minty Spire (QoL Compilation)","MostiFishMod","Shop Mod","Spicy Shops","StSLib","TestMod","noobMod","【遗物卡牌】REMEMod"],"gold_per_floor":[114,133,133,65,77,110,176,196,196,221,151,151,66,98,98,200,200,420,437,262,262,662,687,704,763,763,814,830,855,869,897,897,1001,1001,1020,1020,1040,1040,1123,1154,1154,1179,1202,1202,1112,1138,1154,1154,1154,1154,1154,1154,1254,1287,1287],"floor_reached":56,"language":"ZHS","playtime":3318,"items_purged":["ats:Defend","ats:Strike V","ats:Strike C","ats:Defend","ats:Defend","ats:Strike S","ats:Strike G"],"score":1882,"play_id":"ca5bcd87-b409-43ff-8355-bee81e819007","local_time":"20210127185024","is_ascension_mode":true,"campfire_choices":[{"data":"MostiFishMod:FlyOverUtopia","floor":12,"key":"SMITH"},{"floor":15,"key":"RECALL"},{"data":"ats:Overload","floor":32,"key":"SMITH"},{"data":"ats:Emotion Absorption","floor":41,"key":"SMITH"},{"data":"AT_ChampionStep","floor":49,"key":"SMITH"},{"data":"ats:Dogmatic Field","floor":52,"key":"SMITH"}],"circlet_count":0,"master_deck":["ats:Armor Crushing Shot","ats:Defend+1","ats:Emotion Absorption+1","MostiFishMod:FlyOverUtopia+1","AT_ChampionStep+1","ats:Sunburst","ats:Automatic Cover+1","ats:Wolf Pack","ats:Overload+1","ats:Leaping Hammer+1","ats:Leaping Hammer+1","ats:Wolf Pack+1","ats:Sashimi Platter+1","ats:Dogmatic Field+1","ats:Thorns+1"],"relics":["ats:Sanity","ice","DaveBox","AT_ATBox","REME_ComplimentaryCards","LagranYue:RandomDrawCardRelic","DiscerningMonocle","testmod-Justice","Toy Ornithopter","SynthV:TestCard","MerchantsRug","ats:Support","Bag of Preparation","Question Card","testmod-ArcanaOfDestiny","MostiFishMod:AdaptiveDefenses","testmod-OneHitWonder","ats:Originium","testmod-Muramasa","Medical Kit","Molten Egg 2","AT_EbonyIvory","testmod-IndustrialRevolution","DollysMirror","Torii","Orichalcum","Tiny Chest","ChiXiaoBlade","Toxic Egg 2","LagranYue:ReturningEmperorRelic","ats:Military Tradition","Akabeko","Sling","MetatronsCube","testmod-InjuryResistance","ClockworkSouvenir","REME_LimitBreaker","AT_DeathDance","Membership Card","LagranYue:MagicReflectiveArmorRelic","ats:Rhine Circuitry","ats:Spiritual Recovery","Ornamental Fan","testmod-TimeTraveler","testmod-AssaultLearning","Bag of Marbles","Nunchaku","Strange Spoon","Smiling Mask","AT_RedTearstoneRing","AT_ChloranthyRing","AT_GuinsooRageblade","testmod-EqualTreatment","AT_ForceNature","AT_BellowingDragoncrestRing","testmod-InfectionSource","ats:Special","ats:Lavender"],"acts_visited":["Exordium","Gensokyo:Gensokyo","Gensokyo:Gensokyoer","TheEnding"],"potions_floor_usage":[4,20,20,53],"damage_taken":[{"damage":14,"enemies":"Gensokyo:2_Kodama","floor":1,"turns":5},{"damage":10,"enemies":"Gensokyo:Gryphon","floor":2,"turns":4},{"damage":4,"enemies":"Gensokyo:Python","floor":5,"turns":3},{"damage":12,"enemies":"Gensokyo:Aya","floor":6,"turns":5},{"damage":8,"enemies":"Gensokyo:CorruptedTreant","floor":8,"turns":1},{"damage":8,"enemies":"Gensokyo:Cirno","floor":10,"turns":5},{"damage":4,"enemies":"Gensokyo:Mamizou","floor":14,"turns":3},{"damage":20,"enemies":"Gensokyo:Yukari","floor":16,"turns":7},{"damage":17,"enemies":"Gensokyo:3_Dogs","floor":18,"turns":4},{"damage":4,"enemies":"Gensokyo:2_Gloops","floor":19,"turns":3},{"damage":4,"enemies":"Gensokyo:Reisen","floor":23,"turns":3},{"damage":9,"enemies":"Gensokyo:Mirror_and_Dog","floor":24,"turns":2},{"damage":3,"enemies":"Gensokyo:Chomper_and_Gloop","floor":28,"turns":3},{"damage":0,"enemies":"Gensokyo:Koishi","floor":29,"turns":3},{"damage":2,"enemies":"Gensokyo:Wraith","floor":30,"turns":3},{"damage":1,"enemies":"Gensokyo:Tenshi","floor":31,"turns":2},{"damage":0,"enemies":"Gensokyo:Eternal_Rivals","floor":33,"turns":5},{"damage":4,"enemies":"Gensokyo:AncientGuardian","floor":35,"turns":3},{"damage":0,"enemies":"Gensokyo:3_Bats","floor":37,"turns":2},{"damage":0,"enemies":"Gensokyo:Marisa","floor":40,"turns":1},{"damage":0,"enemies":"Gensokyo:Kasen","floor":42,"turns":2},{"damage":3,"enemies":"Gensokyo:Doremy","floor":46,"turns":3},{"damage":2,"enemies":"Gensokyo:Rafflesia","floor":47,"turns":3},{"damage":1,"enemies":"Gensokyo:Scarlet_Devils","floor":50,"turns":4},{"damage":10,"enemies":"Shield and Spear","floor":54,"turns":4},{"damage":0,"enemies":"The Heart","floor":55,"turns":3}],"seed_played":"1713680198546561565","potions_obtained":[{"floor":2,"key":"SpeedPotion"},{"floor":8,"key":"FearPotion"},{"floor":19,"key":"DistilledChaos"},{"floor":24,"key":"Explosive Potion"},{"floor":30,"key":"DuplicationPotion"},{"floor":31,"key":"testmod-TimePotion"},{"floor":33,"key":"ats:Top Emergency Sanity Potion"},{"floor":40,"key":"FearPotion"},{"floor":42,"key":"ColorlessPotion"}],"is_trial":false,"path_per_floor":["M","M","?","$","M","E","$","M","T","E","?","R","COS","E","R","B",null,"M","M","$","?","?","E","M","$","T","T","M","E","M","E","R","B",null,"M","?","M","?","$","E","R","E","T","T","?","E","M","?","R","B",null,"R","$","E","B",null],"character_chosen":"DOCTOR_CLASS","items_purchased":["MerchantsRug","ats:Support","Bag of Preparation","Question Card","testmod-ArcanaOfDestiny","MostiFishMod:AdaptiveDefenses","testmod-OneHitWonder","EntropicBrew","testmod-TestPotion","ats:Wolf Pack","Medical Kit","Molten Egg 2","ats:Leaping Hammer+1","AT_EbonyIvory","testmod-IndustrialRevolution","DollysMirror","LagranYue:ReturningEmperorRelic","ats:Military Tradition","Akabeko","Sling","MetatronsCube","War Paint","REME_GoldPotion","ClockworkSouvenir","REME_LimitBreaker","AT_DeathDance","Membership Card","LagranYue:MagicReflectiveArmorRelic","testmod-AssaultLearning","Bag of Marbles","Nunchaku","Strange Spoon","Ancient Tea Set","AT_ForceNature","AT_BellowingDragoncrestRing","testmod-InfectionSource","ats:Special","testmod-SpacePotion"],"campfire_rested":0,"item_purchase_floors":[4,4,4,4,4,4,4,4,4,4,7,7,7,7,7,7,20,20,20,20,20,20,20,25,25,25,25,25,39,39,39,39,39,53,53,53,53,53],"current_hp_per_floor":[58,48,48,53,49,51,51,43,43,49,49,49,49,45,45,42,86,69,65,75,75,75,71,77,77,77,77,74,74,72,71,71,86,86,86,86,86,86,86,86,86,86,86,86,86,86,86,86,86,86,86,86,86,86,86],"gold":1287,"neow_bonus":"RANDOM_COMMON_RELIC","is_daily":false,"chose_seed":false,"campfire_upgraded":5,"win_rate":0.0,"timestamp":1611744624,"path_taken":["M","M","?","$","?","E","?","M","T","E","?","R","COS","E","R","BOSS","M","M","$","?","?","E","?","$","T","?","M","E","M","E","R","BOSS","M","?","?","?","$","E","R","E","T","?","?","E","M","?","R","BOSS","R","$","E","BOSS"],"items_purchased_type":["Relic","Relic","Relic","Relic","Relic","Relic","Relic","Potion","Potion","Card","Relic","Relic","Card","Relic","Relic","Relic","Relic","Relic","Relic","Relic","Relic","Relic","Potion","Relic","Relic","Relic","Relic","Relic","Relic","Relic","Relic","Relic","Relic","Relic","Relic","Relic","Relic","Potion"],"build_version":"2020-12-22","purchased_purges":7,"victory":true,"max_hp_per_floor":[72,72,72,72,72,72,72,72,72,86,86,86,86,86,86,86,86,86,86,86,86,86,86,86,86,86,86,86,86,86,86,86,86,86,86,86,86,86,86,86,86,86,86,86,86,86,86,86,86,86,86,86,86,86,86],"card_choices":[{"not_picked":["ats:Absolute Focus","ats:Assault Order"],"picked":"ats:Sunburst","floor":1},{"not_picked":["ats:Guard Mode","ats:Leaping Hammer","ats:Hook Shot","ats:Magnetic Hammer","ats:Apocalypse"],"picked":"SKIP","floor":2},{"not_picked":["ats:Consecutive Shot Auto","ats:Neurotoxin","ats:Song Of Battle","ats:Curse Doll"],"picked":"ats:Automatic Cover","floor":3},{"not_picked":["ats:Ignite","ats:Absolute Focus","ats:Sunburst","ats:Healing Drone","ats:Curse Doll","ats:Magnetic Hammer"],"picked":"SKIP","floor":5},{"not_picked":["ats:Composite Medical Shells","ats:Red Shift","ats:Flame Of Heaven","ats:Spore Proliferation","ats:Demon Strength"],"picked":"ats:Overload","floor":6},{"not_picked":["ats:Shell Defense","ats:Flexible Camouflage","ats:Chain Hook+1","ats:Magnetic Hammer+1","ats:Very Hot Blade+1","ats:Dogmatic Field"],"picked":"SKIP","floor":8},{"not_picked":["ats:Healing Drone","ats:Defend Order","ats:Revitalization","ats:Burning Ground","ats:Apocalypse","ats:Explosion Area Strengthen+1"],"picked":"SKIP","floor":10},{"not_picked":["ats:Assault Order","ats:Flame Of Heaven","ats:Serious Mode","ats:Poison Spread+1","ats:Burning Ground","ats:Cat Scratch+1"],"picked":"SKIP","floor":14},{"not_picked":["ats:Fractured Body","ats:Soul Rend","ats:Roar Of Ursus","ats:Shadow Assault+1","ats:Calcification"],"picked":"ats:Wolf Pack+1","floor":16},{"not_picked":["ats:Charging Defense+1","ats:Closed Bolt Burst Fire+1","ats:Serious Mode","ats:Sunburst+1","ats:Shell Defense+1","ats:Explosion Area Strengthen+1"],"picked":"SKIP","floor":18},{"not_picked":["ats:Ignite+1","ats:Assault Order+1","ats:Guard Mode+1","ats:Blood Oath+1","ats:Demon Strength+1","ats:Nebulous Foxfire+1"],"picked":"SKIP","floor":19},{"not_picked":["ats:Assault Order+1","ats:Apocalypse+1","ats:Explosion Area Strengthen+1","ats:Shell Defense+1","ats:Flexible Camouflage+1","ats:Consecutive Shot Auto+1"],"picked":"SKIP","floor":23},{"not_picked":["ats:Phantom","ats:Explosion Area Strengthen+1","ats:Absolute Focus+1","ats:Counter Healing Mode","ats:Assault Order+1","ats:Revitalization+1"],"picked":"SKIP","floor":24},{"not_picked":["ats:Leaping Hammer+1","ats:Apocalypse+1","ats:Poison Spread+1","ats:Soul Rend","ats:Blood Oath+1","ats:Assault Order+1"],"picked":"SKIP","floor":28},{"not_picked":["ats:Revitalization+1","ats:Guardian Obelisk+1","ats:Assault Order+1","ats:Magnetic Hammer+1","ats:Explosion Area Strengthen+1","ats:Absolute Focus+1"],"picked":"SKIP","floor":29},{"not_picked":["ats:Powerful Strike+1","ats:Healing Drone+1","ats:Leaping Hammer+1","ats:Hammer On+1","ats:Automatic Cover+1","ats:Explosion Area Strengthen+1"],"picked":"SKIP","floor":30},{"not_picked":["ats:Shell Defense+1","ats:Guard Mode+1","ats:Ignite+1","ats:Hammer On+1","ats:LN2 Cannon+1"],"picked":"ats:Sashimi Platter+1","floor":31},{"not_picked":["ats:Echo Reverb+1","ats:Ambush","ats:Rat Pack+1","ats:Calcification+1","ats:Disruption Kick+1"],"picked":"ats:Dogmatic Field","floor":33},{"not_picked":["ats:Support Order+1","ats:Ignite+1","ats:Assault Order+1","ats:Revitalization+1","ats:Blood Oath+1","ats:Burning Ground+1"],"picked":"SKIP","floor":35},{"not_picked":["ats:Consecutive Shot Auto+1","ats:Ignite+1","ats:Blood Oath+1","ats:Very Hot Blade+1","ats:Apocalypse+1","ats:Absolute Focus+1"],"picked":"SKIP","floor":37},{"not_picked":["ats:Part Time Job+1","ats:Blood Oath+1","ats:Disruption Kick+1","ats:Nebulous Foxfire+1","ats:Very Hot Blade+1","ats:Leaping Hammer+1"],"picked":"SKIP","floor":40},{"not_picked":["ats:Guard Mode+1","ats:Consecutive Shot Auto+1","ats:Part Time Job","ats:Very Hot Blade+1","ats:Powerful Strike+1","ats:Phantom"],"picked":"SKIP","floor":42},{"not_picked":["ats:Revitalization+1","ats:Shadow Raid+1","ats:Guardian Obelisk+1","ats:Sunburst+1","ats:Calcification+1","ats:Shell Defense+1"],"picked":"SKIP","floor":46},{"not_picked":["ats:Powerful Strike+1","ats:Cat Scratch+1","ats:Curse Doll+1","ats:Blood Oath+1","ats:Steam Pump+1","ats:Ignite+1"],"picked":"SKIP","floor":47},{"not_picked":["ats:Revitalization+1","ats:Hook Shot+1","ats:Assault Order+1","ats:Guard Mode+1","ats:Support Order+1"],"picked":"ats:Thorns+1","floor":54}],"player_experience":334942,"relics_obtained":[{"floor":1,"key":"SynthV:TestCard"},{"floor":6,"key":"ats:Originium"},{"floor":6,"key":"testmod-Muramasa"},{"floor":9,"key":"Torii"},{"floor":10,"key":"ats:Originium"},{"floor":10,"key":"Mango"},{"floor":14,"key":"ats:Originium"},{"floor":14,"key":"Tiny Chest"},{"floor":23,"key":"ats:Originium"},{"floor":23,"key":"testmod-InjuryResistance"},{"floor":27,"key":"ats:Rhine Circuitry"},{"floor":29,"key":"ats:Spiritual Recovery"},{"floor":31,"key":"Ornamental Fan"},{"floor":40,"key":"Smiling Mask"},{"floor":42,"key":"AT_RedTearstoneRing"},{"floor":43,"key":"AT_ChloranthyRing"},{"floor":44,"key":"AT_GuinsooRageblade"},{"floor":46,"key":"testmod-EqualTreatment"},{"floor":54,"key":"ats:Lavender"}],"event_choices":[{"damage_healed":0,"gold_gain":400,"player_choice":"Sell","damage_taken":0,"max_hp_gain":0,"max_hp_loss":0,"event_name":"恩洛斯的盘子","floor":22,"relics_lost":["testmod-TestBox"],"gold_loss":0}],"is_beta":false,"boss_relics":[{"not_picked":["REME_DuelDisc","HereWithMe"],"picked":"ChiXiaoBlade"},{"not_picked":["Calling Bell","testmod-KeyOfTheVoid"],"picked":"testmod-TimeTraveler"}],"items_purged_floors":[4,4,7,20,20,25,39],"is_endless":false,"potions_floor_spawned":[2,8,19,24,30,31,33,40,42],"ascension_level":2}}