{"host":"emut9mh212kd9b86","time":1611758478,"event":{"mods":["ATMod(°¢èªMod)","Act Like it!","Arknights The Spire","BaseMod","Lobotomy","Minty Spire (QoL Compilation)","MostiFishMod","Shop Mod","Spicy Shops","StSLib","TestMod","¡¾ÒÅÎï¿¨ÅÆ¡¿REMEMod"],"gold_per_floor":[122,142,142,542,557,576,576],"floor_reached":6,"language":"ZHS","playtime":407,"items_purged":[],"score":45,"play_id":"e6d4d6b3-b2fe-4480-8548-e2893850cd13","local_time":"20210127224118","is_ascension_mode":true,"campfire_choices":[],"circlet_count":0,"master_deck":["ats:Strike C+1","ats:Strike G","ats:Strike S+1","ats:Strike V","ats:Armor Crushing Shot","ats:Defend","ats:Defend+1","ats:Defend","ats:Defend","ats:Emotion Absorption","REME_GrazeFinale","AT_WindFlip","Bloodbath","BeautyBeast"],"relics":["ats:Sanity","DaveBox","AT_ATBox","REME_ComplimentaryCards","DSteel32","testmod-Acrobat","CogitoBucket","SynthV:TestCard"],"acts_visited":["Exordium"],"potions_floor_usage":[],"damage_taken":[{"damage":6,"enemies":"Cultist","floor":1,"turns":4},{"damage":0,"enemies":"Small Slimes","floor":2,"turns":3},{"damage":0,"enemies":"2 Louse","floor":5,"turns":2},{"damage":83,"enemies":"Lagavulin","floor":6,"turns":11}],"seed_played":"435162421212007273","potions_obtained":[{"floor":1,"key":"LiquidBronze"},{"floor":2,"key":"Swift Potion"}],"is_trial":false,"path_per_floor":["M","M","?","?","M","E"],"character_chosen":"DOCTOR_CLASS","items_purchased":[],"campfire_rested":0,"item_purchase_floors":[],"current_hp_per_floor":[66,66,71,71,71,0,0],"gold":576,"neow_bonus":"","is_daily":false,"chose_seed":false,"campfire_upgraded":0,"win_rate":0.0,"timestamp":1611758478,"path_taken":["M","?","?","?","M","E"],"items_purchased_type":[],"build_version":"2020-12-22","purchased_purges":0,"victory":false,"max_hp_per_floor":[72,72,77,77,77,77,77],"card_choices":[{"not_picked":["ats:Curse Doll","ats:Ignite","ats:Magnetic Hammer"],"picked":"SKIP","floor":1},{"not_picked":["PunishingBird","Rudolta"],"picked":"Bloodbath","floor":2},{"not_picked":["ats:Very Hot Blade","ats:Soul Absorption","ats:Healing Strengthening","ats:Revitalization","ats:Consecutive Shot Auto"],"picked":"SKIP","floor":2},{"not_picked":["MeatLantern","ShyLook"],"picked":"BeautyBeast","floor":5},{"not_picked":["ats:Powerful Strike","ats:Very Hot Blade","ats:Cat Scratch","ats:Red Shift","ats:Directed Diagnosis"],"picked":"SKIP","floor":5}],"player_experience":329666,"relics_obtained":[{"floor":1,"key":"SynthV:TestCard"}],"event_choices":[{"damage_healed":0,"gold_gain":0,"player_choice":"Donut","damage_taken":0,"max_hp_gain":5,"max_hp_loss":0,"event_name":"Big Fish","floor":3,"gold_loss":0},{"damage_healed":0,"gold_gain":400,"player_choice":"Sell","damage_taken":0,"max_hp_gain":0,"max_hp_loss":0,"event_name":"¶÷ÂåË¹µÄÅÌ×Ó","floor":4,"relics_lost":["testmod-TestBox"],"gold_loss":0}],"is_beta":false,"boss_relics":[],"items_purged_floors":[],"is_endless":false,"potions_floor_spawned":[1,2],"killed_by":"Lagavulin","ascension_level":5}}