{"host":"4nqeo0vu1vuav7gg","time":1611779617,"event":{"mods":["AchievementEnabler","BaseMod","Block Reminder","Colored Map","Colored Powertips","Highlight Path","Minty Spire (QoL Compilation)","Quick Restart","Rare Cards Sparkle","Relic Relevance Reorder","StSLib"],"gold_per_floor":[212,100,100,112,130,158,158,174,174,95,95,127,127,155,155,232,232,250,268,155,155,155],"floor_reached":21,"language":"ENG","playtime":780,"items_purged":["Strike_B"],"score":384,"play_id":"99a438ca-c4b1-494f-845a-570fc7c2787c","local_time":"20210127213337","is_ascension_mode":true,"campfire_choices":[{"data":"Loop","floor":7.0,"key":"SMITH"},{"floor":11.0,"key":"REST"},{"floor":13.0,"key":"REST"},{"floor":15.0,"key":"REST"}],"circlet_count":0,"master_deck":["AscendersBane","Strike_B","Strike_B+1","Strike_B+1","Defend_B","Defend_B","Defend_B","Defend_B","Zap+1","Dualcast","Conserve Battery","BootSequence","Streamline","Loop+1","Static Discharge","Hyperbeam","Loop","Echo Form","Go for the Eyes","White Noise"],"relics":["Cracked Core","Mercury Hourglass","Fusion Hammer","Tiny Chest","Strawberry","Whetstone"],"acts_visited":["Exordium","TheCity"],"potions_floor_usage":[21],"damage_taken":[{"damage":9.0,"enemies":"Jaw Worm","floor":1.0,"turns":3.0},{"damage":0.0,"enemies":"Cultist","floor":4.0,"turns":4.0},{"damage":0.0,"enemies":"2 Louse","floor":5.0,"turns":3.0},{"damage":32.0,"enemies":"Gremlin Nob","floor":6.0,"turns":4.0},{"damage":12.0,"enemies":"Exordium Wildlife","floor":8.0,"turns":3.0},{"damage":18.0,"enemies":"3 Sentries","floor":12.0,"turns":5.0},{"damage":20.0,"enemies":"Lagavulin","floor":14.0,"turns":5.0},{"damage":61.0,"enemies":"Slime Boss","floor":16.0,"turns":9.0},{"damage":18.0,"enemies":"2 Thieves","floor":18.0,"turns":4.0},{"damage":10.0,"enemies":"3 Byrds","floor":19.0,"turns":2.0},{"damage":63,"enemies":"Shelled Parasite and Fungi","floor":21,"turns":3}],"seed_played":"5688568957572515950","potions_obtained":[{"floor":1.0,"key":"Block Potion"},{"floor":5.0,"key":"Strength Potion"},{"floor":12.0,"key":"Block Potion"},{"floor":14.0,"key":"Regen Potion"},{"floor":19.0,"key":"FocusPotion"}],"is_trial":false,"path_per_floor":["M","$","?","M","M","E","R","M","T","$","R","E","R","E","R","B",null,"M","M","$","M"],"character_chosen":"DEFECT","items_purchased":["BootSequence","Static Discharge","FairyPotion"],"campfire_rested":3,"item_purchase_floors":[2,10,20],"current_hp_per_floor":[55,55,55,55,55,30,30,18,18,18,41,23,46,26,49,3,59,41,31,31,0,0],"gold":155,"neow_bonus":"HUNDRED_GOLD","is_daily":false,"chose_seed":false,"campfire_upgraded":1,"win_rate":0.0,"timestamp":1611779617,"path_taken":["M","$","?","M","M","E","R","M","T","$","R","E","R","E","R","BOSS","M","M","$","M"],"items_purchased_type":["Card","Card","Potion"],"build_version":"2020-12-22","purchased_purges":1,"victory":false,"max_hp_per_floor":[71,71,71,71,71,78,78,78,78,78,78,78,78,78,78,78,78,78,78,78,78,78],"card_choices":[{"not_picked":["Chaos","Recycle"],"picked":"Conserve Battery","floor":1.0},{"not_picked":["Steam","Force Field"],"picked":"Streamline","floor":4.0},{"not_picked":["Barrage","Doom and Gloom"],"picked":"Loop","floor":5.0},{"not_picked":["Rip and Tear","Stack","Turbo"],"picked":"SKIP","floor":6.0},{"not_picked":["Hello World","Beam Cell","Leap"],"picked":"SKIP","floor":8.0},{"not_picked":["Turbo","Lockon"],"picked":"Hyperbeam","floor":12.0},{"not_picked":["Go for the Eyes","Turbo"],"picked":"Loop","floor":14.0},{"not_picked":["Fission","Seek"],"picked":"Echo Form","floor":16.0},{"not_picked":["Coolheaded","Sweeping Beam+1"],"picked":"Go for the Eyes","floor":18.0},{"not_picked":["Storm","Double Energy"],"picked":"White Noise","floor":19.0}],"player_experience":1075522,"relics_obtained":[{"floor":6.0,"key":"Strawberry"},{"floor":9.0,"key":"Whetstone"},{"floor":12.0,"key":"Mercury Hourglass"},{"floor":14.0,"key":"Tiny Chest"}],"event_choices":[{"damage_healed":0.0,"max_hp_gain":0.0,"max_hp_loss":0.0,"gold_gain":0.0,"event_name":"Upgrade Shrine","player_choice":"Upgraded","floor":3.0,"gold_loss":0.0,"damage_taken":0.0,"cards_upgraded":["Zap"]}],"is_beta":false,"boss_relics":[{"not_picked":["SacredBark","Ectoplasm"],"picked":"Fusion Hammer"}],"items_purged_floors":[2],"is_endless":false,"potions_floor_spawned":[1,5,12,14,19],"killed_by":"Shelled Parasite and Fungi","ascension_level":19}}