{"host":"mi0eibewekhugwl1","time":1611732886,"event":{"mods":["AchievementEnabler","BaseMod","Colored Map","Colored Powertips","DeckTracker","Keyboard Shortcuts","Minty Spire (QoL Compilation)","Quick Restart","Rare Cards Sparkle","Relic Stats","StSLib","SuperFastMode","everything is the same but u backflip on backflip"],"gold_per_floor":[125,147,173,188,113,113,113,113,113,38,61,73,93,93,93,189,189,210,233,233,213,226,226,226,226],"floor_reached":24,"language":"KOR","playtime":416,"items_purged":["Strike_P"],"score":380,"play_id":"ab0da2f0-6f89-4625-a936-56bd4f65302a","local_time":"20210127163446","is_ascension_mode":true,"campfire_choices":[{"data":"Eruption","floor":6.0,"key":"SMITH"},{"floor":15.0,"key":"REST"},{"floor":23,"key":"REST"}],"circlet_count":0,"master_deck":["AscendersBane","Strike_P+1","Strike_P","Strike_P+1","Defend_P","Defend_P","Defend_P","Eruption+1","Vigilance","CrushJoints","WheelKick","Adaptation","EmptyFist"],"relics":["PureWater","CeramicFish","Whetstone","Golden Idol","Sozu"],"acts_visited":["Exordium","TheCity"],"potions_floor_usage":[],"damage_taken":[{"damage":4.0,"enemies":"Small Slimes","floor":1.0,"turns":4.0},{"damage":0.0,"enemies":"Cultist","floor":2.0,"turns":2.0},{"damage":4.0,"enemies":"2 Louse","floor":3.0,"turns":3.0},{"damage":22.0,"enemies":"Large Slime","floor":4.0,"turns":7.0},{"damage":0.0,"enemies":"2 Fungi Beasts","floor":11.0,"turns":2.0},{"damage":1.0,"enemies":"3 Louse","floor":12.0,"turns":4.0},{"damage":17.0,"enemies":"Exordium Wildlife","floor":13.0,"turns":3.0},{"damage":44.0,"enemies":"The Guardian","floor":16.0,"turns":14.0},{"damage":0.0,"enemies":"Spheric Guardian","floor":18.0,"turns":1.0},{"damage":0.0,"enemies":"Chosen","floor":19.0,"turns":3.0},{"damage":30,"enemies":"3 Cultists","floor":22,"turns":4},{"damage":43,"enemies":"Shelled Parasite and Fungi","floor":24,"turns":3}],"seed_played":"754563917784961036","potions_obtained":[{"floor":3.0,"key":"BottledMiracle"},{"floor":8.0,"key":"LiquidMemories"},{"floor":8.0,"key":"SkillPotion"},{"floor":11.0,"key":"StancePotion"},{"floor":13.0,"key":"Regen Potion"}],"is_trial":false,"path_per_floor":["M","M","M","M","?","R","?","?","T","$","M","M","M","?","R","B",null,"M","M","?","?","M","R","M"],"character_chosen":"WATCHER","items_purchased":[],"campfire_rested":2,"item_purchase_floors":[],"current_hp_per_floor":[57,57,53,31,31,31,31,31,31,31,31,30,13,13,31,2,47,47,47,47,47,17,35,0,0],"gold":226,"neow_bonus":"RANDOM_COMMON_RELIC","is_daily":false,"chose_seed":false,"campfire_upgraded":1,"win_rate":0.0,"timestamp":1611732886,"path_taken":["M","M","M","M","?","R","?","?","T","$","M","?","M","?","R","BOSS","M","M","?","?","M","R","M"],"items_purchased_type":[],"build_version":"2020-12-22","purchased_purges":1,"victory":false,"max_hp_per_floor":[68,68,68,68,68,68,68,68,68,68,68,68,68,62,62,62,62,62,62,62,62,62,62,62,62],"relic_stats":{"Sozu":1,"counters":[12,50],"Golden Idol":31,"CeramicFish":36,"Whetstone":["Strike_P","Strike_P"],"obtain_stats":[{"Sozu":17,"Golden Idol":14,"CeramicFish":0,"Whetstone":9,"PureWater":0},{"Sozu":8,"Golden Idol":7,"CeramicFish":0,"Whetstone":4,"PureWater":0},{"Sozu":39,"Golden Idol":25,"CeramicFish":0,"Whetstone":16,"PureWater":0}]},"card_choices":[{"not_picked":["Prostrate","DeceiveReality"],"picked":"CrushJoints","floor":1.0},{"not_picked":["ThirdEye","FollowUp"],"picked":"WheelKick","floor":2.0},{"not_picked":["Consecrate","Tantrum"],"picked":"Adaptation","floor":3.0},{"not_picked":["Brilliance","Perseverance","Nirvana"],"picked":"SKIP","floor":4.0},{"not_picked":["ClearTheMind","Fasting2"],"picked":"EmptyFist","floor":11.0},{"not_picked":["Prostrate","JustLucky","Crescendo"],"picked":"SKIP","floor":12.0},{"not_picked":["CutThroughFate","Conclude","EmptyFist"],"picked":"SKIP","floor":13.0},{"not_picked":["Adaptation","EmptyFist","Conclude"],"picked":"SKIP","floor":18.0},{"not_picked":["Protect","ClearTheMind","BowlingBash"],"picked":"SKIP","floor":19.0},{"not_picked":["Weave","Prostrate+1","CrushJoints"],"picked":"SKIP","floor":22}],"player_experience":1769875,"relics_obtained":[{"floor":9.0,"key":"Whetstone"}],"event_choices":[{"cards_removed":["Defend_P"],"damage_healed":0.0,"max_hp_gain":0.0,"max_hp_loss":0.0,"gold_gain":0.0,"event_name":"The Cleric","player_choice":"Card Removal","floor":5.0,"gold_loss":75.0,"damage_taken":0.0},{"damage_healed":0.0,"max_hp_gain":0.0,"max_hp_loss":0.0,"gold_gain":0.0,"event_name":"Scrap Ooze","player_choice":"Fled","floor":7.0,"gold_loss":0.0,"damage_taken":0.0},{"damage_healed":0.0,"max_hp_gain":0.0,"max_hp_loss":0.0,"gold_gain":0.0,"event_name":"Lab","player_choice":"Got Potions","floor":8.0,"gold_loss":0.0,"damage_taken":0.0},{"damage_healed":0.0,"max_hp_gain":0.0,"max_hp_loss":6.0,"gold_gain":0.0,"event_name":"Golden Idol","player_choice":"Lose Max HP","floor":14.0,"gold_loss":0.0,"damage_taken":0.0,"relics_obtained":["Golden Idol"]},{"damage_healed":0.0,"max_hp_gain":0.0,"max_hp_loss":0.0,"gold_gain":0.0,"event_name":"The Mausoleum","player_choice":"Ignored","floor":20.0,"gold_loss":0.0,"damage_taken":0.0},{"damage_healed":0,"gold_gain":0,"player_choice":"Bought 1 Potion","damage_taken":0,"max_hp_gain":0,"max_hp_loss":0,"event_name":"The Woman in Blue","floor":21,"gold_loss":0}],"is_beta":false,"boss_relics":[{"not_picked":["Pandora\u0027s Box","Runic Pyramid"],"picked":"Sozu"}],"items_purged_floors":[10],"is_endless":false,"potions_floor_spawned":[3,11,13],"killed_by":"Shelled Parasite and Fungi","ascension_level":20}}