{"host":"0lnbgkridwifzojt","time":1611707615,"event":{"mods":["BaseMod","Minty Spire (QoL Compilation)","StSLib","The Bug Knight"],"gold_per_floor":[118,137,149,2,18,46,58,77,101,101,101,101,135,158,158,286,286,309,234,61,82,157,157,171,46,46,171,212,212,232,256,256,382,382,395,728,744,763,114,141,141,155,179,179,179],"floor_reached":44,"language":"ENG","playtime":6827,"items_purged":["HollowMod:QuickDashStart","HollowMod:QuickDashStart","HollowMod:QuickDashStart","HollowMod:SoulShaman"],"score":497,"play_id":"30c069fe-3aa0-4175-989b-137de7adafb5","local_time":"20210126163335","is_ascension_mode":false,"campfire_choices":[{"data":"HollowMod:GoodIntentions","floor":10.0,"key":"SMITH"},{"data":"HollowMod:DashSlash","floor":12.0,"key":"SMITH"},{"floor":15.0,"key":"REST"},{"data":"HollowMod:FocusHealStart","floor":23.0,"key":"SMITH"},{"floor":29.0,"key":"REST"},{"floor":32.0,"key":"REST"},{"data":"HollowMod:PureNailStrike","floor":41,"key":"SMITH"}],"circlet_count":0,"master_deck":["HollowMod:NailStrikeStart","HollowMod:NailStrikeStart","HollowMod:NailStrikeStart","HollowMod:QuickDashStart","HollowMod:FocusHealStart+1","HollowMod:PogoStrike","HollowMod:BaldurShell","HollowMod:DashSlash+1","HollowMod:HowlingWraiths","HollowMod:PureNailStrike+1","HollowMod:LifebloodCocoon","HollowMod:GoodIntentions+1","HollowMod:Grubsong","HollowMod:SoulSplash","HollowMod:SlysStrikes","HollowMod:VengefulSpirit","HollowMod:AwokenDreamNail","HollowMod:MawleksShell","HollowMod:RecoilStrike","HollowMod:DoubleDash","HollowMod:DoubleDash+1","HollowMod:HornetsHelp","HollowMod:HowlingWraiths+1","HollowMod:HeavyBlow+1","HollowMod:SoulMaster","HollowMod:ShapeofUnn","HollowMod:DungDefenderAura","HollowMod:CoiledNail","HollowMod:InfectedCysts+1","Pain"],"relics":["HollowMod:VesselMask","Pocketwatch","Akabeko","Mummified Hand","Snecko Eye","Dead Branch","Bottled Lightning","Strawberry","Cursed Key","Calipers","Art of War","Orichalcum"],"acts_visited":["Exordium","TheCity","TheBeyond"],"potions_floor_usage":[40,40],"damage_taken":[{"damage":10.0,"enemies":"Jaw Worm","floor":1.0,"turns":5.0},{"damage":0.0,"enemies":"Small Slimes","floor":2.0,"turns":3.0},{"damage":0.0,"enemies":"2 Louse","floor":3.0,"turns":2.0},{"damage":12.0,"enemies":"Red Slaver","floor":5.0,"turns":4.0},{"damage":1.0,"enemies":"HollowMod:MossKnight","floor":6.0,"turns":20.0},{"damage":2.0,"enemies":"Blue Slaver","floor":7.0,"turns":6.0},{"damage":8.0,"enemies":"Exordium Wildlife","floor":8.0,"turns":4.0},{"damage":7.0,"enemies":"Gremlin Nob","floor":13.0,"turns":3.0},{"damage":23.0,"enemies":"Exordium Thugs","floor":14.0,"turns":8.0},{"damage":37.0,"enemies":"HollowMod:FalseKnight","floor":16.0,"turns":11.0},{"damage":11.0,"enemies":"Shell Parasite","floor":18.0,"turns":5.0},{"damage":0.0,"enemies":"2 Thieves","floor":21.0,"turns":2.0},{"damage":8.0,"enemies":"Sentry and Sphere","floor":24.0,"turns":4.0},{"damage":37.0,"enemies":"Colosseum Slavers","floor":27.0,"turns":4.0},{"damage":13.0,"enemies":"Colosseum Nobs","floor":27.0,"turns":3.0},{"damage":47.0,"enemies":"HollowMod:Nosk","floor":28.0,"turns":8.0},{"damage":21.0,"enemies":"Shelled Parasite and Fungi","floor":30.0,"turns":5.0},{"damage":0.0,"enemies":"Centurion and Healer","floor":31.0,"turns":4.0},{"damage":45.0,"enemies":"Champ","floor":33.0,"turns":10.0},{"damage":0.0,"enemies":"3 Shapes","floor":35.0,"turns":3.0},{"damage":0.0,"enemies":"Orb Walker","floor":37.0,"turns":3.0},{"damage":26.0,"enemies":"Sphere and 2 Shapes","floor":38.0,"turns":4.0},{"damage":6,"enemies":"HollowMod:StalkingDevout","floor":40,"turns":5},{"damage":21,"enemies":"Spire Growth","floor":42,"turns":5},{"damage":59,"enemies":"Reptomancer","floor":44,"turns":4}],"seed_played":"-6433379146328995382","potions_obtained":[{"floor":1.0,"key":"SteroidPotion"},{"floor":2.0,"key":"SpeedPotion"},{"floor":5.0,"key":"Dexterity Potion"},{"floor":8.0,"key":"FearPotion"},{"floor":16.0,"key":"GamblersBrew"},{"floor":18.0,"key":"GamblersBrew"},{"floor":30.0,"key":"FearPotion"},{"floor":31.0,"key":"EssenceOfSteel"},{"floor":33.0,"key":"FearPotion"},{"floor":35.0,"key":"LiquidBronze"},{"floor":40,"key":"Ancient Potion"},{"floor":42,"key":"Fire Potion"}],"is_trial":false,"path_per_floor":["M","M","M","$","M","E","M","M","T","R","?","R","E","M","R","B",null,"M","?","$","M","?","R","M","$","T","?","E","R","M","M","R","B",null,"M","?","M","M","$","E","R","M","T","E"],"character_chosen":"THE_BUGKNIGHT","items_purchased":["HollowMod:PureNailStrike","HollowMod:AwokenDreamNail","HollowMod:ShapeofUnn","Calipers","HollowMod:DungDefenderAura","HollowMod:CoiledNail"],"campfire_rested":3,"item_purchase_floors":[4,20,39,39,39,39],"current_hp_per_floor":[73,79,79,79,67,78,82,80,80,80,60,60,53,40,64,37,82,77,77,77,82,74,74,76,76,76,38,8,34,13,13,39,4,89,89,89,89,63,63,63,63,48,48,0,0],"gold":179,"neow_bonus":"TEN_PERCENT_HP_BONUS","is_daily":false,"chose_seed":false,"campfire_upgraded":4,"win_rate":0.0,"timestamp":1611707615,"path_taken":["M","M","M","$","M","E","M","M","T","R","?","R","E","M","R","BOSS","M","?","$","M","?","R","?","$","T","?","E","R","M","M","R","BOSS","M","?","M","M","$","E","R","M","T","E"],"items_purchased_type":["Card","Card","Card","Relic","Card","Card"],"build_version":"2020-12-22","purchased_purges":4,"victory":false,"max_hp_per_floor":[82,82,82,82,82,82,82,82,82,82,82,82,82,82,82,82,82,82,82,82,82,82,82,82,82,82,82,89,89,89,89,89,89,89,89,89,89,89,89,89,89,89,89,89,89],"card_choices":[{"not_picked":["HollowMod:FastStrike","HollowMod:RecoilStrike"],"picked":"HollowMod:BaldurShell","floor":1.0},{"not_picked":["HollowMod:ShadowDash","HollowMod:NewLittleFool"],"picked":"HollowMod:DashSlash","floor":2.0},{"not_picked":["HollowMod:SiblingsShadow","HollowMod:TaintedHusks"],"picked":"HollowMod:HowlingWraiths","floor":3.0},{"not_picked":["HollowMod:DescendingDark","HollowMod:SiblingsShadow"],"picked":"HollowMod:LifebloodCocoon","floor":5.0},{"not_picked":["HollowMod:CornifersMapStart","HollowMod:DoubleDash"],"picked":"HollowMod:SoulShaman","floor":6.0},{"not_picked":["HollowMod:ShadowDash","HollowMod:TaintedHusks"],"picked":"HollowMod:GoodIntentions","floor":7.0},{"not_picked":["HollowMod:GoodIntentions","HollowMod:MothsMistake"],"picked":"HollowMod:Grubsong","floor":8.0},{"not_picked":["HollowMod:Hiveblood","HollowMod:GrimmsGift"],"picked":"HollowMod:SoulSplash","floor":13.0},{"not_picked":["HollowMod:SiblingsShadow","HollowMod:DungDefenderAura","HollowMod:SiblingsSouls"],"picked":"SKIP","floor":14.0},{"not_picked":["HollowMod:ZotesMagnificence","HollowMod:Hiveblood"],"picked":"HollowMod:SlysStrikes","floor":16.0},{"not_picked":["HollowMod:HuntersJournal","HollowMod:WraithStrike"],"picked":"HollowMod:VengefulSpirit","floor":18.0},{"not_picked":["HollowMod:ShapeofUnn+1","HollowMod:DreamGate"],"picked":"HollowMod:MawleksShell","floor":21.0},{"not_picked":["HollowMod:BlackTendrils+1","HollowMod:ChannelNail","HollowMod:NewGlowingWomb"],"picked":"SKIP","floor":24.0},{"not_picked":["HollowMod:HornetsHelp","HollowMod:QuirrelsAssistance"],"picked":"HollowMod:RecoilStrike","floor":28.0},{"not_picked":["HollowMod:SharpenedNail+1","HollowMod:AbyssShriek"],"picked":"HollowMod:DoubleDash","floor":30.0},{"not_picked":["HollowMod:SoulSplash","HollowMod:LifebloodCocoon+1"],"picked":"HollowMod:DoubleDash+1","floor":31.0},{"not_picked":["HollowMod:theNailsmith","HollowMod:LifebloodCore"],"picked":"HollowMod:HornetsHelp","floor":33.0},{"not_picked":["HollowMod:ChannelNail+1","HollowMod:NewJinnsSoul+1"],"picked":"HollowMod:HowlingWraiths+1","floor":35.0},{"not_picked":["HollowMod:MantisMark","HollowMod:InfectedCysts"],"picked":"HollowMod:HeavyBlow+1","floor":37.0},{"not_picked":["HollowMod:ChannelNail","HollowMod:LifebloodCocoon+1"],"picked":"HollowMod:SoulMaster","floor":38.0},{"not_picked":["HollowMod:CloakDash","HollowMod:SharpenedShadows+1"],"picked":"HollowMod:InfectedCysts+1","floor":40},{"not_picked":["HollowMod:NewGlowingWomb","HollowMod:ChannelNail","HollowMod:CornifersMapStart"],"picked":"SKIP","floor":42}],"player_experience":290933,"relics_obtained":[{"floor":6.0,"key":"Pocketwatch"},{"floor":9.0,"key":"Akabeko"},{"floor":13.0,"key":"Mummified Hand"},{"floor":27.0,"key":"Dead Branch"},{"floor":27.0,"key":"Bottled Lightning"},{"floor":28.0,"key":"Strawberry"},{"floor":40,"key":"Art of War"},{"floor":43,"key":"Orichalcum"}],"event_choices":[{"damage_healed":0.0,"max_hp_gain":0.0,"max_hp_loss":0.0,"gold_gain":0.0,"event_name":"Golden Idol","player_choice":"Take Damage","floor":11.0,"gold_loss":0.0,"damage_taken":20.0,"relics_obtained":["Golden Idol"]},{"cards_removed":["HollowMod:NailStrikeStart"],"damage_healed":0.0,"max_hp_gain":0.0,"max_hp_loss":0.0,"gold_gain":0.0,"event_name":"Beggar","player_choice":"Gave Gold","floor":19.0,"gold_loss":75.0,"damage_taken":0.0},{"damage_healed":0.0,"max_hp_gain":0.0,"max_hp_loss":0.0,"gold_gain":75.0,"event_name":"FaceTrader","player_choice":"Touch","floor":22.0,"gold_loss":0.0,"damage_taken":8.0},{"damage_healed":0.0,"max_hp_gain":0.0,"max_hp_loss":0.0,"gold_gain":0.0,"event_name":"Colosseum","player_choice":"Fight","floor":27.0,"gold_loss":0.0,"damage_taken":0.0},{"damage_healed":0.0,"max_hp_gain":0.0,"max_hp_loss":0.0,"gold_gain":0.0,"event_name":"Colosseum","player_choice":"Fought Nobs","floor":27.0,"gold_loss":0.0,"damage_taken":0.0},{"damage_healed":0.0,"max_hp_gain":0.0,"max_hp_loss":0.0,"gold_gain":333.0,"event_name":"The Moai Head","player_choice":"Gave Idol","floor":36.0,"relics_lost":["Golden Idol"],"gold_loss":0.0,"damage_taken":0.0}],"is_beta":false,"boss_relics":[{"not_picked":["Black Star","Empty Cage"],"picked":"Snecko Eye"},{"not_picked":["Busted Crown","Calling Bell"],"picked":"Cursed Key"}],"items_purged_floors":[4,20,25,39],"is_endless":false,"potions_floor_spawned":[1,2,5,8,16,18,27,30,31,33,35,40,42],"killed_by":"Reptomancer","ascension_level":0}}