{"host":"gltm229u6j2oow3a","time":1611741863,"event":{"mods":["BaseMod","Colored Powertips","Minty Spire (QoL Compilation)","[IsaacMod]ÒÔÈö¼âËþ"],"gold_per_floor":[111,111,111,111,123,150,163,163,163,173,30,60,79,104,104,208,208,226,243,95,95,105,105,133,133,133,83,83,83,83],"floor_reached":29,"language":"ZHS","playtime":1081,"items_purged":["Strike_R","Strike_R"],"score":315,"play_id":"21cf1e0e-d870-4100-a6a2-1389b0620d43","local_time":"20210127180423","is_ascension_mode":true,"campfire_choices":[{"data":"Flex","floor":8,"key":"SMITH"},{"data":"Flex","floor":15,"key":"SMITH"},{"floor":23,"key":"REST"},{"data":"RitualDagger","floor":25,"key":"SMITH"}],"circlet_count":0,"master_deck":["Strike_R","Defend_R","Defend_R","Defend_R","Defend_R","Bash","Sentinel","Pommel Strike","Bloodletting","Flex+1","Headbutt","Flex+1","True Grit","Heavy Blade","Fiend Fire","Clash+1","Seeing Red","Inflame","RitualDagger+1","Iron Wave","Clash"],"relics":["Burning Blood","HushsDoor","D6","NeowsBlessing","DeadEye","Torii","Darkstone Periapt","NineVolt","TungstenRod","Mummified Hand","Mark of Pain","Smiling Mask","Bottled Flame"],"acts_visited":["Exordium","TheCity"],"potions_floor_usage":[24,24,24],"damage_taken":[{"damage":0,"enemies":"Jaw Worm","floor":1,"turns":1},{"damage":0,"enemies":"2 Louse","floor":5,"turns":1},{"damage":0,"enemies":"Lagavulin","floor":6,"turns":1},{"damage":8,"enemies":"Small Slimes","floor":7,"turns":4},{"damage":2,"enemies":"Red Slaver","floor":10,"turns":3},{"damage":23,"enemies":"3 Sentries","floor":12,"turns":9},{"damage":5,"enemies":"Lots of Slimes","floor":13,"turns":7},{"damage":29,"enemies":"Lagavulin","floor":14,"turns":6},{"damage":12,"enemies":"Hexaghost","floor":16,"turns":10},{"damage":0,"enemies":"3 Byrds","floor":18,"turns":7},{"damage":2,"enemies":"Spheric Guardian","floor":19,"turns":3},{"damage":71,"enemies":"Shelled Parasite and Fungi","floor":22,"turns":8},{"damage":5,"enemies":"Gremlin Leader","floor":24,"turns":7},{"damage":40,"enemies":"Centurion and Healer","floor":29,"turns":6}],"seed_played":"3456848321039759583","potions_obtained":[{"floor":1,"key":"PowerPotion"},{"floor":10,"key":"ColorlessPotion"},{"floor":14,"key":"Explosive Potion"},{"floor":24,"key":"HeartOfIron"}],"is_trial":false,"path_per_floor":["M","$","?","?","M","E","M","R","T","M","$","E","M","E","R","B",null,"M","M","$","?","M","R","E","R","T","$","?","M"],"character_chosen":"IRONCLAD","items_purchased":["NineVolt","Inflame"],"campfire_rested":1,"item_purchase_floors":[11,20],"current_hp_per_floor":[80,80,80,55,61,67,65,65,65,69,69,52,53,30,30,24,80,80,80,80,75,10,34,35,35,35,35,35,0,0],"gold":83,"neow_bonus":"THREE_ENEMY_KILL","is_daily":false,"chose_seed":false,"campfire_upgraded":3,"win_rate":0.0,"timestamp":1611741863,"path_taken":["M","$","?","?","?","E","M","R","T","M","?","E","M","E","R","BOSS","M","M","$","?","M","R","E","R","T","?","?","M"],"items_purchased_type":["Relic","Card"],"build_version":"2020-12-22","purchased_purges":2,"victory":false,"max_hp_per_floor":[80,80,80,80,80,80,80,80,80,80,80,80,80,80,80,80,80,80,80,80,80,80,80,80,80,80,80,80,80,80],"card_choices":[{"not_picked":["Heavy Blade","Warcry"],"picked":"Sentinel","floor":1},{"not_picked":["Iron Wave","Uppercut"],"picked":"Bloodletting","floor":5},{"not_picked":["Clash","Headbutt"],"picked":"Flex","floor":6},{"not_picked":["Twin Strike","Shockwave"],"picked":"Headbutt","floor":7},{"not_picked":["Impervious","Sword Boomerang"],"picked":"Flex","floor":10},{"not_picked":["Anger","Blood for Blood"],"picked":"True Grit","floor":12},{"not_picked":["Wild Strike","Barricade"],"picked":"Heavy Blade","floor":13},{"not_picked":["Heavy Blade","Feel No Pain"],"picked":"Bomb","floor":14},{"not_picked":["Offering","Exhume"],"picked":"Fiend Fire","floor":16},{"not_picked":["Twin Strike","True Grit"],"picked":"Clash+1","floor":18},{"not_picked":["Reckless Charge","Anger"],"picked":"Seeing Red","floor":19},{"not_picked":["Rupture","Rage"],"picked":"Iron Wave","floor":22},{"not_picked":["Hemokinesis","Body Slam+1"],"picked":"Clash","floor":24}],"player_experience":103670,"relics_obtained":[{"floor":6,"key":"Torii"},{"floor":9,"key":"Darkstone Periapt"},{"floor":12,"key":"TungstenRod"},{"floor":14,"key":"Mummified Hand"},{"floor":24,"key":"Smiling Mask"},{"floor":26,"key":"Bottled Flame"}],"event_choices":[{"damage_healed":0,"gold_gain":0,"cards_transformed":["Strike_R"],"player_choice":"Change","damage_taken":0,"max_hp_gain":0,"max_hp_loss":0,"event_name":"Living Wall","floor":3,"gold_loss":0,"cards_obtained":["Pommel Strike"]},{"damage_healed":0,"gold_gain":0,"player_choice":"Success","damage_taken":25,"relics_obtained":["DeadEye"],"max_hp_gain":0,"max_hp_loss":0,"event_name":"Scrap Ooze","floor":4,"gold_loss":0},{"damage_healed":0,"gold_gain":0,"player_choice":"Joined the Cult","damage_taken":6,"max_hp_gain":0,"max_hp_loss":0,"event_name":"Nest","floor":21,"gold_loss":0,"cards_obtained":["RitualDagger"]},{"cards_removed":["Strike_R"],"damage_healed":0,"gold_gain":0,"player_choice":"Elegance","damage_taken":0,"max_hp_gain":0,"max_hp_loss":0,"event_name":"Back to Basics","floor":28,"gold_loss":0}],"is_beta":false,"boss_relics":[{"not_picked":["Pandora\u0027s Box","Busted Crown"],"picked":"Mark of Pain"},{"not_picked":[]}],"items_purged_floors":[20,27],"is_endless":false,"potions_floor_spawned":[1,10,14,18,19,24],"killed_by":"Centurion and Healer","ascension_level":2}}