{"host":"u1dfzl6o6mfmauc3","time":1611714079,"event":{"mods":["2.2 Compatiblity","AchievementEnabler","BaseMod","Block Reminder","Challenge The Spire","Dark Map","Hermit","Minty Spire (QoL Compilation)","Relic Stats","Robot Space Explorer","StSLib","The Disciple"],"gold_per_floor":[110,129,141,141,14,14,94,128,180,180,215,290,290,32,59,59,173,173,193,106,115,15,114,158,158,158,188,213,98,110,136,136,171,171,275,275,299,299,299,171,188,188,228,228,253,253,253],"floor_reached":46,"language":"ENG","playtime":1658,"items_purged":["Alpha","Writhe","Vengeance","Eruption"],"score":600,"play_id":"bbe3288a-2243-4877-9b54-0ab16331639d","local_time":"20210126212119","is_ascension_mode":true,"campfire_choices":[{"data":"LikeWater","floor":6.0,"key":"SMITH"},{"floor":16.0,"key":"REST"},{"data":"Wallop","floor":25,"key":"SMITH"},{"floor":32,"key":"REST"},{"floor":34,"key":"REST"},{"data":"SandsOfTime","floor":42,"key":"SMITH"},{"data":"WaveOfTheHand","floor":44,"key":"SMITH"}],"circlet_count":0,"master_deck":["Vigilance","CarveReality+1","Meditate","EmptyMind+1","Vengeance","SandsOfTime+1","PathToVictory","ThirdEye","Tantrum+1","FearNoEvil","LikeWater+1","EmptyBody","Wallop+1","DevaForm","Adaptation+1","ClearTheMind","Halt","Tantrum","PathToVictory","Scrawl","PathToVictory","Conclude","TalkToTheHand+1","DevaForm","TalkToTheHand+1","WaveOfTheHand+1"],"relics":["Pandora\u0027s Box","Whetstone","MealTicket","Ornamental Fan","Kunai","Membership Card","PreservedInsect","CeramicFish","Runic Dome","Prayer Wheel","Darkstone Periapt","Nunchaku","Smiling Mask","SacredBark","Bag of Marbles","Oddly Smooth Stone"],"acts_visited":["Exordium","TheCity","TheBeyond"],"potions_floor_usage":[24,24,31,31,35,37,43,46],"damage_taken":[{"damage":12.0,"enemies":"Jaw Worm","floor":1.0,"turns":2.0},{"damage":0.0,"enemies":"Small Slimes","floor":2.0,"turns":3.0},{"damage":9.0,"enemies":"2 Louse","floor":3.0,"turns":2.0},{"damage":29.0,"enemies":"Lagavulin","floor":8.0,"turns":5.0},{"damage":0.0,"enemies":"Gremlin Nob","floor":11.0,"turns":2.0},{"damage":1.0,"enemies":"3 Sentries","floor":15.0,"turns":4.0},{"damage":5.0,"enemies":"Slime Boss","floor":17.0,"turns":6.0},{"damage":18,"enemies":"3 Byrds","floor":19,"turns":4},{"damage":30,"enemies":"Slavers","floor":24,"turns":4},{"damage":8,"enemies":"2 Thieves","floor":27,"turns":3},{"damage":20,"enemies":"Centurion and Healer","floor":30,"turns":4},{"damage":0,"enemies":"Shelled Parasite and Fungi","floor":31,"turns":2},{"damage":23,"enemies":"Book of Stabbing","floor":33,"turns":3},{"damage":28,"enemies":"Automaton","floor":35,"turns":6},{"damage":4,"enemies":"3 Shapes","floor":37,"turns":5},{"damage":2,"enemies":"Orb Walker","floor":41,"turns":4},{"damage":15,"enemies":"Reptomancer","floor":43,"turns":4},{"damage":71,"enemies":"Jaw Worm Horde","floor":46,"turns":4}],"seed_played":"2989936956530521470","potions_obtained":[{"floor":1.0,"key":"Swift Potion"},{"floor":3.0,"key":"BlessingOfTheForge"},{"floor":8.0,"key":"StancePotion"},{"floor":27,"key":"Strength Potion"},{"floor":35,"key":"SkillPotion"},{"floor":37,"key":"PowerPotion"},{"floor":41,"key":"Explosive Potion"}],"is_trial":false,"path_per_floor":["M","M","M","?","$","R","?","E","T","T","E","?","?","$","E","R","B",null,"M","$","?","$","?","E","R","?","M","T","$","M","M","R","E","R","B",null,"M","?","?","$","M","R","E","R","T","M"],"character_chosen":"WATCHER","items_purchased":["LikeWater","Fire Potion","Membership Card","Wallop","PreservedInsect","Ambrosia","ClearTheMind","Halt","Tantrum","Conclude","SkillPotion","Bag of Marbles"],"campfire_rested":3,"item_purchase_floors":[5,5,14,14,14,20,22,22,22,29,29,40],"current_hp_per_floor":[60,60,51,51,51,51,51,22,22,22,22,11,4,19,18,39,34,72,54,69,69,72,72,42,42,29,21,21,36,16,16,39,16,39,11,77,73,73,73,77,75,75,60,60,60,0,0],"gold":253,"neow_bonus":"BOSS_RELIC","is_daily":false,"chose_seed":false,"campfire_upgraded":4,"win_rate":0.0,"timestamp":1611714079,"path_taken":["M","M","M","?","$","R","?","E","T","T","E","?","?","$","E","R","BOSS","BOSS","M","$","?","$","?","E","R","?","?","T","$","M","M","R","E","R","BOSS","M","?","?","$","M","R","E","R","T","?"],"items_purchased_type":["Card","Potion","Relic","Card","Relic","Potion","Card","Card","Card","Card","Potion","Relic"],"build_version":"2020-12-22","purchased_purges":4,"victory":false,"max_hp_per_floor":[72,72,72,72,72,72,72,72,72,72,72,72,72,72,72,72,72,72,72,72,72,72,72,72,72,77,77,77,77,77,77,77,77,77,77,77,77,77,77,77,77,77,77,77,77,77,77],"relic_stats":{"Darkstone Periapt":0,"counters":[18,67],"CeramicFish":126,"PreservedInsect":167,"Whetstone":["CarveReality","Tantrum"],"Smiling Mask":25,"Nunchaku":[6],"Ornamental Fan":[56],"Pandora\u0027s Box":["Alpha","Vengeance","CarveReality","Meditate","EmptyMind","Vengeance","SandsOfTime","PathToVictory"],"MealTicket":52,"Prayer Wheel":5,"Kunai":[13],"obtain_stats":[{"Darkstone Periapt":24,"CeramicFish":15,"SacredBark":36,"Oddly Smooth Stone":43,"PreservedInsect":14,"Whetstone":8,"Smiling Mask":33,"Runic Dome":18,"Nunchaku":28,"Ornamental Fan":10,"Pandora\u0027s Box":0,"MealTicket":9,"Prayer Wheel":21,"Bag of Marbles":40,"Kunai":11,"Membership Card":14,"PureWater":0},{"Darkstone Periapt":9,"CeramicFish":6,"SacredBark":14,"Oddly Smooth Stone":17,"PreservedInsect":5,"Whetstone":4,"Smiling Mask":13,"Runic Dome":7,"Nunchaku":10,"Ornamental Fan":4,"Pandora\u0027s Box":0,"MealTicket":4,"Prayer Wheel":8,"Bag of Marbles":15,"Kunai":5,"Membership Card":5,"PureWater":0},{"Darkstone Periapt":32,"CeramicFish":18,"SacredBark":50,"Oddly Smooth Stone":63,"PreservedInsect":14,"Whetstone":12,"Smiling Mask":44,"Runic Dome":24,"Nunchaku":35,"Ornamental Fan":12,"Pandora\u0027s Box":0,"MealTicket":12,"Prayer Wheel":28,"Bag of Marbles":55,"Kunai":14,"Membership Card":14,"PureWater":0}]},"card_choices":[{"not_picked":["CrushJoints","Vengeance"],"picked":"ThirdEye","floor":1.0},{"not_picked":["EmptyFist","ThirdEye"],"picked":"Tantrum","floor":2.0},{"not_picked":["EmptyFist","SashWhip"],"picked":"FearNoEvil","floor":3.0},{"not_picked":["FlyingSleeves","EmptyMind"],"picked":"EmptyBody","floor":8.0},{"not_picked":["Fasting2","Prostrate","JustLucky"],"picked":"SKIP","floor":11.0},{"not_picked":["Worship","Consecrate","SandsOfTime"],"picked":"SKIP","floor":15.0},{"not_picked":["MasterReality","Ragnarok"],"picked":"DevaForm","floor":17},{"not_picked":["Sanctity+1","WreathOfFlame+1"],"picked":"Adaptation+1","floor":19},{"not_picked":["ThirdEye+1","Halt+1"],"picked":"PathToVictory","floor":24},{"not_picked":["Halt","PathToVictory"],"picked":"Scrawl","floor":27},{"not_picked":["Collect","Worship+1"],"picked":"PathToVictory","floor":27},{"not_picked":["EmptyFist","BowlingBash","SashWhip+1"],"picked":"SKIP","floor":30},{"not_picked":["EmptyBody+1","FlyingSleeves","Protect+1"],"picked":"SKIP","floor":30},{"not_picked":["Collect+1","Adaptation"],"picked":"TalkToTheHand+1","floor":31},{"not_picked":["CrushJoints","Consecrate","Halt"],"picked":"SKIP","floor":31},{"not_picked":["Meditate","Fasting2","Perseverance"],"picked":"SKIP","floor":33},{"not_picked":["Scrawl","ConjureBlade"],"picked":"DevaForm","floor":35},{"not_picked":["CrushJoints","PathToVictory+1"],"picked":"TalkToTheHand","floor":37},{"not_picked":["Perseverance","Conclude","Protect"],"picked":"SKIP","floor":37},{"not_picked":["CrushJoints","Collect+1","EmptyFist+1"],"picked":"SKIP","floor":41},{"not_picked":["EmptyMind+1","Protect","SandsOfTime+1"],"picked":"SKIP","floor":41},{"not_picked":["Swivel+1","Indignation"],"picked":"WaveOfTheHand","floor":43}],"player_experience":161875,"relics_obtained":[{"floor":8.0,"key":"Whetstone"},{"floor":9.0,"key":"MealTicket"},{"floor":10.0,"key":"Ornamental Fan"},{"floor":11.0,"key":"Kunai"},{"floor":15.0,"key":"CeramicFish"},{"floor":24,"key":"Darkstone Periapt"},{"floor":28,"key":"Nunchaku"},{"floor":33,"key":"Smiling Mask"},{"floor":43,"key":"Oddly Smooth Stone"}],"event_choices":[{"damage_healed":0.0,"max_hp_gain":0.0,"max_hp_loss":0.0,"gold_gain":0.0,"event_name":"Living Wall","player_choice":"Grow","floor":4.0,"gold_loss":0.0,"damage_taken":0.0,"cards_upgraded":["EmptyMind"]},{"damage_healed":0.0,"max_hp_gain":0.0,"max_hp_loss":0.0,"gold_gain":80.0,"event_name":"Golden Wing","player_choice":"Gained Gold","floor":7.0,"gold_loss":0.0,"damage_taken":0.0},{"damage_healed":0.0,"max_hp_gain":0.0,"max_hp_loss":0.0,"gold_gain":75.0,"event_name":"World of Goop","player_choice":"Gather Gold","floor":12.0,"gold_loss":0.0,"damage_taken":11.0},{"damage_healed":0.0,"max_hp_gain":0.0,"max_hp_loss":0.0,"gold_gain":0.0,"event_name":"Scrap Ooze","player_choice":"Fled","floor":13.0,"gold_loss":0.0,"damage_taken":7.0},{"damage_healed":0,"gold_gain":0,"player_choice":"Opened","damage_taken":0,"relics_obtained":["Prayer Wheel"],"max_hp_gain":0,"max_hp_loss":0,"event_name":"The Mausoleum","floor":21,"gold_loss":0,"cards_obtained":["Writhe"]},{"damage_healed":0,"gold_gain":99,"player_choice":"Stole From Cult","damage_taken":0,"max_hp_gain":0,"max_hp_loss":0,"event_name":"Nest","floor":23,"gold_loss":0},{"damage_healed":0,"gold_gain":0,"player_choice":"Shed Blood","damage_taken":18,"max_hp_gain":5,"max_hp_loss":0,"event_name":"Forgotten Altar","floor":26,"gold_loss":0},{"damage_healed":0,"gold_gain":0,"player_choice":"Ignored","damage_taken":0,"max_hp_gain":0,"max_hp_loss":0,"event_name":"Tomb of Lord Red Mask","floor":38,"gold_loss":0},{"damage_healed":0,"gold_gain":0,"player_choice":"Upgraded","damage_taken":0,"max_hp_gain":0,"max_hp_loss":0,"event_name":"Upgrade Shrine","floor":39,"gold_loss":0,"cards_upgraded":["TalkToTheHand"]}],"is_beta":false,"boss_relics":[{"not_picked":["Ectoplasm","Philosopher\u0027s Stone"],"picked":"Runic Dome"},{"not_picked":["Sozu","Calling Bell"],"picked":"SacredBark"}],"items_purged_floors":[20,22,29,40],"is_endless":false,"potions_floor_spawned":[1,3,8,27,30,35,37,41],"killed_by":"Jaw Worm Horde","ascension_level":2}}