{"host":"kpyf5rnb72uwap8k","time":1611767414,"event":{"mods":["AchievementEnabler","BaseMod","Colored Map","Colored Powertips","DeckTracker","Minty Spire (QoL Compilation)","Permanent Neow","Quick Restart","StSLib","SuperFastMode"],"gold_per_floor":[115,63,63,74,87,87,113,113,113,113,147,164,182,132,132,231,231,251,124,124,124,110,110,122,122,122,133,163,63,63,75,75,172,172,190,206,206,221,240,240,46,56,56,74,90,101,101,31,31,31,31],"floor_reached":50,"language":"KOR","playtime":4927,"items_purged":["Strike_B","Strike_B","Decay"],"score":500,"play_id":"b0b901fd-0328-47e6-b305-341daa37db38","local_time":"20210128021013","is_ascension_mode":true,"campfire_choices":[{"data":"Hologram","floor":6.0,"key":"SMITH"},{"floor":8.0,"key":"REST"},{"data":"Streamline","floor":10.0,"key":"SMITH"},{"data":"Auto Shields","floor":15.0,"key":"SMITH"},{"data":"Streamline","floor":23,"key":"SMITH"},{"floor":25,"key":"REST"},{"floor":30,"key":"REST"},{"data":"Chill","floor":32,"key":"SMITH"},{"floor":40,"key":"REST"},{"floor":47,"key":"REST"},{"floor":49,"key":"REST"}],"circlet_count":0,"master_deck":["Defend_B","Defend_B","Defend_B","Zap","Dualcast","Streamline+1","Cold Snap","Hologram+1","Auto Shields+1","Streamline+1","Glacier","Conserve Battery","Reboot","Rebound","Writhe","Self Repair+1","Chill+1","Chill+1","Scrape","Reprogram+1","Defragment+1","Defragment+1"],"relics":["Cracked Core","Frozen Egg 2","Bottled Flame","Kunai","Sozu","Cables","Tiny Chest","Mercury Hourglass","Fusion Hammer","Mummified Hand"],"acts_visited":["Exordium","TheCity","TheBeyond"],"potions_floor_usage":[16,33,50],"damage_taken":[{"damage":0.0,"enemies":"2 Louse","floor":1.0,"turns":3.0},{"damage":0.0,"enemies":"Cultist","floor":4.0,"turns":2.0},{"damage":6.0,"enemies":"Jaw Worm","floor":5.0,"turns":2.0},{"damage":29.0,"enemies":"3 Sentries","floor":7.0,"turns":8.0},{"damage":2.0,"enemies":"Lagavulin","floor":11.0,"turns":8.0},{"damage":9.0,"enemies":"2 Fungi Beasts","floor":12.0,"turns":3.0},{"damage":5.0,"enemies":"Looter","floor":13.0,"turns":3.0},{"damage":11,"enemies":"Slime Boss","floor":16,"turns":12},{"damage":13,"enemies":"3 Byrds","floor":18,"turns":7},{"damage":9,"enemies":"2 Thieves","floor":22,"turns":4},{"damage":10,"enemies":"3 Cultists","floor":24,"turns":6},{"damage":0,"enemies":"Snecko","floor":27,"turns":5},{"damage":38,"enemies":"Slavers","floor":28,"turns":9},{"damage":3,"enemies":"Chosen and Byrds","floor":31,"turns":6},{"damage":45,"enemies":"Automaton","floor":33,"turns":14},{"damage":9,"enemies":"3 Darklings","floor":35,"turns":10},{"damage":0,"enemies":"3 Shapes","floor":36,"turns":4},{"damage":9,"enemies":"Sphere and 2 Shapes","floor":38,"turns":6},{"damage":49,"enemies":"Spire Growth","floor":39,"turns":6},{"damage":0,"enemies":"4 Shapes","floor":42,"turns":8},{"damage":0,"enemies":"Sphere and 2 Shapes","floor":44,"turns":6},{"damage":10,"enemies":"3 Darklings","floor":45,"turns":10},{"damage":15,"enemies":"Spire Growth","floor":46,"turns":7},{"damage":90,"enemies":"Donu and Deca","floor":50,"turns":15}],"seed_played":"-6966500377664506663","potions_obtained":[{"floor":5.0,"key":"Dexterity Potion"},{"floor":11.0,"key":"Regen Potion"},{"floor":13.0,"key":"FearPotion"}],"is_trial":false,"path_per_floor":["M","$","?","M","M","R","E","R","T","R","E","M","M","?","R","B",null,"M","$","?","?","M","R","M","R","T","M","E","$","R","M","R","B",null,"M","M","?","M","M","R","$","M","T","M","M","M","R","$","R","B"],"character_chosen":"DEFECT","items_purchased":["Cold Snap","Rebound","Defragment+1","Defragment+1"],"campfire_rested":6,"item_purchase_floors":[2,19,41,48],"current_hp_per_floor":[75,75,75,75,69,69,40,62,62,62,60,51,46,46,46,35,75,62,62,62,62,53,53,43,65,65,65,37,37,59,66,66,31,75,75,75,75,75,36,58,58,68,68,68,68,63,75,75,75,0,0],"gold":31,"neow_bonus":"REMOVE_CARD","is_daily":false,"chose_seed":false,"campfire_upgraded":5,"win_rate":0.0,"timestamp":1611767413,"path_taken":["M","$","?","M","M","R","E","R","T","R","E","M","?","?","R","BOSS","M","$","?","?","M","R","M","R","T","M","E","$","R","M","R","BOSS","M","M","?","M","?","R","$","?","T","M","M","M","R","$","R","BOSS"],"items_purchased_type":["Card","Card","Card","Card"],"build_version":"2020-12-22","purchased_purges":3,"victory":false,"max_hp_per_floor":[75,75,75,75,75,75,75,75,75,75,75,75,75,75,75,75,75,75,75,75,75,75,75,75,75,75,75,75,75,75,75,75,75,75,75,75,75,75,75,75,75,75,75,75,75,75,75,75,75,75,75],"card_choices":[{"not_picked":["Barrage","Go for the Eyes"],"picked":"Streamline","floor":1.0},{"not_picked":["White Noise","Static Discharge"],"picked":"Hologram","floor":4.0},{"not_picked":["Ball Lightning","Turbo","Streamline"],"picked":"SKIP","floor":5.0},{"not_picked":["Amplify","Turbo"],"picked":"Auto Shields","floor":7.0},{"not_picked":["Stack","Steam"],"picked":"Streamline","floor":11.0},{"not_picked":["Stack","Beam Cell"],"picked":"Glacier","floor":12.0},{"not_picked":["Rip and Tear","Redo"],"picked":"Conserve Battery","floor":13.0},{"not_picked":["All For One","Amplify"],"picked":"Reboot","floor":16},{"not_picked":["Coolheaded","Redo","Stack"],"picked":"SKIP","floor":18},{"not_picked":["Barrage+1","Hello World+1","Coolheaded+1"],"picked":"SKIP","floor":22},{"not_picked":["Sweeping Beam+1","Compile Driver"],"picked":"Self Repair+1","floor":24},{"not_picked":["Genetic Algorithm+1","Coolheaded+1","Hologram"],"picked":"SKIP","floor":27},{"not_picked":["Buffer+1","Multi-Cast"],"picked":"Chill","floor":28},{"not_picked":["Ball Lightning","Turbo","Redo"],"picked":"SKIP","floor":31},{"not_picked":["Conserve Battery","Doom and Gloom+1","Barrage+1"],"picked":"SKIP","floor":35},{"not_picked":["Auto Shields","Compile Driver+1"],"picked":"Chill+1","floor":36},{"not_picked":["Sweeping Beam+1","Thunder Strike"],"picked":"Reprogram+1","floor":38},{"not_picked":["Leap+1","Heatsinks+1","Cold Snap+1"],"picked":"SKIP","floor":39},{"not_picked":["Self Repair+1","Sweeping Beam","Streamline"],"picked":"SKIP","floor":42},{"not_picked":["Steam","Stack","Double Energy"],"picked":"SKIP","floor":44},{"not_picked":["Compile Driver","Reinforced Body+1","Heatsinks+1"],"picked":"SKIP","floor":45},{"not_picked":["Chaos+1","Cold Snap+1","Reinforced Body"],"picked":"SKIP","floor":46}],"player_experience":217595,"relics_obtained":[{"floor":7.0,"key":"Frozen Egg 2"},{"floor":9.0,"key":"Bottled Flame"},{"floor":11.0,"key":"Kunai"},{"floor":26,"key":"Tiny Chest"},{"floor":28,"key":"Mercury Hourglass"},{"floor":43,"key":"Mummified Hand"}],"event_choices":[{"damage_healed":0.0,"max_hp_gain":0.0,"max_hp_loss":0.0,"gold_gain":0.0,"event_name":"The Woman in Blue","player_choice":"Bought 0 Potions","floor":3.0,"gold_loss":0.0,"damage_taken":0.0},{"cards_removed":["Strike_B"],"damage_healed":0.0,"max_hp_gain":0.0,"max_hp_loss":0.0,"gold_gain":0.0,"event_name":"The Cleric","player_choice":"Card Removal","floor":14.0,"gold_loss":50.0,"damage_taken":0.0},{"damage_healed":0,"gold_gain":0,"player_choice":"Smashed Altar","damage_taken":0,"max_hp_gain":0,"max_hp_loss":0,"event_name":"Forgotten Altar","floor":20,"gold_loss":0,"cards_obtained":["Decay"]},{"damage_healed":0,"gold_gain":0,"player_choice":"Opened","damage_taken":0,"relics_obtained":["Cables"],"max_hp_gain":0,"max_hp_loss":0,"event_name":"The Mausoleum","floor":21,"gold_loss":0,"cards_obtained":["Writhe"]},{"damage_healed":0,"gold_gain":0,"cards_transformed":["Defend_B"],"player_choice":"Transformed","damage_taken":0,"max_hp_gain":0,"max_hp_loss":0,"event_name":"Transmorgrifier","floor":37,"gold_loss":0,"cards_obtained":["Scrape"]}],"is_beta":false,"boss_relics":[{"not_picked":["Calling Bell","Coffee Dripper"],"picked":"Sozu"},{"not_picked":["Empty Cage","FrozenCore"],"picked":"Fusion Hammer"}],"items_purged_floors":[19,29,41],"is_endless":false,"potions_floor_spawned":[5,11,13,24,31,33,36,42,44,46],"killed_by":"Donu and Deca","ascension_level":1}}