{"host":"ap3aq95vjy3mho2f","time":1611759020,"event":{"mods":["BaseMod","Downfall","Duelist Mod","Minty Spire (QoL Compilation)","Replay The Spire","StSLib","The Senshi","The Servant 0.9.4"],"gold_per_floor":[99,142,154,154,93,109,109,124,34,54,82,40,70,70,70,0,20,122,122,22,40,40,57,76,94,94,94,40,55,55,55,55,55,72,72,72,72],"floor_reached":35,"language":"ZHS","playtime":2441,"items_purged":["Slimebound:Defend_Slimebound"],"score":307,"play_id":"1c6e3a85-c503-4034-9a47-f0dee0b63e7b","local_time":"20210127225020","is_ascension_mode":false,"campfire_choices":[{"floor":1.0,"key":"DIG"},{"floor":20,"key":"RECALL"},{"data":"Slimebound:MassFeed","floor":30,"key":"SMITH"}],"circlet_count":0,"master_deck":["Slimebound:Strike_Slimebound","Slimebound:Strike_Slimebound","Slimebound:Strike_Slimebound","Slimebound:Defend_Slimebound","Slimebound:Defend_Slimebound","Slimebound:Defend_Slimebound","Slimebound:Split","Slimebound:CorrosiveSpit","Slimebound:MegaLick","Slimebound:FinishingTackle","Slimebound:AcidTongue+1","Slimebound:LevelUp","Slimebound:HauntingLick","Slimebound:LeechLife","Slimebound:GoopSpray","Slimebound:ItLooksTasty","Slimebound:HauntingLick","Slimebound:Repurpose","Slimebound:Prepare","Slimebound:SamplingLick","Pot Of Greed","Pot Of Greed","Slimebound:SplitAcid","Slimebound:PressTheAttack","Slimebound:LevelUp+1","Slimebound:ForwardTackle","Pot Of Greed","Slimebound:OneTwoCombo","CurseOfTheBell","Slimebound:PressTheAttack","Slimebound:SplitBruiser+1","Slimebound:GrowthPunch","Slimebound:SplitBruiser","Parasite","Slimebound:MassFeed+1","Slimebound:LeechEnergy","Slimebound:LeechEnergy","Slimebound:SplitLeeching","Slimebound:Repurpose","Slimebound:CheckThePlaybook","downfall:Icky","Slimebound:SplitMire"],"relics":["Slimebound:AbsorbEndCombat","Ancient Tea Set","CaptainsWheel","Odd Mushroom","Grinning Jar","Replay:Grab Bag","ChewingGum","Cursed Key","Calling Bell","Pet Ghost","Shuriken","Peace Pipe","downfall:HeartBlessingBlue","Boot","Blue Candle"],"acts_visited":["Exordium","TheCity"],"potions_floor_usage":[18,18,21,28,35,35,35],"damage_taken":[{"damage":15,"enemies":"Small Slimes","floor":3,"turns":4},{"damage":13,"enemies":"downfall:FleeingMerchant","floor":5,"turns":4},{"damage":16,"enemies":"Jaw Worm","floor":6,"turns":3},{"damage":4,"enemies":"Cultist","floor":8,"turns":3},{"damage":0,"enemies":"downfall:FleeingMerchant","floor":9,"turns":4},{"damage":13,"enemies":"Red Slaver","floor":10,"turns":4},{"damage":14,"enemies":"The Mushroom Lair","floor":11,"turns":4},{"damage":18,"enemies":"downfall:FleeingMerchant","floor":12,"turns":4},{"damage":19,"enemies":"Lagavulin","floor":13,"turns":6},{"damage":20,"enemies":"downfall:FleeingMerchant","floor":16,"turns":4},{"damage":16,"enemies":"Blue Slaver","floor":17,"turns":3},{"damage":31,"enemies":"WA_ARCHETYPE_RETAIN","floor":18,"turns":5},{"damage":0,"enemies":"Spheric Guardian","floor":21,"turns":3},{"damage":21,"enemies":"3 Byrds","floor":23,"turns":4},{"damage":13,"enemies":"Shelled Parasite and Fungi","floor":24,"turns":3},{"damage":7,"enemies":"3 Cultists","floor":25,"turns":4},{"damage":7,"enemies":"downfall:FleeingMerchant","floor":28,"turns":4},{"damage":3,"enemies":"Chosen and Byrds","floor":29,"turns":3},{"damage":8,"enemies":"Centurion and Healer","floor":34,"turns":4},{"damage":82,"enemies":"DF_ARCHETYPE_CLAW","floor":35,"turns":6}],"seed_played":"-320706958792137933","potions_obtained":[{"floor":3,"key":"Toxic Potion"},{"floor":6,"key":"DistilledChaos"},{"floor":8,"key":"Energy Potion"},{"floor":13,"key":"Elixir"},{"floor":21,"key":"Reflective Coating"},{"floor":22,"key":"SneckoOil"},{"floor":22,"key":"Explosive Potion"},{"floor":24,"key":"SkillPotion"},{"floor":29,"key":"SpeedPotion"}],"is_trial":false,"path_per_floor":["R","?","M","?","$","M","T","M","$","M","?","$","E","PTL","PTL","$","M","B",null,"R","M","?","M","M","M","T","?","$","M","R","?","?","?","M","B"],"character_chosen":"SLIMEBOUND","items_purchased":["Slimebound:HauntingLick","Slimebound:SamplingLick","Slimebound:LevelUp+1","Slimebound:LeechEnergy"],"campfire_rested":0,"item_purchase_floors":[5,12,16,28],"current_hp_per_floor":[71,54,43,43,36,26,26,32,46,45,56,50,39,39,39,35,23,14,71,81,81,81,64,59,60,60,55,58,63,63,63,63,63,67,0,0,0],"gold":72,"neow_bonus":"TEN_PERCENT_HP_BONUS","is_daily":false,"chose_seed":false,"campfire_upgraded":1,"win_rate":0.0,"timestamp":1611759020,"path_taken":["R","?","M","?","?","M","T","?","?","M","?","$","E","PTL","PTL","$","M","BOSS","R","M","?","M","?","M","T","?","$","M","R","?","?","?","M","BOSS"],"items_purchased_type":["Card","Card","Card","Card"],"build_version":"2020-12-22","purchased_purges":1,"victory":false,"max_hp_per_floor":[71,71,71,71,71,71,71,71,71,71,71,71,71,71,71,71,71,71,71,81,81,81,81,81,81,81,81,81,81,81,81,81,81,81,81,81,81],"card_choices":[{"not_picked":["Slimebound:Grow","Slimebound:Schlurp"],"picked":"Slimebound:MegaLick","floor":2.0},{"not_picked":["Slimebound:SplitAcid","Slimebound:GoopSpray"],"picked":"Slimebound:FinishingTackle","floor":3},{"not_picked":["Slimebound:GoopTackle","Slimebound:LeechingTouch"],"picked":"Slimebound:LevelUp","floor":5},{"not_picked":["Slimebound:HauntingLick","Slimebound:SlimeBarrage"],"picked":"Slimebound:LeechLife","floor":6},{"not_picked":["Slimebound:HauntingLick","Slimebound:SlimeSpikes"],"picked":"Slimebound:GoopSpray","floor":8},{"not_picked":["Slimebound:Replication","Slimebound:MegaLick"],"picked":"Slimebound:ItLooksTasty","floor":9},{"not_picked":["Slimebound:RainOfGoop","Slimebound:Dissolve"],"picked":"Slimebound:HauntingLick","floor":10},{"not_picked":["Slimebound:SplitLeeching","Slimebound:SplitMire"],"picked":"Slimebound:Repurpose","floor":11},{"not_picked":["Slimebound:SlimeBrawl","Slimebound:MinionMaster"],"picked":"Slimebound:Prepare","floor":12},{"not_picked":["Slimebound:HauntingLick","Slimebound:Schlurp"],"picked":"Slimebound:SplitAcid","floor":13},{"not_picked":["Slimebound:Replication","Slimebound:AcidTongue"],"picked":"Slimebound:PressTheAttack","floor":16},{"not_picked":["Slimebound:ViciousTackle","Slimebound:SlimeTap"],"picked":"Slimebound:ForwardTackle","floor":17},{"not_picked":["Slimebound:WasteNot","Slimebound:DuplicatedForm"],"picked":"Slimebound:OneTwoCombo","floor":18},{"not_picked":["Slimebound:LivingWall","Slimebound:FinishingTackle"],"picked":"Slimebound:PressTheAttack","floor":21},{"not_picked":["Slimebound:GrowthPunch","Slimebound:Dissolve"],"picked":"Slimebound:SplitBruiser+1","floor":23},{"not_picked":["Slimebound:FormOfPuddle","Slimebound:LeadByExample"],"picked":"Slimebound:GrowthPunch","floor":24},{"not_picked":["Slimebound:Replication","Slimebound:FlameTackle"],"picked":"Slimebound:SplitBruiser","floor":25},{"not_picked":["Slimebound:Repurpose","Slimebound:MegaLick+1"],"picked":"Slimebound:MassFeed","floor":28},{"not_picked":["Slimebound:HauntingLick","Slimebound:SlimeBarrage"],"picked":"Slimebound:SplitLeeching","floor":29},{"not_picked":["Slimebound:SlimeBrawl+1","Slimebound:GoopTackle+1"],"picked":"Slimebound:SplitMire","floor":34}],"player_experience":0,"relics_obtained":[{"floor":1.0,"key":"Ancient Tea Set"},{"floor":2.0,"key":"CaptainsWheel"},{"floor":11,"key":"Odd Mushroom"},{"floor":13,"key":"Grinning Jar"},{"floor":19,"key":"Pet Ghost"},{"floor":19,"key":"Shuriken"},{"floor":19,"key":"Peace Pipe"},{"floor":26,"key":"Boot"}],"event_choices":[{"damage_healed":0,"gold_gain":0,"player_choice":"Fought Mushrooms","damage_taken":0,"max_hp_gain":0,"max_hp_loss":0,"event_name":"Mushrooms","floor":11,"gold_loss":0},{"damage_healed":0,"gold_gain":0,"player_choice":"Got Potions","damage_taken":0,"max_hp_gain":0,"max_hp_loss":0,"event_name":"Lab","floor":22,"gold_loss":0},{"damage_healed":0,"gold_gain":0,"player_choice":"Read","damage_taken":0,"max_hp_gain":0,"max_hp_loss":0,"event_name":"The Library","floor":31,"gold_loss":0,"cards_obtained":["Slimebound:Repurpose"]}],"is_beta":false,"boss_relics":[{"not_picked":["Runic Dome","Replay:Drink Me"],"picked":"Replay:Grab Bag"},{"not_picked":["Coffee Dripper","Fusion Hammer"],"picked":"ChewingGum"},{"not_picked":["Velvet Choker","Philosopher\u0027s Stone"],"picked":"Cursed Key"},{"not_picked":["Snecko Eye","Runic Pyramid"],"picked":"Calling Bell"}],"items_purged_floors":[9],"is_endless":false,"potions_floor_spawned":[3,6,8,13,17,21,24,29],"killed_by":"DF_ARCHETYPE_CLAW","ascension_level":0}}