{"host":"y6zg4wwu39otf01a","time":1611779602,"event":{"mods":["Act Like it!","Aspiration","BaseMod","Better Altar","Better Match","Better Note","Better Sensory Stone","Better Skull","Better Third Choice","Challenge The Spire","Colored Map","Colored Powertips","Conspire","GifTheSpireLib","Glutton Mod","Halation","Hermit","Highlight Path","Hubris","Infinite Spire","Mimic Mod","Minty Spire (QoL Compilation)","Puzzle Mod","Quick Restart","Random Character Button","Rare Cards Sparkle","Replay The Spire","Retaliation","Robot Space Explorer","Shade Mod","Spicy Shops","Spire Arcade","StSLib","Stuff the Spire","The Blue Laboratory","The Jungle","The Marked","thorton"],"gold_per_floor":[114,130,130,130,24,52,52,78,78,78,93,104,104,104,104,206,206,219,32,32,32,65,91,91,91],"floor_reached":24,"language":"ENG","playtime":1596,"items_purged":[],"score":257,"play_id":"a59d0f4c-e317-43e2-978f-ddd0709efcef","local_time":"20210127153322","is_ascension_mode":true,"campfire_choices":[{"floor":10,"key":"REST"},{"data":"Zap","floor":13,"key":"SMITH"},{"data":"ReplaySort","floor":15,"key":"SMITH"}],"circlet_count":0,"master_deck":["Strike_B+1","Strike_B","Strike_B","Strike_B","Defend_B","Defend_B","Defend_B","Defend_B","Zap+1","Dualcast","BasicCrystalCard","ReplaySort+1","StuffTheSpire:SnapShoot","Ball Lightning","BasicCrystalCard","Panic Button","Thunder Strike","Machine Learning","hubris:PowerSurge","Static Discharge"],"relics":["Cracked Core","Replay:Rubber Ducky","Pondfish Scales","Prayer Wheel","aspiration:Lifesprig","halation:BottledLove","Ring of Misfortune","Ring of Shattering","aspiration:BursterCore","Membership Card","halation:EternalFortune","hubris:BottledHeart","hubris:TinFlute","hubris:RGBLights","Bloody Idol"],"acts_visited":["Exordium","TheCity"],"potions_floor_usage":[6,6],"damage_taken":[{"damage":0,"enemies":"2 Louse","floor":1,"turns":2},{"damage":3,"enemies":"Jaw Worm","floor":2,"turns":3},{"damage":25,"enemies":"Gremlin Nob","floor":6,"turns":5},{"damage":58,"enemies":"Lagavulin","floor":8,"turns":7},{"damage":0,"enemies":"Cultist","floor":11,"turns":3},{"damage":3,"enemies":"3 Louse","floor":12,"turns":2},{"damage":27,"enemies":"Slime Boss","floor":16,"turns":10},{"damage":24,"enemies":"Shell Parasite","floor":18,"turns":4},{"damage":0,"enemies":"conspire:FuzzyDice","floor":22,"turns":5},{"damage":0,"enemies":"conspire:Head Lice","floor":23,"turns":8}],"seed_played":"6287547573239392313","potions_obtained":[{"floor":1,"key":"blueLaboratory:CreativityPotion"},{"floor":2,"key":"Reflective Coating"},{"floor":23,"key":"AttackPotion"}],"is_trial":false,"path_per_floor":["M","M","?","?","$","E","?","E","T","R","M","M","R","?","R","B",null,"M","$","?","?","MIM","E","?"],"character_chosen":"DEFECT","items_purchased":["ReplaySort","Membership Card","Static Discharge"],"campfire_rested":1,"item_purchase_floors":[5,19,19],"current_hp_per_floor":[82,79,67,67,67,42,82,24,24,48,48,45,45,45,45,18,82,58,58,61,1,1,1,0,0],"gold":91,"neow_bonus":"TEN_PERCENT_HP_BONUS","is_daily":false,"chose_seed":false,"campfire_upgraded":2,"win_rate":0.0,"timestamp":1611779602,"path_taken":["M","M","?","?","$","E","?","E","T","R","M","?","R","?","R","BOSS","M","$","?","?","?","E","?"],"items_purchased_type":["Card","Relic","Card"],"build_version":"2020-12-22","purchased_purges":0,"victory":false,"max_hp_per_floor":[82,82,82,82,82,82,82,82,82,82,82,82,82,82,82,82,82,82,82,85,1,1,1,1,1],"card_choices":[{"not_picked":["Conserve Battery","StuffTheSpire:Coldhearted"],"picked":"StuffTheSpire:Rend","floor":1},{"not_picked":["Glacier","Rebound"],"picked":"BasicCrystalCard","floor":2},{"not_picked":["ReplayTheSpireMod:Repulse","StuffTheSpire:GlassShard"],"picked":"ReplayTheSpireMod:Fabricate Wheel","floor":6},{"not_picked":["BasicCrystalCard","Hello World"],"picked":"StuffTheSpire:SnapShoot","floor":8},{"not_picked":["BasicCrystalCard","Hello World"],"picked":"Ball Lightning","floor":11},{"not_picked":["Streamline","Rebound"],"picked":"BasicCrystalCard","floor":11},{"not_picked":["ReplayTheSpireMod:Dual Polarity","Conserve Battery"],"picked":"Panic Button","floor":12},{"not_picked":["Stack","FIFO Queue"],"picked":"Thunder Strike","floor":12},{"not_picked":["Multi-Cast","Amplify"],"picked":"Machine Learning","floor":16},{"not_picked":["BasicCrystalCard","Aggregate"],"picked":"hubris:PowerSurge","floor":18},{"not_picked":["Hello World","Cold Snap","Scrape+1"],"picked":"SKIP","floor":18},{"not_picked":["ReplayTheSpireMod:Dual Polarity","Scrape","Go for the Eyes"],"picked":"SKIP","floor":23}],"player_experience":729757,"relics_obtained":[{"floor":6,"key":"Pondfish Scales"},{"floor":8,"key":"aspiration:Lifesprig"},{"floor":9,"key":"halation:BottledLove"},{"floor":14,"key":"Ring of Misfortune"},{"floor":14,"key":"Ring of Shattering"},{"floor":22,"key":"hubris:TinFlute"},{"floor":23,"key":"hubris:RGBLights"}],"event_choices":[{"damage_healed":0,"gold_gain":0,"player_choice":"Relic ","damage_taken":12,"max_hp_gain":0,"max_hp_loss":0,"event_name":"betterThird:BetterScrap","floor":3,"gold_loss":0,"cards_obtained":["Scrawl"]},{"cards_removed":["StuffTheSpire:Rend"],"damage_healed":40,"gold_gain":0,"player_choice":"Offered Uncommon","damage_taken":0,"max_hp_gain":0,"max_hp_loss":0,"event_name":"Bonfire Elementals","floor":7,"gold_loss":0}],"is_beta":false,"boss_relics":[{"not_picked":["thethorton:GreedFountain","StuffTheSpire:RunicHypercube"],"picked":"aspiration:BursterCore"}],"items_purged_floors":[],"is_endless":false,"potions_floor_spawned":[1,2,23],"ascension_level":1}}