{"host":"hw9lt6p3yhr90vz0","time":1611714657,"event":{"mods":["BaseMod","DeckTracker","Minty Spire (QoL Compilation)","Relic Stats"],"gold_per_floor":[16,30,50,50,60,91,91,266,266,298,248,264,11,45,45,150,150,121,133,153,163,177,177,187,187,187,187,187,197,197,524,524,628,628,641,651,368,384,384,416,416,433,482,495,545,545,558,558,558,558,558,558,22,47,47,47],"floor_reached":55,"language":"ENG","playtime":5734,"items_purged":["Writhe","Strike_R"],"score":995,"play_id":"16c6ee6b-353d-4048-8ab5-66350e7cb6a9","local_time":"20210126213057","is_ascension_mode":true,"campfire_choices":[{"floor":7.0,"key":"REST"},{"floor":15.0,"key":"REST"},{"floor":23.0,"key":"REST"},{"floor":25.0,"key":"REST"},{"floor":27.0,"key":"RECALL"},{"data":"Regret","floor":30.0,"key":"PURGE"},{"data":"Limit Break","floor":32.0,"key":"SMITH"},{"floor":41.0,"key":"REST"},{"floor":46.0,"key":"REST"},{"floor":49.0,"key":"REST"},{"data":"Doubt","floor":52.0,"key":"PURGE"}],"circlet_count":0,"master_deck":["Strike_R","Strike_R","Defend_R","Defend_R","Defend_R","Defend_R","Bash","Limit Break+1","Dual Wield","Cleave+1","Armaments","Metallicize","Searing Blow+1","Metallicize","Shockwave","Apotheosis","Armaments","Shrug It Off","Feed","Spot Weakness+1","Rage+1","Spot Weakness","Carnage+1","Metallicize","Battle Trance+1","Headbutt+1","Anger","Feed","Seeing Red","Dropkick","Panache","Headbutt","Entrench+1","Dropkick+1","Thunderclap","Pommel Strike","Heavy Blade","Trip","Master of Strategy","Pummel","Blood for Blood","Rage"],"relics":["Burning Blood","Bottled Tornado","Peace Pipe","Membership Card","Bird Faced Urn","Cursed Key","Gremlin Horn","Smiling Mask","Old Coin","Bronze Scales","Toolbox","Potion Belt","Whetstone","Mango","Vajra","Orichalcum","Strange Spoon","Eternal Feather"],"acts_visited":["Exordium","TheCity","TheBeyond","TheEnding"],"potions_floor_usage":[54,54],"damage_taken":[{"damage":1.0,"enemies":"Cultist","floor":1.0,"turns":4.0},{"damage":13.0,"enemies":"Jaw Worm","floor":2.0,"turns":4.0},{"damage":2.0,"enemies":"2 Louse","floor":3.0,"turns":2.0},{"damage":12.0,"enemies":"Looter","floor":5.0,"turns":4.0},{"damage":13.0,"enemies":"Gremlin Nob","floor":6.0,"turns":4.0},{"damage":30.0,"enemies":"3 Sentries","floor":10.0,"turns":8.0},{"damage":14.0,"enemies":"Red Slaver","floor":12.0,"turns":3.0},{"damage":15.0,"enemies":"Gremlin Nob","floor":14.0,"turns":7.0},{"damage":32.0,"enemies":"Hexaghost","floor":16.0,"turns":15.0},{"damage":21.0,"enemies":"2 Thieves","floor":18.0,"turns":5.0},{"damage":28.0,"enemies":"3 Byrds","floor":19.0,"turns":5.0},{"damage":16.0,"enemies":"Snake Plant","floor":20.0,"turns":4.0},{"damage":20.0,"enemies":"Cultist and Chosen","floor":21.0,"turns":8.0},{"damage":17.0,"enemies":"Snecko","floor":22.0,"turns":5.0},{"damage":17.0,"enemies":"3 Cultists","floor":24.0,"turns":7.0},{"damage":15.0,"enemies":"Sentry and Sphere","floor":29.0,"turns":8.0},{"damage":8.0,"enemies":"Gremlin Leader","floor":31.0,"turns":7.0},{"damage":67.0,"enemies":"Collector","floor":33.0,"turns":11.0},{"damage":7.0,"enemies":"Orb Walker","floor":35.0,"turns":4.0},{"damage":25.0,"enemies":"3 Darklings","floor":36.0,"turns":5.0},{"damage":44.0,"enemies":"Transient","floor":38.0,"turns":5.0},{"damage":28.0,"enemies":"Reptomancer","floor":40.0,"turns":4.0},{"damage":13.0,"enemies":"Sphere and 2 Shapes","floor":42.0,"turns":3.0},{"damage":19.0,"enemies":"4 Shapes","floor":44.0,"turns":3.0},{"damage":1.0,"enemies":"Mind Bloom Boss Battle","floor":45.0,"turns":8.0},{"damage":91.0,"enemies":"Transient","floor":47.0,"turns":5.0},{"damage":118.0,"enemies":"Donu and Deca","floor":50.0,"turns":9.0},{"damage":79,"enemies":"Shield and Spear","floor":54,"turns":7},{"damage":86,"enemies":"The Heart","floor":55,"turns":3}],"seed_played":"8416876085397368541","potions_obtained":[{"floor":2.0,"key":"BloodPotion"},{"floor":3.0,"key":"DuplicationPotion"},{"floor":5.0,"key":"ColorlessPotion"},{"floor":14.0,"key":"DuplicationPotion"},{"floor":18.0,"key":"Ancient Potion"},{"floor":19.0,"key":"BlessingOfTheForge"},{"floor":29.0,"key":"Block Potion"},{"floor":33.0,"key":"Weak Potion"},{"floor":35.0,"key":"FairyPotion"},{"floor":40.0,"key":"SteroidPotion"},{"floor":42.0,"key":"FearPotion"}],"is_trial":false,"path_per_floor":["M","M","M","?","M","E","R","?","T","E","?","M","$","E","R","B",null,"M","M","M","M","M","R","M","R","T","R","?","M","R","E","R","B",null,"M","M","$","M","?","E","R","M","T","M","?","R","M","?","R","B",null,"R","$","E","B"],"character_chosen":"IRONCLAD","items_purchased":["Membership Card","Apotheosis","Armaments","Bronze Scales","Toolbox","Panache","BloodPotion","Trip","Vajra","Regen Potion","Orichalcum","Strange Spoon","Master of Strategy","Pummel","Blood for Blood"],"campfire_rested":7,"item_purchase_floors":[13,13,13,37,37,37,53,53,53,53,53,53,53,53,53],"current_hp_per_floor":[80,73,77,70,64,57,80,80,80,56,56,48,48,39,63,45,71,64,50,42,49,38,64,55,81,81,81,81,84,84,86,86,39,82,90,75,75,45,45,31,61,64,64,58,95,130,47,47,86,22,103,103,103,83,0,0],"gold":47,"neow_bonus":"THREE_RARE_CARDS","is_daily":false,"chose_seed":false,"campfire_upgraded":1,"win_rate":0.0,"timestamp":1611714657,"path_taken":["M","M","M","?","M","E","R","?","T","E","?","M","?","E","R","BOSS","M","M","M","M","M","R","M","R","T","R","?","M","R","E","R","BOSS","M","M","$","M","?","E","R","?","T","M","?","R","M","?","R","BOSS","R","$","E","BOSS"],"items_purchased_type":["Relic","Card","Card","Relic","Relic","Card","Potion","Card","Relic","Potion","Relic","Relic","Card","Card","Card"],"build_version":"2020-12-22","purchased_purges":2,"victory":false,"max_hp_per_floor":[80,80,80,80,80,80,80,80,80,80,80,80,80,80,80,80,80,84,88,88,88,88,88,88,88,88,88,88,92,92,92,92,96,96,99,99,99,99,99,103,103,109,109,112,130,130,130,130,130,130,130,130,130,134,134,134],"relic_stats":{"Gremlin Horn":[22,26],"counters":[29,167],"Eternal Feather":0,"Whetstone":["Cleave","Searing Blow"],"Orichalcum":[36],"Cursed Key":2,"Smiling Mask":-12,"Burning Blood":163,"Peace Pipe":2,"Strange Spoon":[6],"Bird Faced Urn":[110],"Bronze Scales":[177],"obtain_stats":[{"Potion Belt":40,"Gremlin Horn":26,"Vajra":53,"Mango":45,"Eternal Feather":54,"Whetstone":43,"Bottled Tornado":6,"Orichalcum":53,"Cursed Key":17,"Smiling Mask":28,"Burning Blood":0,"Old Coin":31,"Peace Pipe":10,"Strange Spoon":53,"Bird Faced Urn":14,"Bronze Scales":37,"Toolbox":37,"Membership Card":13},{"Potion Belt":22,"Gremlin Horn":15,"Vajra":27,"Mango":25,"Eternal Feather":28,"Whetstone":23,"Bottled Tornado":5,"Orichalcum":27,"Cursed Key":9,"Smiling Mask":15,"Burning Blood":0,"Old Coin":17,"Peace Pipe":6,"Strange Spoon":27,"Bird Faced Urn":8,"Bronze Scales":20,"Toolbox":20,"Membership Card":7},{"Potion Belt":129,"Gremlin Horn":85,"Vajra":157,"Mango":143,"Eternal Feather":164,"Whetstone":132,"Bottled Tornado":18,"Orichalcum":157,"Cursed Key":51,"Smiling Mask":85,"Burning Blood":0,"Old Coin":100,"Peace Pipe":26,"Strange Spoon":157,"Bird Faced Urn":36,"Bronze Scales":120,"Toolbox":120,"Membership Card":29}]},"card_choices":[{"not_picked":["Juggernaut","Bludgeon"],"picked":"Limit Break","floor":0.0},{"not_picked":["Body Slam","Searing Blow"],"picked":"Dual Wield","floor":1.0},{"not_picked":["Shrug It Off","Thunderclap"],"picked":"Cleave","floor":2.0},{"not_picked":["Wild Strike","Headbutt"],"picked":"Armaments","floor":3.0},{"not_picked":["Reckless Charge","Rupture"],"picked":"Metallicize","floor":5.0},{"not_picked":["Cleave","Wild Strike"],"picked":"Searing Blow","floor":6.0},{"not_picked":["Sword Boomerang","Sentinel"],"picked":"Metallicize","floor":10.0},{"not_picked":["Clash","Combust"],"picked":"Shockwave","floor":12.0},{"not_picked":["Entrench","Pommel Strike"],"picked":"Shrug It Off","floor":14.0},{"not_picked":["Barricade","Limit Break"],"picked":"Feed","floor":16.0},{"not_picked":["Clothesline","Evolve"],"picked":"Spot Weakness+1","floor":18.0},{"not_picked":["Sentinel+1","Thunderclap"],"picked":"Rage+1","floor":19.0},{"not_picked":["Headbutt","Battle Trance"],"picked":"Spot Weakness","floor":20.0},{"not_picked":["Dark Embrace","Iron Wave"],"picked":"Carnage+1","floor":21.0},{"not_picked":["Bludgeon","Ghostly Armor+1"],"picked":"Metallicize","floor":22.0},{"not_picked":["Shrug It Off","Headbutt"],"picked":"Battle Trance+1","floor":24.0},{"not_picked":["Armaments+1","Clothesline+1"],"picked":"Headbutt+1","floor":29.0},{"not_picked":["Dark Embrace+1","True Grit+1"],"picked":"Anger","floor":31.0},{"not_picked":["Immolate","Bludgeon"],"picked":"Feed","floor":33.0},{"not_picked":["Perfected Strike+1","Body Slam"],"picked":"Seeing Red","floor":35.0},{"not_picked":["Thunderclap+1","Shrug It Off+1"],"picked":"Dropkick","floor":36.0},{"not_picked":["Pommel Strike","Intimidate"],"picked":"Headbutt","floor":38.0},{"not_picked":["Perfected Strike","Fire Breathing+1"],"picked":"Entrench+1","floor":40.0},{"not_picked":["Clash","Wild Strike"],"picked":"Dropkick+1","floor":42.0},{"not_picked":["True Grit","Warcry"],"picked":"Thunderclap","floor":44.0},{"not_picked":["Sword Boomerang","True Grit"],"picked":"Pommel Strike","floor":45.0},{"not_picked":["Exhume","Iron Wave+1"],"picked":"Heavy Blade","floor":47.0},{"not_picked":["Ghostly Armor+1","Power Through"],"picked":"Rage","floor":54}],"player_experience":1278326,"relics_obtained":[{"floor":6.0,"key":"Bottled Tornado"},{"floor":10.0,"key":"Peace Pipe"},{"floor":14.0,"key":"Bird Faced Urn"},{"floor":26.0,"key":"Gremlin Horn"},{"floor":31.0,"key":"Old Coin"},{"floor":40.0,"key":"Potion Belt"},{"floor":43.0,"key":"Whetstone"},{"floor":45.0,"key":"Mango"},{"floor":54,"key":"Eternal Feather"}],"event_choices":[{"cards_removed":["Strike_R"],"damage_healed":0.0,"max_hp_gain":0.0,"max_hp_loss":0.0,"gold_gain":0.0,"event_name":"Golden Wing","player_choice":"Card Removal","floor":4.0,"gold_loss":0.0,"damage_taken":7.0},{"damage_healed":0.0,"max_hp_gain":0.0,"max_hp_loss":0.0,"gold_gain":175.0,"event_name":"Liars Game","player_choice":"AGREE","floor":8.0,"gold_loss":0.0,"damage_taken":0.0,"cards_obtained":["Doubt"]},{"cards_removed":["Doubt"],"damage_healed":0.0,"max_hp_gain":0.0,"max_hp_loss":0.0,"gold_gain":0.0,"event_name":"The Cleric","player_choice":"Card Removal","floor":11.0,"gold_loss":50.0,"damage_taken":0.0},{"damage_healed":0.0,"max_hp_gain":0.0,"max_hp_loss":0.0,"gold_gain":0.0,"event_name":"The Mausoleum","player_choice":"Opened","floor":28.0,"gold_loss":0.0,"damage_taken":0.0,"relics_obtained":["Smiling Mask"],"cards_obtained":["Writhe"]},{"cards_removed":["Strike_R"],"damage_healed":0.0,"max_hp_gain":0.0,"max_hp_loss":0.0,"gold_gain":0.0,"event_name":"Purifier","player_choice":"Purged","floor":39.0,"gold_loss":0.0,"damage_taken":0.0},{"damage_healed":0.0,"max_hp_gain":0.0,"max_hp_loss":0.0,"gold_gain":0.0,"event_name":"MindBloom","player_choice":"Fight","floor":45.0,"gold_loss":0.0,"damage_taken":0.0},{"damage_healed":0.0,"max_hp_gain":0.0,"max_hp_loss":0.0,"gold_gain":0.0,"event_name":"SecretPortal","player_choice":"Ignored","floor":48.0,"gold_loss":0.0,"damage_taken":0.0}],"is_beta":false,"boss_relics":[{"not_picked":["Mark of Pain","SlaversCollar"],"picked":"Cursed Key"},{"not_picked":["Runic Pyramid","Snecko Eye","Busted Crown"]}],"items_purged_floors":[37,53],"is_endless":false,"potions_floor_spawned":[2,3,5,14,18,19,29,33,35,40,42],"killed_by":"The Heart","ascension_level":5}}