{"host":"39i3emxub3h8uyq3","time":1611722479,"event":{"mods":["AchievementEnabler","BaseMod","Clockwork Mod","Colored Map","Downfall","Glutton Mod","Gold Saver","Minty Spire (QoL Compilation)","StSLib","TheHeartMod"],"gold_per_floor":[633,208,208,220,231,258,276,286,311,121,133,133,82,80,80,159,159,178,189,189,32,31,31,44,44,44,88,34,34,27,27,27,17,17],"floor_reached":33,"language":"ENG","playtime":2729,"items_purged":[],"score":344,"play_id":"fdd20c99-114c-4fc5-b25f-a562360fc53d","local_time":"20210126234119","is_ascension_mode":false,"campfire_choices":[{"floor":15,"key":"REST"},{"floor":23,"key":"REST"},{"floor":25,"key":"REST"},{"floor":29,"key":"REST"},{"floor":32,"key":"REST"}],"circlet_count":0,"master_deck":["Glutton:Strike+1","Glutton:Strike+1","Glutton:Strike+1","Glutton:Strike+1","Glutton:Defend+1","Glutton:Defend+1","Glutton:Defend+1","Glutton:Flail","Glutton:Slam","Glutton:Feast","Glutton:Scab","Glutton:Feed","Glutton:Chrysosphagy","Glutton:Voracity","Glutton:GnawingHunger","Glutton:Masochism","Glutton:Hemophilia","Parasite","Glutton:Scab","Glutton:Feed","Glutton:StarvationMode","Glutton:PainMeditation+1","Glutton:ToxicResidue+1","Glutton:ShareWeakness+1","Glutton:ToxicResidue","Glutton:Fever","Glutton:Thrombosis","Glutton:LashOut","Glutton:Clot","Glutton:Regurgitate+1","Glutton:Salivate","Glutton:Throb+1","Glutton:Rapacity","Glutton:Bite+1","Glutton:SelfFlagellate","Glutton:Feed"],"relics":["Glutton:EternalHunger","Glutton:AmuletOfPain","Toolbox","White Beast Statue","Strawberry","Lantern","Astrolabe","Orrery","Eternal Feather","Vajra"],"acts_visited":["Exordium","TheCity"],"potions_floor_usage":[8,19,27,33],"damage_taken":[{"damage":5,"enemies":"2 Louse","floor":1,"turns":2},{"damage":5,"enemies":"Cultist","floor":4,"turns":2},{"damage":15,"enemies":"Jaw Worm","floor":5,"turns":2},{"damage":52,"enemies":"3 Sentries","floor":6,"turns":7},{"damage":23,"enemies":"Blue Slaver","floor":7,"turns":4},{"damage":9,"enemies":"2 Fungi Beasts","floor":8,"turns":3},{"damage":36,"enemies":"Exordium Thugs","floor":11,"turns":4},{"damage":33,"enemies":"Looter","floor":14,"turns":4},{"damage":95,"enemies":"Slime Boss","floor":16,"turns":10},{"damage":39,"enemies":"Chosen","floor":18,"turns":5},{"damage":48,"enemies":"3 Byrds","floor":19,"turns":4},{"damage":94,"enemies":"Centurion and Healer","floor":22,"turns":7},{"damage":40,"enemies":"Snake Plant","floor":24,"turns":4},{"damage":49,"enemies":"Gremlin Leader","floor":27,"turns":4},{"damage":85,"enemies":"Snecko","floor":30,"turns":7},{"damage":183,"enemies":"Collector","floor":33,"turns":9}],"seed_played":"-1609802605682501970","potions_obtained":[{"floor":4,"key":"Ancient Potion"},{"floor":6,"key":"Swift Potion"},{"floor":7,"key":"SkillPotion"},{"floor":8,"key":"Swift Potion"},{"floor":11,"key":"Fruit Juice"},{"floor":22,"key":"Explosive Potion"},{"floor":27,"key":"ColorlessPotion"},{"floor":30,"key":"Explosive Potion"}],"is_trial":false,"path_per_floor":["M","$","?","M","M","E","M","M","T","$","M","?","$","M","R","B",null,"M","M","?","$","M","R","M","R","T","E","$","R","M","?","R","B"],"character_chosen":"GLUTTON","items_purchased":["Glutton:AmuletOfPain","Glutton:Slam","Glutton:Feast","Toolbox","Glutton:Masochism","Lantern","Glutton:Scab","Orrery","Glutton:SelfFlagellate"],"campfire_rested":5,"item_purchase_floors":[2,2,2,2,10,10,13,21,28],"current_hp_per_floor":[127,127,127,122,117,80,67,71,78,78,52,87,87,84,126,95,151,127,94,94,94,32,79,50,96,96,54,54,120,66,66,132,0,0],"gold":17,"neow_bonus":"TEN_PERCENT_HP_BONUS","is_daily":false,"chose_seed":false,"campfire_upgraded":0,"win_rate":0.0,"timestamp":1611722479,"path_taken":["M","$","?","M","M","E","?","M","T","$","M","?","?","M","R","BOSS","M","M","?","$","M","R","M","R","T","E","$","R","M","?","R","BOSS"],"items_purchased_type":["Relic","Card","Card","Relic","Card","Relic","Card","Relic","Card"],"build_version":"2020-12-22","purchased_purges":0,"victory":false,"max_hp_per_floor":[132,132,132,132,132,132,132,135,142,142,142,142,142,142,142,151,151,151,156,156,156,157,157,154,154,154,152,152,152,152,152,152,153,153],"card_choices":[{"not_picked":["Glutton:Slam","Glutton:KneeJerk"],"picked":"Glutton:Scab","floor":1},{"not_picked":["Glutton:BellySlam","Glutton:Autotomy"],"picked":"Glutton:Scab","floor":4},{"not_picked":["Glutton:Yearn","Glutton:Brace"],"picked":"Glutton:Feed","floor":5},{"not_picked":["Glutton:Masochism","Glutton:Yearn"],"picked":"Glutton:Chrysosphagy","floor":6},{"not_picked":["Glutton:BellySlam","Glutton:Demolish"],"picked":"Glutton:Voracity","floor":7},{"not_picked":["Glutton:Tumor","Glutton:LashOut"],"picked":"Glutton:GnawingHunger","floor":8},{"not_picked":["Glutton:KneeJerk","Glutton:Slam"],"picked":"Glutton:Hemophilia","floor":11},{"not_picked":["Glutton:Toxicity","Glutton:ObsessiveGreed"],"picked":"Glutton:Feed","floor":14},{"not_picked":["Glutton:Retaliation","Glutton:Treasure"],"picked":"Glutton:StarvationMode","floor":16},{"not_picked":["Glutton:Strain","Glutton:LashOut"],"picked":"Glutton:ToxicResidue","floor":18},{"not_picked":["Glutton:Toxicity","Glutton:LashOut+1"],"picked":"Glutton:Fever","floor":19},{"not_picked":["Glutton:Autotomy","Glutton:GnawingHunger"],"picked":"Glutton:Thrombosis","floor":21},{"not_picked":["Glutton:Brace","Glutton:Devour+1"],"picked":"Glutton:LashOut","floor":21},{"not_picked":["Glutton:FeverVisions","Glutton:Feast"],"picked":"Glutton:Clot","floor":21},{"not_picked":["Glutton:KneeJerk","Glutton:Masochism"],"picked":"Glutton:Regurgitate+1","floor":21},{"not_picked":["Glutton:KneeJerk+1","Glutton:Autotomy"],"picked":"Glutton:Salivate","floor":21},{"not_picked":["Glutton:GuardStance","Glutton:ToxicResidue"],"picked":"Glutton:Throb+1","floor":22},{"not_picked":["Glutton:Inversion","Glutton:BloodyKnuckle"],"picked":"Glutton:Rapacity","floor":24},{"not_picked":["Glutton:GuardStance","Glutton:LashOut"],"picked":"Glutton:Bite+1","floor":27},{"not_picked":["Glutton:Demolish","Glutton:GnawingHunger"],"picked":"Glutton:Feed","floor":30}],"player_experience":66662,"relics_obtained":[{"floor":6,"key":"White Beast Statue"},{"floor":9,"key":"Strawberry"},{"floor":26,"key":"Eternal Feather"},{"floor":27,"key":"Vajra"}],"event_choices":[{"damage_healed":0,"gold_gain":0,"player_choice":"0 cards matched","damage_taken":0,"max_hp_gain":0,"max_hp_loss":0,"event_name":"Match and Keep!","floor":3,"gold_loss":0,"cards_obtained":[]},{"damage_healed":35,"gold_gain":0,"player_choice":"Healed and dodged fight","damage_taken":0,"max_hp_gain":0,"max_hp_loss":0,"event_name":"Mushrooms","floor":12,"gold_loss":0,"cards_obtained":["Parasite"]},{"damage_healed":0,"gold_gain":0,"player_choice":"Simplicity","damage_taken":0,"max_hp_gain":0,"max_hp_loss":0,"event_name":"Back to Basics","floor":20,"gold_loss":0,"cards_upgraded":["Glutton:Strike","Glutton:Strike","Glutton:Strike","Glutton:Strike","Glutton:Defend","Glutton:Defend","Glutton:Defend"]},{"damage_healed":0,"gold_gain":0,"player_choice":"Ignored","damage_taken":0,"max_hp_gain":0,"max_hp_loss":0,"event_name":"Ghosts","floor":31,"gold_loss":0}],"is_beta":false,"boss_relics":[{"not_picked":["Velvet Choker","Ectoplasm"],"picked":"Astrolabe"}],"items_purged_floors":[],"is_endless":false,"potions_floor_spawned":[4,6,7,8,11,14,16,18,19,22,24,27,30],"killed_by":"Collector","ascension_level":0}}