{"host":"c1oza4x7xlyuasvd","time":1611774397,"event":{"mods":["ATMod(阿瑾Mod)","Arknights The Spire","BaseMod","Better Vampires","Colored Powertips","Marisa（F雨　魔理沙）","Minty Spire (QoL Compilation)","MostiFishMod","StSLib","TestMod","Waifu the Spire","【遗物卡牌】REMEMod"],"gold_per_floor":[112,112,37,53,69,69,95,108,108,108,108,142,159,223,223,318,318,329,341,341,341,291,319,319,319,345,362,150,176,231,257,257,374,374,385,385,185,209,262,293,293,349,374,374,384,404,431,451,451,457],"floor_reached":51,"language":"ZHS","playtime":1393,"items_purged":["ats:Strike G","ats:Defend","ats:Dogmatic Field","ats:Defend"],"score":1173,"play_id":"24b5c477-7d8d-49d4-8e84-a41f031943fa","local_time":"20210128030636","is_ascension_mode":true,"campfire_choices":[{"data":"ats:Emotion Absorption","floor":6.0,"key":"SMITH"},{"data":"Burning Pact","floor":11.0,"key":"SMITH"},{"data":"ats:Overload","floor":15.0,"key":"SMITH"},{"data":"AT_EmpoweredMortalDraw","floor":24,"key":"SMITH"},{"data":"ats:Disruption Kick","floor":32,"key":"SMITH"},{"data":"ats:Assault Order","floor":41,"key":"SMITH"},{"data":"ats:Demon Strength","floor":49,"key":"SMITH"}],"circlet_count":0,"master_deck":["ats:Armor Crushing Shot","ats:Defend","ats:Defend","ats:Emotion Absorption+1","Burning Pact+1","ats:Thermite Blade","ats:Overload+1","ats:Calcification","ats:Chain Hook","ats:Red Shift","AT_EmpoweredMortalDraw+1","ats:Demon Strength+1","Bite","Bite","ats:Disruption Kick+1","MostiFishMod:PerfectForm+1","ats:Calcification","ats:Assault Order+1","ats:Chain Hook+1","ats:Phantom+1"],"relics":["ats:Sanity","testmod-TestBox","AT_ATBox","DaveBox","REME_ComplimentaryCards","testmod-IndustrialRevolution","Transparent","NeowsBlessing","SynthV:TestCard","ats:Originium","InkBottle","Regal Pillow","testmod-Fortitude","Smiling Mask","AT_MortalBlade","Frozen Egg 2","AT_Kusabimaru","Oddly Smooth Stone","REME_ArchaeologicalTools","OneHitWonderSystem","AT_SpeedBoots","StoneCalendar","AT_SilvercatRing","Ginger","testmod-TurbochargingSystem","Sundial"],"acts_visited":["Exordium","TheCity","TheBeyond"],"potions_floor_usage":[16,16,46],"damage_taken":[{"damage":14.0,"enemies":"Jaw Worm","floor":1.0,"turns":1.0},{"damage":14.0,"enemies":"Cultist","floor":4.0,"turns":1.0},{"damage":14.0,"enemies":"2 Louse","floor":5.0,"turns":1.0},{"damage":70.0,"enemies":"3 Sentries","floor":7.0,"turns":5.0},{"damage":28.0,"enemies":"Large Slime","floor":8.0,"turns":2.0},{"damage":28.0,"enemies":"Gremlin Nob","floor":12.0,"turns":2.0},{"damage":28.0,"enemies":"Exordium Wildlife","floor":13.0,"turns":2.0},{"damage":28.0,"enemies":"Gremlin Nob","floor":14.0,"turns":2.0},{"damage":59,"enemies":"The Guardian","floor":16,"turns":3},{"damage":14,"enemies":"Spheric Guardian","floor":18,"turns":1},{"damage":38,"enemies":"Shell Parasite","floor":19,"turns":2},{"damage":47,"enemies":"Gremlin Leader","floor":23,"turns":3},{"damage":15,"enemies":"Slavers","floor":25,"turns":1},{"damage":15,"enemies":"Centurion and Healer","floor":27,"turns":1},{"damage":16,"enemies":"Gremlin Leader","floor":29,"turns":2},{"damage":15,"enemies":"Snecko","floor":30,"turns":1},{"damage":15,"enemies":"Sentry and Sphere","floor":31,"turns":1},{"damage":30,"enemies":"Collector","floor":33,"turns":2},{"damage":0,"enemies":"3 Darklings","floor":35,"turns":2},{"damage":0,"enemies":"Orb Walker","floor":38,"turns":2},{"damage":0,"enemies":"Mind Bloom Boss Battle","floor":39,"turns":2},{"damage":0,"enemies":"Giant Head","floor":40,"turns":5},{"damage":0,"enemies":"2 Orb Walkers","floor":42,"turns":2},{"damage":0,"enemies":"Jaw Worm Horde","floor":45,"turns":1},{"damage":0,"enemies":"Sphere and 2 Shapes","floor":46,"turns":1},{"damage":0,"enemies":"Nemesis","floor":47,"turns":2},{"damage":0,"enemies":"Maw","floor":48,"turns":2},{"damage":0,"enemies":"Donu and Deca","floor":50,"turns":3}],"seed_played":"4545639109373756454","potions_obtained":[{"floor":8.0,"key":"Explosive Potion"},{"floor":12.0,"key":"SteroidPotion"},{"floor":14.0,"key":"Weak Potion"},{"floor":18,"key":"Strength Potion"},{"floor":19,"key":"Energy Potion"},{"floor":46,"key":"REME_GoldPotion"},{"floor":47,"key":"Fire Potion"}],"is_trial":false,"path_per_floor":["M","?","$","M","M","R","E","M","T","T","R","E","M","?","R","B",null,"M","M","?","?","$","E","R","E","T","M","$","E","M","M","R","B",null,"M","?","$","M","?","E","R","?","T","?","M","M","E","M","R","B",null],"character_chosen":"DOCTOR_CLASS","items_purchased":["MostiFishMod:PerfectForm+1","AT_SpeedBoots"],"campfire_rested":0,"item_purchase_floors":[28,37],"current_hp_per_floor":[72,72,72,72,72,72,45,63,63,63,63,72,72,72,72,58,72,72,72,72,59,59,63,63,77,77,77,77,77,77,77,77,77,1,1,1,1,1,1,1,1,1,1,1,1,1,1,1,1,1],"gold":457,"neow_bonus":"THREE_ENEMY_KILL","is_daily":false,"chose_seed":false,"campfire_upgraded":7,"win_rate":0.0,"timestamp":1611774396,"path_taken":["M","?","?","M","M","R","E","?","T","?","R","E","M","?","R","BOSS","M","M","?","?","$","E","R","E","T","M","$","E","M","M","R","BOSS","M","?","$","M","?","E","R","?","T","?","?","?","E","M","R","BOSS"],"items_purchased_type":["Card","Relic"],"build_version":"2020-12-22","purchased_purges":4,"victory":true,"max_hp_per_floor":[72,72,72,72,72,72,72,72,72,72,72,72,72,72,72,72,72,72,72,72,77,77,77,77,77,77,77,77,77,77,77,77,77,1,1,1,1,1,1,1,1,1,1,1,1,1,1,1,1,1],"card_choices":[{"not_picked":["ats:Closed Bolt Burst Fire","ats:Poison Spread","ats:Encircling Forest"],"picked":"SKIP","floor":1.0},{"not_picked":["ats:Curse Doll","ats:Absolute Focus","ats:Guard Mode","ats:Blood Oath"],"picked":"ats:Overload","floor":4.0},{"not_picked":["ats:Consecutive Shot Auto","ats:Absolute Focus","ats:Automatic Cover","ats:Healing Strengthening","ats:Flexible Camouflage"],"picked":"SKIP","floor":5.0},{"not_picked":["ats:Assault Order","ats:Healing Strengthening","ats:Encircling Forest","ats:Poison Spread"],"picked":"ats:Calcification","floor":7.0},{"not_picked":["ats:Hook Shot","ats:Flame Of Heaven","ats:Steam Pump","ats:Explosion Area Strengthen"],"picked":"ats:Chain Hook","floor":8.0},{"not_picked":["ats:Ignite","ats:Overload","ats:Burning Ground","ats:Thermite Blade","ats:Sunburst"],"picked":"SKIP","floor":12.0},{"not_picked":["ats:Closed Bolt Burst Fire","ats:Curse Doll","ats:Shadow Raid","ats:Consecutive Shot Auto"],"picked":"ats:Red Shift","floor":13.0},{"not_picked":["ats:Roar Of Ursus","ats:Rat Pack","ats:Volcano","ats:Wolf Pack"],"picked":"ats:Dogmatic Field","floor":16},{"not_picked":["ats:Flame Of Heaven","ats:Directed Diagnosis","ats:Hammer On+1","ats:Thermite Blade"],"picked":"ats:Demon Strength","floor":18},{"not_picked":["ats:Part Time Job","ats:Shell Defense","ats:Chain Hook","ats:Sword Rain","ats:Beaten Up"],"picked":"SKIP","floor":19},{"not_picked":["ats:Healing Strengthening+1","ats:Apocalypse","ats:Curse Doll","ats:Blood Oath","ats:Overload"],"picked":"SKIP","floor":23},{"not_picked":["ats:Rat Pack","ats:Serious Mode+1","ats:Spore Proliferation","ats:Flexible Camouflage","ats:Directed Diagnosis"],"picked":"SKIP","floor":25},{"not_picked":["ats:Leaping Hammer","ats:Very Hot Blade","ats:Cat Scratch","ats:Magnetic Hammer"],"picked":"ats:Disruption Kick","floor":27},{"not_picked":["ats:Curse Doll","ats:Collapsing Strike+1","ats:Powerful Strike+1","ats:Hammer On+1","ats:Burning Ground+1"],"picked":"SKIP","floor":29},{"not_picked":["ats:Collapsing Strike","ats:Blood Oath","ats:Flame Of Heaven","ats:Hammer On","ats:Composite Medical Shells+1"],"picked":"SKIP","floor":30},{"not_picked":["ats:Directed Diagnosis","ats:LN2 Cannon","ats:Revitalization","ats:Shell Defense+1"],"picked":"ats:Calcification","floor":31},{"not_picked":["ats:Automatic Cover+1","ats:Leaping Hammer+1","ats:Chain Hook+1","ats:Serious Mode+1"],"picked":"ats:Assault Order","floor":35},{"not_picked":["ats:Literary Storm","ats:Demon Strength+1","ats:Cat Scratch","ats:Very Hot Blade+1"],"picked":"ats:Chain Hook+1","floor":38},{"not_picked":["ats:Absolute Focus","ats:LN2 Cannon","ats:Magnetic Hammer+1","ats:Thermite Blade+1"],"picked":"ats:Phantom+1","floor":40},{"not_picked":["ats:Flexible Camouflage","ats:Dogmatic Field+1","ats:Poison Spread+1","ats:Red Shift+1","ats:Closed Bolt Burst Fire"],"picked":"SKIP","floor":45},{"not_picked":["ats:Part Time Job+1","ats:Leaping Hammer","ats:Ignite+1","ats:Hammer On+1","ats:Apocalypse+1"],"picked":"SKIP","floor":46},{"not_picked":["ats:Directed Diagnosis","ats:Flexible Camouflage+1","ats:Revitalization+1","ats:Song Of Battle+1","ats:Blood Oath"],"picked":"SKIP","floor":47},{"not_picked":["ats:Guard Mode+1","ats:Fractured Body","ats:Collapsing Strike+1","ats:Powerful Strike+1","ats:Assault Order"],"picked":"SKIP","floor":48}],"player_experience":209716,"relics_obtained":[{"floor":1.0,"key":"SynthV:TestCard"},{"floor":7.0,"key":"ats:Originium"},{"floor":7.0,"key":"Blood Vial"},{"floor":9.0,"key":"InkBottle"},{"floor":10.0,"key":"Regal Pillow"},{"floor":12.0,"key":"ats:Originium"},{"floor":12.0,"key":"testmod-Fortitude"},{"floor":23,"key":"ats:Originium"},{"floor":23,"key":"Frozen Egg 2"},{"floor":25,"key":"ats:Originium"},{"floor":25,"key":"AT_Kusabimaru"},{"floor":26,"key":"Oddly Smooth Stone"},{"floor":29,"key":"REME_ArchaeologicalTools"},{"floor":39,"key":"StoneCalendar"},{"floor":40,"key":"AT_SilvercatRing"},{"floor":42,"key":"Ginger"},{"floor":43,"key":"testmod-TurbochargingSystem"},{"floor":47,"key":"Sundial"}],"event_choices":[{"damage_healed":0.0,"max_hp_gain":0.0,"max_hp_loss":0.0,"gold_gain":0.0,"cards_transformed":["ats:Strike C"],"event_name":"Transmorgrifier","player_choice":"Transformed","floor":2.0,"gold_loss":0.0,"damage_taken":0.0,"cards_obtained":["ats:Thermite Blade"]},{"damage_healed":0.0,"max_hp_gain":0.0,"max_hp_loss":0.0,"gold_gain":0.0,"event_name":"Dead Adventurer","player_choice":"Searched \u00272\u0027 times","floor":14.0,"gold_loss":0.0,"damage_taken":0.0,"relics_obtained":["Smiling Mask"]},{"damage_healed":0,"gold_gain":0,"player_choice":"Became a vampire (Vial)","damage_taken":0,"max_hp_gain":0,"max_hp_loss":0,"event_name":"Vampires","floor":20,"relics_lost":["Blood Vial"],"gold_loss":0,"cards_obtained":["Bite","Bite"]},{"damage_healed":0,"gold_gain":0,"player_choice":"Shed Blood","damage_taken":18,"max_hp_gain":5,"max_hp_loss":0,"event_name":"Forgotten Altar","floor":21,"gold_loss":0},{"damage_healed":0,"gold_gain":0,"player_choice":"Memory 1","damage_taken":0,"max_hp_gain":0,"max_hp_loss":0,"event_name":"SensoryStone","floor":36,"gold_loss":0},{"damage_healed":0,"gold_gain":0,"player_choice":"Fight","damage_taken":0,"max_hp_gain":0,"max_hp_loss":0,"event_name":"MindBloom","floor":39,"gold_loss":0},{"damage_healed":0,"gold_gain":0,"player_choice":"Fight","damage_taken":0,"max_hp_gain":0,"max_hp_loss":0,"event_name":"Mysterious Sphere","floor":42,"gold_loss":0},{"damage_healed":0,"gold_gain":0,"player_choice":"Ignored","damage_taken":0,"max_hp_gain":0,"max_hp_loss":0,"event_name":"给自己的盒子","floor":44,"gold_loss":0}],"is_beta":false,"boss_relics":[{"not_picked":["NightmareShop","testmod-Nine"],"picked":"AT_MortalBlade"},{"not_picked":["PatriotShield","ats:Tactical Delivery"],"picked":"OneHitWonderSystem"}],"items_purged_floors":[3,22,28,37],"is_endless":false,"potions_floor_spawned":[8,12,14,18,19,29,35,40,45,46,47],"ascension_level":2}}