{"host":"c3lc60y5x60jlt1y","time":1611736142,"event":{"mods":["AchievementEnabler","BaseMod","Bestiary","Colored Map","Minty Spire (QoL Compilation)","Quick Restart","StSLib","ojb\u0027s Info Mod"],"gold_per_floor":[118,118,32,50,6,39,39,69,121,121,138,151,151,162,162,162,162],"floor_reached":16,"language":"ENG","playtime":697,"items_purged":[],"score":270,"play_id":"7e64dbc5-3ce2-4e36-8868-05aee1736a05","local_time":"20210127102902","is_ascension_mode":true,"campfire_choices":[{"data":"Rupture","floor":10,"key":"SMITH"},{"data":"Heavy Blade","floor":13,"key":"SMITH"},{"data":"Bash","floor":15,"key":"SMITH"}],"circlet_count":0,"master_deck":["AscendersBane","Strike_R","Strike_R","Strike_R","Strike_R","Strike_R","Defend_R","Defend_R","Defend_R","Defend_R","Bash+1","Clothesline","Flex","Heavy Blade+1","Pummel","Rupture+1","Combust","Headbutt","Shrug It Off","Inflame"],"relics":["Burning Blood","NeowsBlessing","GremlinMask","Omamori","Orichalcum","Ancient Tea Set"],"acts_visited":["Exordium"],"potions_floor_usage":[8,12,14],"damage_taken":[{"damage":0,"enemies":"2 Louse","floor":1,"turns":1},{"damage":0,"enemies":"Cultist","floor":4,"turns":1},{"damage":0,"enemies":"Lagavulin","floor":6,"turns":2},{"damage":32,"enemies":"3 Sentries","floor":8,"turns":6},{"damage":11,"enemies":"Small Slimes","floor":11,"turns":4},{"damage":1,"enemies":"Gremlin Gang","floor":12,"turns":6},{"damage":8,"enemies":"Lots of Slimes","floor":14,"turns":4},{"damage":39,"enemies":"Slime Boss","floor":16,"turns":6}],"seed_played":"2508924364772824478","potions_obtained":[{"floor":4,"key":"Dexterity Potion"},{"floor":6,"key":"ColorlessPotion"},{"floor":8,"key":"BlessingOfTheForge"},{"floor":11,"key":"Fire Potion"}],"is_trial":false,"path_per_floor":["M","?","$","M","$","E","?","E","T","R","M","M","R","M","R","B"],"character_chosen":"IRONCLAD","items_purchased":["Flex","Heavy Blade","Rupture"],"campfire_rested":0,"item_purchase_floors":[3,3,5],"current_hp_per_floor":[74,74,74,75,75,75,64,38,38,38,33,38,38,36,36,0,0],"gold":162,"neow_bonus":"THREE_ENEMY_KILL","is_daily":false,"chose_seed":false,"campfire_upgraded":3,"win_rate":0.0,"timestamp":1611736142,"path_taken":["M","?","$","M","?","E","?","E","T","R","?","M","R","?","R","BOSS"],"items_purchased_type":["Card","Card","Card"],"build_version":"2020-12-22","purchased_purges":0,"victory":false,"max_hp_per_floor":[75,75,75,75,75,75,75,75,75,75,75,75,75,75,75,75,75],"card_choices":[{"not_picked":["Perfected Strike","Havoc"],"picked":"Clothesline","floor":1},{"not_picked":["Infernal Blade","Twin Strike"],"picked":"Pummel","floor":4},{"not_picked":["Shrug It Off","Clothesline"],"picked":"Combust","floor":6},{"not_picked":["Rage","Corruption"],"picked":"Headbutt","floor":8},{"not_picked":["Rampage","True Grit"],"picked":"Shrug It Off","floor":11},{"not_picked":["Evolve","Intimidate"],"picked":"Inflame","floor":12},{"not_picked":["Clothesline","Dark Embrace","Clash"],"picked":"SKIP","floor":14}],"player_experience":8648970,"relics_obtained":[{"floor":6,"key":"Omamori"},{"floor":8,"key":"Orichalcum"},{"floor":9,"key":"Ancient Tea Set"}],"event_choices":[{"damage_healed":0,"gold_gain":0,"player_choice":"Trade","damage_taken":0,"relics_obtained":["GremlinMask"],"max_hp_gain":0,"max_hp_loss":0,"event_name":"FaceTrader","floor":2,"gold_loss":0},{"damage_healed":0,"gold_gain":0,"player_choice":"Damaged","damage_taken":11,"max_hp_gain":0,"max_hp_loss":0,"event_name":"Wheel of Change","floor":7,"gold_loss":0}],"is_beta":false,"boss_relics":[],"items_purged_floors":[],"is_endless":false,"potions_floor_spawned":[4,6,8,11],"killed_by":"Slime Boss","ascension_level":20}}