{"host":"ktoxvvst1mwxww91","time":1611739947,"event":{"mods":["BaseMod","Downfall","Minty Spire (QoL Compilation)","StSLib"],"gold_per_floor":[99,117,135,45,57,42,68,68,68,87,121,134,168,182,194,298,298,298,298],"floor_reached":17,"language":"ENG","playtime":929,"items_purged":["Slimebound:Strike_Slimebound"],"score":177,"play_id":"c77d2aa6-3db7-4b40-a1f0-cb946c6f9288","local_time":"20210127103227","is_ascension_mode":true,"campfire_choices":[{"data":"Slimebound:Split","floor":1,"key":"SMITH"},{"data":"Slimebound:GrowthPunch","floor":8,"key":"SMITH"}],"circlet_count":0,"master_deck":["Slimebound:Strike_Slimebound","Slimebound:Strike_Slimebound","Slimebound:Tackle","Slimebound:Defend_Slimebound","Slimebound:Defend_Slimebound","Slimebound:Defend_Slimebound","Slimebound:Defend_Slimebound","Slimebound:Split+1","Slimebound:CorrosiveSpit","CurseOfTheBell","Slimebound:SlimeTap","Slimebound:Schlurp","Slimebound:RallyTheTroops","Slimebound:BestDefense","Slimebound:GrowthPunch+1","Slimebound:FlameTackle","Slimebound:SplitLeeching","Slimebound:Replication","Slimebound:Grow","Slimebound:LevelUp","Slimebound:SlimeSpikes","Slimebound:FirmFortitude"],"relics":["Calling Bell","Blood Vial","Slimebound:MaxSlimesRelic","Unceasing Top","Centennial Puzzle","The Courier","Strawberry","Runic Pyramid"],"acts_visited":["Exordium","TheCity"],"potions_floor_usage":[11,13,16,16,16],"damage_taken":[{"damage":0,"enemies":"Small Slimes","floor":2,"turns":3},{"damage":0,"enemies":"Cultist","floor":3,"turns":3},{"damage":0,"enemies":"downfall:FleeingMerchant","floor":4,"turns":4},{"damage":2,"enemies":"Jaw Worm","floor":5,"turns":4},{"damage":0,"enemies":"downfall:FleeingMerchant","floor":6,"turns":4},{"damage":2,"enemies":"Blue Slaver","floor":10,"turns":2},{"damage":13,"enemies":"3 Sentries","floor":11,"turns":7},{"damage":1,"enemies":"Large Slime","floor":12,"turns":5},{"damage":25,"enemies":"Gremlin Nob","floor":13,"turns":4},{"damage":0,"enemies":"3 Louse","floor":14,"turns":3},{"damage":13,"enemies":"Red Slaver","floor":15,"turns":5},{"damage":13,"enemies":"DF_ARCHETYPE_STREAMLINE","floor":16,"turns":9}],"seed_played":"7185047754822042507","potions_obtained":[{"floor":5,"key":"Block Potion"},{"floor":9,"key":"PowerPotion"},{"floor":9,"key":"Energy Potion"},{"floor":11,"key":"SneckoOil"},{"floor":12,"key":"CultistPotion"},{"floor":14,"key":"LiquidMemories"}],"is_trial":false,"path_per_floor":["R","M","M","$","M","$","T","R","?","M","E","M","E","M","M","B",null],"character_chosen":"SLIMEBOUND","items_purchased":[],"campfire_rested":0,"item_purchase_floors":[],"current_hp_per_floor":[65,65,65,65,63,65,65,65,65,63,52,53,37,39,28,17,72,72,72],"gold":298,"neow_bonus":"BOSS_RELIC","is_daily":false,"chose_seed":false,"campfire_upgraded":2,"win_rate":0.0,"timestamp":1611739947,"path_taken":["R","M","M","$","M","$","T","R","?","M","E","M","E","M","M","BOSS"],"items_purchased_type":[],"build_version":"2020-12-22","purchased_purges":1,"victory":false,"max_hp_per_floor":[65,65,65,65,65,65,65,65,65,65,65,65,72,72,72,72,72,72,72],"card_choices":[{"not_picked":["Slimebound:RainOfGoop","Slimebound:RollThrough"],"picked":"Slimebound:SlimeTap","floor":2},{"not_picked":["Slimebound:HauntingLick","Slimebound:HungryTackle"],"picked":"Slimebound:Schlurp","floor":3},{"not_picked":["Slimebound:MegaLick","Slimebound:LeechEnergy"],"picked":"Slimebound:RallyTheTroops","floor":4},{"not_picked":["Slimebound:ProtectTheBoss","Slimebound:ItLooksTasty"],"picked":"Slimebound:BestDefense","floor":5},{"not_picked":["Slimebound:MegaLick","Slimebound:SlimeSpikes"],"picked":"Slimebound:GrowthPunch","floor":6},{"not_picked":["Slimebound:PressTheAttack","Slimebound:Prepare"],"picked":"Slimebound:FlameTackle","floor":10},{"not_picked":["Slimebound:Gluttony","Slimebound:HauntingLick"],"picked":"Slimebound:SplitLeeching","floor":11},{"not_picked":["Slimebound:GoopSpray","Slimebound:TagTeam"],"picked":"Slimebound:Replication","floor":12},{"not_picked":["Slimebound:DisruptingSlam","Slimebound:GrowthPunch"],"picked":"Slimebound:Grow","floor":13},{"not_picked":["Slimebound:SamplingLick","Slimebound:Schlurp"],"picked":"Slimebound:LevelUp","floor":14},{"not_picked":["Slimebound:LivingWall","Slimebound:ItLooksTasty"],"picked":"Slimebound:SlimeSpikes","floor":15},{"not_picked":["Slimebound:Teamwork","Slimebound:MassRepurpose"],"picked":"Slimebound:FirmFortitude","floor":16}],"player_experience":857060,"relics_obtained":[{"floor":0,"key":"Blood Vial"},{"floor":0,"key":"Slimebound:MaxSlimesRelic"},{"floor":0,"key":"Unceasing Top"},{"floor":7,"key":"Centennial Puzzle"},{"floor":11,"key":"The Courier"},{"floor":13,"key":"Strawberry"}],"event_choices":[{"damage_healed":0,"gold_gain":0,"player_choice":"Got Potions","damage_taken":0,"max_hp_gain":0,"max_hp_loss":0,"event_name":"Lab","floor":9,"gold_loss":0}],"is_beta":false,"boss_relics":[{"not_picked":["Cursed Key","Empty Cage"],"picked":"Runic Pyramid"}],"items_purged_floors":[4],"is_endless":false,"potions_floor_spawned":[5,11,12,14,15],"ascension_level":1}}