{"host":"3wgbc8rrx8r5g476","time":1611710909,"event":{"mods":["2.2 Compatiblity","Act Like it!","BaseMod","Better Note","Colored Powertips","Dota2Spire","Downfall","Friendly Minions","Hubris","Infinite Spire","Minty Spire (QoL Compilation)","Shade Mod","Shop Mod","StSLib","The Death Knight","The Druid","The Marked","TheFirefly","Trackpad","Uncapped","Wandering Minibosses"],"gold_per_floor":[114,114,114,114,132,132,52,78,152,183,183,212,212,244,244,340,340,359,359,373,182,182,182,202,202,250,26,26,38,38,38,38],"floor_reached":31,"language":"ENG","playtime":1476,"items_purged":[],"score":282,"play_id":"fb7de118-53e8-47e3-a830-9831082ed556","local_time":"20210127022829","is_ascension_mode":false,"campfire_choices":[{"floor":6,"key":"RECALL"},{"data":"theMarked:MuscleMemory","floor":13,"key":"SMITH"},{"floor":15,"key":"REST"},{"floor":23,"key":"REST"},{"data":"theMarked:ParalyzingBlade","floor":23,"key":"SMITH"},{"data":"theMarked:OneWithTheBlade","floor":25,"key":"SMITH"},{"data":"theMarked:BanishingWave","floor":28,"key":"SMITH"}],"circlet_count":0,"master_deck":["theMarked:Strike","theMarked:Strike","theMarked:Strike","theMarked:Strike","theMarked:Strike","theMarked:Defend+1","theMarked:Defend","theMarked:Defend+1","theMarked:Defend","theMarked:SoldierOfQuellstein+1","theMarked:ChainLightning","theMarked:OneWithTheBlade+1","theMarked:Heritage","theMarked:MuscleMemory+1","theMarked:ParalyzingBlade+1","theMarked:Toughness","CurseOfTheBell","theMarked:EmpowerWeapon+1","theMarked:MagusForm","theMarked:SoldierOfQuellstein+1","theMarked:BanishingWave+1"],"relics":["theMarked:ArtifactOfAir","NeowsBlessing","trackpad:HandOfMidas","Dota2Spire:MonkeyKingBar","Turnip","hubris:TenFootPole","Dota2Spire:ShadowBlade","Calling Bell","Dota2Spire:UrnOfShadows","Sundial","infinitespire:Magic Flask","trackpad:ZombieHeart","Dota2Spire:MaskOfMadness","Dota2Spire:AghanimScepter"],"acts_visited":["Exordium","TheCity"],"potions_floor_usage":[16],"damage_taken":[{"damage":0,"enemies":"Cultist","floor":1,"turns":1},{"damage":0,"enemies":"Small Slimes","floor":5,"turns":1},{"damage":0,"enemies":"Lagavulin","floor":8,"turns":1},{"damage":13,"enemies":"Gremlin Nob","floor":10,"turns":3},{"damage":12,"enemies":"Lagavulin","floor":12,"turns":7},{"damage":22,"enemies":"3 Sentries","floor":14,"turns":5},{"damage":21,"enemies":"The Guardian","floor":16,"turns":12},{"damage":27,"enemies":"2 Thieves","floor":18,"turns":4},{"damage":31,"enemies":"3 Byrds","floor":20,"turns":7},{"damage":27,"enemies":"Sentry and Sphere","floor":24,"turns":5},{"damage":23,"enemies":"Centurion and Healer","floor":29,"turns":5},{"damage":29,"enemies":"3 Cultists","floor":31,"turns":3}],"seed_played":"-5796337852141404326","potions_obtained":[{"floor":5,"key":"FairyPotion"},{"floor":10,"key":"hexamod:SoulburnPotion"},{"floor":20,"key":"Weak Potion"}],"is_trial":false,"path_per_floor":["M","?","?","$","M","R","$","E","T","E","$","E","R","E","R","B",null,"M","$","M","$","?","R","M","R","T","$","R","M","?","M"],"character_chosen":"THE_DEFAULT","items_purchased":["theMarked:OneWithTheBlade","trackpad:ZombieHeart","theMarked:MagusForm","Block Potion","Dota2Spire:MaskOfMadness","theMarked:BanishingWave"],"campfire_rested":2,"item_purchase_floors":[7,19,21,21,27,27],"current_hp_per_floor":[70,70,56,56,56,56,56,56,56,43,43,31,31,9,30,9,70,43,24,24,24,24,45,26,26,26,26,26,18,18,0,0],"gold":38,"neow_bonus":"THREE_ENEMY_KILL","is_daily":false,"chose_seed":false,"campfire_upgraded":4,"win_rate":0.0,"timestamp":1611710909,"path_taken":["M","?","?","$","M","R","?","E","T","E","?","E","R","E","R","BOSS","M","?","?","$","?","R","M","R","T","$","R","M","?","M"],"items_purchased_type":["Card","Relic","Card","Potion","Relic","Card"],"build_version":"2020-12-22","purchased_purges":0,"victory":false,"max_hp_per_floor":[70,70,70,70,70,70,70,70,70,70,70,70,70,70,70,70,70,70,70,73,73,73,73,75,75,75,75,75,77,77,78,78],"card_choices":[{"not_picked":["theMarked:ResourceFulStrike","theMarked:Improvise"],"picked":"theMarked:ChainLightning","floor":1},{"not_picked":["theMarked:WardOff","theMarked:Seal","theMarked:ElectricStrings"],"picked":"SKIP","floor":5},{"not_picked":["theMarked:Overcharge","theMarked:Improvise","theMarked:Polarize"],"picked":"SKIP","floor":8},{"not_picked":["theMarked:Standoff","theMarked:ChainLightning"],"picked":"theMarked:Heritage","floor":10},{"not_picked":["theMarked:ParalyzingBlade","theMarked:Parkour"],"picked":"theMarked:MuscleMemory","floor":12},{"not_picked":["theMarked:Pokerface","theMarked:Parkour"],"picked":"theMarked:ParalyzingBlade","floor":14},{"not_picked":["theMarked:Abjuration","theMarked:Challenge"],"picked":"theMarked:Toughness","floor":16},{"not_picked":["theMarked:Parkour","theMarked:TakeCover","theMarked:RepellingDischarge+1"],"picked":"SKIP","floor":18},{"not_picked":["theMarked:SwordAndMagic","theMarked:HeightenedSenses+1"],"picked":"theMarked:EmpowerWeapon+1","floor":20},{"not_picked":["theMarked:TakeCover","theMarked:Aftermath","theMarked:Polarize"],"picked":"SKIP","floor":24},{"not_picked":["theMarked:GodGivenPower","theMarked:Reabsorb","theMarked:EmpowerWeapon"],"picked":"SKIP","floor":29}],"player_experience":508517,"relics_obtained":[{"floor":8,"key":"trackpad:HandOfMidas"},{"floor":9,"key":"Dota2Spire:MonkeyKingBar"},{"floor":10,"key":"Turnip"},{"floor":12,"key":"hubris:TenFootPole"},{"floor":14,"key":"Dota2Spire:ShadowBlade"},{"floor":17,"key":"Dota2Spire:UrnOfShadows"},{"floor":17,"key":"Sundial"},{"floor":17,"key":"infinitespire:Magic Flask"},{"floor":30,"key":"Dota2Spire:AghanimScepter"}],"event_choices":[{"damage_healed":0,"gold_gain":0,"player_choice":"Grow","damage_taken":0,"max_hp_gain":0,"max_hp_loss":0,"event_name":"Living Wall","floor":2,"gold_loss":0,"cards_upgraded":["theMarked:SoldierOfQuellstein"]},{"damage_healed":0,"gold_gain":0,"player_choice":"Entered Light","damage_taken":14,"max_hp_gain":0,"max_hp_loss":0,"event_name":"Shining Light","floor":3,"gold_loss":0,"cards_upgraded":["theMarked:Defend","theMarked:Defend"]},{"damage_healed":0,"gold_gain":0,"player_choice":"Copied","damage_taken":0,"max_hp_gain":0,"max_hp_loss":0,"event_name":"Duplicator","floor":22,"gold_loss":0,"cards_obtained":["theMarked:SoldierOfQuellstein"]},{"damage_healed":0,"gold_gain":0,"player_choice":"Relic","damage_taken":0,"max_hp_gain":0,"max_hp_loss":0,"event_name":"Wheel of Change","floor":30,"gold_loss":0}],"is_beta":false,"boss_relics":[{"not_picked":["Philosopher\u0027s Stone","Velvet Choker"],"picked":"Calling Bell"}],"items_purged_floors":[],"is_endless":false,"potions_floor_spawned":[5,10,20],"killed_by":"3 Cultists","ascension_level":0}}