{"host":"ooa7gbxz3ilj1hm6","time":1611722724,"event":{"mods":["BaseMod","Colored Map","Downfall","Highlight Path","Minty Spire (QoL Compilation)","StSLib"],"gold_per_floor":[99,117,137,137,137,137,137,162,1,1,18,18,18,3,13,112,112,112,123,141,141,115,15,15,220,220,279,279,338,338,149,205,346,346,346,437,489,549,630,630,630,630,686,686,586,230,230,302,202,242,242,242,242,242],"floor_reached":52,"language":"ENG","playtime":3104,"items_purged":["downfall:Malfunctioning","downfall:Aged"],"score":676,"play_id":"050383de-0016-4d21-801d-9a7aed6c4545","local_time":"20210126214524","is_ascension_mode":false,"campfire_choices":[{"data":"Slimebound:LeechLife","floor":1,"key":"SMITH"},{"data":"Slimebound:BestDefense","floor":6,"key":"SMITH"},{"data":"Slimebound:Chomp","floor":10,"key":"SMITH"},{"floor":18,"key":"RECALL"},{"data":"Slimebound:RollThrough","floor":23,"key":"SMITH"},{"data":"Slimebound:DouseInSlime","floor":26,"key":"SMITH"},{"floor":30,"key":"REST"},{"data":"Slimebound:Grow","floor":35,"key":"SMITH"},{"data":"Slimebound:GoopSpray","floor":40,"key":"SMITH"},{"data":"expansioncontent:PolyBeam","floor":45,"key":"SMITH"},{"data":"Apotheosis","floor":47,"key":"SMITH"},{"data":"Slimebound:LivingWall","floor":49,"key":"SMITH"}],"circlet_count":0,"master_deck":["Slimebound:Strike_Slimebound","Slimebound:Strike_Slimebound","Slimebound:Tackle","Slimebound:Defend_Slimebound","Slimebound:Defend_Slimebound","Slimebound:Split","Slimebound:CorrosiveSpit","Slimebound:LeechLife+1","Slimebound:CheckThePlaybook+1","Slimebound:BestDefense+1","Slimebound:Schlurp","Slimebound:Chomp+1","Slimebound:HungryTackle","Slimebound:Chomp","Slimebound:Schlurp+1","Slimebound:GoopSpray+1","Slimebound:DouseInSlime+1","Slimebound:LivingWall+1","Slimebound:RollThrough+1","Slimebound:ItLooksTasty+1","Slimebound:Grow+1","Slimebound:LeechEnergy","Slimebound:SlimeSpikes+1","Slimebound:GoopTackle","Slimebound:Prepare+1","Slimebound:MegaLick+1","Decay","downfall:Icky","expansioncontent:PolyBeam+1","Slimebound:FinishingTackle","Apotheosis+1","Slimebound:GoopTackle"],"relics":["Slimebound:AbsorbEndCombatUpgraded","MealTicket","Bag of Preparation","Smiling Mask","Lantern","Strawberry","Cursed Key","downfall:KnowingSkull","downfall:HeartBlessingRed","Ornamental Fan","War Paint","Kunai","downfall:HeartBlessingBlue","Bag of Marbles","White Beast Statue","downfall:HeartBlessingGreen"],"acts_visited":["Exordium","TheCity","TheBeyond","TheEnding"],"potions_floor_usage":[16,48,52],"damage_taken":[{"damage":17,"enemies":"Small Slimes","floor":2,"turns":4},{"damage":11,"enemies":"Jaw Worm","floor":3,"turns":4},{"damage":32,"enemies":"Gremlin Nob","floor":8,"turns":4},{"damage":4,"enemies":"downfall:FleeingMerchant","floor":9,"turns":4},{"damage":1,"enemies":"2 Louse","floor":11,"turns":3},{"damage":5,"enemies":"downfall:FleeingMerchant","floor":14,"turns":4},{"damage":3,"enemies":"2 Fungi Beasts","floor":15,"turns":2},{"damage":73,"enemies":"DF_ARCHETYPE_STREAMLINE","floor":16,"turns":8},{"damage":0,"enemies":"Chosen","floor":19,"turns":4},{"damage":15,"enemies":"Shell Parasite","floor":20,"turns":2},{"damage":25,"enemies":"downfall:FleeingMerchant","floor":22,"turns":4},{"damage":22,"enemies":"downfall:FleeingMerchant","floor":25,"turns":4},{"damage":15,"enemies":"3 Cultists","floor":27,"turns":4},{"damage":42,"enemies":"Sentry and Sphere","floor":29,"turns":6},{"damage":20,"enemies":"Centurion and Healer","floor":32,"turns":4},{"damage":33,"enemies":"WA_ARCHETYPE_CALM","floor":33,"turns":7},{"damage":6,"enemies":"3 Shapes","floor":36,"turns":4},{"damage":5,"enemies":"3 Darklings","floor":37,"turns":4},{"damage":5,"enemies":"Maw","floor":38,"turns":6},{"damage":24,"enemies":"Writhing Mass","floor":43,"turns":5},{"damage":47,"enemies":"Reptomancer","floor":48,"turns":9},{"damage":29,"enemies":"SI_POISON_ARCHETYPE","floor":50,"turns":13},{"damage":103,"enemies":"downfall:CharBossMerchant","floor":52,"turns":7}],"seed_played":"3961699135466493136","potions_obtained":[{"floor":8,"key":"Swift Potion"},{"floor":11,"key":"Explosive Potion"},{"floor":16,"key":"Explosive Potion"},{"floor":27,"key":"Slimebound:SlimyTonguePotion"},{"floor":33,"key":"Swift Potion"},{"floor":43,"key":"AttackPotion"},{"floor":48,"key":"Dexterity Potion"}],"is_trial":false,"path_per_floor":["R","M","M","?","?","R","T","E","$","R","M","?","?","$","M","B",null,"R","M","M","?","$","R","T","$","R","M","?","M","R","$","M","B",null,"R","M","M","M","?","R","T","?","M","?","R","$","R","E","R","B",null,"E"],"character_chosen":"SLIMEBOUND","items_purchased":["Lantern","Slimebound:RollThrough","Slimebound:Grow","Slimebound:LeechEnergy","War Paint","Slimebound:GoopTackle","Apotheosis","Bag of Marbles"],"campfire_rested":1,"item_purchase_floors":[9,22,25,25,31,31,46,46],"current_hp_per_floor":[65,52,53,53,58,58,58,40,55,55,64,64,64,77,74,11,77,77,77,62,56,65,65,65,77,77,65,65,51,74,77,73,69,77,77,77,77,77,77,77,77,77,77,77,87,87,87,87,87,71,87,0,0,0],"gold":242,"neow_bonus":"TRANSFORM_TWO_CARDS","is_daily":false,"chose_seed":false,"campfire_upgraded":10,"win_rate":0.0,"timestamp":1611722724,"path_taken":["R","M","M","?","?","R","T","E","$","R","M","?","?","$","M","BOSS","R","M","M","?","$","R","T","?","R","?","?","M","R","$","M","BOSS","R","M","M","?","?","R","T","?","M","?","R","$","R","E","R","BOSS","E"],"items_purchased_type":["Relic","Card","Card","Card","Relic","Card","Card","Relic"],"build_version":"2020-12-22","purchased_purges":2,"victory":false,"max_hp_per_floor":[65,65,65,65,70,70,70,70,70,70,70,70,77,77,77,77,77,77,77,77,77,77,77,77,77,77,77,77,77,77,77,77,77,77,77,77,77,77,77,77,77,77,77,77,87,87,87,87,87,87,87,87,87,87],"card_choices":[{"not_picked":["Slimebound:ComboTackle","Slimebound:PressTheAttack"],"picked":"Slimebound:BestDefense","floor":2},{"not_picked":["Slimebound:SplitLeeching","Slimebound:ForwardTackle"],"picked":"Slimebound:Schlurp","floor":3},{"not_picked":["Slimebound:LeechingTouch","Slimebound:LeechEnergy"],"picked":"Slimebound:Chomp","floor":8},{"not_picked":["Slimebound:Recollect","Slimebound:Prepare"],"picked":"Slimebound:HungryTackle","floor":9},{"not_picked":["Slimebound:SplitSpecialist","Slimebound:PressTheAttack"],"picked":"Slimebound:Chomp","floor":11},{"not_picked":["Slimebound:Replication","Slimebound:WasteNot"],"picked":"Slimebound:Schlurp","floor":14},{"not_picked":["Slimebound:ServeAndProtect","Slimebound:GrowthPunch"],"picked":"Slimebound:GoopSpray","floor":15},{"not_picked":["Slimebound:Teamwork","Slimebound:CheckThePlaybook"],"picked":"Slimebound:DouseInSlime","floor":16},{"not_picked":["Slimebound:ItLooksTasty","Slimebound:PressTheAttack+1"],"picked":"Slimebound:LivingWall","floor":19},{"not_picked":["Slimebound:PressTheAttack","Slimebound:SlimeTap+1","Slimebound:GoopTackle"],"picked":"SKIP","floor":20},{"not_picked":["Slimebound:MinionMaster","Slimebound:LeadByExample","Slimebound:SlimeBrawl"],"picked":"SKIP","floor":22},{"not_picked":["Slimebound:Prepare","Slimebound:SamplingLick"],"picked":"Slimebound:ItLooksTasty+1","floor":25},{"not_picked":["Slimebound:Equalize","Slimebound:HauntingLick"],"picked":"Slimebound:SlimeSpikes+1","floor":27},{"not_picked":["Slimebound:LeechEnergy","Slimebound:PressTheAttack","Slimebound:BestDefense"],"picked":"SKIP","floor":29},{"not_picked":["Slimebound:SplitLeeching","Slimebound:Chomp+1"],"picked":"Slimebound:Prepare+1","floor":32},{"not_picked":["Slimebound:GoopSpray","Slimebound:LivingWall+1"],"picked":"Slimebound:MegaLick+1","floor":36},{"not_picked":["Slimebound:SamplingLick+1","Slimebound:PressTheAttack+1","Slimebound:SlimeSpikes"],"picked":"SKIP","floor":37},{"not_picked":["Slimebound:Nibble+1","Slimebound:LeechEnergy","Slimebound:ItLooksTasty"],"picked":"SKIP","floor":38},{"not_picked":["expansioncontent:LastStand","expansioncontent:YouAreMine"],"picked":"expansioncontent:PolyBeam","floor":42},{"not_picked":["Slimebound:SplitMire+1","Slimebound:Repurpose"],"picked":"Slimebound:FinishingTackle","floor":43},{"not_picked":["Slimebound:PressTheAttack","Slimebound:ItLooksTasty+1"],"picked":"Slimebound:GoopTackle","floor":48}],"player_experience":43359,"relics_obtained":[{"floor":7,"key":"Bag of Preparation"},{"floor":8,"key":"Smiling Mask"},{"floor":24,"key":"Ornamental Fan"},{"floor":39,"key":"Kunai"},{"floor":48,"key":"White Beast Statue"}],"event_choices":[{"damage_healed":0,"gold_gain":0,"player_choice":"Donut","damage_taken":0,"max_hp_gain":5,"max_hp_loss":0,"event_name":"Big Fish","floor":5,"gold_loss":0},{"damage_healed":0,"gold_gain":0,"player_choice":"Success","damage_taken":7,"relics_obtained":["Strawberry"],"max_hp_gain":0,"max_hp_loss":0,"event_name":"Scrap Ooze","floor":13,"gold_loss":0},{"cards_removed":["Slimebound:Defend_Slimebound"],"damage_healed":0,"gold_gain":0,"player_choice":"Removed Skill","damage_taken":0,"max_hp_gain":0,"max_hp_loss":0,"event_name":"Falling","floor":44,"gold_loss":0}],"is_beta":false,"boss_relics":[{"not_picked":["Calling Bell","Tiny House"],"picked":"Cursed Key"},{"not_picked":["Philosopher\u0027s Stone","bronze:MakeshiftBattery"],"picked":"Slimebound:AbsorbEndCombatUpgraded"}],"items_purged_floors":[25,46],"is_endless":false,"potions_floor_spawned":[8,11,16,27,29,33,38,43,48],"killed_by":"downfall:CharBossMerchant","ascension_level":0}}