{"host":"95i1gxnztdrdyvhi","time":1611713303,"event":{"mods":["AchievementEnabler","Act Like it!","BaseMod","Downfall","Minty Spire (QoL Compilation)","Quick Restart","StSLib"],"gold_per_floor":[99,114,289,289,301,211,211,231,249,249,249,249,269,302,314,314,314,314],"floor_reached":16,"language":"ENG","playtime":998,"items_purged":["Doubt"],"score":102,"play_id":"2834ca88-012d-4686-af42-591a48139731","local_time":"20210127020823","is_ascension_mode":false,"campfire_choices":[{"data":"bronze:Format","floor":1,"key":"SMITH"},{"data":"bronze:Goto","floor":11,"key":"SMITH"}],"circlet_count":0,"master_deck":["bronze:Strike+1","bronze:Strike","bronze:Strike","bronze:Strike+1","bronze:Defend","bronze:Defend","bronze:Defend+1","bronze:Defend","bronze:Replicate","bronze:Goto+1","bronze:Format+1","bronze:DigitalCarnage","bronze:Branch","bronze:Overheat","bronze:ThunderWave","bronze:Goto","bronze:Philosophize"],"relics":["bronze:BronzeCore","Oddly Smooth Stone","Gremlin Horn","Matryoshka"],"acts_visited":["Exordium"],"potions_floor_usage":[14,16],"damage_taken":[{"damage":0,"enemies":"2 Louse","floor":2,"turns":2},{"damage":0,"enemies":"Small Slimes","floor":5,"turns":2},{"damage":0,"enemies":"downfall:FleeingMerchant","floor":6,"turns":4},{"damage":11,"enemies":"Jaw Worm","floor":8,"turns":2},{"damage":0,"enemies":"Blue Slaver","floor":9,"turns":3},{"damage":0,"enemies":"Lots of Slimes","floor":13,"turns":3},{"damage":13,"enemies":"Gremlin Nob","floor":14,"turns":5},{"damage":1,"enemies":"Large Slime","floor":15,"turns":5},{"damage":38,"enemies":"WA_ARCHETYPE_RETAIN","floor":16,"turns":7}],"seed_played":"-3007080729624373793","potions_obtained":[{"floor":5,"key":"ColorlessPotion"},{"floor":14,"key":"BlessingOfTheForge"},{"floor":15,"key":"Energy Potion"}],"is_trial":false,"path_per_floor":["R","M","?","?","M","$","T","M","M","?","R","?","M","E","M","B"],"character_chosen":"THE_AUTOMATON","items_purchased":[],"campfire_rested":0,"item_purchase_floors":[],"current_hp_per_floor":[70,70,70,70,70,70,70,59,59,59,59,41,41,28,27,0,0,0],"gold":314,"neow_bonus":"ONE_RANDOM_RARE_CARD","is_daily":false,"chose_seed":false,"campfire_upgraded":2,"win_rate":0.0,"timestamp":1611713303,"path_taken":["R","M","?","?","M","$","T","M","M","?","R","?","?","E","M","BOSS"],"items_purchased_type":[],"build_version":"2020-12-22","purchased_purges":1,"victory":false,"max_hp_per_floor":[70,70,70,70,70,70,70,70,70,70,70,70,70,70,70,70,70,70],"card_choices":[{"not_picked":["bronze:Shield","bronze:DelayedSlice"],"picked":"bronze:DigitalCarnage","floor":2},{"not_picked":["bronze:Safeguard","bronze:Shield"],"picked":"bronze:Branch","floor":5},{"not_picked":["bronze:OilSpill","bronze:DelayedGuard"],"picked":"bronze:Overheat","floor":6},{"not_picked":["bronze:BitShift","bronze:BuggyMess"],"picked":"bronze:ThunderWave","floor":8},{"not_picked":["bronze:Allocate","bronze:WhirlingStrike","bronze:Shield"],"picked":"SKIP","floor":9},{"not_picked":["bronze:WildBeam","bronze:ClassDefault","bronze:DelayedSlice"],"picked":"SKIP","floor":13},{"not_picked":["bronze:Overheat","bronze:Safeguard","bronze:DelayedSlice"],"picked":"SKIP","floor":14},{"not_picked":["bronze:Return","bronze:Shell"],"picked":"bronze:Philosophize","floor":15}],"player_experience":830153,"relics_obtained":[{"floor":7,"key":"Oddly Smooth Stone"},{"floor":14,"key":"Matryoshka"}],"event_choices":[{"damage_healed":0,"gold_gain":0,"player_choice":"Success","damage_taken":18,"relics_obtained":["Gremlin Horn"],"max_hp_gain":0,"max_hp_loss":0,"event_name":"Scrap Ooze","floor":12,"gold_loss":0}],"is_beta":false,"boss_relics":[],"items_purged_floors":[6],"is_endless":false,"potions_floor_spawned":[5,14,15],"killed_by":"WA_ARCHETYPE_RETAIN","ascension_level":0}}