{"host":"8dhn6p16jorj0i1s","time":1611788866,"event":{"mods":["AchievementEnabler","BaseMod","Colored Map","DeckTracker","Highlight Path","Minty Spire (QoL Compilation)","Permanent Neow","Quick Restart"],"gold_per_floor":[115,133,143,155,167,167,197,215,267,299,299,299,299,309,309,413,413,432,451,550,577,577,606,621,621,621,621,634,634,634,37,37,134,134,148,148,148,167,167,167],"floor_reached":39,"language":"ENG","playtime":2458,"items_purged":[],"score":564,"play_id":"115657ee-62c2-45fb-bc3f-1d879e5de1d2","local_time":"20210128000746","is_ascension_mode":true,"campfire_choices":[{"data":"Electrodynamics","floor":6.0,"key":"SMITH"},{"floor":11.0,"key":"REST"},{"data":"Leap","floor":13.0,"key":"SMITH"},{"data":"Thunder Strike","floor":15.0,"key":"SMITH"},{"data":"Undo","floor":25.0,"key":"SMITH"},{"data":"Buffer","floor":27.0,"key":"SMITH"},{"data":"Enlightenment","floor":32.0,"key":"SMITH"}],"circlet_count":0,"master_deck":["Zap+1","Dualcast+1","Doubt","Electrodynamics+1","Ball Lightning+1","Defragment+1","Sweeping Beam+1","Leap+1","Thunder Strike+1","Glacier+1","Biased Cognition+1","Regret","Sweeping Beam+1","Multi-Cast+1","Chaos+1","Fusion+1","Gash+1","Buffer+1","Heatsinks+1","Ball Lightning+1","Undo+1","Buffer+1","Chaos+1","Leap+1","Consume+1","Turbo+1","Turbo+1","Turbo+1","Heatsinks+1","Capacitor+1","Loop+1","Loop+1","Enlightenment+1","Hello World+1","Heatsinks+1","Static Discharge+1","Loop+1","Rainbow+1","Compile Driver+1"],"relics":["Cracked Core","Potion Belt","Orichalcum","Peace Pipe","Eternal Feather","Pandora\u0027s Box","Bronze Scales","Regal Pillow","The Courier","Cursed Key","Mark of the Bloom"],"acts_visited":["Exordium","TheCity","TheBeyond"],"potions_floor_usage":[],"damage_taken":[{"damage":9.0,"enemies":"Jaw Worm","floor":1.0,"turns":3.0},{"damage":7.0,"enemies":"2 Louse","floor":2.0,"turns":2.0},{"damage":12.0,"enemies":"Small Slimes","floor":3.0,"turns":3.0},{"damage":1.0,"enemies":"2 Fungi Beasts","floor":4.0,"turns":2.0},{"damage":7.0,"enemies":"3 Louse","floor":5.0,"turns":2.0},{"damage":20.0,"enemies":"Gremlin Nob","floor":7.0,"turns":3.0},{"damage":2.0,"enemies":"Looter","floor":8.0,"turns":2.0},{"damage":16.0,"enemies":"3 Sentries","floor":10.0,"turns":3.0},{"damage":10.0,"enemies":"Large Slime","floor":14.0,"turns":3.0},{"damage":35.0,"enemies":"Slime Boss","floor":16.0,"turns":5.0},{"damage":0.0,"enemies":"Chosen","floor":18.0,"turns":4.0},{"damage":4.0,"enemies":"Spheric Guardian","floor":19.0,"turns":5.0},{"damage":32.0,"enemies":"Slavers","floor":23.0,"turns":4.0},{"damage":3.0,"enemies":"Snecko","floor":24.0,"turns":4.0},{"damage":8.0,"enemies":"Snake Plant","floor":28.0,"turns":3.0},{"damage":0.0,"enemies":"Gremlin Leader","floor":30.0,"turns":2.0},{"damage":21.0,"enemies":"Champ","floor":33.0,"turns":8.0},{"damage":28.0,"enemies":"Orb Walker","floor":35.0,"turns":4.0},{"damage":35,"enemies":"3 Shapes","floor":38,"turns":5},{"damage":7,"enemies":"3 Darklings","floor":39,"turns":1}],"seed_played":"-6949772192669192433","potions_obtained":[{"floor":2.0,"key":"DistilledChaos"},{"floor":3.0,"key":"Swift Potion"},{"floor":5.0,"key":"Strength Potion"},{"floor":10.0,"key":"SmokeBomb"},{"floor":16.0,"key":"ColorlessPotion"},{"floor":23.0,"key":"LiquidBronze"},{"floor":24.0,"key":"DistilledChaos"},{"floor":35.0,"key":"LiquidMemories"}],"is_trial":false,"path_per_floor":["M","M","M","M","M","R","E","M","T","E","R","?","R","M","R","B",null,"M","M","?","T","?","E","M","R","T","R","M","?","E","$","R","B",null,"M","?","?","M","M"],"character_chosen":"DEFECT","items_purchased":["Turbo","Heatsinks","Capacitor","Loop","Loop","Enlightenment","Hello World","Heatsinks","Static Discharge","Loop"],"campfire_rested":1,"item_purchase_floors":[31,31,31,31,31,31,31,31,31,31],"current_hp_per_floor":[66,59,47,46,39,39,19,17,17,1,23,23,35,25,37,2,57,57,53,53,53,39,7,4,19,19,34,26,26,26,26,47,26,67,39,39,39,4,0,0],"gold":167,"neow_bonus":"THREE_RARE_CARDS","is_daily":false,"chose_seed":false,"campfire_upgraded":6,"win_rate":0.0,"timestamp":1611788866,"path_taken":["M","M","M","M","M","R","E","M","T","E","R","?","R","M","R","BOSS","M","M","?","?","?","E","M","R","T","R","M","?","E","$","R","BOSS","M","?","?","M","M"],"items_purchased_type":["Card","Card","Card","Card","Card","Card","Card","Card","Card","Card"],"build_version":"2020-12-22","purchased_purges":0,"victory":false,"max_hp_per_floor":[75,75,75,75,75,75,75,75,75,75,75,75,75,75,75,75,75,75,75,75,75,80,80,80,80,80,80,80,80,80,80,80,80,80,80,80,80,80,80,80],"card_choices":[{"not_picked":["Rainbow","Reboot"],"picked":"Electrodynamics","floor":0.0},{"not_picked":["Streamline","Hello World"],"picked":"Ball Lightning","floor":1.0},{"not_picked":["Stack","Force Field"],"picked":"Defragment","floor":2.0},{"not_picked":["FTL","Rebound"],"picked":"Sweeping Beam","floor":3.0},{"not_picked":["Gash","Go for the Eyes"],"picked":"Leap","floor":4.0},{"not_picked":["Coolheaded","Glacier","Sweeping Beam"],"picked":"SKIP","floor":5.0},{"not_picked":["Turbo","Lockon"],"picked":"Thunder Strike","floor":7.0},{"not_picked":["Beam Cell","Coolheaded"],"picked":"Glacier","floor":8.0},{"not_picked":["Leap","Undo"],"picked":"Biased Cognition","floor":10.0},{"not_picked":["Melter","Aggregate"],"picked":"Sweeping Beam","floor":14.0},{"not_picked":["Buffer","Thunder Strike"],"picked":"Multi-Cast","floor":16.0},{"not_picked":["Heatsinks","Compile Driver","Go for the Eyes"],"picked":"SKIP","floor":18.0},{"not_picked":["Loop+1","Hello World"],"picked":"Chaos+1","floor":19.0},{"not_picked":["Machine Learning","Scrape"],"picked":"Leap","floor":23.0},{"not_picked":["Beam Cell","Static Discharge"],"picked":"Consume+1","floor":24.0},{"not_picked":["Coolheaded+1","Hologram"],"picked":"Turbo+1","floor":28.0},{"not_picked":["Hyperbeam","Core Surge"],"picked":"Rainbow","floor":33.0},{"not_picked":["FTL+1","Genetic Algorithm","Glacier"],"picked":"SKIP","floor":35.0},{"not_picked":["Streamline","Rip and Tear+1"],"picked":"Compile Driver+1","floor":38}],"player_experience":488625,"relics_obtained":[{"floor":7.0,"key":"Potion Belt"},{"floor":9.0,"key":"Orichalcum"},{"floor":10.0,"key":"Peace Pipe"},{"floor":21.0,"key":"Bronze Scales"},{"floor":23.0,"key":"Regal Pillow"},{"floor":26.0,"key":"The Courier"}],"event_choices":[{"damage_healed":0.0,"max_hp_gain":0.0,"max_hp_loss":0.0,"gold_gain":0.0,"event_name":"Big Fish","player_choice":"Box","floor":12.0,"gold_loss":0.0,"damage_taken":0.0,"relics_obtained":["Eternal Feather"],"cards_obtained":["Regret"]},{"damage_healed":0.0,"max_hp_gain":0.0,"max_hp_loss":0.0,"gold_gain":99.0,"event_name":"Nest","player_choice":"Stole From Cult","floor":20.0,"gold_loss":0.0,"damage_taken":0.0},{"damage_healed":0.0,"max_hp_gain":5.0,"max_hp_loss":0.0,"gold_gain":0.0,"event_name":"Forgotten Altar","player_choice":"Shed Blood","floor":22.0,"gold_loss":0.0,"damage_taken":19.0},{"damage_healed":0.0,"max_hp_gain":0.0,"max_hp_loss":0.0,"gold_gain":0.0,"event_name":"The Library","player_choice":"Read","floor":29.0,"gold_loss":0.0,"damage_taken":0.0,"cards_obtained":["Turbo"]},{"damage_healed":0.0,"max_hp_gain":0.0,"max_hp_loss":0.0,"gold_gain":0.0,"event_name":"MindBloom","player_choice":"Upgrade","floor":36.0,"gold_loss":0.0,"damage_taken":0.0,"cards_upgraded":["Zap","Dualcast","Ball Lightning","Defragment","Sweeping Beam","Glacier","Biased Cognition","Sweeping Beam","Multi-Cast","Chaos","Fusion","Gash","Buffer","Heatsinks","Ball Lightning","Leap","Turbo","Turbo","Heatsinks","Capacitor","Loop","Loop","Hello World","Heatsinks","Static Discharge","Loop","Rainbow"],"relics_obtained":["Mark of the Bloom"]},{"damage_healed":0,"gold_gain":0,"player_choice":"Ignored","damage_taken":0,"max_hp_gain":0,"max_hp_loss":0,"event_name":"The Moai Head","floor":37,"gold_loss":0}],"is_beta":false,"boss_relics":[{"not_picked":["Fusion Hammer","Runic Dome"],"picked":"Pandora\u0027s Box"},{"not_picked":["Busted Crown","Nuclear Battery"],"picked":"Cursed Key"}],"items_purged_floors":[],"is_endless":false,"potions_floor_spawned":[2,3,5,10,16,23,24,30,35],"killed_by":"3 Darklings","ascension_level":5}}