{"host":"9jlpuac4fbmnfsvb","time":1611713758,"event":{"mods":["BaseMod","Minty Spire (QoL Compilation)"],"gold_per_floor":[113,123,123,136,151,186,202,202,251,283,307,330,356,24,24,119,119,135,60,60,60,60,92,92,7,7,39,54,54,128,154,154,250,250,265,275,127,177,177,211,211,222,269,295,312,347,360,360,360,360],"floor_reached":51,"language":"ENG","playtime":2594,"items_purged":["Strike_R"],"score":1038,"play_id":"757e91d2-a0c6-4a4c-a106-8502e7981429","local_time":"20210127051558","is_ascension_mode":true,"campfire_choices":[{"data":"Pommel Strike","floor":15.0,"key":"SMITH"},{"data":"Pommel Strike","floor":24.0,"key":"SMITH"},{"data":"Limit Break","floor":32.0,"key":"SMITH"},{"data":"Seeing Red","floor":41.0,"key":"SMITH"},{"data":"Barricade","floor":49,"key":"SMITH"}],"circlet_count":0,"master_deck":["Defend_R","Defend_R","Defend_R","Bash+1","Seeing Red+1","Iron Wave","Thunderclap","Anger","Shrug It Off","Warcry","Pommel Strike+1","Ghostly Armor","Pommel Strike+1","Inflame","Limit Break+1","Metallicize","Bite","Bite","Bite","Bite","Bite","Iron Wave+1","Flex","Madness","Madness","Barricade+1","Limit Break+1"],"relics":["Burning Blood","Champion Belt","Darkstone Periapt","Bronze Scales","MawBank","PreservedInsect","Lee\u0027s Waffle","Black Star","Bag of Marbles","Lantern","Sundial","Bottled Tornado","Mummified Hand","CaptainsWheel","Gremlin Horn","Strawberry","Tiny Chest","Runic Cube","Sling","FossilizedHelix","Bag of Preparation","Unceasing Top","Vajra","Oddly Smooth Stone","Torii","TungstenRod","Omamori"],"acts_visited":["Exordium","TheCity","TheBeyond"],"potions_floor_usage":[50,50,50],"damage_taken":[{"damage":15.0,"enemies":"Jaw Worm","floor":1.0,"turns":5.0},{"damage":6.0,"enemies":"Cultist","floor":2.0,"turns":4.0},{"damage":7.0,"enemies":"2 Louse","floor":4.0,"turns":3.0},{"damage":32.0,"enemies":"Large Slime","floor":5.0,"turns":8.0},{"damage":32.0,"enemies":"Lagavulin","floor":6.0,"turns":6.0},{"damage":0.0,"enemies":"3 Louse","floor":7.0,"turns":3.0},{"damage":8.0,"enemies":"Gremlin Nob","floor":10.0,"turns":4.0},{"damage":9.0,"enemies":"Exordium Wildlife","floor":11.0,"turns":4.0},{"damage":3.0,"enemies":"2 Fungi Beasts","floor":12.0,"turns":3.0},{"damage":1.0,"enemies":"Blue Slaver","floor":13.0,"turns":4.0},{"damage":30.0,"enemies":"Slime Boss","floor":16.0,"turns":10.0},{"damage":19.0,"enemies":"3 Byrds","floor":18.0,"turns":3.0},{"damage":33.0,"enemies":"Slavers","floor":23.0,"turns":4.0},{"damage":26.0,"enemies":"Gremlin Leader","floor":27.0,"turns":6.0},{"damage":0.0,"enemies":"Chosen","floor":28.0,"turns":4.0},{"damage":9.0,"enemies":"Book of Stabbing","floor":31.0,"turns":4.0},{"damage":53.0,"enemies":"Automaton","floor":33.0,"turns":12.0},{"damage":17.0,"enemies":"3 Shapes","floor":35.0,"turns":4.0},{"damage":8.0,"enemies":"Orb Walker","floor":36.0,"turns":3.0},{"damage":18.0,"enemies":"Mind Bloom Boss Battle","floor":38.0,"turns":7.0},{"damage":0.0,"enemies":"Reptomancer","floor":40.0,"turns":4.0},{"damage":2,"enemies":"Spire Growth","floor":42,"turns":4},{"damage":0,"enemies":"Nemesis","floor":44,"turns":3},{"damage":12,"enemies":"3 Darklings","floor":45,"turns":5},{"damage":8,"enemies":"Reptomancer","floor":46,"turns":5},{"damage":31,"enemies":"Writhing Mass","floor":47,"turns":7},{"damage":24,"enemies":"Donu and Deca","floor":50,"turns":6}],"seed_played":"-7277103530663110833","potions_obtained":[{"floor":1.0,"key":"Block Potion"},{"floor":4.0,"key":"DuplicationPotion"},{"floor":7.0,"key":"Fire Potion"},{"floor":12.0,"key":"Energy Potion"},{"floor":27.0,"key":"Swift Potion"},{"floor":28.0,"key":"Ancient Potion"},{"floor":33.0,"key":"GamblersBrew"},{"floor":38.0,"key":"DuplicationPotion"},{"floor":44,"key":"SteroidPotion"}],"is_trial":false,"path_per_floor":["M","M","?","M","M","E","M","?","T","E","M","M","M","$","R","B",null,"M","$","?","?","?","E","R","?","T","E","M","?","T","E","R","B",null,"M","M","$","?","?","E","R","M","T","E","M","E","M","?","R","B",null],"character_chosen":"IRONCLAD","items_purchased":["Inflame","PreservedInsect","Lee\u0027s Waffle","Sling"],"campfire_rested":0,"item_purchase_floors":[14,14,14,37],"current_hp_per_floor":[71,71,71,70,44,18,24,24,24,22,19,22,27,87,87,63,87,74,74,60,50,50,29,29,29,29,23,37,37,37,47,47,14,72,65,69,69,67,58,72,72,72,72,72,72,70,53,53,53,43],"gold":360,"neow_bonus":"REMOVE_CARD","is_daily":false,"chose_seed":false,"campfire_upgraded":5,"win_rate":0.0,"timestamp":1611713758,"path_taken":["M","M","?","M","M","E","M","?","T","E","?","?","M","$","R","BOSS","M","$","?","?","?","E","R","?","T","E","?","?","?","E","R","BOSS","M","M","$","?","?","E","R","M","T","E","M","E","M","?","R","BOSS"],"items_purchased_type":["Card","Relic","Relic","Relic"],"build_version":"2020-12-22","purchased_purges":1,"victory":true,"max_hp_per_floor":[80,80,80,80,80,80,80,80,80,80,80,80,80,87,87,87,87,87,87,60,65,65,65,65,65,65,65,65,65,65,72,72,72,72,72,72,72,72,72,72,72,72,72,72,72,72,72,72,72,72],"card_choices":[{"not_picked":["Entrench","Havoc"],"picked":"Seeing Red","floor":1.0},{"not_picked":["Sentinel","Perfected Strike"],"picked":"Iron Wave","floor":2.0},{"not_picked":["Reckless Charge","Disarm"],"picked":"Thunderclap","floor":4.0},{"not_picked":["True Grit","Body Slam"],"picked":"Anger","floor":5.0},{"not_picked":["Flex","Headbutt"],"picked":"Shrug It Off","floor":6.0},{"not_picked":["Armaments","Twin Strike"],"picked":"Warcry","floor":7.0},{"not_picked":["Warcry","Perfected Strike"],"picked":"Pommel Strike","floor":10.0},{"not_picked":["Headbutt","True Grit","Thunderclap"],"picked":"SKIP","floor":11.0},{"not_picked":["Juggernaut","Dark Embrace"],"picked":"Ghostly Armor","floor":12.0},{"not_picked":["Evolve","Intimidate"],"picked":"Pommel Strike","floor":13.0},{"not_picked":["Fiend Fire","Bludgeon"],"picked":"Limit Break","floor":16.0},{"not_picked":["Cleave+1","Spot Weakness"],"picked":"Metallicize","floor":18.0},{"not_picked":["Pommel Strike","Perfected Strike+1","Cleave"],"picked":"SKIP","floor":23.0},{"not_picked":["Havoc+1","Feel No Pain"],"picked":"Iron Wave+1","floor":27.0},{"not_picked":["Flex","Twin Strike","Rage"],"picked":"SKIP","floor":28.0},{"not_picked":["Flame Barrier","Spot Weakness+1","Rampage"],"picked":"SKIP","floor":31.0},{"not_picked":["Perfected Strike","Cleave+1","Twin Strike+1"],"picked":"SKIP","floor":35.0},{"not_picked":["Perfected Strike+1","Intimidate+1","Thunderclap"],"picked":"SKIP","floor":36.0},{"not_picked":["Flame Barrier","Entrench"],"picked":"Flex","floor":38.0},{"not_picked":["Offering","Combust+1","Sword Boomerang+1"],"picked":"SKIP","floor":40.0},{"not_picked":["Reckless Charge+1","Sword Boomerang+1","Wild Strike+1"],"picked":"SKIP","floor":42},{"not_picked":["Sword Boomerang","Flame Barrier"],"picked":"Barricade","floor":44},{"not_picked":["Shrug It Off","Evolve","Iron Wave+1"],"picked":"SKIP","floor":45},{"not_picked":["Spot Weakness","Rage+1","Feed"],"picked":"SKIP","floor":46},{"not_picked":["Havoc","True Grit+1","Cleave"],"picked":"SKIP","floor":47}],"player_experience":57867,"relics_obtained":[{"floor":6.0,"key":"Champion Belt"},{"floor":9.0,"key":"Bronze Scales"},{"floor":10.0,"key":"MawBank"},{"floor":23.0,"key":"Bag of Marbles"},{"floor":23.0,"key":"Lantern"},{"floor":26.0,"key":"Bottled Tornado"},{"floor":27.0,"key":"Mummified Hand"},{"floor":27.0,"key":"CaptainsWheel"},{"floor":30.0,"key":"Gremlin Horn"},{"floor":31.0,"key":"Strawberry"},{"floor":31.0,"key":"Tiny Chest"},{"floor":38.0,"key":"FossilizedHelix"},{"floor":40.0,"key":"Bag of Preparation"},{"floor":40.0,"key":"Unceasing Top"},{"floor":43,"key":"Vajra"},{"floor":44,"key":"Oddly Smooth Stone"},{"floor":44,"key":"Torii"},{"floor":46,"key":"TungstenRod"},{"floor":46,"key":"Omamori"}],"event_choices":[{"damage_healed":0.0,"max_hp_gain":0.0,"max_hp_loss":0.0,"gold_gain":0.0,"event_name":"Living Wall","player_choice":"Grow","floor":3.0,"gold_loss":0.0,"damage_taken":0.0,"cards_upgraded":["Bash"]},{"damage_healed":0.0,"max_hp_gain":0.0,"max_hp_loss":0.0,"gold_gain":0.0,"event_name":"WeMeetAgain","player_choice":"Gave Potion","floor":8.0,"gold_loss":0.0,"damage_taken":0.0,"relics_obtained":["Darkstone Periapt"]},{"damage_healed":0.0,"max_hp_gain":0.0,"max_hp_loss":27.0,"gold_gain":0.0,"event_name":"Vampires","player_choice":"Became a vampire","floor":20.0,"gold_loss":0.0,"damage_taken":0.0,"cards_obtained":["Bite","Bite","Bite","Bite","Bite"]},{"damage_healed":0.0,"max_hp_gain":5.0,"max_hp_loss":0.0,"gold_gain":0.0,"event_name":"Forgotten Altar","player_choice":"Shed Blood","floor":21.0,"gold_loss":0.0,"damage_taken":15.0},{"damage_healed":0.0,"max_hp_gain":0.0,"max_hp_loss":0.0,"gold_gain":0.0,"event_name":"Ghosts","player_choice":"Ignored","floor":22.0,"gold_loss":0.0,"damage_taken":0.0},{"damage_healed":0.0,"max_hp_gain":0.0,"max_hp_loss":0.0,"gold_gain":0.0,"event_name":"Addict","player_choice":"Obtained Relic","floor":25.0,"gold_loss":85.0,"damage_taken":0.0,"relics_obtained":["Sundial"]},{"damage_healed":0.0,"max_hp_gain":0.0,"max_hp_loss":0.0,"gold_gain":0.0,"event_name":"Cursed Tome","player_choice":"Ignored","floor":29.0,"gold_loss":0.0,"damage_taken":0.0},{"damage_healed":0.0,"max_hp_gain":0.0,"max_hp_loss":0.0,"gold_gain":0.0,"event_name":"MindBloom","player_choice":"Fight","floor":38.0,"gold_loss":0.0,"damage_taken":0.0},{"damage_healed":0.0,"max_hp_gain":0.0,"max_hp_loss":0.0,"gold_gain":0.0,"event_name":"Winding Halls","player_choice":"Embrace Madness","floor":39.0,"gold_loss":0.0,"damage_taken":9.0,"cards_obtained":["Madness","Madness"]},{"damage_healed":0,"gold_gain":0,"player_choice":"Copied","damage_taken":0,"max_hp_gain":0,"max_hp_loss":0,"event_name":"Duplicator","floor":48,"gold_loss":0,"cards_obtained":["Limit Break"]}],"is_beta":false,"boss_relics":[{"not_picked":["Empty Cage","Pandora\u0027s Box"],"picked":"Black Star"},{"not_picked":["Philosopher\u0027s Stone","Velvet Choker"],"picked":"Runic Cube"}],"items_purged_floors":[19],"is_endless":false,"potions_floor_spawned":[1,4,7,12,27,28,33,38,40,44,46,47],"ascension_level":2}}