{"host":"z9mq1tf06lkrncmk","time":1611706960,"event":{"mods":["BaseMod","Downfall","Minty Spire (QoL Compilation)","StSLib"],"gold_per_floor":[99,117,117,117,127,127,152,172,172,172,4,29,29,45,60,60,60,60],"floor_reached":16,"language":"ENG","playtime":671,"items_purged":[],"score":105,"play_id":"4072afcb-ab10-49a3-8f99-91573de529d3","local_time":"20210126192240","is_ascension_mode":true,"campfire_choices":[{"data":"champ:Taunt","floor":1,"key":"SMITH"},{"data":"champ:TornadoPunch","floor":10,"key":"SMITH"},{"floor":13,"key":"REST"}],"circlet_count":0,"master_deck":["champ:Strike","champ:Strike","champ:Strike","champ:Strike","champ:Defend","champ:Defend","champ:Defend","champ:Defend","champ:Execute","champ:Taunt+1","champ:BringItOn","champ:DefensiveShout","champ:TornadoPunch+1","champ:SkillfulDodge","champ:Lariat","champ:VampiricStrike"],"relics":["champ:ChampionCrown","Blood Vial","champ:LiftRelic","downfall:BrokenWingStatue","Nunchaku","Tiny Chest","Oddly Smooth Stone","Omamori"],"acts_visited":["Exordium"],"potions_floor_usage":[12,16,16,16],"damage_taken":[{"damage":0,"enemies":"Jaw Worm","floor":2,"turns":4},{"damage":10,"enemies":"Small Slimes","floor":5,"turns":3},{"damage":0,"enemies":"2 Louse","floor":8,"turns":1},{"damage":0,"enemies":"downfall:FleeingMerchant","floor":11,"turns":4},{"damage":32,"enemies":"Gremlin Nob","floor":12,"turns":5},{"damage":15,"enemies":"Large Slime","floor":14,"turns":3},{"damage":0,"enemies":"Exordium Wildlife","floor":15,"turns":4},{"damage":107,"enemies":"DF_ARCHETYPE_STREAMLINE","floor":16,"turns":14}],"seed_played":"1601715531931272657","potions_obtained":[{"floor":8,"key":"SkillPotion"},{"floor":12,"key":"champ:CounterPotion"},{"floor":14,"key":"champ:CounterPotion"},{"floor":15,"key":"champ:OpenerPotion"}],"is_trial":false,"path_per_floor":["R","M","?","?","M","?","T","M","?","R","$","E","R","M","M","B"],"character_chosen":"THE_CHAMP","items_purchased":["Oddly Smooth Stone"],"campfire_rested":1,"item_purchase_floors":[11],"current_hp_per_floor":[90,90,57,57,59,59,59,61,61,61,63,43,70,67,69,0,0,0],"gold":60,"neow_bonus":"THREE_CARDS","is_daily":false,"chose_seed":false,"campfire_upgraded":2,"win_rate":0.0,"timestamp":1611706960,"path_taken":["R","M","?","?","M","?","T","M","?","R","?","E","R","M","M","BOSS"],"items_purchased_type":["Relic"],"build_version":"2020-12-22","purchased_purges":0,"victory":false,"max_hp_per_floor":[90,90,90,90,90,90,90,90,90,90,90,90,90,90,90,90,90,90],"card_choices":[{"not_picked":["champ:Backstep","champ:SwordSigil"],"picked":"champ:BringItOn","floor":0},{"not_picked":["champ:BladeFlurry","champ:RisingSlash"],"picked":"champ:DefensiveShout","floor":2},{"not_picked":["champ:BerserkerStyle","champ:BerserkersShout"],"picked":"champ:TornadoPunch","floor":5},{"not_picked":["champ:Haymaker","champ:TripleStrike"],"picked":"champ:SkillfulDodge","floor":8},{"not_picked":["champ:BladeFlurry","champ:BerserkerStyle"],"picked":"champ:Lariat","floor":11},{"not_picked":["champ:ShieldSlam","champ:BladeFlurry"],"picked":"champ:VampiricStrike","floor":12},{"not_picked":["champ:TornadoPunch","champ:CrownThrow","champ:FanOfKnives"],"picked":"SKIP","floor":14},{"not_picked":["champ:SkillfulDodge","champ:BerserkersShout","champ:CrownThrow"],"picked":"SKIP","floor":15}],"player_experience":390319,"relics_obtained":[{"floor":7,"key":"Nunchaku"},{"floor":12,"key":"Omamori"}],"event_choices":[{"damage_healed":0,"gold_gain":0,"player_choice":"Success","damage_taken":33,"relics_obtained":["Blood Vial"],"max_hp_gain":0,"max_hp_loss":0,"event_name":"Scrap Ooze","floor":3,"gold_loss":0}],"is_beta":false,"boss_relics":[],"items_purged_floors":[],"is_endless":false,"potions_floor_spawned":[8,12,14,15],"killed_by":"DF_ARCHETYPE_STREAMLINE","ascension_level":1}}