{"host":"a49aoqbkajnlmy9c","time":1611725458,"event":{"mods":["100% Spire Juice","2.2 Compatiblity","AchievementEnabler","Act Like it!","AlwaysNeverKeys","Arknights The Spire","BaseMod","Better Match","BetterRewards","Block Reminder","Colored Map","Colored Powertips","Downfall","Emptier Cage","Friendly Minions","Gensokyo","GifTheSpireLib","Gremlin Skip","Halation","HololiveMod","Hubris","Hyrulean Relics","Infinite Spire","Ironclad Rager","Marisa????????","Minty Spire (QoL Compilation)","Prisma Mod","Quarter Circle Forward PUNCH!","Quick Restart","Random Character Button","Reimu??????","Relic Filter","Reorder Act Four","StSLib","The Alterego","The Animator","Transform Curses","Treasure Hunter","Unceasing Turn Reminder","Useless Jewels Mod","Virulent Crown","Waifu the Spire","WarShipGirlsR/????R mod","Yakumo Yukari mod","Yuyuko"],"gold_per_floor":[13,13,25,25,40,40,51,51,51,62,76,76,92,92,92,192,72,89,89,89,103,103,103],"floor_reached":22,"language":"ENG","playtime":897,"items_purged":["Moonworks:LongDistanceShot"],"score":203,"play_id":"73bf01f2-2a12-44a2-8734-f975dd2e7093","local_time":"20210127003058","is_ascension_mode":false,"campfire_choices":[{"data":"Moonworks:CloudOfSeagulls","floor":6,"key":"SMITH"},{"data":"Moonworks:CloudOfSeagulls","floor":8,"key":"SMITH"},{"floor":12,"key":"REST"},{"floor":15,"key":"REST"}],"circlet_count":0,"master_deck":["Moonworks:Strike","Moonworks:Strike","Moonworks:Strike","Moonworks:Strike","Moonworks:Defend","Moonworks:Defend","Moonworks:Defend","Moonworks:Defend","Moonworks:Ambush","Moonworks:Accelerator+1","Moonworks:EvilSpyWorkPreparation","Moonworks:CloudOfSeagulls+1","Moonworks:ReproductionOfRecords+1","Moonworks:CloudOfSeagulls+1","TH:EnergyPotion","Moonworks:JonathanRush","Moonworks:EvilSpyWorkPreparation","Moonworks:EvilSpyWorkPreparation","TH:ArmorSpikes","Moonworks:CrystalBarrier","Moonworks:JonathanRush+1","infinitespire:Collect","Moonworks:MiracleRedBeanIceCream+1"],"relics":["Moonworks:BrokenBomb","Moonworks:Homemark","Peace Pipe","halation:MonkeysPaw","Moonworks:SBBomb"],"acts_visited":["Gensokyo:Gensokyo","TheCity"],"potions_floor_usage":[10,22],"damage_taken":[{"damage":6,"enemies":"Gensokyo:Python","floor":1,"turns":3},{"damage":7,"enemies":"Gensokyo:Gryphon","floor":3,"turns":3},{"damage":9,"enemies":"Gensokyo:2_Kodama","floor":5,"turns":4},{"damage":14,"enemies":"Gensokyo:VengefulSpirit","floor":7,"turns":5},{"damage":10,"enemies":"Gensokyo:Python_and_Kodama","floor":10,"turns":3},{"damage":12,"enemies":"Gensokyo:Gryphon_and_Rabbit","floor":11,"turns":3},{"damage":4,"enemies":"Gensokyo:VengefulSpirit","floor":13,"turns":4},{"damage":14,"enemies":"Gensokyo:Reimu","floor":16,"turns":5},{"damage":26,"enemies":"3 Byrds","floor":18,"turns":4},{"damage":13,"enemies":"Spheric Guardian","floor":21,"turns":5},{"damage":47,"enemies":"Snecko","floor":22,"turns":5}],"seed_played":"-4093540375042024237","potions_obtained":[{"floor":1,"key":"DistilledChaos"},{"floor":5,"key":"BlessingOfTheForge"},{"floor":7,"key":"Slimebound:ThreeZeroPotion"},{"floor":11,"key":"bronze:BurnAndBuffPotion"}],"is_trial":false,"path_per_floor":["M","?","M","?","M","R","M","R","T","M","M","R","M","?","R","B",null,"M","?","AVR","M","M"],"character_chosen":"THE_STARBREAKER","items_purchased":[],"campfire_rested":2,"item_purchase_floors":[],"current_hp_per_floor":[54,54,47,53,44,44,30,30,30,20,8,27,23,23,42,28,66,40,40,40,27,0,0],"gold":103,"neow_bonus":"ONE_RANDOM_RARE_CARD","is_daily":false,"chose_seed":false,"campfire_upgraded":2,"win_rate":0.0,"timestamp":1611725458,"path_taken":["M","?","M","?","M","R","M","R","T","M","M","R","M","?","R","BOSS","M","?","AVR","M","M"],"items_purchased_type":[],"build_version":"2020-12-22","purchased_purges":1,"victory":false,"max_hp_per_floor":[60,60,60,66,66,66,66,66,66,66,66,66,66,66,66,66,66,66,66,66,66,66,66],"card_choices":[{"not_picked":["Moonworks:ImOnFire","Moonworks:BigMagnum"],"picked":"Moonworks:EvilSpyWorkPreparation","floor":1},{"not_picked":["Moonworks:CastOff","Moonworks:SelfDestruct"],"picked":"Moonworks:CloudOfSeagulls","floor":3},{"not_picked":["Moonworks:Heat300Percent","Moonworks:BigMagnum"],"picked":"Moonworks:ReproductionOfRecords","floor":5},{"not_picked":["Moonworks:CastOff","Moonworks:ImOnFire"],"picked":"Moonworks:CloudOfSeagulls","floor":7},{"not_picked":["TH:CursedSword"],"picked":"TH:EnergyPotion","floor":9},{"not_picked":["Moonworks:ImOnFire","Moonworks:LulusLuckyEgg"],"picked":"Moonworks:JonathanRush","floor":10},{"not_picked":["Moonworks:CloudOfSeagulls","Moonworks:JonathanRush"],"picked":"Moonworks:EvilSpyWorkPreparation","floor":11},{"not_picked":["Moonworks:LulusLuckyEgg","Moonworks:x16BigRocket"],"picked":"Moonworks:EvilSpyWorkPreparation","floor":13},{"not_picked":["TH:BikiniMail"],"picked":"TH:ArmorSpikes","floor":16},{"not_picked":["Moonworks:WeAreWaruda","Moonworks:Wanted"],"picked":"Moonworks:CrystalBarrier","floor":16},{"not_picked":["Moonworks:ImmovableObject+1","Moonworks:EvilSpyWorkPreparation"],"picked":"Moonworks:JonathanRush+1","floor":18},{"not_picked":["Moonworks:EvilSpyWorkPreparation","Moonworks:BackdoorTrade"],"picked":"Moonworks:MiracleRedBeanIceCream+1","floor":21}],"player_experience":601838,"relics_obtained":[{"floor":9,"key":"Peace Pipe"}],"event_choices":[{"damage_healed":0,"gold_gain":0,"player_choice":"Ignored","damage_taken":0,"max_hp_gain":0,"max_hp_loss":0,"event_name":"Ghosts","floor":19,"gold_loss":0}],"is_beta":false,"boss_relics":[{"not_picked":["hubris:RunicObelisk","hubris:GrandSneckoEye"],"picked":"halation:MonkeysPaw"}],"items_purged_floors":[20],"is_endless":false,"potions_floor_spawned":[1,5,7,11,18],"killed_by":"Snecko","ascension_level":0}}