{"host":"ucgrft0m53zzt06v","time":1611791765,"event":{"mods":["BaseMod","Colored Map","Colored Powertips","Conspire","Lobotomy","Minty Spire (QoL Compilation)","Quick Restart","Replay The Spire","RumiaBox-露米娅的神秘盒子","Shop Mod","Spicy Shops","StSLib","Td1madao Mod","The Animator","The Bug Knight","Waifu the Spire","WarShipGirlsR/战舰少女R mod","Yuri Mod"],"gold_per_floor":[17,17,30,30,76,76,107,107,107,107,121,131,131,131,131,232,232,243,260,260,460,473,504,522,549,604,604,604,604],"floor_reached":28,"language":"ZHS","playtime":2043,"items_purged":[],"score":256,"play_id":"ed41f1dd-fa54-447f-adfd-3dfe8b7f3ad8","local_time":"20210128075605","is_ascension_mode":false,"campfire_choices":[{"data":"rmod:basicallowance","floor":6.0,"key":"SMITH"},{"data":"rmod:chargemoney","floor":8.0,"key":"SMITH"},{"data":"rmod:fletcherpendant","floor":10.0,"key":"SMITH"},{"data":"rmod:ammunitionsupply","floor":13.0,"key":"SMITH"},{"floor":15.0,"key":"REST"},{"floor":27.0,"key":"REST"}],"circlet_count":0,"master_deck":["rmod:strick","rmod:strick","rmod:strick","rmod:defend","rmod:defend","rmod:defend","rmod:basicallowance+1","rmod:maingunfire","rmod:chargemoney+1","rmod:mineteam+1","rmod:intelligenceanalysis","rmod:fletcherpendant+1","rmod:ammunitionsupply+1","rmod:aviationdawn","rmod:abidefaith","rmod:aviationdawn","rmod:aluminumsupply","rmod:highspeedmaneuver","rmod:heivgo","rmod:selfconfidence","rmod:windflower","rmod:spoils","rmod:aluminumsupply"],"relics":["rmod:firstchargereward","conspire:TopHat","Dream Catcher","GodSword3","Philosopher\u0027s Stone","Sundial","Juzu Bracelet","Vajra"],"acts_visited":["Exordium","TheCity"],"potions_floor_usage":[],"damage_taken":[{"damage":2.0,"enemies":"conspire:RoseBush","floor":1.0,"turns":2.0},{"damage":0.0,"enemies":"Small Slimes","floor":3.0,"turns":4.0},{"damage":2.0,"enemies":"Replay:BlueRogue","floor":7.0,"turns":5.0},{"damage":4.0,"enemies":"Jaw Worm","floor":11.0,"turns":2.0},{"damage":5.0,"enemies":"Blue Slaver","floor":12.0,"turns":3.0},{"damage":7.0,"enemies":"Fading Forest","floor":16.0,"turns":11.0},{"damage":0.0,"enemies":"conspire:FuzzyDice","floor":18.0,"turns":5.0},{"damage":12.0,"enemies":"Shell Parasite","floor":19.0,"turns":3.0},{"damage":14.0,"enemies":"Snake Plant","floor":22.0,"turns":4.0},{"damage":34.0,"enemies":"HollowMod:Nosk","floor":23.0,"turns":7.0},{"damage":3.0,"enemies":"conspire:HollyBat","floor":24.0,"turns":6.0},{"damage":4.0,"enemies":"conspire:Head Lice","floor":25.0,"turns":5.0},{"damage":31,"enemies":"Centurion and Healer","floor":28,"turns":3}],"seed_played":"1167489112836675098","potions_obtained":[{"floor":1.0,"key":"ColorlessPotion"},{"floor":3.0,"key":"Strength Potion"},{"floor":5.0,"key":"Reflective Coating"},{"floor":25.0,"key":"Elixir"}],"is_trial":false,"path_per_floor":["M","?","M","$","?","R","E","R","T","R","M","M","R","?","R","B",null,"M","M","?","?","M","E","M","E","T","R","M"],"character_chosen":"PRAEFECT","items_purchased":[],"campfire_rested":2,"item_purchase_floors":[],"current_hp_per_floor":[73,73,73,73,55,55,53,53,53,53,49,44,44,44,66,69,75,75,63,63,63,49,15,12,8,8,30,0,0],"gold":604,"neow_bonus":"REMOVE_TWO","is_daily":false,"chose_seed":false,"campfire_upgraded":4,"win_rate":0.0,"timestamp":1611791765,"path_taken":["M","?","M","$","?","R","E","R","T","R","M","M","R","?","R","BOSS","M","M","?","?","M","E","?","E","T","R","M"],"items_purchased_type":[],"build_version":"2020-12-22","purchased_purges":0,"victory":false,"max_hp_per_floor":[75,75,75,75,75,75,75,75,75,75,75,75,75,75,75,75,75,75,75,75,75,75,75,75,75,75,75,75,75],"card_choices":[{"not_picked":["rmod:generalist","rmod:robin","rmod:steelsupply"],"picked":"SKIP","floor":1.0},{"not_picked":["rmod:ammunitionsupply","rmod:fletcherpendant"],"picked":"rmod:chargemoney","floor":3.0},{"not_picked":["rmod:gendarmerie","rmod:aluminumsupply"],"picked":"rmod:mineteam","floor":5.0},{"not_picked":["rmod:fuelsupply","rmod:advancebysurprise"],"picked":"rmod:intelligenceanalysis","floor":5.0},{"not_picked":["rmod:diamondstrike","rmod:robin"],"picked":"rmod:fletcherpendant","floor":7.0},{"not_picked":["rmod:wolves","rmod:garrisonisland","rmod:diamondstrike"],"picked":"SKIP","floor":11.0},{"not_picked":["rmod:aluminumsupply","rmod:steelsupply"],"picked":"rmod:ammunitionsupply","floor":12.0},{"not_picked":["rmod:ring","rmod:intelligenceanalysis"],"picked":"rmod:aviationdawn","floor":15.0},{"not_picked":["rmod:timeschanged","rmod:supriseattacks"],"picked":"rmod:abidefaith","floor":16.0},{"not_picked":["rmod:diamondstrike","rmod:chargemoney"],"picked":"rmod:aviationdawn","floor":18.0},{"not_picked":["rmod:sl","rmod:intelligenceanalysis"],"picked":"rmod:aluminumsupply","floor":19.0},{"not_picked":["rmod:tearstotiara+1","rmod:fletcherpendant+1"],"picked":"rmod:heivgo","floor":22.0},{"not_picked":["rmod:chargemoney+1","rmod:aggressivemary"],"picked":"rmod:selfconfidence","floor":23.0},{"not_picked":["rmod:advancebysurprise","rmod:aggressivemary"],"picked":"rmod:windflower","floor":24.0},{"not_picked":["rmod:victimresponsibility","rmod:guardianhero"],"picked":"rmod:spoils","floor":25.0},{"not_picked":["rmod:gendarmerie","rmod:intelligenceanalysis"],"picked":"rmod:aluminumsupply","floor":27.0}],"player_experience":38434,"relics_obtained":[{"floor":5.0,"key":"conspire:TopHat"},{"floor":7.0,"key":"Dream Catcher"},{"floor":9.0,"key":"GodSword3"},{"floor":23.0,"key":"Sundial"},{"floor":25.0,"key":"Juzu Bracelet"},{"floor":26.0,"key":"Vajra"}],"event_choices":[{"damage_healed":0.0,"max_hp_gain":0.0,"max_hp_loss":0.0,"gold_gain":0.0,"event_name":"conspire:LoneGhost","player_choice":"Disagree","floor":2.0,"gold_loss":0.0,"damage_taken":0.0},{"damage_healed":0.0,"max_hp_gain":0.0,"max_hp_loss":0.0,"gold_gain":0.0,"event_name":"Accursed Blacksmith","player_choice":"Forge","floor":14.0,"gold_loss":0.0,"damage_taken":0.0,"cards_upgraded":["rmod:mineteam"]},{"damage_healed":0.0,"max_hp_gain":0.0,"max_hp_loss":0.0,"gold_gain":0.0,"event_name":"The Library","player_choice":"Read","floor":20.0,"gold_loss":0.0,"damage_taken":0.0,"cards_obtained":["rmod:highspeedmaneuver"]},{"damage_healed":0.0,"max_hp_gain":0.0,"max_hp_loss":0.0,"gold_gain":250.0,"event_name":"The Joust","player_choice":"Bet on Owner","floor":21.0,"gold_loss":50.0,"damage_taken":0.0}],"is_beta":false,"boss_relics":[{"not_picked":["conspire:SlowCooker","AddBug"],"picked":"Philosopher\u0027s Stone"}],"items_purged_floors":[],"is_endless":false,"potions_floor_spawned":[1,3,7,19,23,25],"killed_by":"Centurion and Healer","ascension_level":0}}