{"host":"ctlqibkg0sskiu65","time":1611726755,"event":{"mods":["AchievementEnabler","Aspiration","BaseMod","BetterRewards","Colored Map","Colored Powertips","Conspire","Fiend Mod","Infinite Spire","Minty Spire (QoL Compilation)","Quick Restart","Replay The Spire","Shop Mod","StSLib","The Bladedancer","The Cursed","The Hierophant","The Jungle","The Kombatant","The Servant 0.9.4","TheBandit"],"gold_per_floor":[91,109,109,34,184,184,201,201,227,227,257,257,269,280,280,353,353,373,298,298,309,31,31,41,41,65,65,65,82,115,128,128,128,128],"floor_reached":33,"language":"ENG","playtime":1508,"items_purged":["Strike_G"],"score":757,"play_id":"a61b5d0d-a256-4061-b6ea-ec1f81b629bf","local_time":"20210126235235","is_ascension_mode":true,"campfire_choices":[{"data":"conspire:Banana","floor":6,"key":"SMITH"},{"data":"ReplayTheSpireMod:Chaos Vortex","floor":10,"key":"SMITH"},{"data":"Terror","floor":12,"key":"SMITH"},{"data":"Leg Sweep","floor":15,"key":"SMITH"},{"data":"Replay:Bootleg Shield Generator","floor":23,"key":"SMITH"},{"data":"Adrenaline","floor":28,"key":"SMITH"},{"data":"Neutralize","floor":32,"key":"SMITH"}],"circlet_count":0,"master_deck":["AscendersBane","Strike_G","Strike_G","Strike_G","Defend_G","Defend_G","Defend_G","Defend_G","Defend_G","Survivor","Neutralize+1","Catalyst","conspire:Banana+1","Blade Dance","Slice","Leg Sweep+1","Doubt","Hidden Blade","ReplayTheSpireMod:Chaos Vortex+1","Terror+1","Dagger Spray","Adrenaline+1","Dagger Spray","Replay:Bootleg Shield Generator+1","Infinite Blades","PiercingWail","Slice"],"relics":["Ring of the Snake","Blood Vial","Anchor","ReplayTheSpireMod:TigerMarble","aspiration:PoetsPen_weak","Ancient Tea Set","Replay:Mystery Machine"],"acts_visited":["Exordium","TheCity"],"potions_floor_usage":[11,16,25,25,33],"damage_taken":[{"damage":0,"enemies":"2 Louse","floor":1,"turns":4},{"damage":0,"enemies":"Cultist","floor":2,"turns":3},{"damage":4,"enemies":"Small Slimes","floor":7,"turns":4},{"damage":15,"enemies":"3 Sentries","floor":11,"turns":15},{"damage":3,"enemies":"Looter","floor":13,"turns":3},{"damage":3,"enemies":"Large Slime","floor":14,"turns":5},{"damage":28,"enemies":"The Guardian","floor":16,"turns":19},{"damage":0,"enemies":"Shell Parasite","floor":18,"turns":3},{"damage":0,"enemies":"3 Byrds","floor":21,"turns":3},{"damage":0,"enemies":"Centurion and Healer","floor":24,"turns":7},{"damage":3,"enemies":"Nightmare","floor":25,"turns":8},{"damage":0,"enemies":"Cultist and Chosen","floor":29,"turns":4},{"damage":37,"enemies":"Slavers","floor":30,"turns":10},{"damage":0,"enemies":"Snake Plant","floor":31,"turns":5},{"damage":57,"enemies":"conspire:MysteriousRune","floor":33,"turns":9}],"seed_played":"-1035815134296743755","potions_obtained":[{"floor":1,"key":"SpeedPotion"},{"floor":2,"key":"SkillPotion"},{"floor":16,"key":"SteroidPotion"},{"floor":18,"key":"SmokeBomb"},{"floor":30,"key":"GhostInAJar"}],"is_trial":false,"path_per_floor":["M","M","?","$","?","R","M","?","T","R","E","R","M","M","R","B",null,"M","?","?","M","$","R","M","NM","T","$","R","M","E","M","R","B"],"character_chosen":"THE_SILENT","items_purchased":["Catalyst","conspire:Banana","Blood Vial","Blade Dance","Ancient Tea Set","Replay:Bootleg Shield Generator"],"campfire_rested":0,"item_purchase_floors":[0,0,0,0,22,22],"current_hp_per_floor":[62,65,61,61,61,61,61,45,45,45,34,34,35,36,36,12,62,66,66,66,70,70,70,74,75,75,75,75,79,46,50,50,0,0],"gold":128,"neow_bonus":"","is_daily":false,"chose_seed":false,"campfire_upgraded":7,"win_rate":0.0,"timestamp":1611726755,"path_taken":["M","M","?","?","?","R","M","?","T","R","E","R","M","M","R","BOSS","M","?","?","M","?","R","M","NM","T","$","R","M","E","M","R","BOSS"],"items_purchased_type":["Card","Card","Relic","Card","Relic","Card"],"build_version":"2020-12-22","purchased_purges":1,"victory":false,"max_hp_per_floor":[67,68,68,68,68,68,70,70,70,70,72,72,74,76,76,78,78,80,80,80,82,82,82,84,86,86,86,86,88,90,92,92,94,94],"card_choices":[{"not_picked":["Caltrops","Blur"],"picked":"Slice","floor":1},{"not_picked":["conspire:PoisonWeapons","Slice"],"picked":"Leg Sweep","floor":2},{"not_picked":["Bane","Heel Hook"],"picked":"Hidden Blade","floor":7},{"not_picked":["infinitespire:UltimateForm","ReplayTheSpireMod:Haul"],"picked":"ReplayTheSpireMod:Chaos Vortex","floor":8},{"not_picked":["Distraction","Concentrate"],"picked":"Terror","floor":11},{"not_picked":["Deflect","Distraction"],"picked":"Dagger Spray","floor":13},{"not_picked":["Skewer","Bane","Escape Plan"],"picked":"SKIP","floor":14},{"not_picked":["aspiration:Lunge","Replay:Bag of Tricks"],"picked":"Adrenaline","floor":16},{"not_picked":["Acrobatics","Flying Knee","Outmaneuver"],"picked":"SKIP","floor":18},{"not_picked":["Predator","Prepared","Dagger Throw"],"picked":"SKIP","floor":21},{"not_picked":["Outmaneuver","Choke"],"picked":"Infinite Blades","floor":24},{"not_picked":["Poisoned Stab","Grand Finale","PiercingWail"],"picked":"SKIP","floor":29},{"not_picked":["Poisoned Stab","Grand Finale"],"picked":"PiercingWail","floor":29},{"not_picked":["Prepared","Hidden Blade","Flechettes"],"picked":"SKIP","floor":30},{"not_picked":["Blur","All Out Attack"],"picked":"Slice","floor":31}],"player_experience":245704,"relics_obtained":[{"floor":9,"key":"Anchor"},{"floor":11,"key":"ReplayTheSpireMod:TigerMarble"},{"floor":30,"key":"Replay:Mystery Machine"}],"event_choices":[{"damage_healed":0,"gold_gain":0,"player_choice":"Bought 0 Potions","damage_taken":0,"max_hp_gain":0,"max_hp_loss":0,"event_name":"The Woman in Blue","floor":3,"gold_loss":0},{"damage_healed":0,"gold_gain":150,"player_choice":"AGREE","damage_taken":0,"max_hp_gain":0,"max_hp_loss":0,"event_name":"Liars Game","floor":5,"gold_loss":0,"cards_obtained":["Doubt"]},{"cards_removed":["Strike_G"],"damage_healed":0,"gold_gain":0,"player_choice":"Gave Gold","damage_taken":0,"max_hp_gain":0,"max_hp_loss":0,"event_name":"Beggar","floor":19,"gold_loss":75},{"damage_healed":0,"gold_gain":0,"player_choice":"Read","damage_taken":0,"max_hp_gain":0,"max_hp_loss":0,"event_name":"The Library","floor":20,"gold_loss":0,"cards_obtained":["Dagger Spray"]}],"is_beta":false,"boss_relics":[{"not_picked":["Ring of Chaos","Replay:Fungal Core"],"picked":"aspiration:PoetsPen_weak"}],"items_purged_floors":[4],"is_endless":false,"potions_floor_spawned":[1,2,7,16,18,21,30],"killed_by":"conspire:MysteriousRune","ascension_level":18}}