{"host":"\u003c无名\u003e","time":1611773437,"event":{"mods":["BaseMod","Decade(王小明)","Downfall","Lobotomy","Minty Spire (QoL Compilation)","Quick Restart","Remilia（蕾米莉亚）","Replay The Spire","Robot Space Explorer","StSLib","The Bug Knight"],"gold_per_floor":[116,66,76,93,108,108,145,145,145,172,172,210,210,233,233,341,341,366,392,414,423,64,110,110,148,148,148,191,191,215,235,235,345,345,372,389,398,421,450,518,548,548,621,654,654,336,442,460,460,460],"floor_reached":51,"language":"ZHS","playtime":5863,"items_purged":["Strike_RM","Defend_RM"],"score":856,"play_id":"1b7e3e1a-66e1-4629-8fe3-7abad422d912","local_time":"20210128025037","is_ascension_mode":true,"campfire_choices":[{"data":"DiffusionOfMisfortune","floor":6.0,"key":"SMITH"},{"data":"ForbiddenFruit","floor":8.0,"key":"SMITH"},{"data":"ScarletDream","floor":11.0,"key":"SMITH"},{"floor":15.0,"key":"REST"},{"floor":24.0,"key":"REST"},{"floor":27.0,"key":"REST"},{"data":"ScarletSymphony","floor":29.0,"key":"SMITH"},{"data":"TransientEternity","floor":32.0,"key":"SMITH"},{"data":"Ultimatum","floor":42.0,"key":"SMITH"},{"data":"ChainGang","floor":45,"key":"SMITH"},{"data":"ScarletNetherworld","floor":49,"key":"SMITH"}],"circlet_count":0,"master_deck":["Strike_RM","Strike_RM","Defend_RM","Defend_RM","Defend_RM","RedMoon","ScarletShoot","TricksterDevil","ChainGang+1","RedRainbow","DiffusionOfMisfortune+1","EndlessAdversity","ForbiddenFruit+1","ScarletDream+1","HellCatastrophe","Ultimatum+1","EquivalentExchange","BombardNight","ScarletSymphony+1","Stigmanizer+1","Writhe","NightDance+1","BloodAndWine+1","ScarletDevilSign+1","BombardNight+1","VampireClaw+1","NightLord+1","TransientEternity+1","BloodyCatastrophe","DiffusionOfMisfortune+1","Doubt","RedNightlessCastle+1","HunterOfTheNight+1","ReplayTheSpireMod:Splinters","SuperhumanBloodyKnife+1","ScarletNetherworld+1","BloodHunter+1"],"relics":["ScarletHat","CeramicFish","HollowMod:PaleOreRelic","InkBottle","Painkiller Herb","Replay:Ringing Soul","Molten Egg 2","Ornamental Fan","Replay:Bottled Steam","FairyMaid","Onion Ring","Philosopher\u0027s Stone","ReplayTheSpireMod:Ring of Challenge","ReplayTheSpireMod:Ring of Addiction","Potion Belt","Toy Ornithopter","Kunai","Divine Protection","Happy Flower","Pet Ghost","Blue Candle"],"acts_visited":["Exordium","TheCity","TheBeyond"],"potions_floor_usage":[44,47,50,50,50,50],"damage_taken":[{"damage":0.0,"enemies":"Jaw Worm","floor":1.0,"turns":4.0},{"damage":0.0,"enemies":"Cultist","floor":3.0,"turns":5.0},{"damage":0.0,"enemies":"2 Louse","floor":4.0,"turns":3.0},{"damage":2.0,"enemies":"Blue Slaver","floor":5.0,"turns":4.0},{"damage":5.0,"enemies":"Replay:BlueRogue","floor":7.0,"turns":5.0},{"damage":0.0,"enemies":"Exordium Thugs","floor":10.0,"turns":2.0},{"damage":25.0,"enemies":"Lagavulin","floor":12.0,"turns":5.0},{"damage":0.0,"enemies":"Exordium Wildlife","floor":14.0,"turns":3.0},{"damage":11.0,"enemies":"Hexaghost","floor":16.0,"turns":8.0},{"damage":14.0,"enemies":"2 Thieves","floor":18.0,"turns":3.0},{"damage":5.0,"enemies":"3 Byrds","floor":19.0,"turns":2.0},{"damage":0.0,"enemies":"3 Cultists","floor":20.0,"turns":2.0},{"damage":29.0,"enemies":"Book of Stabbing","floor":23.0,"turns":6.0},{"damage":32.0,"enemies":"Replay:Snechameleon","floor":25.0,"turns":4.0},{"damage":4.0,"enemies":"Gremlin Leader","floor":28.0,"turns":4.0},{"damage":0.0,"enemies":"Snake Plant","floor":30.0,"turns":2.0},{"damage":5.0,"enemies":"Shelled Parasite and Fungi","floor":31.0,"turns":2.0},{"damage":58.0,"enemies":"Champ","floor":33.0,"turns":5.0},{"damage":49.0,"enemies":"3 Darklings","floor":35.0,"turns":1.0},{"damage":15.0,"enemies":"3 Shapes","floor":36.0,"turns":2.0},{"damage":0.0,"enemies":"Transient","floor":38.0,"turns":5.0},{"damage":24.0,"enemies":"Maw","floor":39.0,"turns":5.0},{"damage":0.0,"enemies":"HollowMod:StalkingDevout","floor":41.0,"turns":2.0},{"damage":0,"enemies":"Giant Head","floor":44,"turns":5},{"damage":16,"enemies":"HollowMod:StalkingDevout","floor":47,"turns":3},{"damage":0,"enemies":"Sphere and 2 Shapes","floor":48,"turns":2},{"damage":38,"enemies":"Replay:Hell Engine","floor":50,"turns":7},{"damage":7,"enemies":"Malkuth","floor":51,"turns":4},{"damage":95,"enemies":"Netzach","floor":51,"turns":8}],"seed_played":"4953509084803647332","potions_obtained":[{"floor":1.0,"key":"BlessingOfTheForge"},{"floor":4.0,"key":"Fire Potion"},{"floor":13.0,"key":"Fire Potion"},{"floor":14.0,"key":"LiquidBronze"},{"floor":18.0,"key":"Fire Potion"},{"floor":31.0,"key":"Fruit Juice"},{"floor":33.0,"key":"Languid Potion"},{"floor":37.0,"key":"DestinyDice"},{"floor":37.0,"key":"LifebloodPotion"},{"floor":40.0,"key":"DistilledChaos"},{"floor":44,"key":"Fire Potion"},{"floor":47,"key":"Explosive Potion"}],"is_trial":false,"path_per_floor":["M","?","M","M","M","R","E","R","T","M","R","E","?","M","R","B",null,"?","?","?","?","T","E","T","E","T","T","E","T","?","?","T","B",null,"?","?","?","?","?","?","E","T","T","E","T","T","E","?","T","B",null],"character_chosen":"REMILIA","items_purchased":["Molten Egg 2","NightDance+1","Pet Ghost","ScarletNetherworld"],"campfire_rested":3,"item_purchase_floors":[22,22,46,46],"current_hp_per_floor":[68,68,68,68,66,66,61,61,61,61,61,37,37,37,57,51,68,54,49,49,52,55,38,61,40,40,64,65,65,68,74,74,76,97,51,36,39,60,49,52,57,57,57,94,94,97,100,100,100,80],"gold":570,"neow_bonus":"THREE_RARE_CARDS","is_daily":false,"chose_seed":false,"campfire_upgraded":8,"win_rate":0.0,"timestamp":1611773437,"path_taken":["M","?","M","M","M","R","E","R","T","M","R","E","?","?","R","BOSS","?","?","?","?","?","E","T","E","T","T","E","T","?","?","T","BOSS","?","?","?","?","?","?","E","T","T","E","T","T","E","?","T","BOSS"],"items_purchased_type":["Relic","Card","Relic","Card"],"build_version":"2020-12-18","purchased_purges":2,"victory":true,"max_hp_per_floor":[68,68,68,68,68,68,68,68,68,68,68,68,68,68,68,68,68,68,68,68,71,74,77,77,80,80,80,83,83,86,94,94,97,97,100,100,103,106,109,112,112,112,112,112,112,115,118,118,118,118],"card_choices":[{"not_picked":["ForecastOfChange","ChaoticDestiny"],"picked":"TricksterDevil","floor":0.0},{"not_picked":["FitfulNightmare","NightDance"],"picked":"ChainGang","floor":1.0},{"not_picked":["ScarletDevil","BombardNight"],"picked":"RedRainbow","floor":3.0},{"not_picked":["ReincarnationDial","CharismaGuard"],"picked":"DiffusionOfMisfortune","floor":4.0},{"not_picked":["Septette","Stigmanizer"],"picked":"EndlessAdversity","floor":5.0},{"not_picked":["CharismaGuard","DiffusionOfMisfortune"],"picked":"ForbiddenFruit","floor":7.0},{"not_picked":["BlasphemousPunishment","ChaoticDestiny"],"picked":"ScarletDream","floor":10.0},{"not_picked":["DiffusionOfMisfortune","MillenniumVampire"],"picked":"HellCatastrophe","floor":12.0},{"not_picked":["FavorOfDestiny","FitfulNightmare"],"picked":"Ultimatum","floor":14.0},{"not_picked":["BloodRain","TricksterDevil"],"picked":"EquivalentExchange","floor":16.0},{"not_picked":["UnderTheZenith","RedRainbow"],"picked":"BombardNight","floor":18.0},{"not_picked":["ScarletDevil","StarOfDavid+1"],"picked":"ScarletSymphony","floor":19.0},{"not_picked":["MillenniumVampire","MastersStateliness"],"picked":"Stigmanizer+1","floor":20.0},{"not_picked":["ReincarnationDial","ScarletSymphony+1"],"picked":"BloodAndWine+1","floor":23.0},{"not_picked":["EmergencyRegeneration","BloodHunter+1"],"picked":"ScarletDevilSign+1","floor":23.0},{"not_picked":["Stigmanizer+1","ReincarnationDial"],"picked":"BombardNight+1","floor":25.0},{"not_picked":["BadLadyScramble","ScarletImprint+1"],"picked":"VampireClaw+1","floor":28.0},{"not_picked":["UnderTheZenith","GlobalNightmare"],"picked":"NightLord+1","floor":30.0},{"not_picked":["EndlessAdversity+1","TwelveNightmare+1"],"picked":"TransientEternity","floor":31.0},{"not_picked":["BloodRain","CurseOfVladTepes"],"picked":"BloodyCatastrophe","floor":33.0},{"not_picked":["Ultimatum+1","ScarletDream"],"picked":"DiffusionOfMisfortune+1","floor":35.0},{"not_picked":["Maim+1","BlasphemousPunishment+1","Stigmanizer+1"],"picked":"SKIP","floor":36.0},{"not_picked":["BlasphemousPunishment+1","EndlessAdversity+1"],"picked":"RedNightlessCastle+1","floor":38.0},{"not_picked":["BombardNight+1","NightDance+1"],"picked":"HunterOfTheNight+1","floor":39.0},{"not_picked":["RedNightlessCastle+1","RedMagic+1"],"picked":"SuperhumanBloodyKnife+1","floor":40.0},{"not_picked":["ScarletMeister","RedRainbow+1","ScarletGensokyo"],"picked":"SKIP","floor":41.0},{"not_picked":["FavorOfDestiny+1","Stigmanizer+1","VampireClaw+1"],"picked":"SKIP","floor":44},{"not_picked":["BloodAndWine","BombardNight+1"],"picked":"BloodHunter+1","floor":47},{"not_picked":["DiffusionOfMisfortune+1","ScarletDevil+1","ScarletImprint+1"],"picked":"SKIP","floor":48}],"player_experience":588973,"relics_obtained":[{"floor":7.0,"key":"CeramicFish"},{"floor":9.0,"key":"HollowMod:PaleOreRelic"},{"floor":12.0,"key":"InkBottle"},{"floor":23.0,"key":"Ornamental Fan"},{"floor":25.0,"key":"Replay:Bottled Steam"},{"floor":26.0,"key":"FairyMaid"},{"floor":28.0,"key":"Onion Ring"},{"floor":37.0,"key":"ReplayTheSpireMod:Ring of Challenge"},{"floor":37.0,"key":"ReplayTheSpireMod:Ring of Addiction"},{"floor":37.0,"key":"Potion Belt"},{"floor":37.0,"key":"Toy Ornithopter"},{"floor":41.0,"key":"Kunai"},{"floor":43.0,"key":"Divine Protection"},{"floor":44,"key":"Happy Flower"},{"floor":47,"key":"Blue Candle"}],"event_choices":[{"cards_removed":["Strike_RM"],"damage_healed":0.0,"max_hp_gain":0.0,"max_hp_loss":0.0,"gold_gain":0.0,"event_name":"The Cleric","player_choice":"Card Removal","floor":2.0,"gold_loss":50.0,"damage_taken":0.0},{"damage_healed":0.0,"max_hp_gain":0.0,"max_hp_loss":0.0,"gold_gain":0.0,"event_name":"Lab","player_choice":"Got Potions","floor":13.0,"gold_loss":0.0,"damage_taken":0.0},{"damage_healed":0.0,"max_hp_gain":0.0,"max_hp_loss":0.0,"gold_gain":0.0,"event_name":"The Mausoleum","player_choice":"Opened","floor":21.0,"gold_loss":0.0,"damage_taken":0.0,"relics_obtained":["Replay:Ringing Soul"],"cards_obtained":["Writhe"]}],"is_beta":true,"boss_relics":[{"not_picked":["Runic Dome","Kintsugi"],"picked":"Painkiller Herb"},{"not_picked":["Coffee Dripper","Honey Jar"],"picked":"Philosopher\u0027s Stone"}],"items_purged_floors":[22,46],"is_endless":false,"potions_floor_spawned":[1,4,14,16,18,19,31,33,36,44,47],"ascension_level":3}}