{"host":"6qo42zgaknezulyg","time":1611755529,"event":{"mods":["2.2 Compatiblity","BaseMod","Faster Ascension Climbing","Keyboard Shortcuts","Minty Spire (QoL Compilation)","Permanent Neow","Quick Restart","Remilia£¨?Ú·×é?£©","StSLib","SuperFastMode"],"gold_per_floor":[112,131,206,256,15,15,34,60,60,60,76,95,120,148,148,223,223,243,263,74,91,105,105,140,140,166,192,212,246,259,309,309,383,383,393,407,432,485,495,495,523,535,547,392,402,402,0,20,20,20,20],"floor_reached":52,"language":"ENG","playtime":2792,"items_purged":["Strike_RM"],"score":2004,"play_id":"20387b80-091d-4fcd-958d-2c37890c70a0","local_time":"20210127225209","is_ascension_mode":true,"campfire_choices":[{"data":"BloodySeventeenLaser","floor":6.0,"key":"SMITH"},{"data":"TwelveNightmare","floor":10.0,"key":"SMITH"},{"data":"MiserableFate","floor":15.0,"key":"SMITH"},{"data":"BloodRain","floor":23.0,"key":"SMITH"},{"data":"MastersStateliness","floor":25.0,"key":"SMITH"},{"data":"UnstableMagic","floor":32.0,"key":"SMITH"},{"floor":40.0,"key":"REST"},{"data":"FitfulNightmare","floor":42.0,"key":"SMITH"},{"data":"RedMoon","floor":46.0,"key":"SMITH"},{"data":"DiffusionOfMisfortune","floor":49.0,"key":"SMITH"}],"circlet_count":0,"master_deck":["AscendersBane","Strike_RM","Strike_RM","Strike_RM","Defend_RM","Defend_RM","Defend_RM","Defend_RM","RedMoon+1","ScarletShoot","BloodySeventeenLaser+1","TwelveNightmare+1","VampireFantasy","MiserableFate+1","DiffusionOfMisfortune+1","ScarletImprint","MastersStateliness+1","BloodRain+1","UnstableMagic+1","ReincarnationDial+1","HeartBreak+1","ScarletImprint+1","ForecastOfChange+1","DevilSight+1","FitfulNightmare+1","DiffusionOfMisfortune+1"],"relics":["ScarletHat","Vajra","Kunai","Pantograph","Akabeko","Singing Bowl","Black Star","Happy Flower","Molten Egg 2","Bag of Preparation","Dream Catcher","Boot","Smiling Mask","Oddly Smooth Stone","Anchor","Sozu","TungstenRod","Lizard Tail","CaptainsWheel","MawBank","Ornamental Fan","Orrery","Red Mask"],"acts_visited":["Exordium","TheCity","TheBeyond"],"potions_floor_usage":[51,51],"damage_taken":[{"damage":0.0,"enemies":"Small Slimes","floor":1.0,"turns":4.0},{"damage":1.0,"enemies":"Cultist","floor":2.0,"turns":5.0},{"damage":0.0,"enemies":"Jaw Worm","floor":7.0,"turns":3.0},{"damage":8.0,"enemies":"3 Sentries","floor":8.0,"turns":11.0},{"damage":2.0,"enemies":"2 Fungi Beasts","floor":11.0,"turns":2.0},{"damage":0.0,"enemies":"Large Slime","floor":12.0,"turns":3.0},{"damage":0.0,"enemies":"Lagavulin","floor":14.0,"turns":1.0},{"damage":32.0,"enemies":"Hexaghost","floor":16.0,"turns":6.0},{"damage":1.0,"enemies":"Chosen","floor":18.0,"turns":5.0},{"damage":3.0,"enemies":"Shell Parasite","floor":19.0,"turns":2.0},{"damage":8.0,"enemies":"3 Cultists","floor":21.0,"turns":7.0},{"damage":0.0,"enemies":"Centurion and Healer","floor":22.0,"turns":5.0},{"damage":31.0,"enemies":"Book of Stabbing","floor":24.0,"turns":5.0},{"damage":21.0,"enemies":"Gremlin Leader","floor":27.0,"turns":3.0},{"damage":0.0,"enemies":"Snake Plant","floor":28.0,"turns":2.0},{"damage":16.0,"enemies":"Slavers","floor":29.0,"turns":10.0},{"damage":0.0,"enemies":"Chosen and Byrds","floor":30.0,"turns":8.0},{"damage":11.0,"enemies":"Automaton","floor":33.0,"turns":3.0},{"damage":23.0,"enemies":"3 Shapes","floor":35.0,"turns":5.0},{"damage":22.0,"enemies":"3 Darklings","floor":36.0,"turns":10.0},{"damage":0.0,"enemies":"Mind Bloom Boss Battle","floor":37.0,"turns":4.0},{"damage":12.0,"enemies":"2 Orb Walkers","floor":38.0,"turns":3.0},{"damage":10.0,"enemies":"Sphere and 2 Shapes","floor":39.0,"turns":4.0},{"damage":6.0,"enemies":"Nemesis","floor":41.0,"turns":8.0},{"damage":10.0,"enemies":"4 Shapes","floor":45.0,"turns":8.0},{"damage":27.0,"enemies":"Writhing Mass","floor":48.0,"turns":6.0},{"damage":20.0,"enemies":"Donu and Deca","floor":50.0,"turns":8.0},{"damage":0,"enemies":"Awakened One","floor":51,"turns":9}],"seed_played":"5003386821742648491","potions_obtained":[{"floor":1.0,"key":"SpeedPotion"},{"floor":2.0,"key":"LiquidMemories"},{"floor":11.0,"key":"LiquidMemories"},{"floor":12.0,"key":"EntropicBrew"},{"floor":19.0,"key":"Weak Potion"},{"floor":24.0,"key":"Energy Potion"},{"floor":28.0,"key":"SkillPotion"},{"floor":29.0,"key":"FearPotion"},{"floor":33.0,"key":"Dexterity Potion"}],"is_trial":false,"path_per_floor":["M","M","?","?","$","R","M","E","T","R","M","M","T","E","R","B",null,"M","M","$","M","M","R","E","R","T","E","M","E","M","?","R","B",null,"M","M","?","?","M","R","E","R","T","$","M","R","?","M","R","B","B",null],"character_chosen":"REMILIA","items_purchased":["Vajra","Happy Flower","UnstableMagic","Orrery"],"campfire_rested":1,"item_purchase_floors":[5,20,20,44],"current_hp_per_floor":[63,64,53,46,46,46,48,42,42,42,41,41,41,41,41,53,66,69,68,68,62,64,64,39,39,39,30,32,20,22,22,22,41,72,52,39,68,69,59,88,86,86,86,94,95,95,95,72,72,88,104],"gold":20,"neow_bonus":"ONE_RANDOM_RARE_CARD","is_daily":false,"chose_seed":true,"campfire_upgraded":9,"win_rate":0.0,"timestamp":1611755529,"path_taken":["M","M","?","?","$","R","?","E","T","R","M","M","?","E","R","BOSS","M","M","$","M","M","R","E","R","T","E","M","E","M","?","R","BOSS","M","M","?","?","M","R","E","R","T","?","M","R","?","M","R","BOSS","BOSS"],"items_purchased_type":["Relic","Relic","Card","Relic"],"build_version":"2020-12-22","purchased_purges":1,"victory":true,"max_hp_per_floor":[70,70,70,70,70,70,70,70,70,70,70,70,70,70,70,70,70,72,74,74,74,76,76,76,76,76,76,78,80,82,82,82,82,82,84,86,88,90,90,92,92,92,92,100,102,102,102,104,104,104,104],"card_choices":[{"not_picked":["StarOfDavid","RedMagic","Stigmanizer"],"picked":"SKIP","floor":1.0},{"not_picked":["StarOfDavid","RedMagic","Stigmanizer"],"picked":"SKIP","floor":1.0},{"not_picked":["UltimateOffering","Stigmanizer"],"picked":"TwelveNightmare","floor":2.0},{"not_picked":["UnderTheZenith","BombardNight"],"picked":"VampireFantasy","floor":7.0},{"not_picked":["FavorOfDestiny","ReincarnationDial"],"picked":"MiserableFate","floor":8.0},{"not_picked":["RedRainbow","RedMagic"],"picked":"DiffusionOfMisfortune","floor":11.0},{"not_picked":["StarOfDavid","ChainGang"],"picked":"ScarletImprint","floor":12.0},{"not_picked":["MiserableFate","UltimateOffering"],"picked":"MastersStateliness","floor":14.0},{"not_picked":["ForecastOfChange","ScarletMeister"],"picked":"BloodRain","floor":16.0},{"not_picked":["BloodHunter","ScarletDevil","VampirishNight"],"picked":"Singing Bowl","floor":18.0},{"not_picked":["BombardNight","ScarletDevilSign","NightDance"],"picked":"Singing Bowl","floor":19.0},{"not_picked":["BombardNight","StarOfDavid"],"picked":"ReincarnationDial+1","floor":21.0},{"not_picked":["SuperhumanBloodyKnife","EndlessAdversity+1","FavorOfDestiny"],"picked":"Singing Bowl","floor":22.0},{"not_picked":["DemonKingCradle","ScarletNetherworld"],"picked":"HeartBreak+1","floor":24.0},{"not_picked":["EndlessAdversity+1","RedRainbow+1"],"picked":"ScarletImprint+1","floor":27.0},{"not_picked":["ScarletImprint+1","LeisurelyOfLord+1","GlobalNightmare"],"picked":"Singing Bowl","floor":28.0},{"not_picked":["EmergencyRegeneration","MiserableFate","FavorOfDestiny"],"picked":"Singing Bowl","floor":29.0},{"not_picked":["VampireKiss+1","ScarletImprint+1","NightDance+1"],"picked":"Singing Bowl","floor":30.0},{"not_picked":["BloodyCatastrophe","EquivalentExchange"],"picked":"ForecastOfChange+1","floor":33.0},{"not_picked":["BlasphemousPunishment","BloodHunter","VampireFantasy+1"],"picked":"Singing Bowl","floor":35.0},{"not_picked":["ChainGang+1","StarOfDavid+1","RedMagic+1"],"picked":"Singing Bowl","floor":36.0},{"not_picked":["ForbiddenFruit+1","StarOfDavid+1","BlasphemousPunishment"],"picked":"Singing Bowl","floor":37.0},{"not_picked":["DiffusionOfMisfortune+1","GlobalNightmare","CharismaGuard+1"],"picked":"Singing Bowl","floor":38.0},{"not_picked":["MastersStateliness+1","NightLord+1"],"picked":"DevilSight+1","floor":39.0},{"not_picked":["BlasphemousPunishment","RedRainbow+1","ScarletGensokyo+1"],"picked":"Singing Bowl","floor":40.0},{"not_picked":["GlobalNightmare","ChaoticDestiny"],"picked":"FitfulNightmare","floor":41.0},{"not_picked":["StarOfDavid+1","DiffusionOfMisfortune+1","UnderTheZenith"],"picked":"Singing Bowl","floor":44.0},{"not_picked":["DiffusionOfMisfortune+1","CharismaGuard","ScarletDevilSign+1"],"picked":"Singing Bowl","floor":44.0},{"not_picked":["Stigmanizer+1","BloodyMagicSquare","UnstableMagic"],"picked":"Singing Bowl","floor":44.0},{"not_picked":["KillingBlow+1","UnstableMagic","BlasphemousPunishment"],"picked":"Singing Bowl","floor":44.0},{"not_picked":["BloodyMagicSquare+1","ChainGang+1"],"picked":"DiffusionOfMisfortune+1","floor":44.0},{"not_picked":["BlasphemousPunishment","UnderTheZenith","Septette"],"picked":"Singing Bowl","floor":45.0},{"not_picked":["RedMagic","ScarletSymphony","StarOfDavid+1"],"picked":"Singing Bowl","floor":48.0}],"player_experience":733501,"relics_obtained":[{"floor":8.0,"key":"Kunai"},{"floor":9.0,"key":"Pantograph"},{"floor":13.0,"key":"Akabeko"},{"floor":14.0,"key":"Singing Bowl"},{"floor":24.0,"key":"Molten Egg 2"},{"floor":24.0,"key":"Bag of Preparation"},{"floor":26.0,"key":"Dream Catcher"},{"floor":27.0,"key":"Boot"},{"floor":27.0,"key":"Smiling Mask"},{"floor":29.0,"key":"Oddly Smooth Stone"},{"floor":29.0,"key":"Anchor"},{"floor":37.0,"key":"TungstenRod"},{"floor":38.0,"key":"Lizard Tail"},{"floor":41.0,"key":"CaptainsWheel"},{"floor":41.0,"key":"MawBank"},{"floor":43.0,"key":"Ornamental Fan"}],"event_choices":[{"damage_healed":0.0,"max_hp_gain":0.0,"max_hp_loss":0.0,"gold_gain":75.0,"event_name":"World of Goop","player_choice":"Gather Gold","floor":3.0,"gold_loss":0.0,"damage_taken":11.0},{"damage_healed":0.0,"max_hp_gain":0.0,"max_hp_loss":0.0,"gold_gain":50.0,"event_name":"FaceTrader","player_choice":"Touch","floor":4.0,"gold_loss":0.0,"damage_taken":7.0},{"damage_healed":0.0,"max_hp_gain":0.0,"max_hp_loss":0.0,"gold_gain":50.0,"event_name":"Nest","player_choice":"Stole From Cult","floor":31.0,"gold_loss":0.0,"damage_taken":0.0},{"damage_healed":0.0,"max_hp_gain":0.0,"max_hp_loss":0.0,"gold_gain":0.0,"event_name":"MindBloom","player_choice":"Fight","floor":37.0,"gold_loss":0.0,"damage_taken":0.0},{"damage_healed":0.0,"max_hp_gain":0.0,"max_hp_loss":0.0,"gold_gain":0.0,"event_name":"Mysterious Sphere","player_choice":"Fight","floor":38.0,"gold_loss":0.0,"damage_taken":0.0},{"damage_healed":0.0,"max_hp_gain":0.0,"max_hp_loss":0.0,"gold_gain":0.0,"event_name":"Tomb of Lord Red Mask","player_choice":"Paid","floor":47.0,"gold_loss":402.0,"damage_taken":0.0,"relics_obtained":["Red Mask"]}],"is_beta":false,"boss_relics":[{"not_picked":["Runic Pyramid","SlaversCollar"],"picked":"Black Star"},{"not_picked":["Snecko Eye","Empty Cage"],"picked":"Sozu"}],"items_purged_floors":[5],"is_endless":false,"potions_floor_spawned":[1,2,11,12,19,24,28,29,33,36,37,41,45,48],"ascension_level":20}}