{"host":"38abhf7uonnoqlzr","time":1613992575,"event":{"mods":["Act Like it!","Aspiration","BaseMod","Better Note","Better Third Choice","Block Reminder","CapriCore","Colored Map","Conspire","Displayed Cursed Tome","Dota2Spire","Energized Spire","Friendly Minions","Hallownest","Hubris","Minty Spire (QoL Compilation)","Pale of the Ancients","Rare Cards Sparkle","Reimu??????","Relic Stats","Reliquary","Replay The Spire","Ruina","Spicy Shops","StSLib","Waifu the Spire"],"gold_per_floor":[111,129,142,159,126,151,151,185,185,197,226,237,254,67,67,165,165,165,165],"floor_reached":18,"language":"ENG","playtime":2010,"items_purged":[],"score":284,"play_id":"e89d0ad6-4384-4547-bb13-ad91c11dbc95","local_time":"20210222121615","is_ascension_mode":false,"campfire_choices":[{"floor":7.0,"key":"REST"},{"floor":15.0,"key":"REST"}],"circlet_count":0,"master_deck":["Strike_Lin:ReiMu","Strike_Lin:ReiMu","Strike_Lin:ReiMu","Strike_Lin:ReiMu","Defend_Lin:ReiMu","Defend_Lin:ReiMu","Defend_Lin:ReiMu","Defend_Lin:ReiMu","NB:ReiMu","Stagnation:ReiMu","SpiritualOutbreak2:ReiMu","SpringWay:ReiMu","Intuition:ReiMu","BlastKick2:ReiMu","TightArray:ReiMu+1","FoulBorder2:ReiMu","UniversalSpiritual:ReiMu","DoubleButterfly:ReiMu","SpiritualOutbreak2:ReiMu","Gathering:ReiMu","YinYangSange:ReiMu","Mayhem","KyokaiOfKami:ReiMu","CurseOfTheBell"],"relics":["FlyPower:ReiMu","Pet Ghost","reliquary:BoilingFlask","Eternal Feather","Singing Bowl","Dota2Spire:LotusOrb","Calling Bell","Pen Nib","reliquary:BoilingFlask","Pocketwatch"],"acts_visited":["Exordium","Exordium"],"potions_floor_usage":[],"damage_taken":[{"damage":0.0,"enemies":"Cultist","floor":1.0,"turns":4.0},{"damage":0.0,"enemies":"2 Louse","floor":2.0,"turns":3.0},{"damage":1.0,"enemies":"conspire:RoseBush","floor":3.0,"turns":3.0},{"damage":7.0,"enemies":"Exordium Wildlife","floor":4.0,"turns":6.0},{"damage":29.0,"enemies":"3 Sentries","floor":6.0,"turns":9.0},{"damage":15.0,"enemies":"Gremlin Nob","floor":8.0,"turns":4.0},{"damage":0.0,"enemies":"2 Fungi Beasts","floor":10.0,"turns":4.0},{"damage":19.0,"enemies":"3 Sentries","floor":11.0,"turns":8.0},{"damage":8.0,"enemies":"Blue Slaver","floor":12.0,"turns":4.0},{"damage":0.0,"enemies":"Looter","floor":13.0,"turns":4.0},{"damage":20.0,"enemies":"Hexaghost","floor":16.0,"turns":10.0},{"damage":47,"enemies":"ruina:3_Bats","floor":18,"turns":4}],"seed_played":"-8144663268560064868","potions_obtained":[{"floor":1.0,"key":"DuplicationPotion"},{"floor":6.0,"key":"PinkPotion:ReiMu"},{"floor":8.0,"key":"Milkshake"},{"floor":12.0,"key":"LiquidBronze"}],"is_trial":false,"path_per_floor":["M","M","M","M","$","E","R","E","T","M","E","M","M","$","R","B",null,"M"],"character_chosen":"REIMU","items_purchased":["TightArray:ReiMu+1","Mayhem"],"campfire_rested":2,"item_purchase_floors":[5,14],"current_hp_per_floor":[65,65,64,57,57,28,47,32,32,32,14,6,6,6,37,17,66,19,19],"gold":165,"neow_bonus":"RANDOM_COMMON_RELIC","is_daily":false,"chose_seed":false,"campfire_upgraded":0,"win_rate":0.0,"timestamp":1613992575,"path_taken":["M","M","M","M","$","E","R","E","T","M","E","?","M","$","R","BOSS","M"],"items_purchased_type":["Card","Card"],"build_version":"2020-12-22","purchased_purges":0,"victory":false,"max_hp_per_floor":[65,65,65,65,65,65,65,65,65,65,66,66,66,66,66,66,66,66,66],"relic_stats":{"Singing Bowl":0,"counters":[12,63],"Eternal Feather":12,"Pen Nib":[0],"obtain_stats":[{"Calling Bell":17,"Singing Bowl":9,"reliquary:BoilingFlask":6,"Eternal Feather":8,"Pen Nib":17,"reliquary:SculptingSteel":17,"FlyPower:ReiMu":0,"Pet Ghost":0,"Dota2Spire:LotusOrb":11,"Pocketwatch":17},{"Calling Bell":11,"Singing Bowl":6,"reliquary:BoilingFlask":5,"Eternal Feather":6,"Pen Nib":11,"reliquary:SculptingSteel":11,"FlyPower:ReiMu":0,"Pet Ghost":0,"Dota2Spire:LotusOrb":8,"Pocketwatch":11},{"Calling Bell":59,"Singing Bowl":29,"reliquary:BoilingFlask":25,"Eternal Feather":29,"Pen Nib":59,"reliquary:SculptingSteel":59,"FlyPower:ReiMu":0,"Pet Ghost":0,"Dota2Spire:LotusOrb":41,"Pocketwatch":59}],"Pocketwatch":[3]},"card_choices":[{"not_picked":["SubcavityInstant:ReiMu","TightArray:ReiMu"],"picked":"SpiritualOutbreak2:ReiMu","floor":1.0},{"not_picked":["SpreadBorder2:ReiMu","SubAcupoint:ReiMu"],"picked":"SpringWay:ReiMu","floor":2.0},{"not_picked":["ForcedLanding:ReiMu","WonderfulDomain:ReiMu"],"picked":"Intuition:ReiMu","floor":3.0},{"not_picked":["SealNeedle:ReiMu","AlertArray:ReiMu"],"picked":"BlastKick2:ReiMu","floor":4.0},{"not_picked":["ForcedLanding:ReiMu","KamiSacrifice:ReiMu"],"picked":"FoulBorder2:ReiMu","floor":6.0},{"not_picked":["KamiSacrifice:ReiMu","TakeOff:ReiMu"],"picked":"UniversalSpiritual:ReiMu","floor":8.0},{"not_picked":["EmergencyTakeOff:ReiMu","RainPray2:ReiMu"],"picked":"DoubleButterfly:ReiMu","floor":10.0},{"not_picked":["OrbThrow:ReiMu","Enchanting:ReiMu"],"picked":"SpiritualOutbreak2:ReiMu","floor":11.0},{"not_picked":["AlertArray:ReiMu","SpreadBorder2:ReiMu"],"picked":"Gathering:ReiMu","floor":12.0},{"not_picked":["ForcedLanding:ReiMu","SafetyPray:ReiMu"],"picked":"YinYangSange:ReiMu","floor":13.0},{"not_picked":["OctopathSalyBorderN:ReiMu","CeremonyResonance:ReiMu"],"picked":"KyokaiOfKami:ReiMu","floor":16.0}],"player_experience":209736,"relics_obtained":[{"floor":6.0,"key":"reliquary:BoilingFlask"},{"floor":8.0,"key":"Eternal Feather"},{"floor":9.0,"key":"Singing Bowl"},{"floor":11.0,"key":"Dota2Spire:LotusOrb"},{"floor":17,"key":"Pen Nib"},{"floor":17,"key":"reliquary:SculptingSteel"},{"floor":17,"key":"Pocketwatch"}],"event_choices":[],"is_beta":false,"boss_relics":[{"not_picked":["CrownOfHeavens:ReiMu","Replay:Drink Me"],"picked":"Calling Bell"}],"items_purged_floors":[],"is_endless":false,"potions_floor_spawned":[1,6,8,10,12],"killed_by":"ruina:3_Bats","ascension_level":0}}