{"host":"8th1b252t61ilvte","time":1613977195,"event":{"mods":["BaseMod","Better Altar","Better Match","Better Note","Better Sensory Stone","Better Skull","Better Third Choice","Colored Map","Hermit","Minty Spire (QoL Compilation)","Permanent Neow","Relic Stats","StSLib","The IronCluck","The Problem Sleuth","everything is the same but u backflip on backflip"],"gold_per_floor":[109,109,129,140,157,157,187,18,69,69,69,104,104,117,117,210,210,226,226,226,226,226,226,4,34,34,69,0,0,20,20,20],"floor_reached":31,"language":"ENG","playtime":1567,"items_purged":[],"score":502,"play_id":"4764199e-47e1-413c-9286-18b35734ea3c","local_time":"20210222015955","is_ascension_mode":true,"campfire_choices":[{"data":"Eruption","floor":6.0,"key":"SMITH"},{"data":"Consecrate","floor":11.0,"key":"SMITH"},{"data":"Vigilance","floor":15.0,"key":"SMITH"},{"floor":23,"key":"REST"}],"circlet_count":0,"master_deck":["AscendersBane","Strike_P","Strike_P","Strike_P","Strike_P","Defend_P","Defend_P","Defend_P","Defend_P","Eruption+1","Vigilance+1","EmptyBody","FlurryOfBlows","Adaptation","Consecrate+1","Regret","ReachHeaven","FlurryOfBlows","WaveOfTheHand","FlurryOfBlows","JustLucky"],"relics":["PureWater","TungstenRod","CultistMask","Ornamental Fan","Nunchaku","Juzu Bracelet","Oddly Smooth Stone","Pantograph","Bloody Idol","SacredBark","MutagenicStrength","Vajra","Blood Vial","Melange","GoldenEye","Dream Catcher"],"acts_visited":["Exordium","TheCity"],"potions_floor_usage":[25,25,27],"damage_taken":[{"damage":1.0,"enemies":"Jaw Worm","floor":1.0,"turns":3.0},{"damage":0.0,"enemies":"Cultist","floor":3.0,"turns":3.0},{"damage":0.0,"enemies":"2 Louse","floor":4.0,"turns":2.0},{"damage":3.0,"enemies":"Looter","floor":5.0,"turns":4.0},{"damage":4.0,"enemies":"3 Sentries","floor":7.0,"turns":8.0},{"damage":7.0,"enemies":"Lagavulin","floor":12.0,"turns":5.0},{"damage":11.0,"enemies":"Large Slime","floor":14.0,"turns":3.0},{"damage":26.0,"enemies":"Hexaghost","floor":16.0,"turns":8.0},{"damage":14,"enemies":"3 Byrds","floor":18,"turns":7},{"damage":6,"enemies":"Slavers","floor":25,"turns":7},{"damage":25,"enemies":"Book of Stabbing","floor":27,"turns":4},{"damage":4,"enemies":"Chosen","floor":30,"turns":5},{"damage":24,"enemies":"3 Cultists","floor":31,"turns":4}],"seed_played":"1266388520716735522","potions_obtained":[{"floor":3.0,"key":"BlessingOfTheForge"},{"floor":4.0,"key":"LiquidBronze"},{"floor":14.0,"key":"SneckoOil"},{"floor":16.0,"key":"BlessingOfTheForge"},{"floor":25,"key":"SneckoOil"}],"is_trial":false,"path_per_floor":["M","?","M","M","M","R","E","$","T","?","R","E","?","M","R","B",null,"M","?","?","?","?","R","$","E","T","E","?","$","M","M"],"character_chosen":"WATCHER","items_purchased":["Nunchaku","Melange","SkillPotion"],"campfire_rested":1,"item_purchase_floors":[8,24,24],"current_hp_per_floor":[60,60,60,60,57,57,53,53,53,53,53,46,46,35,35,30,50,36,36,36,36,20,36,36,37,37,19,19,19,22,0,0],"gold":20,"neow_bonus":"ONE_RARE_RELIC","is_daily":false,"chose_seed":false,"campfire_upgraded":3,"win_rate":0.0,"timestamp":1613977195,"path_taken":["M","?","M","M","?","R","E","?","T","?","R","E","?","M","R","BOSS","M","?","?","?","?","R","$","E","T","E","?","?","M","M"],"items_purchased_type":["Relic","Relic","Potion"],"build_version":"2020-12-22","purchased_purges":0,"victory":false,"max_hp_per_floor":[62,62,62,62,62,62,62,62,62,62,62,62,56,56,56,56,56,56,56,56,56,56,56,56,56,56,56,56,56,56,56,56],"relic_stats":{"Blood Vial":8,"Nunchaku":[12],"Dream Catcher":0,"counters":[13,63],"Ornamental Fan":[104],"Pantograph":21,"Bloody Idol":15,"Melange":[12],"Juzu Bracelet":2,"GoldenEye":[8],"obtain_stats":[{"Golden Idol":13,"SacredBark":17,"Oddly Smooth Stone":10,"Vajra":21,"Melange":24,"Juzu Bracelet":9,"GoldenEye":25,"Blood Vial":22,"Nunchaku":8,"Dream Catcher":27,"Ornamental Fan":7,"Pantograph":12,"MutagenicStrength":19,"Bloody Idol":22,"CultistMask":2,"PureWater":0,"TungstenRod":0},{"Golden Idol":6,"SacredBark":8,"Oddly Smooth Stone":5,"Vajra":9,"Melange":9,"Juzu Bracelet":5,"GoldenEye":10,"Blood Vial":9,"Nunchaku":5,"Dream Catcher":11,"Ornamental Fan":5,"Pantograph":6,"MutagenicStrength":9,"Bloody Idol":9,"CultistMask":1,"PureWater":0,"TungstenRod":0},{"Golden Idol":25,"SacredBark":36,"Oddly Smooth Stone":20,"Vajra":43,"Melange":43,"Juzu Bracelet":20,"GoldenEye":50,"Blood Vial":43,"Nunchaku":20,"Dream Catcher":54,"Ornamental Fan":20,"Pantograph":25,"MutagenicStrength":43,"Bloody Idol":43,"CultistMask":3,"PureWater":0,"TungstenRod":0}],"TungstenRod":42},"card_choices":[{"not_picked":["PathToVictory","Crescendo"],"picked":"EmptyBody","floor":1.0},{"not_picked":["MentalFortress","FollowUp"],"picked":"FlurryOfBlows","floor":3.0},{"not_picked":["ReachHeaven","JustLucky","Consecrate"],"picked":"SKIP","floor":4.0},{"not_picked":["Protect","ThirdEye"],"picked":"Adaptation","floor":5.0},{"not_picked":["JustLucky","WaveOfTheHand"],"picked":"Consecrate","floor":7.0},{"not_picked":["Wireheading","Alpha"],"picked":"ReachHeaven","floor":12.0},{"not_picked":["PathToVictory","ThirdEye"],"picked":"FlurryOfBlows","floor":14.0},{"not_picked":["FlyingSleeves","Study"],"picked":"WaveOfTheHand","floor":18},{"not_picked":["LessonLearned","FlyingSleeves","Alpha"],"picked":"SKIP","floor":25},{"not_picked":["WheelKick","Wallop","InnerPeace"],"picked":"SKIP","floor":27},{"not_picked":["Prostrate+1","Protect"],"picked":"JustLucky","floor":30}],"player_experience":1162994,"relics_obtained":[{"floor":7.0,"key":"Ornamental Fan"},{"floor":9.0,"key":"Juzu Bracelet"},{"floor":12.0,"key":"Pantograph"},{"floor":21,"key":"Vajra"},{"floor":25,"key":"GoldenEye"},{"floor":27,"key":"Dream Catcher"}],"event_choices":[{"damage_healed":0.0,"max_hp_gain":0.0,"max_hp_loss":0.0,"gold_gain":0.0,"event_name":"FaceTrader","player_choice":"Trade","floor":2.0,"gold_loss":0.0,"damage_taken":0.0,"relics_obtained":["CultistMask"]},{"damage_healed":0.0,"max_hp_gain":0.0,"max_hp_loss":0.0,"gold_gain":0.0,"event_name":"Big Fish","player_choice":"Box","floor":10.0,"gold_loss":0.0,"damage_taken":0.0,"relics_obtained":["Oddly Smooth Stone"],"cards_obtained":["Regret"]},{"damage_healed":0.0,"max_hp_gain":0.0,"max_hp_loss":6.0,"gold_gain":0.0,"event_name":"Golden Idol","player_choice":"Lose Max HP","floor":13.0,"gold_loss":0.0,"damage_taken":0.0,"relics_obtained":["Golden Idol"]},{"damage_healed":0,"gold_gain":0,"player_choice":"Inject Mutagens","damage_taken":0,"relics_obtained":["MutagenicStrength"],"max_hp_gain":0,"max_hp_loss":0,"event_name":"Drug Dealer","floor":19,"gold_loss":0},{"damage_healed":0,"gold_gain":0,"player_choice":"Read","damage_taken":0,"max_hp_gain":0,"max_hp_loss":0,"event_name":"The Library","floor":20,"gold_loss":0,"cards_obtained":["FlurryOfBlows"]},{"damage_healed":0,"gold_gain":0,"player_choice":"Relic","damage_taken":0,"max_hp_gain":0,"max_hp_loss":0,"event_name":"Wheel of Change","floor":21,"gold_loss":0},{"damage_healed":0,"gold_gain":0,"player_choice":" GoldIdol Vial ","damage_taken":18,"relics_obtained":["Bloody Idol","Blood Vial"],"max_hp_gain":36,"max_hp_loss":20,"event_name":"betterAltar:BetterAltar","floor":22,"potions_obtained":[],"relics_lost":["Golden Idol"],"gold_loss":0},{"damage_healed":0,"gold_gain":0,"player_choice":"Paid Fearfully","damage_taken":0,"max_hp_gain":0,"max_hp_loss":0,"event_name":"Masked Bandits","floor":28,"gold_loss":69}],"is_beta":false,"boss_relics":[{"not_picked":["Ectoplasm","Velvet Choker"],"picked":"SacredBark"}],"items_purged_floors":[],"is_endless":false,"potions_floor_spawned":[3,4,14,16,25],"killed_by":"3 Cultists","ascension_level":16}}