{"host":"blhqr6uo32maonpv","time":1613970185,"event":{"mods":["BaseMod","Downfall","Minty Spire (QoL Compilation)","Replay The Spire","StSLib","The Bug Knight","The Marked"],"gold_per_floor":[99,110,45,56,231,251,297,197,212,129,145,162,62,47,65,168,168,168,182,182,182,197,70,120,120,120,120],"floor_reached":25,"language":"ENG","playtime":1148,"items_purged":[],"score":218,"play_id":"8089d444-b974-4fc1-8a64-c36bf0afb7c5","local_time":"20210222010305","is_ascension_mode":false,"campfire_choices":[{"floor":1,"key":"RECALL"},{"data":"bronze:Replicate","floor":8,"key":"SMITH"},{"data":"bronze:ItsAFeature","floor":13,"key":"SMITH"},{"data":"bronze:Verify","floor":18,"key":"SMITH"}],"circlet_count":0,"master_deck":["bronze:Strike","bronze:Strike","bronze:Strike","bronze:Strike","bronze:Defend","bronze:Defend","bronze:Defend","bronze:Defend","bronze:Replicate+1","bronze:Goto","bronze:ChildClass","bronze:WildBeam","bronze:DelayedSlice","bronze:DelayedSlice","Doubt","bronze:CloningBeam","bronze:WhirlingStrike","bronze:ItsAFeature+1","bronze:Optimize","bronze:Philosophize","bronze:Frontload","bronze:Branch","bronze:Repair","bronze:Verify+1","bronze:Deprecate","bronze:Verify+1","bronze:Invalidate","bronze:ForceShield","bronze:BurnOut","bronze:BurnOut"],"relics":["bronze:BronzeCore","downfall:HeartBlessingBlue","downfall:HeartBlessingRed","ChewingGum","Blood Vial"],"acts_visited":["Exordium","TheCity"],"potions_floor_usage":[9,10,14,16,23],"damage_taken":[{"damage":9,"enemies":"2 Louse","floor":2,"turns":3},{"damage":0,"enemies":"downfall:FleeingMerchant","floor":3,"turns":4},{"damage":0,"enemies":"Jaw Worm","floor":4,"turns":3},{"damage":0,"enemies":"Small Slimes","floor":6,"turns":2},{"damage":0,"enemies":"Exordium Wildlife","floor":9,"turns":2},{"damage":0,"enemies":"downfall:FleeingMerchant","floor":10,"turns":4},{"damage":0,"enemies":"3 Louse","floor":11,"turns":1},{"damage":4,"enemies":"Large Slime","floor":12,"turns":4},{"damage":0,"enemies":"downfall:FleeingMerchant","floor":14,"turns":4},{"damage":19,"enemies":"Exordium Thugs","floor":15,"turns":4},{"damage":35,"enemies":"SI_SHIV_ARCHETYPE","floor":16,"turns":10},{"damage":28,"enemies":"Spheric Guardian","floor":19,"turns":6},{"damage":10,"enemies":"3 Byrds","floor":22,"turns":3},{"damage":25,"enemies":"downfall:FleeingMerchant","floor":23,"turns":4}],"seed_played":"5599629574960667951","potions_obtained":[{"floor":2,"key":"Block Potion"},{"floor":4,"key":"Weak Potion"},{"floor":6,"key":"Ancient Potion"},{"floor":12,"key":"Elixir"},{"floor":22,"key":"champ:CounterPotion"}],"is_trial":false,"path_per_floor":["R","M","$","M","?","M","T","R","M","$","M","M","R","$","M","B",null,"R","M","?","?","M","$","T","?"],"character_chosen":"THE_AUTOMATON","items_purchased":["bronze:DelayedSlice","bronze:Optimize","bronze:BurnOut"],"campfire_rested":0,"item_purchase_floors":[3,10,23],"current_hp_per_floor":[77,68,68,68,68,68,68,78,78,78,78,74,74,74,55,27,87,87,66,49,49,39,14,14,0,0,0],"gold":120,"neow_bonus":"TEN_PERCENT_HP_BONUS","is_daily":false,"chose_seed":false,"campfire_upgraded":3,"win_rate":0.0,"timestamp":1613970185,"path_taken":["R","M","$","M","?","M","T","R","M","?","?","M","R","$","M","BOSS","R","M","?","?","?","$","T","?"],"items_purchased_type":["Card","Card","Card"],"build_version":"2020-12-22","purchased_purges":0,"victory":false,"max_hp_per_floor":[77,77,77,77,77,77,77,87,87,87,87,87,87,87,87,87,87,87,87,92,92,92,92,92,92,92,92],"card_choices":[{"not_picked":["bronze:ItsAFeature","bronze:Deprecate"],"picked":"bronze:ChildClass","floor":2},{"not_picked":["bronze:FineTuning","bronze:Invalidate"],"picked":"bronze:WildBeam","floor":3},{"not_picked":["bronze:DigitalCarnage","bronze:Backtrace"],"picked":"bronze:DelayedSlice","floor":4},{"not_picked":["bronze:Invalidate","bronze:NullPointer"],"picked":"bronze:CloningBeam","floor":6},{"not_picked":["bronze:Repulsor","bronze:ClassDefault"],"picked":"bronze:WhirlingStrike","floor":9},{"not_picked":["bronze:Format","bronze:BronzeArmor"],"picked":"bronze:ItsAFeature","floor":10},{"not_picked":["bronze:DelayedSlice","bronze:Overheat"],"picked":"bronze:Philosophize","floor":11},{"not_picked":["bronze:WildBeam","bronze:ForceShield"],"picked":"bronze:Frontload","floor":12},{"not_picked":["bronze:BronzeArmor","bronze:FindAndReplace"],"picked":"bronze:Branch","floor":14},{"not_picked":["bronze:BronzeOrb","bronze:WhirlingStrike"],"picked":"bronze:Repair","floor":15},{"not_picked":["bronze:Format","bronze:ShipIt"],"picked":"bronze:Verify","floor":16},{"not_picked":["bronze:BronzeArmor","bronze:Overheat"],"picked":"bronze:Deprecate","floor":19},{"not_picked":["bronze:Shield","bronze:BitShift"],"picked":"bronze:Invalidate","floor":22},{"not_picked":["bronze:ClassDefault","bronze:Shield"],"picked":"bronze:ForceShield","floor":23}],"player_experience":48461,"relics_obtained":[{"floor":24,"key":"Blood Vial"}],"event_choices":[],"is_beta":false,"boss_relics":[{"not_picked":["Replay:Ancient Bell","Philosopher\u0027s Stone"],"picked":"ChewingGum"}],"items_purged_floors":[],"is_endless":false,"potions_floor_spawned":[2,4,6,12,22],"ascension_level":0}}