{"host":"gobyjzz6xbwq9f9i","time":1613962929,"event":{"mods":["AchievementEnabler","BaseMod","Bestiary","Colored Map","Minty Spire (QoL Compilation)","Relic Stats","ojb\u0027s Info Mod"],"gold_per_floor":[111,111,124,143,158,158,185,197,197,227,227,247,247,272,272,351,351,364,394,409,422,422,450,450,96,96,96,96,96],"floor_reached":28,"language":"ENG","playtime":1187,"items_purged":["Defend_P"],"score":503,"play_id":"c1109630-1045-4f60-a5c4-80cc1066fe0f","local_time":"20210221190209","is_ascension_mode":true,"campfire_choices":[{"data":"EmptyFist","floor":6,"key":"SMITH"},{"data":"CarveReality","floor":11,"key":"SMITH"},{"data":"Ragnarok","floor":15,"key":"SMITH"},{"data":"Fasting2","floor":24,"key":"SMITH"},{"data":"Wallop","floor":27,"key":"SMITH"}],"circlet_count":0,"master_deck":["AscendersBane","Strike_P","Strike_P","Strike_P","Strike_P","Defend_P","Defend_P","Defend_P","Eruption","Vigilance","CarveReality+1","Tantrum","EmptyFist+1","FollowUp","Adaptation","Ragnarok+1","MentalFortress","CutThroughFate","Wallop+1","Fasting2+1","TalkToTheHand","EmptyMind","Evaluate","Halt"],"relics":["Black Star","NlothsMask","Ice Cream","Juzu Bracelet","White Beast Statue","Strawberry","Centennial Puzzle","Turnip","Runic Dome","Red Mask","Smiling Mask","Boot","Potion Belt","HornCleat"],"acts_visited":["Exordium","TheCity"],"potions_floor_usage":[5,14,19,21,23],"damage_taken":[{"damage":7,"enemies":"Jaw Worm","floor":1,"turns":5},{"damage":1,"enemies":"Cultist","floor":3,"turns":3},{"damage":6,"enemies":"2 Louse","floor":4,"turns":3},{"damage":0,"enemies":"Gremlin Gang","floor":5,"turns":2},{"damage":15,"enemies":"Lagavulin","floor":7,"turns":5},{"damage":0,"enemies":"Exordium Thugs","floor":8,"turns":3},{"damage":3,"enemies":"Gremlin Nob","floor":10,"turns":3},{"damage":1,"enemies":"Looter","floor":12,"turns":3},{"damage":5,"enemies":"3 Sentries","floor":14,"turns":5},{"damage":4,"enemies":"Slime Boss","floor":16,"turns":6},{"damage":7,"enemies":"Chosen","floor":18,"turns":3},{"damage":5,"enemies":"Masked Bandits","floor":19,"turns":3},{"damage":18,"enemies":"Spheric Guardian","floor":20,"turns":3},{"damage":5,"enemies":"Snecko","floor":21,"turns":4},{"damage":2,"enemies":"Book of Stabbing","floor":23,"turns":3},{"damage":52,"enemies":"Gremlin Leader","floor":28,"turns":3}],"seed_played":"-5920007628997639321","potions_obtained":[{"floor":3,"key":"SkillPotion"},{"floor":5,"key":"LiquidBronze"},{"floor":8,"key":"Block Potion"},{"floor":12,"key":"BlessingOfTheForge"},{"floor":14,"key":"SpeedPotion"},{"floor":16,"key":"BlessingOfTheForge"},{"floor":19,"key":"FearPotion"},{"floor":20,"key":"Regen Potion"},{"floor":21,"key":"EssenceOfSteel"},{"floor":22,"key":"Strength Potion"},{"floor":23,"key":"FearPotion"}],"is_trial":false,"path_per_floor":["M","?","M","M","M","R","E","M","T","E","R","M","?","E","R","B",null,"M","?","M","M","?","E","R","$","T","R","E"],"character_chosen":"WATCHER","items_purchased":["Halt","Potion Belt","EntropicBrew"],"campfire_rested":0,"item_purchase_floors":[25,25,25],"current_hp_per_floor":[54,54,53,47,47,47,32,32,32,36,36,35,75,70,70,66,73,66,61,43,50,50,48,48,48,48,48,0,0],"gold":96,"neow_bonus":"BOSS_RELIC","is_daily":false,"chose_seed":false,"campfire_upgraded":5,"win_rate":0.0,"timestamp":1613962929,"path_taken":["M","?","M","M","M","R","E","M","T","E","R","M","?","E","R","BOSS","M","?","M","M","?","E","R","$","T","R","E"],"items_purchased_type":["Card","Relic","Potion"],"build_version":"2020-12-22","purchased_purges":1,"victory":false,"max_hp_per_floor":[68,68,68,68,68,68,68,68,68,75,75,75,75,75,75,75,75,75,75,75,75,75,75,75,75,75,75,75,75],"relic_stats":{"Centennial Puzzle":[21],"counters":[16,57],"Turnip":[8],"Black Star":4,"Juzu Bracelet":2,"Smiling Mask":25,"Boot":[0],"obtain_stats":[{"Ice Cream":7,"Potion Belt":25,"Juzu Bracelet":7,"Smiling Mask":23,"Boot":23,"White Beast Statue":10,"Runic Dome":17,"Centennial Puzzle":14,"HornCleat":26,"Strawberry":10,"Turnip":14,"Black Star":0,"Red Mask":19,"PureWater":0,"NlothsMask":2},{"Ice Cream":5,"Potion Belt":15,"Juzu Bracelet":5,"Smiling Mask":15,"Boot":15,"White Beast Statue":7,"Runic Dome":10,"Centennial Puzzle":9,"HornCleat":15,"Strawberry":7,"Turnip":9,"Black Star":0,"Red Mask":12,"PureWater":0,"NlothsMask":1},{"Ice Cream":18,"Potion Belt":54,"Juzu Bracelet":18,"Smiling Mask":54,"Boot":54,"White Beast Statue":24,"Runic Dome":38,"Centennial Puzzle":32,"HornCleat":54,"Strawberry":24,"Turnip":32,"Black Star":0,"Red Mask":44,"PureWater":0,"NlothsMask":5}]},"card_choices":[{"not_picked":["CutThroughFate","Perseverance"],"picked":"CarveReality","floor":1},{"not_picked":["FollowUp","Sanctity"],"picked":"Tantrum","floor":3},{"not_picked":["FlyingSleeves","ForeignInfluence"],"picked":"EmptyFist","floor":4},{"not_picked":["EmptyBody","BattleHymn"],"picked":"FollowUp","floor":5},{"not_picked":["PathToVictory","Consecrate"],"picked":"Adaptation","floor":7},{"not_picked":["Prostrate","PathToVictory","Adaptation"],"picked":"SKIP","floor":8},{"not_picked":["Crescendo","ForeignInfluence"],"picked":"Ragnarok","floor":10},{"not_picked":["Tantrum","BattleHymn"],"picked":"MentalFortress","floor":12},{"not_picked":["Halt","FlyingSleeves"],"picked":"CutThroughFate","floor":14},{"not_picked":["FollowUp","EmptyBody"],"picked":"Wallop","floor":18},{"not_picked":["Indignation","MentalFortress"],"picked":"Fasting2","floor":19},{"not_picked":["ClearTheMind","EmptyBody"],"picked":"TalkToTheHand","floor":20},{"not_picked":["SashWhip","ForeignInfluence"],"picked":"EmptyMind","floor":21},{"not_picked":["FlyingSleeves","Brilliance"],"picked":"Evaluate","floor":23}],"player_experience":1376534,"relics_obtained":[{"floor":7,"key":"Ice Cream"},{"floor":7,"key":"Juzu Bracelet"},{"floor":10,"key":"White Beast Statue"},{"floor":10,"key":"Strawberry"},{"floor":14,"key":"Centennial Puzzle"},{"floor":14,"key":"Turnip"},{"floor":19,"key":"Red Mask"},{"floor":23,"key":"Smiling Mask"},{"floor":23,"key":"Boot"},{"floor":26,"key":"HornCleat"}],"event_choices":[{"damage_healed":0,"gold_gain":0,"player_choice":"Trade","damage_taken":0,"relics_obtained":["NlothsMask"],"max_hp_gain":0,"max_hp_loss":0,"event_name":"FaceTrader","floor":2,"gold_loss":0},{"damage_healed":40,"gold_gain":0,"player_choice":"Full Heal","damage_taken":0,"max_hp_gain":0,"max_hp_loss":0,"event_name":"Wheel of Change","floor":13,"gold_loss":0},{"damage_healed":0,"gold_gain":0,"player_choice":"Fought Bandits","damage_taken":0,"max_hp_gain":0,"max_hp_loss":0,"event_name":"Masked Bandits","floor":19,"gold_loss":0},{"damage_healed":0,"gold_gain":0,"player_choice":"Got Potions","damage_taken":0,"max_hp_gain":0,"max_hp_loss":0,"event_name":"Lab","floor":22,"gold_loss":0}],"is_beta":false,"boss_relics":[{"not_picked":["Calling Bell","Busted Crown"],"picked":"Runic Dome"}],"items_purged_floors":[25],"is_endless":false,"potions_floor_spawned":[3,5,8,12,14,16,18,19,20,21,23],"killed_by":"Gremlin Leader","ascension_level":19}}