{"host":"d744ndivyohnro60","time":1613962082,"event":{"mods":["BaseMod","Bestiary","Colored Powertips","Minty Spire (QoL Compilation)","Relic Stats"],"gold_per_floor":[109,125,105,60,74,108,108,127,153,173,199,215,225,242,242,343,343,359,379,235,253,253,253],"floor_reached":22,"language":"ENG","playtime":2298,"items_purged":[],"score":318,"play_id":"47bbd7f1-af97-41c8-b0c5-88ecab014196","local_time":"20210221214802","is_ascension_mode":true,"campfire_choices":[{"data":"Creative AI","floor":7,"key":"SMITH"},{"data":"Sunder","floor":15,"key":"SMITH"}],"circlet_count":0,"master_deck":["Zap","Dualcast","Sweeping Beam","Stack","Reboot","Undo","Sweeping Beam","Hyperbeam","Coolheaded","Sweeping Beam","Turbo","Sunder+1","Creative AI+1","Conserve Battery","BootSequence","Auto Shields","Gash","Streamline","Beam Cell","Electrodynamics","Stack+1","Leap","Gash"],"relics":["Pandora\u0027s Box","Orichalcum","Ancient Tea Set","Vajra","Empty Cage","Blood Vial"],"acts_visited":["Exordium","TheCity"],"potions_floor_usage":[6,16,16,19,22],"damage_taken":[{"damage":0,"enemies":"2 Louse","floor":1,"turns":1},{"damage":0,"enemies":"Cultist","floor":2,"turns":2},{"damage":4,"enemies":"Jaw Worm","floor":5,"turns":3},{"damage":2,"enemies":"Gremlin Nob","floor":6,"turns":3},{"damage":0,"enemies":"2 Fungi Beasts","floor":8,"turns":2},{"damage":6,"enemies":"Gremlin Gang","floor":10,"turns":2},{"damage":0,"enemies":"3 Sentries","floor":11,"turns":2},{"damage":0,"enemies":"Large Slime","floor":12,"turns":5},{"damage":6,"enemies":"Exordium Thugs","floor":13,"turns":4},{"damage":3,"enemies":"Looter","floor":14,"turns":3},{"damage":8,"enemies":"Slime Boss","floor":16,"turns":4},{"damage":29,"enemies":"Shell Parasite","floor":18,"turns":4},{"damage":18,"enemies":"Chosen","floor":19,"turns":6},{"damage":20,"enemies":"Snake Plant","floor":21,"turns":4},{"damage":16,"enemies":"Sentry and Sphere","floor":22,"turns":3}],"seed_played":"6431435542937549996","potions_obtained":[{"floor":3,"key":"LiquidMemories"},{"floor":6,"key":"Fire Potion"},{"floor":8,"key":"Strength Potion"},{"floor":14,"key":"Regen Potion"},{"floor":16,"key":"BlessingOfTheForge"},{"floor":18,"key":"Fire Potion"}],"is_trial":false,"path_per_floor":["M","M","?","$","M","E","R","M","T","M","E","M","M","M","R","B",null,"M","M","$","M","M"],"character_chosen":"DEFECT","items_purchased":["Turbo","Blood Vial"],"campfire_rested":0,"item_purchase_floors":[4,20],"current_hp_per_floor":[68,68,68,68,64,62,62,62,62,56,56,56,50,47,47,51,69,40,22,22,4,0,0],"gold":253,"neow_bonus":"BOSS_RELIC","is_daily":false,"chose_seed":false,"campfire_upgraded":2,"win_rate":0.0,"timestamp":1613962082,"path_taken":["M","M","?","$","M","E","R","M","T","?","E","M","M","M","R","BOSS","M","M","$","M","?"],"items_purchased_type":["Card","Relic"],"build_version":"2020-12-22","purchased_purges":0,"victory":false,"max_hp_per_floor":[75,75,75,75,75,75,75,75,75,75,75,75,75,75,75,75,75,75,75,75,75,75,75],"relic_stats":{"Blood Vial":4,"counters":[15,48],"Pandora\u0027s Box":["Sweeping Beam","Stack","Reboot","Undo","Sweeping Beam","Hologram","Hyperbeam","Heatsinks"],"Orichalcum":[72],"obtain_stats":[{"Blood Vial":20,"Vajra":11,"Pandora\u0027s Box":0,"Orichalcum":6,"Cracked Core":0,"Ancient Tea Set":9,"Empty Cage":17},{"Blood Vial":13,"Vajra":7,"Pandora\u0027s Box":0,"Orichalcum":4,"Cracked Core":0,"Ancient Tea Set":5,"Empty Cage":11},{"Blood Vial":41,"Vajra":15,"Pandora\u0027s Box":0,"Orichalcum":9,"Cracked Core":0,"Ancient Tea Set":11,"Empty Cage":31}]},"card_choices":[{"not_picked":["Steam","Recycle"],"picked":"Coolheaded","floor":1},{"not_picked":["Steam","Doom and Gloom"],"picked":"Sweeping Beam","floor":2},{"not_picked":["Lockon","Steam"],"picked":"Sunder","floor":5},{"not_picked":["Leap","Conserve Battery"],"picked":"Creative AI","floor":6},{"not_picked":["Doom and Gloom","Rebound"],"picked":"Conserve Battery","floor":8},{"not_picked":["Lockon","Rebound"],"picked":"BootSequence","floor":10},{"not_picked":["Conserve Battery","Compile Driver"],"picked":"Auto Shields","floor":11},{"not_picked":["Turbo","Redo"],"picked":"Gash","floor":12},{"not_picked":["Tempest","Hologram"],"picked":"Streamline","floor":13},{"not_picked":["Hologram","Rebound"],"picked":"Beam Cell","floor":14},{"not_picked":["Multi-Cast","Echo Form"],"picked":"Electrodynamics","floor":16},{"not_picked":["Rebound","Streamline"],"picked":"Stack+1","floor":18},{"not_picked":["Stack","Redo+1"],"picked":"Leap","floor":19},{"not_picked":["Sweeping Beam","Glacier"],"picked":"Gash","floor":21}],"player_experience":265237,"relics_obtained":[{"floor":6,"key":"Orichalcum"},{"floor":9,"key":"Ancient Tea Set"},{"floor":11,"key":"Vajra"}],"event_choices":[{"damage_healed":0,"gold_gain":0,"player_choice":"Bought 1 Potion","damage_taken":0,"max_hp_gain":0,"max_hp_loss":0,"event_name":"The Woman in Blue","floor":3,"gold_loss":0}],"is_beta":false,"boss_relics":[{"not_picked":["Velvet Choker","Fusion Hammer"],"picked":"Empty Cage"}],"items_purged_floors":[],"is_endless":false,"potions_floor_spawned":[6,8,14,16,18],"killed_by":"Sentry and Sphere","ascension_level":8}}