{"host":"r3fd47vhmwqnpd4b","time":1613988326,"event":{"mods":["100% Spire Juice","2.2 Compatiblity","Abigail Mod","AchievementEnabler","Act Like it!","Ascension Reborn","BaseMod","Better Third Choice","BetterRewards","CapriCore","Friendly Minions","KOR Keyword Fix","Koishi","Marisa£¨Ùöéë¡¡Øª×âÞÞ£©","Minty Spire (QoL Compilation)","Rare Cards Sparkle","Reorder Act Four","Replay The Spire","Shop Mod","Spicy Shops","StSLib","Waifu the Spire"],"gold_per_floor":[117,136,147,165,165,193,193,193,193],"floor_reached":8,"language":"KOR","playtime":1148,"items_purged":[],"score":58,"play_id":"fe43c0f0-c71e-4313-b15b-ef6be3493971","local_time":"20210222190526","is_ascension_mode":true,"campfire_choices":[{"data":"Moonworks:Strike","floor":7,"key":"SMITH"}],"circlet_count":0,"master_deck":["Moonworks:Strike+1","Moonworks:Strike","Moonworks:Strike","Moonworks:Strike","Moonworks:Defend","Moonworks:Defend","Moonworks:Defend","Moonworks:Defend","Moonworks:Ambush","Moonworks:LongDistanceShot","Moonworks:NicePresent","Moonworks:DeployBits","Moonworks:CloudOfSeagulls+1","Moonworks:Assault","Moonworks:Assault"],"relics":["Moonworks:BrokenBomb","Moonworks:Homemark","NeowsBlessing","Replay:Kaleidoscope"],"acts_visited":["Exordium"],"potions_floor_usage":[8],"damage_taken":[{"damage":0.0,"enemies":"Cultist","floor":1.0,"turns":1.0},{"damage":0,"enemies":"Jaw Worm","floor":2,"turns":1},{"damage":0,"enemies":"2 Louse","floor":3,"turns":1},{"damage":13,"enemies":"Lots of Slimes","floor":4,"turns":5},{"damage":40,"enemies":"Lagavulin","floor":6,"turns":6},{"damage":12,"enemies":"Replay:BlueRogue","floor":8,"turns":3}],"seed_played":"-6325148613492752794","potions_obtained":[{"floor":3,"key":"SpeedPotion"},{"floor":6,"key":"DistilledChaos"}],"is_trial":false,"path_per_floor":["M","M","M","M","?","E","R","E"],"character_chosen":"THE_STARBREAKER","items_purchased":[],"campfire_rested":0,"item_purchase_floors":[],"current_hp_per_floor":[60,60,60,47,47,7,7,0,0],"gold":193,"neow_bonus":"THREE_ENEMY_KILL","is_daily":false,"chose_seed":false,"campfire_upgraded":1,"win_rate":0.0,"timestamp":1613988326,"path_taken":["M","?","M","M","?","E","R","E"],"items_purchased_type":[],"build_version":"2020-12-22","purchased_purges":0,"victory":false,"max_hp_per_floor":[60,60,60,60,60,60,60,60,60],"card_choices":[{"not_picked":["Moonworks:TreasureThief","Moonworks:AngelHand"],"picked":"Moonworks:NicePresent","floor":1},{"not_picked":["Moonworks:Dash","Moonworks:BeyondHell"],"picked":"Moonworks:DeployBits","floor":2},{"not_picked":["Moonworks:ImOnFire","Moonworks:JonathanRush"],"picked":"Moonworks:CloudOfSeagulls","floor":3},{"not_picked":["Moonworks:TreasureThief","Moonworks:IndiscriminateFireSupport"],"picked":"Moonworks:Assault","floor":4},{"not_picked":["Moonworks:IndiscriminateFireSupport","Moonworks:ImOnFire"],"picked":"Moonworks:Assault","floor":6}],"player_experience":305458,"relics_obtained":[{"floor":6,"key":"Replay:Kaleidoscope"}],"event_choices":[],"is_beta":false,"boss_relics":[],"items_purged_floors":[],"is_endless":false,"potions_floor_spawned":[3,6],"killed_by":"Replay:BlueRogue","ascension_level":0}}