{"host":"1vqon1dbpr5c1qll","time":1613999253,"event":{"mods":["2.2 Compatiblity","AchievementEnabler","BaseMod","BetterRewards","Colored Map","Hermit","Highlight Path","Lobotomy","Minty Spire (QoL Compilation)","Permanent Neow","Quick Restart","Random Character Button","Replay The Spire","StSLib","SuperFastMode","The Cursed","The Servant 0.9.4","everything is the same but u backflip on backflip"],"gold_per_floor":[119,133,151,4,4,32,32,45,120,120,151,151,176,192,192,289,289,309,327,35,35,54,98,121,161,209,241,241,250,105,147,147,259,259,287,287,349,382,415,458,458,502,551,595,595,635,114,149,149,149],"floor_reached":51,"language":"KOR","playtime":3398,"items_purged":["Pain"],"score":1517,"play_id":"5a19acb5-02e6-4154-8c87-b6535d892d2e","local_time":"20210222220733","is_ascension_mode":true,"campfire_choices":[{"data":"TheCursedMod:HellsGateOpen","floor":7,"key":"SMITH"},{"data":"TheCursedMod:CursedWand","floor":12,"key":"SMITH"},{"floor":15,"key":"DIG"},{"data":"Bludgeon","floor":28,"key":"SMITH"},{"data":"Pot Of Greed","floor":32,"key":"SMITH"},{"data":"TheCursedMod:DarkBarrier","floor":41,"key":"SMITH"},{"data":"Hologram","floor":45,"key":"SMITH"},{"data":"Pot Of Greed","floor":49,"key":"SMITH"}],"circlet_count":0,"master_deck":["TheCursedMod:Strike_TheCursed","TheCursedMod:Strike_TheCursed","TheCursedMod:Strike_TheCursed","TheCursedMod:Defend_TheCursed","TheCursedMod:Defend_TheCursed","TheCursedMod:Defend_TheCursed","TheCursedMod:Defend_TheCursed","TheCursedMod:CursedWand+1","TheCursedMod:CleanUpWorkshop","TheCursedMod:Dregs","ReplayTheSpireMod:Splinters","TheCursedMod:HellsGateOpen+1","TheCursedMod:SpitefulStrike","TheCursedMod:Wield","Ghostly Armor","Battle Trance","TheCursedMod:CursedShiv","Bludgeon+1","Dodge and Roll+1","Infernal Blade+1","Pot Of Greed+1","Pot Of Greed+1","SwordSharpenedByTears","Leap+1","Pot Of Greed","SpecialFormula","Streamline+1","RitualDagger","TheCursedMod:WearCloak+1","The Bomb","Heaven+1","Noxious Fumes","TheCursedMod:WearCloak+1","Heaven+1","Hologram+1","ScreamingWedge+1","TheCursedMod:DarkBarrier+1","Pot Of Greed+1","Beam Cell+1","Enlightenment+1","ReplayTheSpireMod:Strike From Hell","Go for the Eyes+1"],"relics":["TheCursedMod:BlackMagic101","PreservedInsect","PrismaticShard","TungstenRod","TheCursedMod:BloodyHarpoon","WarpedTongs","Orichalcum","Eternal Feather","Unceasing Top","Painkiller Herb","Simple Rune","Grinning Jar","CeramicFish","FossilizedHelix","Replay:Rubber Ducky","Juzu Bracelet","Dream Catcher","Meat on the Bone","Honey Jar","Prayer Wheel","Ancient Tea Set","Blue Candle","Blood Vial","Golden Egg","War Paint","Bag of Preparation","ClockworkSouvenir","Lantern"],"acts_visited":["Exordium","TheCity","TheBeyond"],"potions_floor_usage":[6,13,16,16,24,25,27,33,37,42,50,50,50],"damage_taken":[{"damage":0,"enemies":"Cultist","floor":1,"turns":4},{"damage":4,"enemies":"Jaw Worm","floor":2,"turns":4},{"damage":1,"enemies":"Small Slimes","floor":3,"turns":4},{"damage":7,"enemies":"3 Sentries","floor":6,"turns":5},{"damage":2,"enemies":"Blue Slaver","floor":8,"turns":4},{"damage":0,"enemies":"Gremlin Nob","floor":11,"turns":4},{"damage":13,"enemies":"Lagavulin","floor":13,"turns":6},{"damage":9,"enemies":"Exordium Wildlife","floor":14,"turns":3},{"damage":21,"enemies":"Hexaghost","floor":16,"turns":9},{"damage":3,"enemies":"3 Byrds","floor":18,"turns":5},{"damage":0,"enemies":"Chosen","floor":19,"turns":4},{"damage":0,"enemies":"Snake Plant","floor":22,"turns":4},{"damage":28,"enemies":"Slavers","floor":23,"turns":5},{"damage":8,"enemies":"Cultist and Chosen","floor":24,"turns":5},{"damage":16,"enemies":"Replay:Snechameleon","floor":25,"turns":4},{"damage":14,"enemies":"Book of Stabbing","floor":27,"turns":3},{"damage":0,"enemies":"Replay:Snechameleon","floor":31,"turns":4},{"damage":14,"enemies":"Pondfish","floor":33,"turns":11},{"damage":0,"enemies":"Orb Walker","floor":35,"turns":3},{"damage":0,"enemies":"2 Orb Walkers","floor":37,"turns":4},{"damage":3,"enemies":"3 Shapes","floor":38,"turns":3},{"damage":2,"enemies":"3 Darklings","floor":39,"turns":3},{"damage":23,"enemies":"Nemesis","floor":40,"turns":5},{"damage":0,"enemies":"Reptomancer","floor":42,"turns":4},{"damage":0,"enemies":"Giant Head","floor":44,"turns":6},{"damage":0,"enemies":"Nemesis","floor":46,"turns":5},{"damage":0,"enemies":"Giant Head","floor":48,"turns":4},{"damage":33,"enemies":"Time Eater","floor":50,"turns":10}],"seed_played":"3757297800904245362","potions_obtained":[{"floor":2,"key":"Fire Potion"},{"floor":3,"key":"Regen Potion"},{"floor":8,"key":"Toxic Potion"},{"floor":11,"key":"ColorlessPotion"},{"floor":14,"key":"SteroidPotion"},{"floor":16,"key":"Elixir"},{"floor":22,"key":"Energy Potion"},{"floor":24,"key":"SteroidPotion"},{"floor":25,"key":"TheCursedMod:DregsPotion"},{"floor":31,"key":"Swift Potion"},{"floor":35,"key":"Fire Potion"},{"floor":40,"key":"SteroidPotion"},{"floor":46,"key":"Ancient Potion"}],"is_trial":false,"path_per_floor":["M","M","M","$","?","E","R","M","T","?","E","R","E","M","R_BF","B",null,"?","?","T","?","?","E","?","E","T","E","T","?","T","E","T","B",null,"?","?","?","?","?","E","T","E","T","E","T","E","T","E","T","B",null],"character_chosen":"THE_CURSED","items_purchased":["PreservedInsect","Simple Rune","Grinning Jar","Dream Catcher","Bag of Preparation","ClockworkSouvenir","Adrenaline Potion","Energy Potion","Weak Potion"],"campfire_rested":0,"item_purchase_floors":[4,20,20,30,47,47,47,47,47],"current_hp_per_floor":[89,85,84,84,84,77,77,75,75,75,75,75,62,53,62,41,89,86,86,86,86,86,58,50,51,51,42,57,52,52,57,75,66,89,89,89,89,86,87,69,89,89,89,89,89,89,89,89,89,56],"gold":149,"neow_bonus":"TWENTY_PERCENT_HP_BONUS","is_daily":false,"chose_seed":false,"campfire_upgraded":7,"win_rate":0.0,"timestamp":1613999253,"path_taken":["M","?","M","$","?","E","R","M","T","?","E","R","E","M","R_BF","BOSS","?","?","T","?","?","E","?","E","T","E","T","?","T","E","T","BOSS","?","?","?","?","?","E","T","E","T","E","T","E","?","E","T","BOSS"],"items_purchased_type":["Relic","Relic","Relic","Relic","Relic","Relic","Potion","Potion","Potion"],"build_version":"2020-12-22","purchased_purges":1,"victory":true,"max_hp_per_floor":[89,89,89,89,89,89,89,89,89,89,89,89,89,89,89,89,89,89,89,89,89,89,89,89,89,89,89,89,89,89,89,89,89,89,89,89,89,89,89,89,89,89,89,89,89,89,89,89,89,89],"card_choices":[{"not_picked":["TheCursedMod:CircleOfAmplification","TheCursedMod:Wield"],"picked":"TheCursedMod:HellsGateOpen","floor":1},{"not_picked":["TheCursedMod:Stigma","TheCursedMod:Stretching"],"picked":"TheCursedMod:SpitefulStrike","floor":2},{"not_picked":["TheCursedMod:PrepareRite","TheCursedMod:CircleOfCorruption"],"picked":"TheCursedMod:Wield","floor":3},{"not_picked":["Hemokinesis","DoubleEdge"],"picked":"Ghostly Armor","floor":6},{"not_picked":["Abandon","RapturousDream","LikeWater"],"picked":"SKIP","floor":8},{"not_picked":["TheCursedMod:FleshFromBone","Rupture","GrinderMk4"],"picked":"SKIP","floor":11},{"not_picked":["Adaptation","Discord"],"picked":"Battle Trance","floor":13},{"not_picked":["Static Discharge","Bane"],"picked":"TheCursedMod:CursedShiv","floor":14},{"not_picked":["Storm of Steel","Burst"],"picked":"Bludgeon","floor":16},{"not_picked":["TheCursedMod:CircleOfFocus+1","DoubleEdge+1"],"picked":"Dodge and Roll+1","floor":18},{"not_picked":["Swivel","Unruled"],"picked":"Infernal Blade+1","floor":19},{"not_picked":["Skewer","EmptyBody"],"picked":"SwordSharpenedByTears","floor":22},{"not_picked":["Spin","hermit:CalledShot+1"],"picked":"Leap","floor":23},{"not_picked":["DoubleEdge+1","FlurryOfBlows+1"],"picked":"SpecialFormula","floor":24},{"not_picked":["Setup+1","Thunderclap"],"picked":"Streamline+1","floor":25},{"not_picked":["Clash","TheCursedMod:BloodBarrier","Panic Button"],"picked":"SKIP","floor":27},{"not_picked":["TheCursedMod:CursedBlade","Machine Learning"],"picked":"TheCursedMod:WearCloak+1","floor":31},{"not_picked":["Master of Strategy","TheCursedMod:UltimatePain"],"picked":"The Bomb","floor":33},{"not_picked":["Consecrate+1","SashWhip","TodaysExpression+1"],"picked":"Heaven+1","floor":35},{"not_picked":["TodaysExpression","hermit:Desperado","Loneliness"],"picked":"Noxious Fumes","floor":37},{"not_picked":["WristCuter","Hidden Blade+1","Headbutt+1"],"picked":"TheCursedMod:WearCloak+1","floor":38},{"not_picked":["Enlightenment","SignatureMove","TheCursedMod:TacticalStrike"],"picked":"Heaven+1","floor":38},{"not_picked":["hermit:Ricochet","TheCursedMod:ReleasedKnowledge+1","Replay:Battleflow+1"],"picked":"Hologram","floor":39},{"not_picked":["Cold Snap","FollowUp+1","ThirdEye+1"],"picked":"ScreamingWedge+1","floor":39},{"not_picked":["TheCursedMod:Stretching","BowlingBash+1","Juggernaut"],"picked":"TheCursedMod:DarkBarrier","floor":40},{"not_picked":["Cleave","InTheNameOfLoveAndHate","Undo+1"],"picked":"Beam Cell+1","floor":42},{"not_picked":["Noxious Fumes","Predator+1","ClearTheMind+1"],"picked":"Enlightenment+1","floor":44},{"not_picked":["Barrage+1","Halt","FanOfKnives"],"picked":"ReplayTheSpireMod:Strike From Hell","floor":46},{"not_picked":["hermit:TrackingShot+1","Replay:Anticipation","Cloak And Dagger+1"],"picked":"Go for the Eyes+1","floor":48}],"player_experience":1010529,"relics_obtained":[{"floor":6,"key":"TungstenRod"},{"floor":9,"key":"TheCursedMod:BloodyHarpoon"},{"floor":11,"key":"Orichalcum"},{"floor":13,"key":"Eternal Feather"},{"floor":15,"key":"Unceasing Top"},{"floor":23,"key":"CeramicFish"},{"floor":25,"key":"FossilizedHelix"},{"floor":26,"key":"Replay:Rubber Ducky"},{"floor":27,"key":"Juzu Bracelet"},{"floor":31,"key":"Meat on the Bone"},{"floor":37,"key":"Prayer Wheel"},{"floor":40,"key":"Ancient Tea Set"},{"floor":42,"key":"Blue Candle"},{"floor":43,"key":"Blood Vial"},{"floor":44,"key":"Golden Egg"},{"floor":46,"key":"War Paint"},{"floor":48,"key":"Lantern"}],"event_choices":[{"damage_healed":0,"gold_gain":0,"player_choice":"Rummage","damage_taken":0,"relics_obtained":["WarpedTongs"],"max_hp_gain":0,"max_hp_loss":0,"event_name":"Accursed Blacksmith","floor":10,"gold_loss":0,"cards_obtained":["Pain"]},{"damage_healed":0,"gold_gain":0,"player_choice":"Ignored","damage_taken":0,"max_hp_gain":0,"max_hp_loss":0,"event_name":"Fountain of Cleansing","floor":21,"gold_loss":0},{"damage_healed":0,"gold_gain":0,"player_choice":"Joined the Cult","damage_taken":6,"max_hp_gain":0,"max_hp_loss":0,"event_name":"Nest","floor":29,"gold_loss":0,"cards_obtained":["RitualDagger"]},{"cards_removed":["TheCursedMod:Strike_TheCursed"],"damage_healed":0,"gold_gain":0,"player_choice":"Removed Attack","damage_taken":0,"max_hp_gain":0,"max_hp_loss":0,"event_name":"Falling","floor":36,"gold_loss":0},{"damage_healed":0,"gold_gain":0,"player_choice":"Fight","damage_taken":0,"max_hp_gain":0,"max_hp_loss":0,"event_name":"Mysterious Sphere","floor":37,"gold_loss":0}],"is_beta":false,"boss_relics":[{"not_picked":["TheCursedMod:BlackMagicAdvanced","Velvet Choker"],"picked":"Painkiller Herb"},{"not_picked":["Ring of Chaos","ReplayTheSpireMod:DimensionalGlitch"],"picked":"Honey Jar"}],"items_purged_floors":[47],"is_endless":false,"potions_floor_spawned":[2,3,8,11,14,16,22,24,25,31,35,40,46],"ascension_level":3}}