{"host":"4i5cwwpk4hy0hzn4","time":1613991480,"event":{"mods":["BaseMod","Bestiary","Block Reminder","Colored Powertips","Minty Spire (QoL Compilation)","Quick Restart","Slay-I"],"gold_per_floor":[118,118,118,134,152,182,195,195,269,269,297,308,383,397,397,471,471,461,461,411,427,24,24,24],"floor_reached":23,"language":"DEU","playtime":800,"items_purged":["Defend_R"],"score":377,"play_id":"36a83479-d24e-43e6-81e3-7cf16b775717","local_time":"20210222115800","is_ascension_mode":true,"campfire_choices":[{"data":"Uppercut","floor":8,"key":"SMITH"},{"data":"Impervious","floor":10,"key":"SMITH"},{"floor":15,"key":"REST"}],"circlet_count":0,"master_deck":["AscendersBane","Defend_R","Defend_R","Defend_R","Bash","Shrug It Off","Intimidate","Impervious+1","Uppercut+1","Sword Boomerang","Wild Strike","Shrug It Off","Disarm+1","Berserk","Sword Boomerang","Bite","Bite","Bite","Bite","Bite","Metallicize","Metallicize"],"relics":["Burning Blood","NeowsBlessing","Magic Flower","Centennial Puzzle","Pear","Matryoshka","Black Star","Letter Opener"],"acts_visited":["Exordium","TheCity"],"potions_floor_usage":[7,16,16],"damage_taken":[{"damage":0,"enemies":"Jaw Worm","floor":1,"turns":1},{"damage":0,"enemies":"2 Louse","floor":4,"turns":1},{"damage":0,"enemies":"Cultist","floor":5,"turns":1},{"damage":24,"enemies":"3 Sentries","floor":6,"turns":12},{"damage":4,"enemies":"Large Slime","floor":7,"turns":6},{"damage":45,"enemies":"Lagavulin","floor":11,"turns":7},{"damage":8,"enemies":"3 Louse","floor":12,"turns":5},{"damage":3,"enemies":"Looter","floor":14,"turns":3},{"damage":38,"enemies":"The Guardian","floor":16,"turns":17},{"damage":41,"enemies":"2 Thieves","floor":18,"turns":4},{"damage":8,"enemies":"3 Byrds","floor":21,"turns":8},{"damage":66,"enemies":"Slavers","floor":23,"turns":3}],"seed_played":"-2102408755038445013","potions_obtained":[{"floor":7,"key":"Fruit Juice"},{"floor":12,"key":"Weak Potion"},{"floor":14,"key":"Explosive Potion"}],"is_trial":false,"path_per_floor":["M","?","?","M","M","E","M","R","T","R","E","M","?","M","R","B",null,"M","?","?","M","$","E"],"character_chosen":"IRONCLAD","items_purchased":["Metallicize","Letter Opener"],"campfire_rested":1,"item_purchase_floors":[22,22],"current_hp_per_floor":[74,69,65,74,75,60,70,70,80,80,44,45,34,40,67,38,77,45,45,45,62,62,0,0],"gold":24,"neow_bonus":"THREE_ENEMY_KILL","is_daily":false,"chose_seed":false,"campfire_upgraded":2,"win_rate":0.0,"timestamp":1613991480,"path_taken":["M","?","?","?","M","E","M","R","T","R","E","M","?","M","R","BOSS","M","?","?","M","$","E"],"items_purchased_type":["Card","Relic"],"build_version":"2020-12-22","purchased_purges":1,"victory":false,"max_hp_per_floor":[75,75,75,75,75,75,80,80,90,90,90,90,90,90,90,90,90,90,62,62,62,62,62,62],"card_choices":[{"not_picked":["Clash","Headbutt"],"picked":"Shrug It Off","floor":1},{"not_picked":["Battle Trance","Armaments"],"picked":"Intimidate","floor":4},{"not_picked":["Clothesline","Headbutt"],"picked":"Impervious","floor":5},{"not_picked":["Havoc","Ghostly Armor"],"picked":"Uppercut","floor":6},{"not_picked":["Thunderclap","Perfected Strike"],"picked":"Sword Boomerang","floor":7},{"not_picked":["Perfected Strike","Sword Boomerang"],"picked":"Wild Strike","floor":11},{"not_picked":["Dropkick","Blood for Blood"],"picked":"Shrug It Off","floor":12},{"not_picked":["Thunderclap","Shockwave"],"picked":"Disarm","floor":14},{"not_picked":["Juggernaut","Exhume"],"picked":"Berserk","floor":16},{"not_picked":["Clothesline","True Grit"],"picked":"Sword Boomerang","floor":18},{"not_picked":["Flame Barrier","Dark Embrace"],"picked":"Metallicize","floor":21}],"player_experience":696467,"relics_obtained":[{"floor":6,"key":"Centennial Puzzle"},{"floor":9,"key":"Pear"},{"floor":11,"key":"Matryoshka"}],"event_choices":[{"damage_healed":0,"gold_gain":0,"player_choice":"Success","damage_taken":5,"relics_obtained":["Magic Flower"],"max_hp_gain":0,"max_hp_loss":0,"event_name":"Scrap Ooze","floor":2,"gold_loss":0},{"damage_healed":0,"gold_gain":0,"player_choice":"Bought 0 Potions","damage_taken":0,"max_hp_gain":0,"max_hp_loss":0,"event_name":"The Woman in Blue","floor":3,"gold_loss":0},{"damage_healed":0,"gold_gain":75,"player_choice":"Gather Gold","damage_taken":11,"max_hp_gain":0,"max_hp_loss":0,"event_name":"World of Goop","floor":13,"gold_loss":0},{"damage_healed":0,"gold_gain":0,"player_choice":"Became a vampire","damage_taken":0,"max_hp_gain":0,"max_hp_loss":28,"event_name":"Vampires","floor":19,"gold_loss":0,"cards_obtained":["Bite","Bite","Bite","Bite","Bite"]},{"damage_healed":0,"gold_gain":0,"player_choice":"Upgrade","damage_taken":0,"max_hp_gain":0,"max_hp_loss":0,"event_name":"Designer","floor":20,"gold_loss":50,"cards_upgraded":["Disarm"]}],"is_beta":false,"boss_relics":[{"not_picked":["Velvet Choker","Busted Crown"],"picked":"Black Star"}],"items_purged_floors":[22],"is_endless":false,"potions_floor_spawned":[7,12,14],"killed_by":"Slavers","ascension_level":15}}