{"host":"qljq6nt1bltq73k9","time":1613961298,"event":{"mods":["BaseMod","Colored Map","Colored Powertips","Downfall","Lobotomy","LobotomyExtend","Minty Spire (QoL Compilation)","Quick Restart","Replay The Spire","StSLib","[IsaacMod]ÒÔÈö¼âËþ"],"gold_per_floor":[99999,98653,98670,97108,97119,97119,94552,94564,94564,94564,94564,94564,94564,94597,94597,94611,94611,94716,94716,94733,93202,93214,93139,93139,93139,93157,93157,93157,93157,93157,93188,92270,92285,92285,92299,92299,92395,92395,92409,90485,90485,90504,90516,90547,90547,90559,90585,90603,90637,90518,90538,89352,89352,89352],"floor_reached":55,"language":"ZHS","playtime":3742,"items_purged":["Strike_B","Defend_B","Pain","Strike_B","Zap","Defend_B","Strike_B"],"score":949,"play_id":"e2c66ff6-f4b8-4e94-943e-7e7d3dcef35c","local_time":"20210222103458","is_ascension_mode":false,"campfire_choices":[{"floor":17.0,"key":"RECALL"},{"data":"Storm","floor":25.0,"key":"SMITH"},{"data":"ReplayUltimateDefense","floor":27.0,"key":"SMITH"},{"data":"Consume","floor":36.0,"key":"SMITH"},{"data":"Rainbow","floor":45.0,"key":"SMITH"},{"data":"Double Energy","floor":53,"key":"SMITH"}],"circlet_count":0,"master_deck":["Defend_B","Dualcast","WallGazer","Leap","Panache","Defragment","ReplayTheSpireMod:Omega Cannon","Flash of Steel","Mirror Shield+1","AbeCurse","Static Discharge","Ball Lightning","Self Repair","ReplayRNGCard","FieryBird","Scarecrow","Electrodynamics","Consume+1","RedShoes","Cold Snap","Thunder Strike","Double Energy+1","Storm+1","ReplayUltimateDefense+1","VoidDream","ReplayRNGCard","Necronomicurse","SnowQueen","Creative AI","Capacitor","ReplayGash+1","LongBird","BodiesMountain","ReplayRNGCard","Defragment+1","ReplayUltimateDefense","FIFO Queue","Rainbow+1","Madness","Madness","OSAHOGD","Double Energy+1","CurseOfTheBell","Storm","Enlightenment"],"relics":["Cracked Core","HushsDoor","Chaos","CogitoBucket","RabbitCall","LetterFromLob","BFFS","Basket Of Snakes","Replay:WaspNest","Self Forming Clay","Toy Ornithopter","Abe\u0027s Treasure","WarpedTongs","expansioncontent:StudyCardRelic","Blue Candle","WristBlade","Void","ReplayTheSpireMod:Lightbulb","Replay:Antivirus Software","Philosopher\u0027s Stone","Chemical X","Necronomicon","BelialBook","TwistedFunnel","Emotion Chip","Nunchaku","SkinProphecy","Paper Crane","NineVolt","Bag of Preparation","Nuclear Battery","Dead Branch","Calling Bell","The Specimen","FossilizedHelix","Gambling Chip","TheBean","hexamod:Sixitude","YumHeart","HornCleat"],"acts_visited":["Exordium","TheCity","TheBeyond"],"potions_floor_usage":[54,55],"damage_taken":[{"damage":8.0,"enemies":"Jaw Worm","floor":1.0,"turns":4.0},{"damage":2.0,"enemies":"Cultist","floor":3.0,"turns":3.0},{"damage":0.0,"enemies":"Small Slimes","floor":5.0,"turns":1.0},{"damage":0.0,"enemies":"Exordium Thugs","floor":8.0,"turns":2.0},{"damage":0.0,"enemies":"Large Slime","floor":13.0,"turns":4.0},{"damage":11.0,"enemies":"Lagavulin","floor":14.0,"turns":5.0},{"damage":31.0,"enemies":"Blue Slaver","floor":16.0,"turns":4.0},{"damage":7.0,"enemies":"The Guardian","floor":18.0,"turns":7.0},{"damage":2.0,"enemies":"Spheric Guardian","floor":20.0,"turns":3.0},{"damage":3.0,"enemies":"Shell Parasite","floor":22.0,"turns":3.0},{"damage":7.0,"enemies":"Centurion and Healer","floor":26.0,"turns":2.0},{"damage":7.0,"enemies":"Book of Stabbing","floor":31.0,"turns":2.0},{"damage":21.0,"enemies":"3 Cultists","floor":33.0,"turns":3.0},{"damage":2.0,"enemies":"Snake Plant","floor":35.0,"turns":2.0},{"damage":0.0,"enemies":"Champ","floor":37.0,"turns":4.0},{"damage":4.0,"enemies":"3 Darklings","floor":39.0,"turns":1.0},{"damage":9.0,"enemies":"3 Shapes","floor":42.0,"turns":2.0},{"damage":40.0,"enemies":"Writhing Mass","floor":43.0,"turns":3.0},{"damage":19.0,"enemies":"Nemesis","floor":44.0,"turns":3.0},{"damage":12.0,"enemies":"Maw","floor":46.0,"turns":2.0},{"damage":2.0,"enemies":"4 Shapes","floor":48.0,"turns":2.0},{"damage":0.0,"enemies":"Reptomancer","floor":49.0,"turns":1.0},{"damage":3.0,"enemies":"Writhing Mass","floor":51.0,"turns":1.0},{"damage":143,"enemies":"Delirium","floor":54,"turns":6},{"damage":4,"enemies":"Malkuth","floor":55,"turns":3},{"damage":21,"enemies":"Yesod","floor":55,"turns":4},{"damage":96,"enemies":"Chesed","floor":55,"turns":5},{"damage":17,"enemies":"Binah","floor":55,"turns":6},{"damage":22,"enemies":"Angela","floor":55,"turns":5}],"seed_played":"-3193510787268925483","potions_obtained":[{"floor":1.0,"key":"Block Potion"},{"floor":16.0,"key":"PowerPotion"},{"floor":46.0,"key":"champ:CounterPotion"}],"is_trial":false,"path_per_floor":["M","$","M","$","M","?","$","M","T","PTL","PTL","?","M","E","?","M","R","B",null,"M","$","M","?","?","R","M","R","T","PTL","PTL","E","$","M","?","M","R","B",null,"M","$","?","M","M","E","R","M","T","M","E","?","M","$","R","B",null],"character_chosen":"DEFECT","items_purchased":["BFFS","Panache","Basket Of Snakes","Replay:WaspNest","DistilledChaos","Defragment","Languid Potion","ReplayTheSpireMod:Omega Cannon","Flash of Steel","Self Forming Clay","Toy Ornithopter","Abe\u0027s Treasure","Static Discharge","expansioncontent:StudyCardRelic","Blue Candle","WristBlade","Self Repair","ReplayRNGCard","FairyPotion","Philosopher\u0027s Stone","Chemical X","Storm","ReplayUltimateDefense","TwistedFunnel","Emotion Chip","Nunchaku","Capacitor","ReplayGash+1","NineVolt","Bag of Preparation","Nuclear Battery","ReplayUltimateDefense","FIFO Queue","Rainbow","YumHeart","SatanicBible","HornCleat","Storm","Enlightenment"],"campfire_rested":0,"item_purchase_floors":[2,2,2,2,2,2,2,2,2,4,4,4,4,7,7,7,7,7,7,21,21,21,21,32,32,32,32,32,40,40,40,40,40,40,52,52,52,52,52],"current_hp_per_floor":[67,67,65,65,65,65,65,75,75,75,75,75,75,71,71,63,63,75,75,75,75,75,75,59,59,72,72,72,72,72,74,74,75,75,76,76,79,79,77,77,67,74,66,69,69,75,75,93,95,95,95,95,95,20],"gold":89352,"neow_bonus":"","is_daily":false,"chose_seed":false,"campfire_upgraded":5,"win_rate":0.0,"timestamp":1613961298,"path_taken":["M","$","M","$","M","?","$","M","T","PTL","PTL","?","?","E","?","M","R","BOSS","M","$","M","?","?","R","?","R","T","PTL","PTL","E","$","M","?","?","R","BOSS","M","$","?","?","M","E","R","M","T","M","E","?","M","$","R_BF","BOSS"],"items_purchased_type":["Relic","Card","Relic","Relic","Potion","Card","Potion","Card","Card","Relic","Relic","Relic","Card","Relic","Relic","Relic","Card","Card","Potion","Relic","Relic","Card","Card","Relic","Relic","Relic","Card","Card","Relic","Relic","Relic","Card","Card","Card","Relic","Relic","Relic","Card","Card"],"build_version":"2020-12-22","purchased_purges":7,"victory":true,"max_hp_per_floor":[75,75,75,75,75,75,75,75,75,75,75,75,75,75,75,75,75,75,75,75,75,75,75,75,75,75,75,75,75,75,75,75,75,75,77,77,79,79,81,81,81,83,87,89,89,91,91,93,95,95,97,97,97,99],"card_choices":[{"not_picked":["UniverseFragment","OldLady"],"picked":"WallGazer","floor":1.0},{"not_picked":["Beam Cell","Streamline"],"picked":"Leap","floor":1.0},{"not_picked":["UniverseFragment","FairyFestival","PunishingBird"],"picked":"Singing Bowl","floor":3.0},{"not_picked":["Beam Cell","Cold Snap"],"picked":"Mirror Shield","floor":3.0},{"not_picked":["DespairKnight","BigBadWolf","HappyTeddy"],"picked":"Singing Bowl","floor":5.0},{"not_picked":["Go for the Eyes","Redo"],"picked":"Ball Lightning","floor":5.0},{"not_picked":["Scorched","Wellcheers","OldLady"],"picked":"Singing Bowl","floor":8.0},{"not_picked":["HappyTeddy","CrumblingArmor"],"picked":"FieryBird","floor":8.0},{"not_picked":["ReplayTheSpireMod:Reroute Power","BasicCrystalCard","Stack"],"picked":"SKIP","floor":8.0},{"not_picked":["MeatLantern","Variant","CrumblingArmor"],"picked":"Singing Bowl","floor":13.0},{"not_picked":["Time Bomb","Steam","Leap"],"picked":"SKIP","floor":13.0},{"not_picked":["Scorched","Yin"],"picked":"Scarecrow","floor":14.0},{"not_picked":["Steam","Lockon"],"picked":"Electrodynamics","floor":14.0},{"not_picked":["MeatLantern","DreamingCurrent","BigBird"],"picked":"Singing Bowl","floor":16.0},{"not_picked":["HappyTeddy","Bloodbath"],"picked":"RedShoes","floor":16.0},{"not_picked":["Leap","Chaos"],"picked":"Cold Snap","floor":16.0},{"not_picked":["BigBadWolf","HeroicMonk","PunishingBird"],"picked":"Singing Bowl","floor":18.0},{"not_picked":["Multi-Cast","ReplayTheSpireMod:Fabricate Wheel"],"picked":"Thunder Strike","floor":18.0},{"not_picked":["Yin","Porccubus","Woodsman"],"picked":"Singing Bowl","floor":20.0},{"not_picked":["Redo","BasicCrystalCard"],"picked":"Double Energy","floor":20.0},{"not_picked":["GalaxyChild","Wellcheers","Porccubus"],"picked":"Singing Bowl","floor":22.0},{"not_picked":["MHz","SpiderBud"],"picked":"VoidDream","floor":22.0},{"not_picked":["Compile Driver","Recycle"],"picked":"ReplayRNGCard","floor":22.0},{"not_picked":["HappyTeddy","Freischutz","Woodsman"],"picked":"Singing Bowl","floor":26.0},{"not_picked":["Woodsman","WhitesApple"],"picked":"SnowQueen","floor":26.0},{"not_picked":["Gash","Streamline","Reinforced Body"],"picked":"SKIP","floor":26.0},{"not_picked":["SingingMachine","SilentOrchestra","Scorched"],"picked":"Singing Bowl","floor":31.0},{"not_picked":["Compile Driver+1","Go for the Eyes"],"picked":"Creative AI","floor":31.0},{"not_picked":["WhitesApple","CherryBlossoms","FairyFestival"],"picked":"Singing Bowl","floor":33.0},{"not_picked":["BasicCrystalCard","Skim","Rebound"],"picked":"SKIP","floor":33.0},{"not_picked":["DreamingCurrent","NothingThere"],"picked":"LongBird","floor":35.0},{"not_picked":["Rebound","Sunder+1","Leap"],"picked":"SKIP","floor":35.0},{"not_picked":["Alriune","MeltingLove"],"picked":"BodiesMountain","floor":37.0},{"not_picked":["Hyperbeam","Fission"],"picked":"ReplayRNGCard","floor":37.0},{"not_picked":["GreedKing","DespairKnight","Alriune"],"picked":"Singing Bowl","floor":39.0},{"not_picked":["Conserve Battery","Turbo"],"picked":"Defragment+1","floor":39.0},{"not_picked":["Wellcheers","LittleHelper","CrumblingArmor"],"picked":"Singing Bowl","floor":42.0},{"not_picked":["Leap","Cold Snap","Streamline"],"picked":"SKIP","floor":42.0},{"not_picked":["BigBadWolf","GreedKing"],"picked":"OSAHOGD","floor":43.0},{"not_picked":["Lockon+1","Hologram"],"picked":"Double Energy+1","floor":43.0},{"not_picked":["Funeral","BlueStar","WhitesApple"],"picked":"Singing Bowl","floor":44.0},{"not_picked":["Go for the Eyes+1","Sweeping Beam","ReplayTheSpireMod:System Scan"],"picked":"SKIP","floor":44.0},{"not_picked":["WhiteNight","GreedKing","Alriune"],"picked":"Singing Bowl","floor":46.0},{"not_picked":["Sunder","Hologram","Aggregate"],"picked":"SKIP","floor":46.0},{"not_picked":["Yin","MeltingLove","Porccubus"],"picked":"Singing Bowl","floor":48.0},{"not_picked":["Conserve Battery","Rebound+1","Streamline+1"],"picked":"SKIP","floor":48.0},{"not_picked":["DespairKnight","Woodsman","ShyLook"],"picked":"Singing Bowl","floor":49.0},{"not_picked":["Gash","Coolheaded+1","Rebound+1"],"picked":"SKIP","floor":49.0},{"not_picked":["CENSORED","Funeral","NothingThere"],"picked":"Singing Bowl","floor":51.0},{"not_picked":["Sweeping Beam","Scrape+1","Ball Lightning"],"picked":"SKIP","floor":51.0}],"player_experience":537203,"relics_obtained":[{"floor":1.0,"key":"LetterFromLob"},{"floor":9.0,"key":"Void"},{"floor":14.0,"key":"ReplayTheSpireMod:Lightbulb"},{"floor":24.0,"key":"Necronomicon"},{"floor":31.0,"key":"BelialBook"},{"floor":44.0,"key":"Dead Branch"},{"floor":47.0,"key":"Calling Bell"},{"floor":47.0,"key":"The Specimen"},{"floor":47.0,"key":"FossilizedHelix"},{"floor":47.0,"key":"Gambling Chip"},{"floor":49.0,"key":"TheBean"}],"event_choices":[{"damage_healed":0.0,"max_hp_gain":0.0,"max_hp_loss":0.0,"gold_gain":0.0,"event_name":"Accursed Blacksmith","player_choice":"Rummage","floor":6.0,"gold_loss":0.0,"damage_taken":0.0,"relics_obtained":["WarpedTongs"],"cards_obtained":["Pain"]},{"damage_healed":0.0,"max_hp_gain":0.0,"max_hp_loss":0.0,"gold_gain":0.0,"event_name":"Upgrade Shrine","player_choice":"Upgraded","floor":12.0,"gold_loss":0.0,"damage_taken":0.0,"cards_upgraded":["Mirror Shield"]},{"damage_healed":0.0,"max_hp_gain":0.0,"max_hp_loss":0.0,"gold_gain":0.0,"cards_transformed":["Strike_B"],"event_name":"Living Wall","player_choice":"Change","floor":15.0,"gold_loss":0.0,"damage_taken":0.0,"cards_obtained":["Consume"]},{"cards_removed":["Defend_B"],"damage_healed":0.0,"max_hp_gain":0.0,"max_hp_loss":0.0,"gold_gain":0.0,"event_name":"Beggar","player_choice":"Gave Gold","floor":23.0,"gold_loss":75.0,"damage_taken":0.0},{"damage_healed":0.0,"max_hp_gain":0.0,"max_hp_loss":0.0,"gold_gain":0.0,"event_name":"Cursed Tome","player_choice":"Obtained Book","floor":24.0,"gold_loss":0.0,"damage_taken":16.0},{"damage_healed":0.0,"max_hp_gain":0.0,"max_hp_loss":0.0,"gold_gain":0.0,"event_name":"Winding Halls","player_choice":"Embrace Madness","floor":41.0,"gold_loss":0.0,"damage_taken":10.0,"cards_obtained":["Madness","Madness"]},{"damage_healed":0.0,"max_hp_gain":0.0,"max_hp_loss":0.0,"gold_gain":0.0,"event_name":"WeMeetAgain","player_choice":"Paid Gold","floor":50.0,"gold_loss":119.0,"damage_taken":0.0,"relics_obtained":["hexamod:Sixitude"]}],"is_beta":false,"boss_relics":[{"not_picked":["Dream Catcher","Ginger"],"picked":"Replay:Antivirus Software"},{"not_picked":[]},{"not_picked":["Thread and Needle","Replay:Multitool"],"picked":"Paper Crane"},{"not_picked":[]}],"items_purged_floors":[2,4,7,21,32,40,52],"is_endless":false,"potions_floor_spawned":[1,13,16,26,31,35,42,46],"ascension_level":0}}