{"host":"gm50ke85n5jz306u","time":1613959124,"event":{"mods":["AchievementEnabler","AlwaysNeverKeys","Aspiration","BaseMod","Bestiary","Better Altar","Better Match","Better Note","Better Sensory Stone","Better Skull","Better Third Choice","Better Vampires","Better-Laid Plans","BetterRewards","Colored Powertips","Curses Come First","DNKmod","Defuse TimeMaze Blight","Disable Question Mark Monsters","Displayed Cursed Tome","Downfall","Emptier Cage","Extra Virgin Snecko Oil","Filter the Spire","Friendly Minions","Gremlin Skip","Hermit","Hubris","Hyrulean Relics","Ironclad Rager","Jorbs\u0027s Wanderer Trilogy","Koishi","Lobotomy","Marisa????????","Marked Mod","Minty Spire (QoL Compilation)","Permanent Neow","Poor People Problems","Quick Restart","Reimu??????","Relic Filter Mod","Relic Sorter","Remilia??????","Remove Card Discount Mod","Reorder Act Four","Replay The Spire","Shop Mod","StSLib","Synergy Search","Td1madao Mod","The Administrix","The Animator","The Blue Laboratory","The Bug Knight","The Construct","The Cursed","The Disciple","The Hierophant","The Necromancer","The Poker Player","The Runesmith","The Senshi","The Servant 0.9.4","Thieving Mod","Transform Curses","WarShipGirlsR/????R mod","Youmu??????"],"gold_per_floor":[10017,9034,9034,8143,8143,8143,8163,8163,8163,7544,7570,6869,6869,6886,6886,6985,6985,6997,7012,7012,6446,6446,6474,6474,6474,6474,6491,6491,6491,5885,5904,5904,5914,5914,6009,6009,6020,6020,6020,5403,5414,5414,5443,4877,4877,4877,4635,4645,4675,4686,4686,4686],"floor_reached":53,"language":"ENG","playtime":4423,"items_purged":["Strike_Br","Strike_Br","BeatsPerMinute","Strike_Br","Strike_Br","LockedAnchor","Defend_Br","Defend_Br","LockedFlame+1","LockedMercury+1","MasterKey+1","ReapSow","SlimeSpray+1","Defend_Br","Defend_Br","Facsimile","Echoward"],"score":604,"play_id":"be209175-6893-428e-bd56-c350e5b73bf5","local_time":"20210222025844","is_ascension_mode":false,"campfire_choices":[{"data":"LockedFlame","floor":6.0,"key":"SMITH"},{"data":"HandsUpC","floor":8.0,"key":"SMITH"},{"data":"LockedThread","floor":13.0,"key":"SMITH"},{"data":"ExoVibe","floor":15.0,"key":"SMITH"},{"data":"OldTimer","floor":24.0,"key":"SMITH"},{"data":"TickedOff","floor":29.0,"key":"SMITH"},{"data":"LockedMercury","floor":34.0,"key":"SMITH"},{"data":"HandsUpC","floor":42,"key":"SMITH"},{"data":"ExoVibe","floor":46,"key":"SMITH"},{"data":"ExoVibe","floor":51,"key":"SMITH"}],"circlet_count":0,"master_deck":["SecondHand+1","PatternShift","HandsUpC+1","Analog+1","ExoVibe+19","OldTimer+1","HandsUpC+1","Goo","TickedOff+1","HandsUpC+1","ExoVibe+10","ExoVibe+4","OldTimer+1","ResonantCall+1"],"relics":["Chronometer","Snack Pack","hubris:CrystalStatue","MerchantsRug","Blue Doll","aspiration:DSix","hubris:Teleporter","Calipers","Anchor","StoneCalendar","hubris:GlazedTorus","HandDrill","Strange Spoon","Garlic","aspiration:HummingbirdHeart","Mirror","MysticCrockPot","TentaclePot:ReiMu","Peace Pipe","Strawberry","Durian","Guide Book","Black Star","MealTicket","Mercury Hourglass","Orrery","hubris:ToyBattleship","Eternal Feather","Meat on the Bone","Regal Pillow","DollysMirror","Iron Hammer","theSenshi:SailorFukuRelic"],"acts_visited":["Exordium","TheCity","TheBeyond"],"potions_floor_usage":[43,48],"damage_taken":[{"damage":0.0,"enemies":"2 Louse","floor":1.0,"turns":3.0},{"damage":3.0,"enemies":"Cultist","floor":7.0,"turns":5.0},{"damage":1.0,"enemies":"3 Sentries","floor":11.0,"turns":7.0},{"damage":0.0,"enemies":"Small Slimes","floor":14.0,"turns":4.0},{"damage":9.0,"enemies":"Fading Forest","floor":16.0,"turns":11.0},{"damage":0.0,"enemies":"Spheric Guardian","floor":18.0,"turns":6.0},{"damage":0.0,"enemies":"3 Byrds","floor":19.0,"turns":5.0},{"damage":12.0,"enemies":"Book of Stabbing","floor":23.0,"turns":6.0},{"damage":19.0,"enemies":"Sentry and Sphere","floor":27.0,"turns":8.0},{"damage":1.0,"enemies":"Cultist and Chosen","floor":31.0,"turns":6.0},{"damage":0.0,"enemies":"Chosen and Byrds","floor":33.0,"turns":5.0},{"damage":4.0,"enemies":"Champ","floor":35.0,"turns":8.0},{"damage":13.0,"enemies":"Orb Walker","floor":37.0,"turns":6.0},{"damage":3,"enemies":"3 Darklings","floor":41,"turns":5},{"damage":31,"enemies":"Nemesis","floor":43,"turns":7},{"damage":0,"enemies":"Spire Growth","floor":48,"turns":5},{"damage":10,"enemies":"Giant Head","floor":49,"turns":9},{"damage":0,"enemies":"Maw","floor":50,"turns":7},{"damage":0,"enemies":"Replay:Hell Engine","floor":52,"turns":7}],"seed_played":"7916098652781172448","potions_obtained":[{"floor":1.0,"key":"MagicPotion:ReiMu"},{"floor":23.0,"key":"WardPotion"},{"floor":33.0,"key":"SmokeBomb"},{"floor":43,"key":"Fire Potion"},{"floor":48,"key":"blueLaboratory:BottleOfVodka"}],"is_trial":false,"path_per_floor":["M","$","?","$","?","R","M","R","T","$","E","$","R","M","R","B",null,"M","M","?","$","?","E","R","PTL","PTL","M","T","R","$","M","?","M","R","B",null,"M","?","?","$","M","R","E","$","T","R","$","M","E","M","R","B",null],"character_chosen":"CHRONO_CLASS","items_purchased":["Anchor","hubris:GlazedTorus","HandDrill","MerchantsRug","Analog","LockedFlame","Calipers","aspiration:DSix","Strange Spoon","Swift Potion","Strength Potion","SlimeSpray","ExoVibe","BeatsPerMinute","aspiration:HummingbirdHeart","Snack Pack","MysticCrockPot","hubris:Teleporter","TentaclePot:ReiMu","Peace Pipe","Strawberry","Goo","LockedAnchor","StoneCalendar","MasterKey","Guide Book","MealTicket","Mercury Hourglass","Orrery","Block Potion","Meat on the Bone","Regal Pillow","DollysMirror","theSenshi:SailorFukuRelic","Fruit Juice","Explosive Potion"],"campfire_rested":0,"item_purchase_floors":[2,2,2,2,2,2,4,4,4,4,4,4,10,10,10,10,12,12,12,21,21,21,21,30,30,30,40,40,40,40,44,44,44,47,47,47],"current_hp_per_floor":[65,65,65,65,65,65,62,62,62,62,61,61,61,61,61,65,65,65,65,65,72,72,62,62,62,62,45,50,50,50,53,53,53,53,51,77,64,64,64,64,63,63,32,47,47,53,68,77,71,79,82,82],"gold":4686,"neow_bonus":"UPGRADE_CARD","is_daily":false,"chose_seed":false,"campfire_upgraded":10,"win_rate":0.0,"timestamp":1613959124,"path_taken":["M","$","?","?","?","R","?","R","T","$","E","$","R","M","R","BOSS","M","M","?","$","?","E","R","PTL","PTL","M","T","R","$","M","?","?","R","BOSS","M","?","?","?","M","R","E","$","T","R","$","M","E","?","R","BOSS"],"items_purchased_type":["Relic","Relic","Relic","Relic","Card","Card","Relic","Relic","Relic","Potion","Potion","Card","Card","Card","Relic","Relic","Relic","Relic","Relic","Relic","Relic","Card","Card","Relic","Card","Relic","Relic","Relic","Relic","Potion","Relic","Relic","Relic","Relic","Potion","Potion"],"build_version":"2020-12-22","purchased_purges":17,"victory":true,"max_hp_per_floor":[65,65,65,65,65,65,65,65,65,65,65,65,65,65,65,65,65,65,65,65,72,72,72,72,72,72,72,77,77,77,77,77,77,77,77,77,77,77,77,77,77,77,77,77,77,77,77,82,82,82,82,82],"card_choices":[{"not_picked":["ExoVibe","Engulf"],"picked":"HandsUpC","floor":1.0},{"not_picked":["ShortSighted","Backlash","AlternateTimeline"],"picked":"SKIP","floor":7.0},{"not_picked":["CrunchTime","AlternateTimeline"],"picked":"LockedThread","floor":11.0},{"not_picked":["LockedUrn","BeatsPerMinute","Recurrance"],"picked":"SKIP","floor":14.0},{"not_picked":["OracleForm","Pendulum"],"picked":"OldTimer","floor":16.0},{"not_picked":["Analog+1","Stagnate"],"picked":"HandsUpC+1","floor":18.0},{"not_picked":["BiteCommand","LockedScales","AlternateTimeline"],"picked":"SKIP","floor":19.0},{"not_picked":["Engulf","LockedBlood"],"picked":"ReapSow","floor":23.0},{"not_picked":["Accruing+1","Echoward"],"picked":"TickedOff","floor":27.0},{"not_picked":["WindUp+1","AlternateTimeline"],"picked":"LockedMercury","floor":31.0},{"not_picked":["HandsUpB","Parity"],"picked":"HandsUpC","floor":33.0},{"not_picked":["AlternateTimeline+1","Cuckoo"],"picked":"Echoward","floor":37.0},{"not_picked":["ResonantCall","BlueShift"],"picked":"ExoVibe","floor":40.0},{"not_picked":["BiteCommand+1","CrunchTime+1"],"picked":"ExoVibe","floor":40.0},{"not_picked":["LockedCalendar","ShortSighted"],"picked":"Facsimile","floor":40.0},{"not_picked":["Facsimile","ReapSow","Parity"],"picked":"SKIP","floor":41},{"not_picked":["BiteCommand+1","Chronoelasticity","LockedOrichalcum+1"],"picked":"SKIP","floor":43},{"not_picked":["WakeUpCall+1","Parity+1"],"picked":"ResonantCall+1","floor":48},{"not_picked":["Backlash","LockedUrn","DaylightSavings+1"],"picked":"SKIP","floor":49},{"not_picked":["LockedBlood+1","BeatsPerMinute+1","AlternateTimeline"],"picked":"SKIP","floor":50}],"player_experience":381732,"relics_obtained":[{"floor":9.0,"key":"Garlic"},{"floor":11.0,"key":"Mirror"},{"floor":28.0,"key":"Durian"},{"floor":43,"key":"hubris:ToyBattleship"},{"floor":43,"key":"Eternal Feather"},{"floor":45,"key":"Iron Hammer"},{"floor":49,"key":"Blue Doll"},{"floor":49,"key":"hubris:CrystalStatue"}],"event_choices":[{"damage_healed":0.0,"max_hp_gain":0.0,"max_hp_loss":0.0,"gold_gain":0.0,"event_name":"Accursed Blacksmith","player_choice":"Forge","floor":3.0,"gold_loss":0.0,"damage_taken":0.0,"cards_upgraded":["Analog"]},{"damage_healed":0.0,"max_hp_gain":0.0,"max_hp_loss":0.0,"gold_gain":0.0,"event_name":"Purifier","player_choice":"Ignored","floor":5.0,"gold_loss":0.0,"damage_taken":0.0},{"damage_healed":0.0,"max_hp_gain":0.0,"max_hp_loss":0.0,"gold_gain":0.0,"event_name":"betterNote:BetterNote","player_choice":"Ignored","floor":22.0,"gold_loss":0.0,"damage_taken":0.0,"cards_obtained":["Finesse"]},{"cards_removed":["LockedThread"],"damage_healed":0.0,"max_hp_gain":0.0,"max_hp_loss":0.0,"gold_gain":0.0,"event_name":"Falling","player_choice":"Removed Power","floor":38.0,"gold_loss":0.0,"damage_taken":0.0},{"damage_healed":0.0,"max_hp_gain":0.0,"max_hp_loss":0.0,"gold_gain":0.0,"event_name":"Tomb of Lord Red Mask","player_choice":"Ignored","floor":39.0,"gold_loss":0.0,"damage_taken":0.0}],"is_beta":false,"boss_relics":[{"not_picked":["Runic Dome","Fusion Hammer","aspiration:DefectSkillbook"]},{"not_picked":["aspiration:RandomNobGenerator","Calling Bell"],"picked":"Black Star"}],"items_purged_floors":[4,10,21,21,21,30,30,30,40,40,40,40,40,40,40,44,44],"is_endless":false,"potions_floor_spawned":[1,14,23,27,31,33,41,43,48],"ascension_level":0}}