{"host":"drl4gs3853zme1q6","time":1613978977,"event":{"mods":["AchievementEnabler","BaseMod","Colored Map","Colored Powertips","Hermit","Hubris","Infinite Spire","Jorbs\u0027s Wanderer Trilogy","Minty Spire (QoL Compilation)","Replay The Spire","StSLib","The Cursed","The Hierophant"],"gold_per_floor":[116,134,134,53,53,53,79,95,95,124,135,151,165,180,180,280,280,295,295,295,295,313,313,313,313,313,329,279,293,293,293],"floor_reached":30,"language":"ENG","playtime":975,"items_purged":[],"score":242,"play_id":"0c7f7a9b-572c-47b4-a6bf-58d94fc84f80","local_time":"20210222012937","daily_mods":["Vintage","Heirloom","Time Dilation"],"is_ascension_mode":false,"campfire_choices":[{"data":"TheCursedMod:Hemoplague","floor":6,"key":"SMITH"},{"data":"TheCursedMod:CursedWand","floor":15,"key":"SMITH"},{"data":"TheCursedMod:Stretching","floor":23,"key":"SMITH"},{"data":"TheCursedMod:VoidForm","floor":25,"key":"SMITH"}],"circlet_count":0,"master_deck":["TheCursedMod:Strike_TheCursed","TheCursedMod:Strike_TheCursed","TheCursedMod:Strike_TheCursed","TheCursedMod:Strike_TheCursed","TheCursedMod:Defend_TheCursed","TheCursedMod:Defend_TheCursed","TheCursedMod:Defend_TheCursed","TheCursedMod:Defend_TheCursed","TheCursedMod:CursedWand+1","TheCursedMod:CleanUpWorkshop","TheCursedMod:Dregs","TheCursedMod:Hemoplague+1","TheCursedMod:Mangle","TheCursedMod:Stretching+1","TheCursedMod:VoidForm+1"],"relics":["TheCursedMod:BlackMagic101","Counterbalance","Ornamental Fan","hubris:MysteriousPyramids","Peace Pipe","Akabeko","Onion Ring","Ice Cream","Simple Rune","infinitespire:FocusingShard","hubris:GlazedTorus","TheCursedMod:SoulVessel","Philosopher\u0027s Stone","hubris:BottledRain","hubris:MedicalManual","hubris:Backtick","infinitespire:WardingShard","Replay:Bottled Steam","infinitespire:Golems Mask","Oddly Smooth Stone","Pantograph"],"acts_visited":["Exordium","TheCity"],"potions_floor_usage":[8,16],"damage_taken":[{"damage":5,"enemies":"Jaw Worm","floor":1,"turns":4},{"damage":1,"enemies":"2 Louse","floor":2,"turns":3},{"damage":18,"enemies":"Lagavulin","floor":7,"turns":6},{"damage":1,"enemies":"Cultist","floor":8,"turns":3},{"damage":5,"enemies":"3 Sentries","floor":10,"turns":8},{"damage":3,"enemies":"Large Slime","floor":11,"turns":4},{"damage":0,"enemies":"3 Louse","floor":12,"turns":1},{"damage":0,"enemies":"2 Fungi Beasts","floor":13,"turns":2},{"damage":1,"enemies":"Lots of Slimes","floor":14,"turns":3},{"damage":18,"enemies":"The Guardian","floor":16,"turns":8},{"damage":6,"enemies":"Spheric Guardian","floor":18,"turns":3},{"damage":11,"enemies":"Shell Parasite","floor":22,"turns":4},{"damage":12,"enemies":"Shelled Parasite and Fungi","floor":27,"turns":3},{"damage":0,"enemies":"Centurion and Healer","floor":29,"turns":3},{"damage":5,"enemies":"Snecko","floor":30,"turns":2}],"seed_played":"4223279057561769211","potions_obtained":[{"floor":1,"key":"Ancient Potion"},{"floor":2,"key":"Regen Potion"},{"floor":11,"key":"Death Potion"},{"floor":14,"key":"Block Potion"},{"floor":18,"key":"LiquidMemories"},{"floor":29,"key":"Weak Potion"}],"is_trial":true,"path_per_floor":["M","M","?","$","?","R","E","M","T","E","M","M","M","M","R","B",null,"M","AVR","?","?","M","R","?","R","T","M","?","M","M"],"character_chosen":"THE_CURSED","items_purchased":["TheCursedMod:Hemoplague"],"campfire_rested":0,"item_purchase_floors":[4],"current_hp_per_floor":[70,69,54,54,54,54,36,44,44,39,36,36,36,35,35,20,75,71,71,62,62,53,53,14,14,14,3,3,5,0,0],"gold":293,"neow_bonus":"","is_daily":false,"chose_seed":false,"campfire_upgraded":4,"win_rate":0.0,"timestamp":1613978977,"path_taken":["M","M","?","$","?","R","E","M","T","E","M","?","M","M","R","BOSS","M","AVR","?","?","M","R","?","R","T","M","?","?","M"],"items_purchased_type":["Card"],"build_version":"2020-12-22","purchased_purges":0,"victory":false,"max_hp_per_floor":[75,75,75,75,75,75,75,75,75,75,75,75,75,75,75,75,75,75,75,75,75,75,75,75,75,75,75,75,75,75,75],"card_choices":[{"not_picked":["TheCursedMod:RavingStaff","TheCursedMod:AntiAging"],"picked":"TheCursedMod:Mangle","floor":7},{"not_picked":["TheCursedMod:SpitefulStrike","TheCursedMod:CircleOfCorruption"],"picked":"TheCursedMod:Stretching","floor":10},{"not_picked":["TheCursedMod:DarkBarrier","TheCursedMod:CollectTribute"],"picked":"TheCursedMod:VoidForm","floor":16}],"player_experience":394210,"relics_obtained":[{"floor":1,"key":"Ornamental Fan"},{"floor":2,"key":"hubris:MysteriousPyramids"},{"floor":7,"key":"Peace Pipe"},{"floor":8,"key":"Akabeko"},{"floor":9,"key":"Onion Ring"},{"floor":10,"key":"Ice Cream"},{"floor":11,"key":"Simple Rune"},{"floor":12,"key":"infinitespire:FocusingShard"},{"floor":13,"key":"hubris:GlazedTorus"},{"floor":14,"key":"TheCursedMod:SoulVessel"},{"floor":18,"key":"hubris:BottledRain"},{"floor":22,"key":"Replay:Bottled Steam"},{"floor":26,"key":"infinitespire:Golems Mask"},{"floor":27,"key":"Oddly Smooth Stone"},{"floor":29,"key":"Pantograph"}],"event_choices":[{"damage_healed":0,"gold_gain":0,"player_choice":"Entered Light","damage_taken":15,"max_hp_gain":0,"max_hp_loss":0,"event_name":"Shining Light","floor":3,"gold_loss":0,"cards_upgraded":["TheCursedMod:Strike_TheCursed","TheCursedMod:Strike_TheCursed"]},{"damage_healed":0,"gold_gain":0,"player_choice":"Ignored","damage_taken":0,"max_hp_gain":0,"max_hp_loss":0,"event_name":"Fountain of Cleansing","floor":5,"gold_loss":0},{"damage_healed":0,"gold_gain":0,"player_choice":"Stopped","damage_taken":9,"max_hp_gain":0,"max_hp_loss":0,"event_name":"Cursed Tome","floor":20,"gold_loss":0},{"damage_healed":0,"gold_gain":0,"player_choice":"Bet on Owner","damage_taken":0,"max_hp_gain":0,"max_hp_loss":0,"event_name":"The Joust","floor":28,"gold_loss":50}],"is_beta":false,"boss_relics":[{"not_picked":["infinitespire:Cupcake","hubris:TerracottaHorce"],"picked":"Philosopher\u0027s Stone"}],"items_purged_floors":[],"is_endless":false,"potions_floor_spawned":[1,2,11,14,18,29],"killed_by":"Snecko","ascension_level":0}}