{"host":"yy1cu9q9bsxhflzi","time":1613992159,"event":{"mods":["BaseMod","DeckTracker","Minty Spire (QoL Compilation)","Quick Restart","StSLib","SuperFastMode","everything is the same but u backflip on backflip"],"gold_per_floor":[113,124,49,59,59,94,94,105,105,30,30,47,73,73,73,146,146,159,177,177,177],"floor_reached":20,"language":"KOR","playtime":423,"items_purged":["Pain"],"score":518,"play_id":"7c91f7cb-526a-4209-a7af-cbb7c2ebefca","local_time":"20210222200919","is_ascension_mode":true,"campfire_choices":[{"data":"Calculated Gamble","floor":7.0,"key":"SMITH"},{"data":"Juggernaut","floor":15.0,"key":"SMITH"}],"circlet_count":0,"master_deck":["AscendersBane","Strike_G","Strike_G","Strike_G","Strike_G","Defend_G","Defend_G","Defend_G","Defend_G","Defend_G","Survivor","Neutralize","After Image","Juggernaut+1","Calculated Gamble+1","PiercingWail","Terror","Well Laid Plans","Prepared","Malaise","Leg Sweep"],"relics":["Ring of the Snake","Mummified Hand","WarpedTongs","PreservedInsect","Gremlin Horn","Letter Opener","Toy Ornithopter","Black Star"],"acts_visited":["Exordium","TheCity"],"potions_floor_usage":[],"damage_taken":[{"damage":0.0,"enemies":"Small Slimes","floor":1.0,"turns":3.0},{"damage":4.0,"enemies":"Jaw Worm","floor":2.0,"turns":2.0},{"damage":0.0,"enemies":"Cultist","floor":4.0,"turns":3.0},{"damage":3.0,"enemies":"Lagavulin","floor":6.0,"turns":7.0},{"damage":6.0,"enemies":"3 Louse","floor":8.0,"turns":4.0},{"damage":0.0,"enemies":"2 Fungi Beasts","floor":12.0,"turns":2.0},{"damage":18.0,"enemies":"3 Sentries","floor":13.0,"turns":6.0},{"damage":0,"enemies":"Hexaghost","floor":16,"turns":7},{"damage":0,"enemies":"Chosen","floor":18,"turns":5},{"damage":31,"enemies":"2 Thieves","floor":19,"turns":3},{"damage":24,"enemies":"Masked Bandits","floor":20,"turns":2}],"seed_played":"1430848243579837918","potions_obtained":[{"floor":2.0,"key":"AttackPotion"},{"floor":6.0,"key":"GamblersBrew"},{"floor":19,"key":"BlessingOfTheForge"}],"is_trial":true,"path_per_floor":["M","M","?","M","?","E","R","M","T","$","T","M","E","?","R","B",null,"M","M","?"],"character_chosen":"THE_SILENT","items_purchased":[],"campfire_rested":0,"item_purchase_floors":[],"current_hp_per_floor":[59,55,55,55,55,52,52,46,46,46,46,46,28,23,23,23,55,55,24,0,0],"gold":177,"neow_bonus":"","is_daily":false,"chose_seed":false,"campfire_upgraded":2,"win_rate":0.0,"timestamp":1613992159,"path_taken":["M","M","?","M","?","E","R","M","T","$","?","M","E","?","R","BOSS","M","M","?"],"items_purchased_type":[],"build_version":"2020-12-22","purchased_purges":1,"victory":false,"max_hp_per_floor":[66,66,66,66,66,66,66,66,66,66,66,66,66,66,66,66,66,66,66,66,66],"card_choices":[{"not_picked":["Outmaneuver","Cloak And Dagger"],"picked":"Calculated Gamble","floor":1.0},{"not_picked":["Underhanded Strike","Dodge and Roll"],"picked":"PiercingWail","floor":2.0},{"not_picked":["Sucker Punch","Flechettes","Accuracy"],"picked":"SKIP","floor":4.0},{"not_picked":["Concentrate","Dash","Dagger Spray"],"picked":"SKIP","floor":6.0},{"not_picked":["Underhanded Strike","Blade Dance"],"picked":"Terror","floor":8.0},{"not_picked":["Escape Plan","Dagger Spray"],"picked":"Well Laid Plans","floor":12.0},{"not_picked":["Dash","Predator"],"picked":"Prepared","floor":13.0},{"not_picked":["Tools of the Trade","Corpse Explosion"],"picked":"Malaise","floor":16},{"not_picked":["Poisoned Stab","Crippling Poison","Outmaneuver"],"picked":"SKIP","floor":18},{"not_picked":["Bouncing Flask","Dash"],"picked":"Leg Sweep","floor":19}],"player_experience":3933661,"relics_obtained":[{"floor":6.0,"key":"PreservedInsect"},{"floor":11.0,"key":"Gremlin Horn"},{"floor":13.0,"key":"Letter Opener"}],"event_choices":[{"cards_removed":["Strike_G"],"damage_healed":0.0,"max_hp_gain":0.0,"max_hp_loss":0.0,"gold_gain":0.0,"event_name":"The Cleric","player_choice":"Card Removal","floor":3.0,"gold_loss":75.0,"damage_taken":0.0},{"damage_healed":0.0,"max_hp_gain":0.0,"max_hp_loss":0.0,"gold_gain":0.0,"event_name":"Accursed Blacksmith","player_choice":"Rummage","floor":5.0,"gold_loss":0.0,"damage_taken":0.0,"relics_obtained":["WarpedTongs"],"cards_obtained":["Pain"]},{"damage_healed":0.0,"max_hp_gain":0.0,"max_hp_loss":0.0,"gold_gain":0.0,"event_name":"Scrap Ooze","player_choice":"Success","floor":14.0,"gold_loss":0.0,"damage_taken":5.0,"relics_obtained":["Toy Ornithopter"]},{"damage_healed":0,"gold_gain":0,"player_choice":"Fought Bandits","damage_taken":0,"max_hp_gain":0,"max_hp_loss":0,"event_name":"Masked Bandits","floor":20,"gold_loss":0}],"is_beta":false,"boss_relics":[{"not_picked":["Velvet Choker","Snecko Eye"],"picked":"Black Star"}],"items_purged_floors":[10],"is_endless":false,"potions_floor_spawned":[2,6,16,18,19],"killed_by":"Masked Bandits","ascension_level":20}}