{"host":"8z0h4areh8sio1k0","time":1613957802,"event":{"mods":["10 clothes from DAL","Act Like it!","Aspiration","BaseMod","Colored Map","Conspire","Crowbot","Hubris","Library of Ruina Extra","Mimic Mod","Minty Spire (QoL Compilation)","Replay The Spire","Ring Of Destiny","StSLib","TestMod","The Blue Laboratory","The Fake Hero","The Hierophant","[Fun]BeWhatYouAte","【功能Mod】精心准备","【遗物Mod】死灵法师NEW"],"gold_per_floor":[112,122,122,132,141,141,158,158,158,158,158,108,108,187,187,289,289,308,308,325,336,336,363,381,229,229,252,272,272,272],"floor_reached":29,"language":"ZHS","playtime":1706,"items_purged":["Delirium"],"score":212,"play_id":"d4da712b-c62f-4896-9b58-95a5ba0105ba","local_time":"20210222093642","is_ascension_mode":false,"campfire_choices":[{"data":"RingOfDestiny:FallenFlower","floor":6.0,"key":"SMITH"},{"data":"RingOfDestiny:HexaMudra","floor":8.0,"key":"SMITH"},{"data":"RingOfDestiny:DarkLight","floor":10.0,"key":"SMITH"},{"data":"RingOfDestiny:RattanBeetle","floor":15,"key":"SMITH"}],"circlet_count":0,"master_deck":["RingOfDestiny:Defend_SF","RingOfDestiny:Defend_SF","RingOfDestiny:Strike_SF","RingOfDestiny:Strike_SF","RingOfDestiny:ShadowCard","RingOfDestiny:PoisonedShiv","RingOfDestiny:FallenFlower+1","RingOfDestiny:RattanBeetle+1","RingOfDestiny:Spur","RingOfDestiny:HexaMudra+1","RingOfDestiny:DarkLight+1","RingOfDestiny:PentMudra","RingOfDestiny:ShadowBlossom","Injury","RingOfDestiny:BottlePoison","RingOfDestiny:HeptMudra+1","RingOfDestiny:GasBomb","RingOfDestiny:Premeditate+1","RingOfDestiny:WoodRelease+1","hubris:Envy","hubris:Greed","Doubt","RingOfDestiny:DeadlyShadow+1","RingOfDestiny:Belt","RingOfDestiny:Ridicule+1"],"relics":["RingOfDestiny:ShadowKunai","testmod-TestBox","testmod-Charity","NeowsBlessing","Bottled Lightning","Toxic Egg 2","NeowsBlessing","testmod-Laevatain","Quantum Egg"],"acts_visited":["Exordium","Exordium"],"potions_floor_usage":[24,27],"damage_taken":[{"damage":0.0,"enemies":"Jaw Worm","floor":1.0,"turns":1.0},{"damage":0.0,"enemies":"Cultist","floor":2.0,"turns":1.0},{"damage":0.0,"enemies":"2 Louse","floor":4.0,"turns":1.0},{"damage":13.0,"enemies":"2 Fungi Beasts","floor":5.0,"turns":3.0},{"damage":9.0,"enemies":"Blue Slaver","floor":7.0,"turns":3.0},{"damage":40,"enemies":"Fading Forest","floor":16,"turns":11},{"damage":0,"enemies":"Chosen","floor":18,"turns":1},{"damage":0,"enemies":"Spheric Guardian","floor":20,"turns":1},{"damage":0,"enemies":"Snecko","floor":21,"turns":1},{"damage":37,"enemies":"Gremlin Leader","floor":23,"turns":7},{"damage":17,"enemies":"Cultist and Chosen","floor":24,"turns":6},{"damage":30,"enemies":"Centurion and Healer","floor":27,"turns":4},{"damage":36,"enemies":"3 Cultists","floor":28,"turns":4},{"damage":0,"enemies":"Slavers","floor":29,"turns":1}],"seed_played":"8434360341818698000","potions_obtained":[{"floor":2.0,"key":"blueLaboratory:FruitPunch"},{"floor":16,"key":"blueLaboratory:AbyssPotion"},{"floor":18,"key":"DuplicationPotion"},{"floor":24,"key":"blueLaboratory:AbyssPotion"}],"is_trial":false,"path_per_floor":["M","M","?","M","M","R","M","R","T","R","?","?","$","?","R","B",null,"M","?","M","M","?","E","M","$","T","M","M","E"],"character_chosen":"ShadowFlower","items_purchased":["RingOfDestiny:Belt"],"campfire_rested":0,"item_purchase_floors":[25],"current_hp_per_floor":[87,88,88,89,77,77,72,72,72,72,72,72,72,73,73,61,93,94,94,95,96,96,68,63,63,63,44,17,17,17],"gold":272,"neow_bonus":"THREE_ENEMY_KILL","is_daily":false,"chose_seed":false,"campfire_upgraded":4,"win_rate":0.0,"timestamp":1613957802,"path_taken":["M","M","?","M","M","R","?","R","T","R","?","?","?","?","R","BOSS","M","?","M","M","?","E","M","$","T","M","M","E"],"items_purchased_type":["Card"],"build_version":"2020-12-22","purchased_purges":1,"victory":false,"max_hp_per_floor":[87,88,88,89,90,90,91,91,91,91,91,91,91,92,92,93,93,94,94,95,96,96,97,100,100,100,101,102,102,102],"card_choices":[{"not_picked":["RingOfDestiny:HeptMudra","RingOfDestiny:WristBlade"],"picked":"RingOfDestiny:Spur","floor":1.0},{"not_picked":["RingOfDestiny:ShadowShackles","RingOfDestiny:Agile"],"picked":"RingOfDestiny:HexaMudra","floor":2.0},{"not_picked":["RingOfDestiny:PoisonedShiv","RingOfDestiny:FinalAttack"],"picked":"RingOfDestiny:DarkLight","floor":4.0},{"not_picked":["RingOfDestiny:ShadowRose","RingOfDestiny:FallenFlower"],"picked":"RingOfDestiny:PentMudra","floor":5.0},{"not_picked":["RingOfDestiny:Spur","RingOfDestiny:FinalAttack"],"picked":"RingOfDestiny:ShadowBlossom","floor":7.0},{"not_picked":["RingOfDestiny:ShadowPortal+1","RingOfDestiny:PerfectExecution"],"picked":"RingOfDestiny:BottlePoison","floor":16},{"not_picked":["RingOfDestiny:Spur+1","RingOfDestiny:ShadowRose+1"],"picked":"RingOfDestiny:HeptMudra+1","floor":18},{"not_picked":["RingOfDestiny:HeptMudra+1","RingOfDestiny:DarkLight+1"],"picked":"RingOfDestiny:GasBomb","floor":20},{"not_picked":["RingOfDestiny:EarthRelease+1","RingOfDestiny:FinalAttack+1"],"picked":"RingOfDestiny:Premeditate+1","floor":21},{"not_picked":["RingOfDestiny:NinjutsuScroll","RingOfDestiny:OctMudra"],"picked":"RingOfDestiny:WoodRelease+1","floor":23},{"not_picked":["RingOfDestiny:UndecMudra+1","RingOfDestiny:FrozenDark+1"],"picked":"RingOfDestiny:DeadlyShadow+1","floor":24},{"not_picked":["RingOfDestiny:FallenFlower+1","RingOfDestiny:ShadowStab+1","RingOfDestiny:PoisonedShiv+1"],"picked":"SKIP","floor":27},{"not_picked":["RingOfDestiny:FrozenDark+1","RingOfDestiny:UndecMudra"],"picked":"RingOfDestiny:Ridicule+1","floor":28}],"player_experience":597276,"relics_obtained":[{"floor":9.0,"key":"Bottled Lightning"},{"floor":23,"key":"testmod-Laevatain"},{"floor":26,"key":"Quantum Egg"}],"event_choices":[{"cards_removed":["RingOfDestiny:Defend_SF"],"damage_healed":0.0,"max_hp_gain":0.0,"max_hp_loss":0.0,"gold_gain":0.0,"event_name":"Bonfire Elementals","player_choice":"Offered Basic","floor":3.0,"gold_loss":0.0,"damage_taken":0.0},{"cards_removed":["RingOfDestiny:Strike_SF"],"damage_healed":0.0,"max_hp_gain":0.0,"max_hp_loss":0.0,"gold_gain":0.0,"event_name":"The Cleric","player_choice":"Card Removal","floor":12.0,"gold_loss":50.0,"damage_taken":0.0},{"damage_healed":0,"gold_gain":0,"player_choice":"Ignored","damage_taken":0,"max_hp_gain":0,"max_hp_loss":0,"event_name":"Cursed Tome","floor":19,"gold_loss":0},{"damage_healed":0,"gold_gain":0,"player_choice":"Ignored","damage_taken":0,"max_hp_gain":0,"max_hp_loss":0,"event_name":"给自己的盒子","floor":22,"gold_loss":0}],"is_beta":false,"boss_relics":[{"not_picked":["conspire:SlowCooker","testmod-EnergyCheck","Coffee Dripper"]}],"items_purged_floors":[25],"is_endless":false,"potions_floor_spawned":[2,16,18,21,24],"killed_by":"Slavers","ascension_level":0}}