{"host":"Kubo","time":1613991335,"event":{"mods":["BaseMod","Downfall","Minty Spire (QoL Compilation)","Replay The Spire","StSLib"],"gold_per_floor":[111,121,131,131,131,131,144,188,214,247,247,22,22,37,37,167,167,187,187,201,220,241,241,272,272,272,315,315,315,315,315,315,434,434,455,199,199,299,324,324,357,376,399,309,325,325,339,52,52,52],"floor_reached":51,"language":"ENG","playtime":1356,"items_purged":["Injury","Spot Weakness"],"score":832,"play_id":"384ddccc-ddd8-4da7-b3de-8c8d601852f2","local_time":"20210222115535","is_ascension_mode":true,"campfire_choices":[{"data":"Sword Boomerang","floor":6,"key":"SMITH"},{"data":"Hologram","floor":11,"key":"SMITH"},{"floor":15,"key":"DIG"},{"data":"Offering","floor":23,"key":"SMITH"},{"data":"Replay:Undeath\u0027s Touch","floor":25,"key":"SMITH"},{"data":"Twin Strike","floor":32,"key":"SMITH"},{"data":"Shrug It Off","floor":40,"key":"SMITH"},{"data":"Calculated Gamble","floor":49,"key":"SMITH"}],"circlet_count":0,"master_deck":["Strike_R+1","Strike_R+1","Strike_R+1","Defend_R+1","Defend_R+1","Defend_R+1","Defend_R+1","Bash+1","Twin Strike+1","Sword Boomerang+1","Twin Strike+1","Self Repair+1","Hologram+1","Offering+1","Pommel Strike+1","Shrug It Off+1","Replay:Undeath\u0027s Touch+1","Limit Break+1","Iron Wave+1","Calculated Gamble+1"],"relics":["Iron Core","Golden Idol","Replay:Rubber Ducky","Ancient Tea Set","MealTicket","Brimstone","Ring of Hypnosis","Ring of Fury","ReplayTheSpireMod:Spearhead","Empty Cage","Juzu Bracelet","Replay:Accelerometer","Darkstone Periapt","Replay:Towering Pillar of Hats","Runic Pyramid","PrismaticShard","Vajra","Replay:Baseball","Nunchaku","Mango"],"acts_visited":["Exordium","TheCity","TheBeyond"],"potions_floor_usage":[8,8,18,24,50,50],"damage_taken":[{"damage":0,"enemies":"2 Louse","floor":1,"turns":3},{"damage":3,"enemies":"Jaw Worm","floor":2,"turns":4},{"damage":7,"enemies":"Small Slimes","floor":3,"turns":2},{"damage":14,"enemies":"Blue Slaver","floor":7,"turns":3},{"damage":13,"enemies":"3 Sentries","floor":8,"turns":6},{"damage":45,"enemies":"Gremlin Nob","floor":10,"turns":5},{"damage":3,"enemies":"3 Louse","floor":14,"turns":3},{"damage":0,"enemies":"Slime Boss","floor":16,"turns":4},{"damage":9,"enemies":"3 Byrds","floor":18,"turns":4},{"damage":11,"enemies":"2 Thieves","floor":20,"turns":2},{"damage":7,"enemies":"Cultist and Chosen","floor":21,"turns":3},{"damage":13,"enemies":"3 Cultists","floor":22,"turns":4},{"damage":7,"enemies":"Book of Stabbing","floor":24,"turns":2},{"damage":32,"enemies":"Replay:Snechameleon","floor":27,"turns":3},{"damage":39,"enemies":"Collector","floor":33,"turns":3},{"damage":8,"enemies":"3 Darklings","floor":35,"turns":3},{"damage":11,"enemies":"Giant Head","floor":41,"turns":3},{"damage":7,"enemies":"Orb Walker","floor":42,"turns":2},{"damage":13,"enemies":"4 Shapes","floor":45,"turns":3},{"damage":0,"enemies":"Spire Growth","floor":47,"turns":2},{"damage":44,"enemies":"Time Eater","floor":50,"turns":4}],"seed_played":"5942996601324639627","potions_obtained":[{"floor":3,"key":"Fire Potion"},{"floor":7,"key":"Fire Potion"},{"floor":8,"key":"Dexterity Potion"},{"floor":16,"key":"Languid Potion"},{"floor":18,"key":"hexamod:SoulburnPotion"},{"floor":20,"key":"LifebloodPotion"},{"floor":41,"key":"SpeedPotion"}],"is_trial":false,"path_per_floor":["M","M","M","?","?","R","M","E","T","E","R","$","?","M","R","B",null,"M","?","M","M","M","R","E","R","T","E","?","?","?","?","R","B",null,"M","$","?","?","T","R","E","M","T","?","M","$","M","$","R","B",null],"character_chosen":"IRONCLAD","items_purchased":["Brimstone","PrismaticShard","Mango"],"campfire_rested":0,"item_purchase_floors":[12,36,48],"current_hp_per_floor":[80,80,79,79,79,79,75,72,72,37,37,52,52,59,59,69,80,80,80,79,80,77,77,80,80,80,58,64,64,64,64,64,35,86,86,86,86,86,86,86,85,86,86,86,83,86,86,100,100,56],"gold":52,"neow_bonus":"UPGRADE_CARD","is_daily":false,"chose_seed":false,"campfire_upgraded":7,"win_rate":0.0,"timestamp":1613991335,"path_taken":["M","M","M","?","?","R","M","E","T","E","R","$","?","M","R","BOSS","M","?","M","M","M","R","E","R","T","E","?","?","?","?","R","BOSS","M","$","?","?","?","R","E","M","T","?","M","$","M","$","R","BOSS"],"items_purchased_type":["Relic","Relic","Relic"],"build_version":"2020-12-18","purchased_purges":2,"victory":true,"max_hp_per_floor":[80,80,80,80,80,80,80,80,80,80,80,80,80,80,80,80,80,80,80,80,80,80,80,80,80,80,80,86,86,86,86,86,86,86,86,86,86,86,86,86,86,86,86,86,86,86,86,100,100,100],"card_choices":[{"not_picked":["Second Wind","Hemokinesis"],"picked":"Twin Strike","floor":1},{"not_picked":["Reckless Charge","Thunderclap"],"picked":"Sword Boomerang","floor":2},{"not_picked":["Sword Boomerang","Life Link"],"picked":"Twin Strike","floor":3},{"not_picked":["ReplayTheSpireMod:Strike From Hell","Anger","Clothesline"],"picked":"SKIP","floor":7},{"not_picked":["Reckless Charge","Sword Boomerang"],"picked":"Hologram","floor":8},{"not_picked":["Defragment","Inflame"],"picked":"Spot Weakness","floor":10},{"not_picked":["ReplayReversal","Warcry","Sever Soul"],"picked":"SKIP","floor":14},{"not_picked":["Corruption","Demon Form"],"picked":"Offering","floor":16},{"not_picked":["Warcry","Burning Pact"],"picked":"Pommel Strike+1","floor":18},{"not_picked":["Dropkick","Sentinel+1"],"picked":"Shrug It Off","floor":20},{"not_picked":["Thunderclap","Havoc","Headbutt"],"picked":"SKIP","floor":21},{"not_picked":["Searing Blow+1","Fire Breathing+1","Flex"],"picked":"SKIP","floor":22},{"not_picked":["Power Through+1","Dual Wield"],"picked":"Replay:Undeath\u0027s Touch","floor":24},{"not_picked":["ReplayReversal","Thunderclap","Corruption"],"picked":"SKIP","floor":27},{"not_picked":["Double Tap","Demonic Infusion"],"picked":"Limit Break","floor":33},{"not_picked":["Warcry","Perfected Strike"],"picked":"Iron Wave+1","floor":35},{"not_picked":["bronze:Separator+1","bronze:Optimize+1","Guardian:VentSteam+1"],"picked":"SKIP","floor":41},{"not_picked":["Self Repair+1","Protect","Clothesline+1"],"picked":"SKIP","floor":42},{"not_picked":["sneckomod:SoulDraw","champ:EnragedBash","hexamod:EtherealExpedition"],"picked":"SKIP","floor":45},{"not_picked":["Perfected Strike","champ:Haymaker+1"],"picked":"Calculated Gamble","floor":47}],"player_experience":554510,"relics_obtained":[{"floor":8,"key":"Replay:Rubber Ducky"},{"floor":9,"key":"Ancient Tea Set"},{"floor":10,"key":"MealTicket"},{"floor":13,"key":"Ring of Hypnosis"},{"floor":13,"key":"Ring of Fury"},{"floor":15,"key":"ReplayTheSpireMod:Spearhead"},{"floor":24,"key":"Juzu Bracelet"},{"floor":26,"key":"Replay:Accelerometer"},{"floor":27,"key":"Darkstone Periapt"},{"floor":39,"key":"Vajra"},{"floor":41,"key":"Replay:Baseball"},{"floor":43,"key":"Nunchaku"}],"event_choices":[{"damage_healed":0,"gold_gain":0,"player_choice":"Take Wound","damage_taken":0,"relics_obtained":["Golden Idol"],"max_hp_gain":0,"max_hp_loss":0,"event_name":"Golden Idol","floor":5,"gold_loss":0,"cards_obtained":["Injury"]},{"damage_healed":0,"gold_gain":0,"player_choice":"Simplicity","damage_taken":0,"max_hp_gain":0,"max_hp_loss":0,"event_name":"Back to Basics","floor":19,"gold_loss":0,"cards_upgraded":["Strike_R","Strike_R","Strike_R","Strike_R","Defend_R","Defend_R","Defend_R","Defend_R"]},{"cards_removed":["Spreading Infection"],"damage_healed":0,"gold_gain":0,"player_choice":"Removed Curses","damage_taken":0,"max_hp_gain":0,"max_hp_loss":0,"event_name":"Fountain of Cleansing","floor":30,"gold_loss":0},{"damage_healed":0,"gold_gain":0,"player_choice":"Ignored","damage_taken":0,"max_hp_gain":0,"max_hp_loss":0,"event_name":"Ghosts","floor":31,"gold_loss":0},{"damage_healed":0,"gold_gain":0,"player_choice":"Upgraded","damage_taken":0,"max_hp_gain":0,"max_hp_loss":0,"event_name":"Upgrade Shrine","floor":37,"gold_loss":0,"cards_upgraded":["Limit Break"]},{"damage_healed":0,"gold_gain":100,"player_choice":"Pray","damage_taken":0,"max_hp_gain":0,"max_hp_loss":0,"event_name":"Golden Shrine","floor":38,"gold_loss":0},{"cards_removed":["Strike_R"],"damage_healed":0,"gold_gain":0,"player_choice":"Upgrade and Remove","damage_taken":0,"max_hp_gain":0,"max_hp_loss":0,"event_name":"Designer","floor":44,"gold_loss":90,"cards_upgraded":["Twin Strike"]}],"is_beta":true,"boss_relics":[{"not_picked":["Snecko Heart","Replay:Wanted Poster"],"picked":"Empty Cage"},{"not_picked":["Kintsugi","Velvet Choker"],"picked":"Runic Pyramid"}],"items_purged_floors":[12,36],"is_endless":false,"potions_floor_spawned":[3,7,8,16,18,20,41,45],"ascension_level":1}}