{"host":"309cd6jyiw3t7f6r","time":1613976480,"event":{"mods":["100% Spire Juice","ATMod(阿瑾Mod)","Act Like it!","Arknights","BaseMod","CapriCore","Downfall","Gensokyo","KinomotoSakuraMod(木之本?)","Koishi","KomeijiMod","Marisa（霧雨　魔理沙）","Minty Spire (QoL Compilation)","Prisma Mod","READ ME - Guardian Mod","Reimu（博???）","Remilia（蕾米莉?）","RumiaBox-露米?的神秘盒子","StSLib","The Administrix","The Animator","The Immortal","WarShipGirlsR/??少女R mod","Yakumo Yukari mod","Youmu（魂魄妖?）","noobMod","【角色mod】十八桐人","?留之物"],"gold_per_floor":[114,114,44,10,21,21,72,83,83,101,119,119,119,137,137,241,241,255,265,145,145,156,156,172,172,224,244,244,244,244,259,259,364,364,382,382,382,259,274,274,307,319,331,343,355,385,414,376,376,376],"floor_reached":51,"language":"ZHS","playtime":2183,"items_purged":["rmod:defend"],"score":742,"play_id":"b58d47a8-6de9-4b4e-81b9-b5203e0e02d8","local_time":"20210222144800","is_ascension_mode":false,"campfire_choices":[{"data":"rmod:basicallowance","floor":6.0,"key":"SMITH"},{"data":"rmod:wolves","floor":13.0,"key":"SMITH"},{"data":"rmod:steelsupply","floor":15.0,"key":"SMITH"},{"floor":23.0,"key":"REST"},{"data":"rmod:fletcher","floor":25.0,"key":"SMITH"},{"floor":32.0,"key":"REST"},{"data":"rmod:highspeedmaneuver","floor":40,"key":"SMITH"},{"data":"rmod:supportaircraftcarrier","floor":44,"key":"SMITH"},{"data":"rmod:mineteam","floor":49,"key":"SMITH"}],"circlet_count":0,"master_deck":["rmod:strick+1","rmod:strick","rmod:strick","rmod:strick","rmod:defend+1","rmod:defend","rmod:defend","rmod:basicallowance+1","rmod:maingunfire","rmod:unsinkable","rmod:maintain","rmod:steelsupply+1","rmod:firesupport+1","rmod:wolves+1","rmod:firesupport","rmod:fletcher+1","rmod:fletcherpendant+1","rmod:selfconfidence","rmod:supportescort+1","rmod:highspeedmaneuver+1","rmod:diaomin+1","rmod:supportaircraftcarrier+1","rmod:timeschanged","rmod:mineteam+1"],"relics":["rmod:firstchargereward","AT_ATBox","ice","NeowsBlessing","PlaceholderMod:DeVermisMysteriis","GodSword3","Gensokyo:OccultBall","SoulBox","Gensokyo:MaskOfHope","Gensokyo:ConquerorOfFear","Smiling Mask","Centennial Puzzle","AT_BellDemon","PlaceholderMod:LiveLive","GoodDreamPillow","MawBank","AT_DeathDance","Gensokyo:DualWield"],"acts_visited":["Gensokyo:Gensokyo","Gensokyo:Gensokyoer","Gensokyo:Gensokyoest"],"potions_floor_usage":[50],"damage_taken":[{"damage":0.0,"enemies":"Gensokyo:3_Fairies","floor":1.0,"turns":2.0},{"damage":0.0,"enemies":"Gensokyo:2_Kodama","floor":5.0,"turns":1.0},{"damage":0.0,"enemies":"Gensokyo:Gryphon","floor":8.0,"turns":1.0},{"damage":5.0,"enemies":"Gensokyo:VengefulSpirit","floor":10.0,"turns":6.0},{"damage":4.0,"enemies":"Gensokyo:3_Kodama","floor":11.0,"turns":2.0},{"damage":1.0,"enemies":"Gensokyo:Gryphon_and_Rabbit","floor":14.0,"turns":3.0},{"damage":21.0,"enemies":"Gensokyo:Kokoro","floor":16.0,"turns":7.0},{"damage":8.0,"enemies":"Gensokyo:2_Gloops","floor":18.0,"turns":4.0},{"damage":6.0,"enemies":"Gensokyo:3_Dogs","floor":19.0,"turns":4.0},{"damage":27.0,"enemies":"Gensokyo:Slime_Group","floor":22.0,"turns":5.0},{"damage":4.0,"enemies":"Gensokyo:Monolith_and_Dog","floor":24.0,"turns":3.0},{"damage":26.0,"enemies":"Gensokyo:Wraith","floor":27.0,"turns":5.0},{"damage":0.0,"enemies":"Gensokyo:Swordslinger","floor":31.0,"turns":3.0},{"damage":33.0,"enemies":"Gensokyo:Kaguya","floor":33.0,"turns":8.0},{"damage":0.0,"enemies":"Gensokyo:3_Bats","floor":35.0,"turns":3.0},{"damage":0.0,"enemies":"Gensokyo:3_Boulders","floor":39.0,"turns":3.0},{"damage":1,"enemies":"Gensokyo:Doremy","floor":41,"turns":5},{"damage":0,"enemies":"Gensokyo:Rafflesia","floor":46,"turns":6},{"damage":0,"enemies":"Gensokyo:AtlasGolem","floor":47,"turns":4},{"damage":0,"enemies":"Gensokyo:Yuyuko","floor":50,"turns":4}],"seed_played":"-2897646178510252785","potions_obtained":[{"floor":10.0,"key":"Explosive Potion"},{"floor":14.0,"key":"Explosive Potion"},{"floor":16.0,"key":"LiquidMemories"},{"floor":18.0,"key":"PowerPotion"},{"floor":31.0,"key":"AttackPotion"}],"is_trial":false,"path_per_floor":["M","?","?","COS","M","R","T","M","T","M","M","?","R","M","R","B",null,"M","M","?","?","M","R","M","R","T","M","?","T","?","M","R","B",null,"M","?","?","?","M","R","E","?","T","R","?","M","M","$","R","B",null],"character_chosen":"PRAEFECT","items_purchased":[],"campfire_rested":2,"item_purchase_floors":[],"current_hp_per_floor":[75,75,75,75,75,75,75,75,75,70,66,66,66,65,65,44,75,67,61,61,61,34,56,52,52,52,26,26,26,26,26,46,13,69,69,59,59,59,59,59,58,58,58,58,58,58,58,58,58,58],"gold":376,"neow_bonus":"THREE_ENEMY_KILL","is_daily":false,"chose_seed":false,"campfire_upgraded":7,"win_rate":0.0,"timestamp":1613976480,"path_taken":["M","?","?","COS","?","R","?","M","T","M","M","?","R","M","R","BOSS","M","M","?","?","?","R","M","R","T","M","?","?","?","?","R","BOSS","M","?","?","?","M","R","E","?","T","R","?","M","M","$","R","BOSS"],"items_purchased_type":[],"build_version":"2020-12-22","purchased_purges":1,"victory":true,"max_hp_per_floor":[75,75,75,75,75,75,75,75,75,75,75,75,75,75,75,75,75,75,75,75,75,75,75,75,75,75,75,75,75,69,69,69,69,69,69,69,69,69,69,69,69,69,69,69,69,69,69,69,69,69],"card_choices":[{"not_picked":["rmod:circuitoustactics","rmod:victimresponsibility"],"picked":"rmod:unsinkable","floor":1.0},{"not_picked":["rmod:capitalist","rmod:firesupport"],"picked":"rmod:maintain","floor":5.0},{"not_picked":["rmod:punchline","rmod:circuitoustactics"],"picked":"rmod:steelsupply","floor":8.0},{"not_picked":["rmod:ammunitionsupply+1","rmod:maintain+1"],"picked":"rmod:firesupport+1","floor":10.0},{"not_picked":["rmod:tearstotiara","rmod:victimresponsibility"],"picked":"rmod:wolves","floor":10.0},{"not_picked":["rmod:aviationdawn","rmod:garrisonisland"],"picked":"rmod:expeditionaryescort","floor":11.0},{"not_picked":["rmod:diamondstrike","rmod:wolves"],"picked":"rmod:firesupport","floor":14.0},{"not_picked":["rmod:ridicule","rmod:supriseattacks"],"picked":"rmod:fletcher","floor":16.0},{"not_picked":["rmod:firesupport","rmod:guardianhero"],"picked":"rmod:fletcherpendant+1","floor":18.0},{"not_picked":["rmod:steelsupply","rmod:diamondstrike"],"picked":"rmod:fuelsupply+1","floor":19.0},{"not_picked":["rmod:victimresponsibility","rmod:supportescort"],"picked":"rmod:selfconfidence","floor":22.0},{"not_picked":["rmod:punchline","rmod:unsinkable","rmod:fuelsupply"],"picked":"SKIP","floor":24.0},{"not_picked":["rmod:intelligenceanalysis","rmod:firesupport"],"picked":"rmod:supportescort+1","floor":27.0},{"not_picked":["rmod:selfconfidence+1","rmod:lonelyqueen","rmod:steelsupply"],"picked":"SKIP","floor":31.0},{"not_picked":["rmod:desperatesituation","rmod:windflower"],"picked":"rmod:highspeedmaneuver","floor":33.0},{"not_picked":["rmod:robin+1","rmod:fuelsupply"],"picked":"rmod:diaomin+1","floor":35.0},{"not_picked":["rmod:fletcherpendant","rmod:aluminumsupply"],"picked":"rmod:supportaircraftcarrier","floor":39.0},{"not_picked":["rmod:firesupport","rmod:fletcher"],"picked":"rmod:timeschanged","floor":41},{"not_picked":["rmod:firesupport+1","rmod:aviationdawn","rmod:heivgo"],"picked":"SKIP","floor":46},{"not_picked":["rmod:aluminumsupply","rmod:aviationdawn+1"],"picked":"rmod:mineteam","floor":47}],"player_experience":365450,"relics_obtained":[{"floor":7.0,"key":"PlaceholderMod:DeVermisMysteriis"},{"floor":9.0,"key":"GodSword3"},{"floor":16.0,"key":"Gensokyo:OccultBall"},{"floor":22.0,"key":"Gensokyo:ConquerorOfFear"},{"floor":26.0,"key":"Smiling Mask"},{"floor":29.0,"key":"Centennial Puzzle"},{"floor":33.0,"key":"Gensokyo:OccultBall"},{"floor":35.0,"key":"Gensokyo:OccultBall"},{"floor":41,"key":"MawBank"},{"floor":43,"key":"AT_DeathDance"},{"floor":46,"key":"Gensokyo:OccultBall"}],"event_choices":[],"is_beta":false,"boss_relics":[{"not_picked":["Tiny House","AT_MortalBlade"],"picked":"SoulBox"},{"not_picked":["Fusion Hammer","Busted Crown"],"picked":"PlaceholderMod:LiveLive"}],"items_purged_floors":[48],"is_endless":false,"potions_floor_spawned":[10,14,16,18,31],"ascension_level":0}}