{"host":"tuvyjqp461ike1dm","time":1613963163,"event":{"mods":["Act Like it!","Arknights","BaseMod","Infinite Spire","Minty Spire (QoL Compilation)","Replay The Spire","Spire Arcade","StSLib","Wandering Minibosses"],"gold_per_floor":[113,113,9,9,29,40,67,67,113,138,163,238,238,238],"floor_reached":13,"language":"ENG","playtime":1284,"items_purged":[],"score":91,"play_id":"e7ca7998-1653-4d76-aaf3-79ca0c0f49c3","local_time":"20210221220603","is_ascension_mode":false,"campfire_choices":[{"data":"ats:Explosion Area Strengthen","floor":8,"key":"SMITH"}],"circlet_count":0,"master_deck":["ats:Strike C","ats:Strike G","ats:Strike S","ats:Strike V","ats:Armor Crushing Shot","ats:Defend","ats:Defend","ats:Defend","ats:Defend","ats:Emotion Absorption","ats:Very Hot Blade","ats:Healing Drone","ats:Sunburst","ats:Shell Defense","ats:Powerful Strike","ats:Explosion Area Strengthen+1","ats:Assault Order"],"relics":["ats:Sanity","NeowsBlessing","ats:Originium","infinitespire:Satchel","ats:Ability Aura","Replay:Arrowhead"],"acts_visited":["Exordium"],"potions_floor_usage":[7],"damage_taken":[{"damage":0,"enemies":"ats:Genji","floor":1,"turns":1},{"damage":0,"enemies":"2 Louse","floor":5,"turns":1},{"damage":0,"enemies":"Cultist","floor":6,"turns":1},{"damage":45,"enemies":"3 Sentries","floor":7,"turns":11},{"damage":18,"enemies":"Replay:BlueRogue","floor":11,"turns":6},{"damage":47,"enemies":"Lagavulin","floor":13,"turns":8}],"seed_played":"-703629076150835118","potions_obtained":[{"floor":5,"key":"Flashbang"}],"is_trial":false,"path_per_floor":["M","?","$","?","M","M","E","R","T","T","E","?","E"],"character_chosen":"DOCTOR_CLASS","items_purchased":["ats:Healing Drone","ats:Sunburst"],"campfire_rested":0,"item_purchase_floors":[3,3],"current_hp_per_floor":[72,72,72,72,72,72,41,41,41,41,37,26,0,0],"gold":238,"neow_bonus":"THREE_ENEMY_KILL","is_daily":false,"chose_seed":false,"campfire_upgraded":1,"win_rate":0.0,"timestamp":1613963163,"path_taken":["M","?","$","?","M","M","E","R","T","?","E","?","E"],"items_purchased_type":["Card","Card"],"build_version":"2020-12-22","purchased_purges":0,"victory":false,"max_hp_per_floor":[72,72,72,72,72,72,72,72,72,72,72,72,72,72],"card_choices":[{"not_picked":["ats:Support Order","ats:Encircling Forest"],"picked":"ats:Very Hot Blade","floor":1},{"not_picked":["ats:Absolute Focus","ats:Poison Spread"],"picked":"ats:Shell Defense","floor":5},{"not_picked":["ats:LN2 Cannon","ats:Absolute Focus"],"picked":"ats:Powerful Strike","floor":6},{"not_picked":["ats:Powerful Strike","ats:Consecutive Shot Auto"],"picked":"ats:Explosion Area Strengthen","floor":7},{"not_picked":["ats:Flexible Camouflage","ats:Demon Strength"],"picked":"ats:Assault Order","floor":11}],"player_experience":15572,"relics_obtained":[{"floor":7,"key":"ats:Originium"},{"floor":7,"key":"infinitespire:Satchel"},{"floor":9,"key":"ats:Ability Aura"},{"floor":11,"key":"ats:Originium"},{"floor":11,"key":"Replay:Arrowhead"}],"event_choices":[{"damage_healed":0,"gold_gain":0,"player_choice":"Leave","damage_taken":0,"max_hp_gain":0,"max_hp_loss":0,"event_name":"The Cleric","floor":2,"gold_loss":0},{"damage_healed":0,"gold_gain":75,"player_choice":"Gather Gold","damage_taken":11,"max_hp_gain":0,"max_hp_loss":0,"event_name":"World of Goop","floor":12,"gold_loss":0}],"is_beta":false,"boss_relics":[],"items_purged_floors":[],"is_endless":false,"potions_floor_spawned":[5],"killed_by":"Lagavulin","ascension_level":0}}