{"host":"v86vpwf004p2esb7","time":1613978217,"event":{"mods":["AchievementEnabler","BaseMod","BetterRewards","Colored Powertips","Minty Spire (QoL Compilation)","Quick Restart","StSLib","Transform Curses"],"gold_per_floor":[117,117,137,312,328,359,376,406,406,435,446,480,480,480,480,578,578,593,63,63,63,80,115,115,126,196,196,53,88,108,119,119,220,220,238,238,287,305,317,317,351,351,351,351,351,380,400,45,45,45,45,45,6,36,36],"floor_reached":56,"language":"ENG","playtime":2289,"items_purged":["Regret"],"score":1821,"play_id":"4981c9a2-0c95-4969-b61b-a153664da0ef","local_time":"20210221231657","is_ascension_mode":true,"campfire_choices":[{"data":"After Image","floor":13.0,"key":"SMITH"},{"data":"Cloak And Dagger","floor":15.0,"key":"SMITH"},{"data":"Cloak And Dagger","floor":24.0,"key":"SMITH"},{"data":"Catalyst","floor":27.0,"key":"SMITH"},{"floor":32.0,"key":"RECALL"},{"data":"Catalyst","floor":40.0,"key":"SMITH"},{"data":"Tools of the Trade","floor":42.0,"key":"SMITH"},{"data":"Mayhem","floor":45.0,"key":"SMITH"},{"data":"Noxious Fumes","floor":49.0,"key":"SMITH"},{"data":"Noxious Fumes","floor":52.0,"key":"SMITH"}],"circlet_count":0,"master_deck":["Strike_G","Strike_G","Strike_G","Strike_G","Defend_G","Defend_G","Defend_G","Defend_G","Defend_G","Survivor","Neutralize","Accuracy","Cloak And Dagger+1","Noxious Fumes+1","Prepared","Catalyst+1","Tools of the Trade+1","Cloak And Dagger+1","Blade Dance","After Image+1","Backflip","Backflip","Catalyst+1","Corpse Explosion","Accuracy","Noxious Fumes+1","Blade Dance","Cloak And Dagger+1","PiercingWail+1","Footwork+1","Calculated Gamble+1","Flying Knee+1","Burst+1","Adrenaline+1","Outmaneuver+1","Cloak And Dagger+1","Accuracy","Cloak And Dagger+1","Mayhem+1","Forethought+1","Bandage Up+1","PiercingWail+1","Dodge and Roll+1","Cloak And Dagger+1","Envenom"],"relics":["Ring of the Snake","Nunchaku","TwistedFunnel","MealTicket","Meat on the Bone","Pantograph","Happy Flower","Kunai","Odd Mushroom","Blue Candle","Regal Pillow","WristBlade","Blood Vial","Eternal Feather","Toxic Egg 2","Orichalcum","Omamori","HoveringKite","PreservedInsect","Bronze Scales","The Courier","Anchor","Lantern","Shuriken","Bag of Preparation"],"acts_visited":["Exordium","TheCity","TheBeyond","TheEnding"],"potions_floor_usage":[55,55],"damage_taken":[{"damage":0.0,"enemies":"Cultist","floor":1.0,"turns":4.0},{"damage":1.0,"enemies":"2 Louse","floor":3.0,"turns":3.0},{"damage":0.0,"enemies":"Small Slimes","floor":5.0,"turns":2.0},{"damage":29.0,"enemies":"Lagavulin","floor":6.0,"turns":7.0},{"damage":10.0,"enemies":"Blue Slaver","floor":7.0,"turns":4.0},{"damage":11.0,"enemies":"3 Sentries","floor":8.0,"turns":8.0},{"damage":0.0,"enemies":"The Mushroom Lair","floor":10.0,"turns":1.0},{"damage":1.0,"enemies":"Exordium Wildlife","floor":11.0,"turns":4.0},{"damage":10.0,"enemies":"Gremlin Nob","floor":12.0,"turns":4.0},{"damage":22.0,"enemies":"The Guardian","floor":16.0,"turns":11.0},{"damage":14.0,"enemies":"Shell Parasite","floor":18.0,"turns":4.0},{"damage":1.0,"enemies":"Spheric Guardian","floor":22.0,"turns":3.0},{"damage":23.0,"enemies":"Slavers","floor":23.0,"turns":4.0},{"damage":6.0,"enemies":"Centurion and Healer","floor":25.0,"turns":4.0},{"damage":24.0,"enemies":"Gremlin Leader","floor":29.0,"turns":5.0},{"damage":4.0,"enemies":"Shelled Parasite and Fungi","floor":30.0,"turns":3.0},{"damage":6.0,"enemies":"Snecko","floor":31.0,"turns":3.0},{"damage":31.0,"enemies":"Automaton","floor":33.0,"turns":8.0},{"damage":4.0,"enemies":"3 Darklings","floor":35.0,"turns":3.0},{"damage":15.0,"enemies":"3 Shapes","floor":38.0,"turns":2.0},{"damage":21.0,"enemies":"Sphere and 2 Shapes","floor":39.0,"turns":3.0},{"damage":12.0,"enemies":"Nemesis","floor":41.0,"turns":5.0},{"damage":7.0,"enemies":"Giant Head","floor":46.0,"turns":6.0},{"damage":9.0,"enemies":"3 Darklings","floor":47.0,"turns":4.0},{"damage":35.0,"enemies":"Time Eater","floor":50.0,"turns":9.0},{"damage":8.0,"enemies":"Shield and Spear","floor":54.0,"turns":3.0},{"damage":35,"enemies":"The Heart","floor":55,"turns":5}],"seed_played":"-3151714263502147132","potions_obtained":[{"floor":6.0,"key":"SteroidPotion"},{"floor":7.0,"key":"SkillPotion"},{"floor":8.0,"key":"DistilledChaos"},{"floor":12.0,"key":"Explosive Potion"},{"floor":18.0,"key":"Weak Potion"},{"floor":23.0,"key":"Fire Potion"},{"floor":30.0,"key":"AttackPotion"},{"floor":33.0,"key":"Energy Potion"},{"floor":41.0,"key":"Block Potion"},{"floor":54.0,"key":"GamblersBrew"}],"is_trial":false,"path_per_floor":["M","?","M","?","M","E","M","E","T","?","M","E","R","?","R","B",null,"M","$","?","?","M","E","R","M","T","R","$","E","M","M","R","B",null,"M","?","T","M","M","R","E","R","T","?","R","E","M","$","R","B",null,"R","$","E","B",null],"character_chosen":"THE_SILENT","items_purchased":["Nunchaku","TwistedFunnel","MealTicket","Accuracy","Meat on the Bone","Cloak And Dagger","Noxious Fumes","Blood Vial","Eternal Feather","Noxious Fumes","Orichalcum","Lantern","Shuriken","Cloak And Dagger+1","Poison Potion"],"campfire_rested":0,"item_purchase_floors":[0,0,0,0,0,0,0,19,19,19,28,48,48,48,53],"current_hp_per_floor":[43,43,42,42,42,25,27,28,28,40,39,41,41,41,41,44,64,50,65,65,65,66,45,63,59,59,70,70,46,44,40,58,39,62,60,60,60,47,40,61,51,70,70,60,70,65,61,70,70,47,64,70,70,62,47],"gold":36,"neow_bonus":"","is_daily":false,"chose_seed":false,"campfire_upgraded":9,"win_rate":0.0,"timestamp":1613978217,"path_taken":["M","?","M","?","M","E","M","E","T","?","M","E","R","?","R","BOSS","M","$","?","?","M","E","R","M","T","R","$","E","?","?","R","BOSS","M","?","?","?","M","R","E","R","T","?","R","E","M","?","R","BOSS","R","$","E","BOSS"],"items_purchased_type":["Relic","Relic","Relic","Card","Relic","Card","Card","Relic","Relic","Card","Relic","Relic","Relic","Card","Potion"],"build_version":"2020-12-22","purchased_purges":1,"victory":true,"max_hp_per_floor":[70,70,70,70,70,70,70,70,70,70,70,70,70,70,70,70,70,70,70,70,70,70,70,70,70,70,70,70,70,70,70,70,70,70,70,70,70,70,70,70,70,70,70,70,70,70,70,70,70,70,70,70,70,70,70],"card_choices":[{"not_picked":["Sucker Punch","Acrobatics"],"picked":"Prepared","floor":1.0},{"not_picked":["Infinite Blades","PiercingWail"],"picked":"Catalyst","floor":3.0},{"not_picked":["Slice","PiercingWail"],"picked":"Tools of the Trade","floor":5.0},{"not_picked":["Predator","PiercingWail"],"picked":"Cloak And Dagger","floor":6.0},{"not_picked":["Choke","Accuracy"],"picked":"Blade Dance","floor":7.0},{"not_picked":["Prepared","Well Laid Plans"],"picked":"After Image","floor":8.0},{"not_picked":["Dash","Quick Slash"],"picked":"Backflip","floor":10.0},{"not_picked":["Bane","All Out Attack"],"picked":"Backflip","floor":11.0},{"not_picked":["Quick Slash","Dodge and Roll"],"picked":"Catalyst","floor":12.0},{"not_picked":["Bullet Time","Die Die Die"],"picked":"Corpse Explosion","floor":16.0},{"not_picked":["Escape Plan","Calculated Gamble"],"picked":"Accuracy","floor":18.0},{"not_picked":["Choke+1","Deflect"],"picked":"Cloak And Dagger","floor":22.0},{"not_picked":["Bane","Concentrate+1"],"picked":"PiercingWail+1","floor":23.0},{"not_picked":["Prepared+1","Dagger Throw"],"picked":"Footwork+1","floor":25.0},{"not_picked":["Sucker Punch","Skewer"],"picked":"Calculated Gamble+1","floor":29.0},{"not_picked":["Prepared+1","Sucker Punch"],"picked":"Flying Knee+1","floor":30.0},{"not_picked":["Dodge and Roll+1","Eviscerate"],"picked":"Burst+1","floor":31.0},{"not_picked":["Tools of the Trade","Unload"],"picked":"Adrenaline+1","floor":33.0},{"not_picked":["Concentrate+1","Deadly Poison+1"],"picked":"Outmaneuver+1","floor":35.0},{"not_picked":["Prepared+1","Accuracy"],"picked":"Cloak And Dagger+1","floor":38.0},{"not_picked":["Deadly Poison+1","Outmaneuver+1"],"picked":"Accuracy","floor":39.0},{"not_picked":["Terror+1","Prepared+1"],"picked":"Cloak And Dagger+1","floor":41.0},{"not_picked":["Chrysalis+1","The Bomb+1"],"picked":"Mayhem","floor":44.0},{"not_picked":["Violence+1","Flash of Steel"],"picked":"Forethought+1","floor":44.0},{"not_picked":["Madness+1","Chrysalis+1"],"picked":"Bandage Up+1","floor":44.0},{"not_picked":["Outmaneuver+1","Deadly Poison+1"],"picked":"PiercingWail+1","floor":46.0},{"not_picked":["PiercingWail+1","Heel Hook"],"picked":"Dodge and Roll+1","floor":47.0},{"not_picked":["Unload","Accuracy+1"],"picked":"Envenom","floor":54.0}],"player_experience":202577,"relics_obtained":[{"floor":6.0,"key":"Pantograph"},{"floor":8.0,"key":"Happy Flower"},{"floor":9.0,"key":"Kunai"},{"floor":10.0,"key":"Odd Mushroom"},{"floor":12.0,"key":"Blue Candle"},{"floor":23.0,"key":"Toxic Egg 2"},{"floor":29.0,"key":"Omamori"},{"floor":37.0,"key":"PreservedInsect"},{"floor":41.0,"key":"Bronze Scales"},{"floor":43.0,"key":"The Courier"},{"floor":46.0,"key":"Anchor"},{"floor":54.0,"key":"Bag of Preparation"}],"event_choices":[{"damage_healed":0.0,"max_hp_gain":0.0,"max_hp_loss":0.0,"gold_gain":0.0,"event_name":"Living Wall","player_choice":"Grow","floor":2.0,"gold_loss":0.0,"damage_taken":0.0,"cards_upgraded":["Cloak And Dagger"]},{"damage_healed":0.0,"max_hp_gain":0.0,"max_hp_loss":0.0,"gold_gain":175.0,"event_name":"Liars Game","player_choice":"AGREE","floor":4.0,"gold_loss":0.0,"damage_taken":0.0,"cards_obtained":["Doubt"]},{"damage_healed":0.0,"max_hp_gain":0.0,"max_hp_loss":0.0,"gold_gain":0.0,"event_name":"Mushrooms","player_choice":"Fought Mushrooms","floor":10.0,"gold_loss":0.0,"damage_taken":0.0},{"damage_healed":0.0,"max_hp_gain":0.0,"max_hp_loss":0.0,"gold_gain":0.0,"event_name":"Big Fish","player_choice":"Box","floor":14.0,"gold_loss":0.0,"damage_taken":0.0,"relics_obtained":["Regal Pillow"],"cards_obtained":["Regret"]},{"damage_healed":0.0,"max_hp_gain":0.0,"max_hp_loss":0.0,"gold_gain":0.0,"event_name":"The Library","player_choice":"Read","floor":20.0,"gold_loss":0.0,"damage_taken":0.0,"cards_obtained":["Blade Dance"]},{"cards_removed":["Doubt"],"damage_healed":0.0,"max_hp_gain":0.0,"max_hp_loss":0.0,"gold_gain":0.0,"event_name":"Purifier","player_choice":"Purged","floor":21.0,"gold_loss":0.0,"damage_taken":0.0},{"cards_removed":["Strike_G"],"damage_healed":0.0,"max_hp_gain":0.0,"max_hp_loss":0.0,"gold_gain":0.0,"event_name":"Falling","player_choice":"Removed Attack","floor":36.0,"gold_loss":0.0,"damage_taken":0.0},{"damage_healed":0.0,"max_hp_gain":0.0,"max_hp_loss":0.0,"gold_gain":0.0,"event_name":"SensoryStone","player_choice":"Memory 3","floor":44.0,"gold_loss":0.0,"damage_taken":10.0}],"is_beta":false,"boss_relics":[{"not_picked":["Pandora\u0027s Box","Calling Bell"],"picked":"WristBlade"},{"not_picked":["Ring of the Serpent","Coffee Dripper"],"picked":"HoveringKite"}],"items_purged_floors":[19],"is_endless":false,"potions_floor_spawned":[6,7,8,12,18,23,29,30,33,38,41,54],"ascension_level":9}}