{"host":"43wsnxh97mgjl5zw","time":1613994120,"event":{"mods":["Aspiration","BaseMod","Colored Map","Colored Powertips","Conspire","Downfall","Halation","Hubris","Minty Spire (QoL Compilation)","Quick Restart","Rare Cards Sparkle","Relic Sorter","Reliquary","Replay The Spire","StSLib"],"gold_per_floor":[117,42,42,61,61,61,72,72,72,82,82,101,101,127,127,152,152,161,161],"floor_reached":18,"language":"ENG","playtime":411,"items_purged":[],"score":220,"play_id":"ef2939fe-634c-4d1f-ad6f-6307974eab98","local_time":"20210222134200","is_ascension_mode":true,"campfire_choices":[{"data":"Entrench","floor":8.0,"key":"SMITH"},{"data":"Metallicize","floor":13,"key":"SMITH"},{"data":"Ghostly Armor","floor":15,"key":"SMITH"}],"circlet_count":0,"master_deck":["AscendersBane","Strike_R","Strike_R","Strike_R","Defend_R","Defend_R","Defend_R","Defend_R","Bash+1","Ghostly Armor+1","Entrench+1","Metallicize+1","Shrug It Off","Iron Wave"],"relics":["Burning Blood","halation:StarCompass","Anchor","halation:IllGainedPizza","halation:PrussianBluePaint"],"acts_visited":["Exordium"],"potions_floor_usage":[10],"damage_taken":[{"damage":8.0,"enemies":"conspire:RoseBush","floor":1.0,"turns":4.0},{"damage":7.0,"enemies":"2 Louse","floor":4.0,"turns":3.0},{"damage":7.0,"enemies":"Small Slimes","floor":7.0,"turns":4.0},{"damage":11,"enemies":"Exordium Thugs","floor":10,"turns":5},{"damage":8,"enemies":"Red Slaver","floor":12,"turns":5},{"damage":14,"enemies":"Replay:BlueRogue","floor":14,"turns":12},{"damage":14,"enemies":"Hexaghost","floor":18,"turns":5}],"seed_played":"365744648885942250","potions_obtained":[{"floor":1.0,"key":"Elixir"},{"floor":4.0,"key":"hexamod:SoulburnPotion"},{"floor":10,"key":"SmokeBomb"}],"is_trial":false,"path_per_floor":["M","?","?","M","PTL","PTL","M","R","?","M","T","M","R","E","R","T","R_BF","B"],"character_chosen":"IRONCLAD","items_purchased":[],"campfire_rested":0,"item_purchase_floors":[],"current_hp_per_floor":[66,66,66,65,65,65,64,64,64,59,59,57,57,49,49,49,49,35,35],"gold":161,"neow_bonus":"UPGRADE_CARD","is_daily":false,"chose_seed":false,"campfire_upgraded":3,"win_rate":0.0,"timestamp":1613994120,"path_taken":["M","?","?","M","PTL","PTL","M","R","?","M","T","M","R","E","R","?","R_BF","BOSS"],"items_purchased_type":[],"build_version":"2020-12-22","purchased_purges":0,"victory":false,"max_hp_per_floor":[75,75,75,75,75,75,75,75,75,75,75,75,75,75,75,75,75,75,75],"card_choices":[{"not_picked":["Anger","Replay:Undeath\u0027s Touch","Bloodletting"],"picked":"SKIP","floor":1.0},{"not_picked":["hubris:ReadiedAction","Wild Strike"],"picked":"Ghostly Armor","floor":4.0},{"not_picked":["ReplayTheSpireMod:Muscle Training","Battle Trance"],"picked":"Entrench","floor":7.0},{"not_picked":["hubris:ReadiedAction","hubris:SharpeningStone","Havoc"],"picked":"SKIP","floor":10},{"not_picked":["Combust","Heavy Blade"],"picked":"Metallicize","floor":12},{"not_picked":["Shockwave","Second Wind"],"picked":"Shrug It Off","floor":14}],"player_experience":1274085,"relics_obtained":[{"floor":11,"key":"Anchor"},{"floor":14,"key":"halation:IllGainedPizza"},{"floor":16,"key":"halation:PrussianBluePaint"}],"event_choices":[{"cards_removed":["Strike_R"],"damage_healed":0.0,"max_hp_gain":0.0,"max_hp_loss":0.0,"gold_gain":0.0,"event_name":"The Cleric","player_choice":"Card Removal","floor":2.0,"gold_loss":75.0,"damage_taken":0.0}],"is_beta":false,"boss_relics":[],"items_purged_floors":[],"is_endless":false,"potions_floor_spawned":[1,4,10],"killed_by":"Hexaghost","ascension_level":20}}