{"host":"o3b7ow6d1xe49css","time":1613997700,"event":{"mods":["Act Like it!","Aspiration","BaseMod","Bestiary","Better Altar","Better Match","Better Note","Better Sensory Stone","Better Skull","Better Third Choice","Colored Powertips","Conspire","Energized Spire","Force Act Four","GifTheSpireLib","Halation","Hermit","Hubris","Infinite Spire","Lobotomy","Minty Spire (QoL Compilation)","Quick Restart","Rare Cards Sparkle","Relic Filter Mod","Reliquary","Replay The Spire","Spicy Shops","Spikes Relics","StSLib","Stuff the Spire","The Blue Laboratory","The Hierophant","The Jungle","Wandering Minibosses"],"gold_per_floor":[115,145,158,158,174,200,200,234,234,234,265,265,298,13,13,88,88,99,42,368,381,381,416,95,123,146,194,227,227,227,238,238,309,309,325,325,325,325,325,359,359,388,412,412,412,440,440,459,459,537,620,620,620,228,262,428],"floor_reached":57,"language":"ENG","playtime":2776,"items_purged":["Strike_R","Scorched","Strike_R","Strike_R"],"score":3440,"play_id":"ecd8cac9-b7b8-499a-af11-2220976924bd","local_time":"20210222034140","daily_mods":["Heirloom","Flight"],"is_ascension_mode":true,"campfire_choices":[{"data":"Corruption","floor":7,"key":"SMITH"},{"data":"Shockwave","floor":10,"key":"SMITH"},{"data":"Dark Embrace","floor":12,"key":"SMITH"},{"data":"Absolvement","floor":15,"key":"SMITH"},{"floor":30,"key":"REST"},{"floor":32,"key":"REST"},{"data":"Master of Strategy","floor":41,"key":"SMITH"},{"data":"Burning Pact","floor":44,"key":"SMITH"},{"floor":45,"key":"RECALL"},{"data":"ReplayTheSpireMod:Necrogeddon","floor":47,"key":"SMITH"},{"data":"True Grit","floor":49,"key":"SMITH"},{"data":"Juggernaut","floor":53,"key":"SMITH"}],"circlet_count":0,"master_deck":["AscendersBane","Strike_R","Strike_R","Defend_R+1","Defend_R+1","Defend_R+1","Defend_R+1","Bash","Shockwave+1","Inflame","Corruption+1","Master of Strategy+1","Warcry","Sentinel","Dark Embrace+1","StuffTheSpire:Incineration","Absolvement+1","Cleave","True Grit+1","ReplayTheSpireMod:Necrogeddon+1","Seeing Red+1","Apotheosis+1","Flame Barrier","StuffTheSpire:Incineration","Burning Pact+1","Juggernaut+1","Body Slam","Shame"],"relics":["Burning Blood","Ring of Chaos","FossilizedHelix","CogitoBucket","StuffTheSpire:GrapeVine","infinitespire:CursedDice","Rawhide","reliquary:Firecrackers","Red Skull","Gremlin Food","Sandwich","ResearcherNote","reliquary:BallBearing","TungstenRod","reliquary:Aerogel","Happy Flower","reliquary:Knoch","halation:BlackBeret","CosmicIsotope","infinitespire:ShieldingShard","halation:PapillonHeart","ReplayTheSpireMod:Spearhead","halation:IllGainedPizza","Pet Ghost","Replay:Bottled Eggs","reliquary:ThirdArm","Ring of Chaos","ClockworkSouvenir","Bag of Marbles","Toy Ornithopter"],"acts_visited":["Exordium","TheCity","TheBeyond","Exordium","TheEnding"],"potions_floor_usage":[8,11,16,25,31,56],"damage_taken":[{"damage":7,"enemies":"Jaw Worm","floor":1,"turns":5},{"damage":1,"enemies":"infinitespire:Voidling","floor":2,"turns":5},{"damage":0,"enemies":"Cultist","floor":3,"turns":3},{"damage":0,"enemies":"Gremlin Gang","floor":5,"turns":3},{"damage":45,"enemies":"3 Sentries","floor":6,"turns":7},{"damage":21,"enemies":"Gremlin Nob","floor":8,"turns":4},{"damage":0,"enemies":"3 Sentries","floor":11,"turns":3},{"damage":0,"enemies":"Replay:BlueRogue","floor":13,"turns":4},{"damage":38,"enemies":"Hexaghost","floor":16,"turns":8},{"damage":0,"enemies":"3 Byrds","floor":18,"turns":1},{"damage":36,"enemies":"2 Thieves","floor":20,"turns":5},{"damage":0,"enemies":"Snecko","floor":21,"turns":2},{"damage":0,"enemies":"Replay:Snechameleon","floor":23,"turns":3},{"damage":42,"enemies":"conspire:SneckoGhost","floor":25,"turns":4},{"damage":19,"enemies":"Book of Stabbing","floor":28,"turns":3},{"damage":2,"enemies":"Snake Plant","floor":31,"turns":3},{"damage":0,"enemies":"conspire:MysteriousRune","floor":33,"turns":4},{"damage":8,"enemies":"3 Darklings","floor":35,"turns":3},{"damage":0,"enemies":"Nightmare","floor":40,"turns":3},{"damage":5,"enemies":"R_Hoarder","floor":42,"turns":4},{"damage":0,"enemies":"Giant Head","floor":46,"turns":3},{"damage":0,"enemies":"Orb Walker","floor":48,"turns":3},{"damage":0,"enemies":"Donu and Deca","floor":50,"turns":3},{"damage":18,"enemies":"Time Eater","floor":51,"turns":5},{"damage":6,"enemies":"Shield and Spear","floor":55,"turns":2},{"damage":11,"enemies":"The Heart","floor":56,"turns":5}],"seed_played":"-9193744859227562306","potions_obtained":[{"floor":1,"key":"PowerPotion"},{"floor":5,"key":"BloodPotion"},{"floor":8,"key":"Block Potion"},{"floor":20,"key":"BloodPotion"},{"floor":28,"key":"Toxic Potion"},{"floor":31,"key":"blueLaboratory:PyrophylliteBrew"},{"floor":33,"key":"Elixir"}],"is_trial":true,"path_per_floor":["M","M","M","?","M","E","R","E","T","R","E","R","E","$","R","B",null,"M","$","M","M","?","E","$","E","T","T","E","AVR","R","M","R","B",null,"M","AVR","$","$","?","NM","R","E","T","R","R","E","R","M","R","B","B",null,"R","$","E","B",null],"character_chosen":"IRONCLAD","items_purchased":["Gremlin Food","Absolvement","Cleave","Apotheosis","TungstenRod","ClockworkSouvenir","Body Slam","Bag of Marbles"],"campfire_rested":2,"item_purchase_floors":[14,14,19,24,24,54,54,54],"current_hp_per_floor":[67,72,75,75,75,36,36,60,60,60,66,66,72,72,72,40,66,72,72,42,48,48,54,54,33,33,33,20,20,42,46,68,74,75,73,73,73,73,71,71,71,71,71,71,71,71,71,71,71,71,59,70,70,70,70,66],"gold":428,"neow_bonus":"","is_daily":false,"chose_seed":false,"campfire_upgraded":9,"win_rate":0.0,"timestamp":1613997700,"path_taken":["M","M","M","?","?","E","R","E","T","R","E","R","E","$","R","BOSS","M","$","M","?","?","E","$","E","T","?","E","AVR","R","?","R","BOSS","M","AVR","$","$","?","NM","R","E","T","R","R","E","R","M","R","BOSS","BOSS","R","$","E","BOSS"],"items_purchased_type":["Relic","Card","Card","Card","Relic","Relic","Card","Relic"],"build_version":"2020-12-22","purchased_purges":4,"victory":true,"max_hp_per_floor":[75,75,75,75,75,75,75,75,75,75,75,75,75,75,75,75,75,75,75,75,75,75,75,75,75,75,75,75,75,75,75,75,75,75,75,75,75,75,71,71,71,71,71,71,71,71,71,71,71,71,71,71,71,71,71,71],"card_choices":[{"not_picked":["Metallicize","hubris:CleavingFinish"],"picked":"Shockwave","floor":1},{"not_picked":["CrumblingArmor","Murderer","WallGazer"],"picked":"Singing Bowl","floor":1},{"not_picked":["WhitesApple","BigBadWolf","RedShoes"],"picked":"Singing Bowl","floor":2},{"not_picked":["Thunderclap","Perfected Strike","Run Through"],"picked":"SKIP","floor":2},{"not_picked":["StuffTheSpire:Slingshot","hubris:SharpeningStone"],"picked":"Inflame","floor":3},{"not_picked":["CherryBlossoms","Murderer"],"picked":"Scorched","floor":3},{"not_picked":["Barricade","Double Tap"],"picked":"Corruption","floor":4},{"not_picked":["Transmutation","HandOfGreed"],"picked":"Master of Strategy","floor":4},{"not_picked":["ReplayTheSpireMod:Strike From Hell","Abandon"],"picked":"Warcry","floor":5},{"not_picked":["Wellcheers","BeautyBeast","CherryBlossoms"],"picked":"Singing Bowl","floor":5},{"not_picked":["Dropkick","Anger","Barricade"],"picked":"SKIP","floor":6},{"not_picked":["Heavy Blade","Metallicize"],"picked":"Sentinel","floor":8},{"not_picked":["Wellcheers","SpiderBud","Yin"],"picked":"Singing Bowl","floor":8},{"not_picked":["ReplayTheSpireMod:Strike From Hell","Havoc"],"picked":"Dark Embrace","floor":11},{"not_picked":["OSAHOGD","WallGazer","PunishingBird"],"picked":"Singing Bowl","floor":11},{"not_picked":["Anger","Pummel"],"picked":"StuffTheSpire:Incineration","floor":13},{"not_picked":["MeatLantern","BeautyBeast","WallGazer"],"picked":"Singing Bowl","floor":13},{"not_picked":["MHz","OldLady","DespairKnight"],"picked":"Singing Bowl","floor":16},{"not_picked":["FairyFestival","MHz","QueenBee"],"picked":"Singing Bowl","floor":18},{"not_picked":["Armaments","Abandon","conspire:Charge"],"picked":"SKIP","floor":18},{"not_picked":["PunishingBird","GalaxyChild","SnowQueen"],"picked":"Singing Bowl","floor":20},{"not_picked":["hubris:ReadiedAction","Shockwave","Wild Strike"],"picked":"SKIP","floor":20},{"not_picked":["Thunderclap","Disarm"],"picked":"True Grit","floor":21},{"not_picked":["Yin","MeatLantern","OSAHOGD"],"picked":"Singing Bowl","floor":21},{"not_picked":["Secret Technique","Swift Strike"],"picked":"ReplayTheSpireMod:Necrogeddon","floor":22},{"not_picked":["Whirlwind","Thunderclap"],"picked":"Seeing Red+1","floor":23},{"not_picked":["Freischutz","DespairKnight","NothingThere"],"picked":"Singing Bowl","floor":23},{"not_picked":["Iron Wave","Blood for Blood","conspire:ExplosiveBarrier"],"picked":"SKIP","floor":25},{"not_picked":["Yin","Murderer","MHz"],"picked":"Singing Bowl","floor":25},{"not_picked":["Iron Wave","Blood for Blood","conspire:ExplosiveBarrier"],"picked":"SKIP","floor":25},{"not_picked":["Heavy Blade","Reaper","Dropkick+1"],"picked":"SKIP","floor":28},{"not_picked":["CherryBlossoms","Yin","SnowQueen"],"picked":"Singing Bowl","floor":31},{"not_picked":["Replay:Undeath\u0027s Touch","Flex"],"picked":"Flame Barrier","floor":31},{"not_picked":["WhitesApple","CherryBlossoms","DreamingCurrent"],"picked":"Singing Bowl","floor":33},{"not_picked":["Abandon","Pommel Strike"],"picked":"StuffTheSpire:Incineration","floor":35},{"not_picked":["LittleHelper","GreedKing","Mercenary"],"picked":"Singing Bowl","floor":35},{"not_picked":["Freischutz","WhitesApple","BlackArmy"],"picked":"Singing Bowl","floor":40},{"not_picked":["Wild Strike","Heavy Blade","ReplayTheSpireMod:Limb From Limb"],"picked":"SKIP","floor":40},{"not_picked":["Pummel","Heavy Blade"],"picked":"Burning Pact","floor":42},{"not_picked":["VoidDream","Woodsman","PunishingBird"],"picked":"Singing Bowl","floor":42},{"not_picked":["ReplayTheSpireMod:Muscle Training","Searing Blow","Cleave"],"picked":"SKIP","floor":46},{"not_picked":["StuffTheSpire:Pyroclast","StuffTheSpire:Incineration","Wild Strike+1"],"picked":"SKIP","floor":48},{"not_picked":["StuffTheSpire:Pyroclast","StuffTheSpire:Incineration","Wild Strike+1"],"picked":"SKIP","floor":48},{"not_picked":["Reaper","Hemogenesis"],"picked":"Juggernaut","floor":51},{"not_picked":["Shrug It Off","Searing Blow","Iron Wave"],"picked":"SKIP","floor":55}],"player_experience":1458802,"relics_obtained":[{"floor":6,"key":"StuffTheSpire:GrapeVine"},{"floor":8,"key":"infinitespire:CursedDice"},{"floor":9,"key":"Rawhide"},{"floor":11,"key":"reliquary:Firecrackers"},{"floor":13,"key":"Red Skull"},{"floor":23,"key":"reliquary:BallBearing"},{"floor":25,"key":"reliquary:Aerogel"},{"floor":27,"key":"Happy Flower"},{"floor":28,"key":"reliquary:Knoch"},{"floor":40,"key":"ReplayTheSpireMod:Spearhead"},{"floor":42,"key":"halation:IllGainedPizza"},{"floor":43,"key":"Pet Ghost"},{"floor":46,"key":"Replay:Bottled Eggs"},{"floor":55,"key":"Toy Ornithopter"}],"event_choices":[{"damage_healed":0,"gold_gain":0,"player_choice":"1","damage_taken":0,"max_hp_gain":0,"max_hp_loss":0,"event_name":"betterMatch:BetterMatch","floor":4,"gold_loss":0,"cards_obtained":["betterMatch:RareCard","betterMatch:ColorlessRareCard"]},{"damage_healed":0,"gold_gain":2,"player_choice":"1","damage_taken":0,"max_hp_gain":0,"max_hp_loss":0,"event_name":"betterStone:BetterStone","floor":22,"gold_loss":0}],"is_beta":false,"boss_relics":[{"not_picked":["Replay:Bronze Core","Empty Cage"],"picked":"Sandwich"},{"not_picked":["hubris:HollowSoul","Painkiller Herb"],"picked":"CosmicIsotope"},{"not_picked":["ReplayTheSpireMod:DimensionalGlitch","halation:PlatinumPhoenix"],"picked":"reliquary:ThirdArm"}],"items_purged_floors":[14,29,36,54],"is_endless":true,"potions_floor_spawned":[1,5,6,8,20,28,31,33,35,48,51,56],"ascension_level":20}}