{"host":"3pgt7cyequ6zy3lm","time":1613995153,"event":{"mods":["Aspiration","BaseMod","Better Synergies","Bossed Relics","Colored Powertips","Conspire","Displayed Cursed Tome","Downfall","Energized Spire","Halation","Hubris","Infinite Spire","Minty Spire (QoL Compilation)","Quick Restart","Reliquary","Replay The Spire","Shop Mod","StSLib","SuperFastMode","The Construct","everything is the same but u backflip on backflip"],"gold_per_floor":[116,132,132,152,152,152,152],"floor_reached":6,"language":"RUS","playtime":96,"items_purged":[],"score":41,"play_id":"06ad5313-b8ff-41a2-a4db-5366f48065ee","local_time":"20210222145913","is_ascension_mode":true,"campfire_choices":[],"circlet_count":0,"master_deck":["construct:Strike_Gold","construct:Strike_Gold","construct:Strike_Gold","construct:Strike_Gold","construct:Strike_Gold","construct:Defend_Gold","construct:Defend_Gold","construct:Defend_Gold+1","construct:Defend_Gold","construct:Defend_Gold","construct:AttackMode","construct:DefenseMode","construct:Autoturret"],"relics":["construct:ClockworkPhoenix","NeowsBlessing"],"acts_visited":["Exordium"],"potions_floor_usage":[6],"damage_taken":[{"damage":0,"enemies":"Jaw Worm","floor":1,"turns":1},{"damage":0,"enemies":"Cultist","floor":2,"turns":1},{"damage":0,"enemies":"Small Slimes","floor":4,"turns":1},{"damage":62,"enemies":"Gremlin Nob","floor":6,"turns":6}],"seed_played":"348241167304655400","potions_obtained":[{"floor":2,"key":"SkillPotion"}],"is_trial":false,"path_per_floor":["M","M","?","M","?","E"],"character_chosen":"THE_CONSTRUCT_MOD","items_purchased":[],"campfire_rested":0,"item_purchase_floors":[],"current_hp_per_floor":[85,85,85,85,85,23,23],"gold":152,"neow_bonus":"THREE_ENEMY_KILL","is_daily":false,"chose_seed":false,"campfire_upgraded":0,"win_rate":0.0,"timestamp":1613995153,"path_taken":["M","M","?","?","?","E"],"items_purchased_type":[],"build_version":"2020-12-22","purchased_purges":0,"victory":false,"max_hp_per_floor":[85,85,85,85,85,85,85],"card_choices":[{"not_picked":["construct:ShiftStrike","construct:Accumulate","construct:FierceBash"],"picked":"SKIP","floor":1},{"not_picked":["construct:SaveState","construct:ShiftGuard"],"picked":"construct:Autoturret","floor":2},{"not_picked":["construct:ModeShift","construct:Impenetrable","construct:Tumble"],"picked":"SKIP","floor":4}],"player_experience":160584,"relics_obtained":[],"event_choices":[],"is_beta":false,"boss_relics":[],"items_purged_floors":[],"is_endless":false,"potions_floor_spawned":[2],"killed_by":"Gremlin Nob","ascension_level":3}}