{"host":"gk9qdtkqd8dwfeg2","time":1613996514,"event":{"mods":["ATMod(∞¢Ë™Mod)","Act Like it!","Aspiration","BaseMod","Colored Powertips","Gensokyo","Minty Spire (QoL Compilation)","Quick Restart","Reimu£®≤©¿ˆ¡È√Œ£©","Remilia£®¿Ÿ√◊¿Ú—«£©","Replay The Spire","Shop Mod","StSLib","TestMod","The Servant 0.9.4","Waifu the Spire","Youmu£®ªÍ∆«—˝√Œ£©"],"gold_per_floor":[114,128,128,128,138,163,163,173,173,173,183,312,326,113,113,287,287,302,3,3,14,32,157,173,173,173,350,350,361,361,492,492,592,592],"floor_reached":33,"language":"ZHS","playtime":1276,"items_purged":["Strike_G","Strike_G"],"score":629,"play_id":"fe415b79-e632-4db0-9ca8-7ff82d137c6a","local_time":"20210222202154","is_ascension_mode":true,"campfire_choices":[{"data":"AT_WomanClash","floor":7.0,"key":"SMITH"},{"data":"Prepared","floor":10,"key":"SMITH"},{"data":"AT_Desolate","floor":15,"key":"SMITH"},{"data":"AT_ArcaneSupremacy","floor":25,"key":"SMITH"},{"data":"Well Laid Plans","floor":28,"key":"SMITH"},{"floor":32,"key":"REST"}],"circlet_count":0,"master_deck":["AscendersBane","Strike_G","Strike_G","Strike_G","Defend_G","Defend_G","Defend_G","Defend_G","Defend_G","Survivor","Neutralize","AT_ArcaneSupremacy+1","Backflip","ReplayTheSpireMod:Scrap Shanks","Gensokyo:CrescentMoonSlash","Prepared+1","AT_WomanClash+1","Hidden Blade","Acrobatics","AT_Desolate+1","After Image","Accuracy","Well Laid Plans+1","AT_EssenceShift","Concentrate","AT_Desolate"],"relics":["Ring of the Snake","AT_ATBox","testmod-TestBox","testmod-ThousandKnives","NeowsBlessing","Akabeko","AT_TheCollector","Smiling Mask","AT_ChloranthyRing","aspiration:IroncladSkillbook","Membership Card","MerchantsRug","ReplayTheSpireMod:Ring of Addiction","ReplayTheSpireMod:Ring of Collecting","Toy Ornithopter","White Beast Statue","Dream Catcher","ReplayTheSpireMod:Ring of Challenge","Vajra","Pet Ghost"],"acts_visited":["Exordium","Gensokyo:Gensokyo"],"potions_floor_usage":[16,21,22,23,24,27,27,31,33],"damage_taken":[{"damage":0.0,"enemies":"Gensokyo:Python","floor":1.0,"turns":1.0},{"damage":0.0,"enemies":"Gensokyo:3_Fairies","floor":2.0,"turns":1.0},{"damage":0.0,"enemies":"Gensokyo:Gryphon","floor":5.0,"turns":1.0},{"damage":0.0,"enemies":"Gensokyo:Mamizou","floor":6.0,"turns":9.0},{"damage":8,"enemies":"Gensokyo:3_Kodama","floor":8,"turns":4},{"damage":4,"enemies":"Gensokyo:2_Rabbits","floor":11,"turns":3},{"damage":7,"enemies":"Gensokyo:Aya","floor":12,"turns":5},{"damage":3,"enemies":"Gensokyo:VengefulSpirit","floor":13,"turns":3},{"damage":9,"enemies":"Gensokyo:Kokoro","floor":16,"turns":5},{"damage":0,"enemies":"Gensokyo:2_Gloops","floor":18,"turns":3},{"damage":0,"enemies":"Gensokyo:AngelMirror","floor":21,"turns":2},{"damage":16,"enemies":"Gensokyo:Chomper_and_Gloop","floor":22,"turns":5},{"damage":5,"enemies":"Gensokyo:Reisen","floor":23,"turns":4},{"damage":5,"enemies":"Gensokyo:Monolith_and_Dog","floor":24,"turns":5},{"damage":34,"enemies":"Gensokyo:Tenshi","floor":27,"turns":4},{"damage":17,"enemies":"Gensokyo:Wraith","floor":29,"turns":5},{"damage":29,"enemies":"Gensokyo:Koishi","floor":31,"turns":5},{"damage":39,"enemies":"Gensokyo:Eternal_Rivals","floor":33,"turns":6}],"seed_played":"-6465164190309145905","potions_obtained":[{"floor":5.0,"key":"LiquidBronze"},{"floor":11,"key":"FearPotion"},{"floor":16,"key":"Dexterity Potion"},{"floor":20,"key":"BlessingOfTheForge"},{"floor":20,"key":"Block Potion"},{"floor":21,"key":"LiquidMemories"},{"floor":22,"key":"SteroidPotion"},{"floor":23,"key":"Fire Potion"},{"floor":24,"key":"GrandPatriotsElixir:ReiMu"},{"floor":27,"key":"Milkshake"},{"floor":29,"key":"PowerPotion"},{"floor":31,"key":"testmod-TestPotion"}],"is_trial":false,"path_per_floor":["M","M","?","?","M","E","R","M","T","R","M","E","M","$","R","B",null,"M","$","?","M","M","E","M","R","T","E","R","M","?","E","R","B"],"character_chosen":"THE_SILENT","items_purchased":["AT_ChloranthyRing","Membership Card","MerchantsRug"],"campfire_rested":1,"item_purchase_floors":[14,19,19],"current_hp_per_floor":[59,59,46,46,46,46,46,38,38,38,34,27,24,24,24,15,53,57,57,57,66,54,58,62,62,62,41,41,28,28,8,27,0,0],"gold":592,"neow_bonus":"THREE_ENEMY_KILL","is_daily":false,"chose_seed":false,"campfire_upgraded":5,"win_rate":0.0,"timestamp":1613996514,"path_taken":["M","M","?","?","?","E","R","M","T","R","M","E","M","$","R","BOSS","M","$","?","M","?","E","M","R","T","E","R","M","?","E","R","BOSS"],"items_purchased_type":["Relic","Relic","Relic"],"build_version":"2020-12-22","purchased_purges":2,"victory":false,"max_hp_per_floor":[66,66,66,66,66,66,66,66,66,66,66,66,66,66,66,66,66,66,66,66,66,66,66,66,66,66,66,66,66,66,64,64,64,64],"card_choices":[{"not_picked":["Deadly Poison","Quick Slash"],"picked":"Backflip","floor":1.0},{"not_picked":["AT_ShadowStep","Expertise"],"picked":"ReplayTheSpireMod:Scrap Shanks","floor":2.0},{"not_picked":["Choke","Noxious Fumes"],"picked":"Prepared","floor":5.0},{"not_picked":["ReplayTheSpireMod:Tripwire","Sneak Up"],"picked":"AT_WomanClash","floor":6.0},{"not_picked":["Crippling Poison","ReplayTheSpireMod:Speed Training"],"picked":"Hidden Blade","floor":8},{"not_picked":["Underhanded Strike","Deadly Poison","Endless Agony"],"picked":"SKIP","floor":11},{"not_picked":["Poisoned Stab","Deflect"],"picked":"Acrobatics","floor":12},{"not_picked":["Dodge and Roll","Tools of the Trade"],"picked":"AT_Desolate","floor":13},{"not_picked":["Replay:Bag of Tricks","Doppelganger"],"picked":"After Image","floor":16},{"not_picked":["Backflip","Prepared","Flying Knee"],"picked":"Accuracy","floor":18},{"not_picked":["ReplayTheSpireMod:Exploit Weakness","Outmaneuver","Slice","Deflect"],"picked":"SKIP","floor":21},{"not_picked":["Prepared+1","Tools of the Trade","Setup","Toxin Wave"],"picked":"SKIP","floor":22},{"not_picked":["AT_TwilightShroud","AT_KneejerkReflex","Outmaneuver","Calculated Gamble"],"picked":"SKIP","floor":23},{"not_picked":["Dodge and Roll","Sucker Punch","Quick Slash","Prepared"],"picked":"SKIP","floor":24},{"not_picked":["Dagger Spray","Cloak And Dagger","All Out Attack","Well Laid Plans"],"picked":"SKIP","floor":27},{"not_picked":["Dagger Spray","Cloak And Dagger","All Out Attack"],"picked":"Well Laid Plans","floor":27},{"not_picked":["Bane","Deadly Poison","Poisoned Stab"],"picked":"AT_EssenceShift","floor":29},{"not_picked":["Leg Sweep","Dagger Spray","Bane"],"picked":"Concentrate","floor":31},{"not_picked":["Outmaneuver+1","All Out Attack","Bane"],"picked":"AT_Desolate","floor":32}],"player_experience":813134,"relics_obtained":[{"floor":6.0,"key":"Akabeko"},{"floor":9,"key":"AT_TheCollector"},{"floor":12,"key":"Smiling Mask"},{"floor":20,"key":"ReplayTheSpireMod:Ring of Addiction"},{"floor":20,"key":"ReplayTheSpireMod:Ring of Collecting"},{"floor":20,"key":"Toy Ornithopter"},{"floor":20,"key":"White Beast Statue"},{"floor":23,"key":"Dream Catcher"},{"floor":26,"key":"ReplayTheSpireMod:Ring of Challenge"},{"floor":27,"key":"Vajra"},{"floor":31,"key":"Pet Ghost"}],"event_choices":[],"is_beta":false,"boss_relics":[{"not_picked":["Philosopher\u0027s Stone","testmod-Prudence"],"picked":"aspiration:IroncladSkillbook"}],"items_purged_floors":[14,19],"is_endless":false,"potions_floor_spawned":[5,11,12,13,16,21,22,23,24,27,29,31],"killed_by":"Gensokyo:Eternal_Rivals","ascension_level":20}}