{"host":"Christian","time":1613960658,"event":{"mods":["BaseMod","Minty Spire (QoL Compilation)","Relic Stats","StSLib"],"gold_per_floor":[13,33,33,49,65,65,94,94,120,147,147,43,43,43,43,136,136,94,44,44,44,44,82,105,105,105,30,54,54,54],"floor_reached":29,"language":"ENG","playtime":1379,"items_purged":["Strike_R","Strike_R"],"score":498,"play_id":"d44230f0-69f9-4f7d-b6be-c7c45ef935d1","local_time":"20210221202418","is_ascension_mode":true,"campfire_choices":[{"data":"Berserk","floor":6.0,"key":"SMITH"},{"data":"Feel No Pain","floor":8.0,"key":"SMITH"},{"data":"Juggernaut","floor":13.0,"key":"SMITH"},{"data":"True Grit","floor":15.0,"key":"SMITH"},{"floor":25,"key":"REST"}],"circlet_count":0,"master_deck":["AscendersBane","Defend_R","Defend_R","Defend_R","Bash","Berserk+1","Clothesline","True Grit+1","Feel No Pain+1","Seeing Red","Feed","Juggernaut+1","Demon Form","Armaments+1","Clothesline+1","Iron Wave+1","Twin Strike","Dual Wield","J.A.X.","Sword Boomerang","Heavy Blade"],"relics":["Burning Blood","WarpedTongs","Anchor","Smiling Mask","Akabeko","Golden Idol","Astrolabe","Frozen Egg 2"],"acts_visited":["Exordium","TheCity"],"potions_floor_usage":[],"damage_taken":[{"damage":4.0,"enemies":"Cultist","floor":1.0,"turns":3.0},{"damage":4.0,"enemies":"2 Louse","floor":2.0,"turns":4.0},{"damage":3.0,"enemies":"Jaw Worm","floor":4.0,"turns":4.0},{"damage":10.0,"enemies":"3 Louse","floor":5.0,"turns":4.0},{"damage":28.0,"enemies":"Lagavulin","floor":7.0,"turns":8.0},{"damage":17.0,"enemies":"3 Sentries","floor":10.0,"turns":12.0},{"damage":26.0,"enemies":"Slime Boss","floor":16.0,"turns":8.0},{"damage":8.0,"enemies":"2 Thieves","floor":18.0,"turns":5.0},{"damage":60.0,"enemies":"Gremlin Leader","floor":23.0,"turns":6.0},{"damage":11,"enemies":"3 Byrds","floor":24,"turns":9},{"damage":36,"enemies":"Shelled Parasite and Fungi","floor":28,"turns":6},{"damage":29,"enemies":"Slavers","floor":29,"turns":2}],"seed_played":"-8767040118731190346","potions_obtained":[{"floor":2.0,"key":"Explosive Potion"},{"floor":5.0,"key":"ColorlessPotion"},{"floor":16.0,"key":"BloodPotion"},{"floor":18.0,"key":"LiquidMemories"}],"is_trial":false,"path_per_floor":["M","M","?","M","M","R","E","R","T","E","?","$","R","?","R","B",null,"M","$","?","?","?","E","M","R","T","?","M","E"],"character_chosen":"IRONCLAD","items_purchased":["AttackPotion"],"campfire_rested":1,"item_purchase_floors":[12],"current_hp_per_floor":[70,72,72,75,71,71,49,49,49,41,34,34,34,34,34,14,57,59,59,59,59,59,24,27,53,53,53,27,0,0],"gold":54,"neow_bonus":"THREE_RARE_CARDS","is_daily":false,"chose_seed":false,"campfire_upgraded":4,"win_rate":0.0,"timestamp":1613960658,"path_taken":["M","M","?","M","?","R","E","R","T","E","?","$","R","?","R","BOSS","M","$","?","?","?","E","M","R","T","?","M","E"],"items_purchased_type":["Potion"],"build_version":"2020-12-18","purchased_purges":2,"victory":false,"max_hp_per_floor":[75,75,75,75,75,75,75,75,75,78,78,78,78,71,71,71,71,75,75,75,75,75,79,87,87,87,87,91,91,91],"relic_stats":{"counters":[12,71],"Golden Idol":41,"Astrolabe":["Armaments","Clothesline","Iron Wave"],"Smiling Mask":75,"obtain_stats":[{"Anchor":7,"Golden Idol":14,"Astrolabe":17,"Frozen Egg 2":23,"Smiling Mask":9,"Burning Blood":0,"Akabeko":10,"WarpedTongs":3},{"Anchor":5,"Golden Idol":6,"Astrolabe":7,"Frozen Egg 2":9,"Smiling Mask":5,"Burning Blood":0,"Akabeko":6,"WarpedTongs":2},{"Anchor":23,"Golden Idol":35,"Astrolabe":43,"Frozen Egg 2":54,"Smiling Mask":23,"Burning Blood":0,"Akabeko":35,"WarpedTongs":7}],"Burning Blood":66,"WarpedTongs":[63]},"card_choices":[{"not_picked":["Juggernaut","Exhume"],"picked":"Berserk","floor":0.0},{"not_picked":["Second Wind","Flex"],"picked":"Clothesline","floor":1.0},{"not_picked":["Searing Blow","Headbutt"],"picked":"True Grit","floor":2.0},{"not_picked":["Heavy Blade","Dual Wield"],"picked":"Feel No Pain","floor":4.0},{"not_picked":["Heavy Blade","Warcry"],"picked":"Seeing Red","floor":5.0},{"not_picked":["Clothesline","Burning Pact"],"picked":"Feed","floor":7.0},{"not_picked":["Wild Strike","Berserk"],"picked":"Juggernaut","floor":10.0},{"not_picked":["Double Tap","Offering"],"picked":"Demon Form","floor":16.0},{"not_picked":["Headbutt","Anger"],"picked":"Twin Strike","floor":18.0},{"not_picked":["Anger","Wild Strike"],"picked":"Sword Boomerang","floor":23.0},{"not_picked":["Clothesline","Entrench","Wild Strike"],"picked":"SKIP","floor":24},{"not_picked":["Thunderclap","Havoc"],"picked":"Heavy Blade","floor":28}],"player_experience":118038,"relics_obtained":[{"floor":7.0,"key":"Anchor"},{"floor":9.0,"key":"Smiling Mask"},{"floor":10.0,"key":"Akabeko"},{"floor":23.0,"key":"Frozen Egg 2"}],"event_choices":[{"damage_healed":0.0,"max_hp_gain":0.0,"max_hp_loss":0.0,"gold_gain":0.0,"event_name":"Accursed Blacksmith","player_choice":"Rummage","floor":3.0,"gold_loss":0.0,"damage_taken":0.0,"relics_obtained":["WarpedTongs"],"cards_obtained":["Pain"]},{"cards_removed":["Pain"],"damage_healed":0.0,"max_hp_gain":0.0,"max_hp_loss":0.0,"gold_gain":0.0,"event_name":"Golden Wing","player_choice":"Card Removal","floor":11.0,"gold_loss":0.0,"damage_taken":7.0},{"damage_healed":0.0,"max_hp_gain":0.0,"max_hp_loss":7.0,"gold_gain":0.0,"event_name":"Golden Idol","player_choice":"Lose Max HP","floor":14.0,"gold_loss":0.0,"damage_taken":0.0,"relics_obtained":["Golden Idol"]},{"damage_healed":0.0,"max_hp_gain":0.0,"max_hp_loss":0.0,"gold_gain":0.0,"event_name":"The Library","player_choice":"Read","floor":20.0,"gold_loss":0.0,"damage_taken":0.0,"cards_obtained":["Dual Wield"]},{"damage_healed":0.0,"max_hp_gain":0.0,"max_hp_loss":0.0,"gold_gain":0.0,"event_name":"Drug Dealer","player_choice":"Obtain J.A.X.","floor":21.0,"gold_loss":0.0,"damage_taken":0.0,"cards_obtained":["J.A.X."]},{"cards_removed":["Defend_R"],"damage_healed":0,"gold_gain":0,"player_choice":"Gave Gold","damage_taken":0,"max_hp_gain":0,"max_hp_loss":0,"event_name":"Beggar","floor":27,"gold_loss":75}],"is_beta":true,"boss_relics":[{"not_picked":["Fusion Hammer","Velvet Choker"],"picked":"Astrolabe"}],"items_purged_floors":[12,19],"is_endless":false,"potions_floor_spawned":[2,5,16,18],"killed_by":"Slavers","ascension_level":20}}