{"host":"xt8a2gaayqxupton","time":1613985139,"event":{"mods":["2.2 Compatiblity","Abigail Mod","AchievementEnabler","Act Like it!","Arknights","BaseMod","CapriCore","Chen","Colored Map","Dota2Spire","Gensokyo","GungeonMod","Hallownest","Koishi","KomeijiMod","Lobotomy","Marisa£¨Ùöéë¡¡Øª×âÞÞ£©","Minty Spire (QoL Compilation)","Reimu£¨ÚÏ???£©","StSLib","The Administrix","The Animator","The Bug Knight","The Immortal","Yakumo Yukari mod","Yuyuko"],"gold_per_floor":[118,19,36,36,351,351,351],"floor_reached":6,"language":"KOR","playtime":355,"items_purged":[],"score":36,"play_id":"cf8c2f6f-1c70-46c6-9249-bfe5084e4ba5","local_time":"20210222181219","is_ascension_mode":false,"campfire_choices":[],"circlet_count":0,"master_deck":["DemoMod:Strike_Huntress","DemoMod:Strike_Huntress","DemoMod:Strike_Huntress","DemoMod:Defend_Huntress","DemoMod:Defend_Huntress","DemoMod:Defend_Huntress","DemoMod:Defend_Huntress","DemoMod:Roll","DemoMod:ManualReload","DemoMod:RustySidearm","DemoMod:CrossBow","Gensokyo:BlemishedSteel","DemoMod:StickyCrossBow"],"relics":["DemoMod:Dog","NeowsBlessing","Gensokyo:OccultBall"],"acts_visited":["Gensokyo:Gensokyo"],"potions_floor_usage":[],"damage_taken":[{"damage":0,"enemies":"Gensokyo:Python","floor":1,"turns":1},{"damage":10,"enemies":"Gensokyo:Gryphon","floor":3,"turns":5},{"damage":3,"enemies":"Gensokyo:3_Fairies","floor":5,"turns":3},{"damage":64,"enemies":"Gensokyo:Cirno","floor":6,"turns":9}],"seed_played":"-7400878504252677016","potions_obtained":[{"floor":5,"key":"ZuzhouPotion:ReiMu"}],"is_trial":false,"path_per_floor":["M","COS","M","?","M","E"],"character_chosen":"HUNTRESS","items_purchased":[],"campfire_rested":0,"item_purchase_floors":[],"current_hp_per_floor":[70,70,60,60,57,0,0],"gold":351,"neow_bonus":"THREE_ENEMY_KILL","is_daily":false,"chose_seed":false,"campfire_upgraded":0,"win_rate":0.0,"timestamp":1613985139,"path_taken":["M","COS","?","?","M","E"],"items_purchased_type":[],"build_version":"2020-12-22","purchased_purges":0,"victory":false,"max_hp_per_floor":[70,70,70,70,70,70,70],"card_choices":[{"not_picked":["DemoMod:DirectionalPad","DemoMod:ProbeStrike"],"picked":"DemoMod:HungryBullets","floor":1},{"not_picked":["DemoMod:Camera","DemoMod:FastSwitch","DemoMod:ConditionalReflex"],"picked":"SKIP","floor":3},{"not_picked":["DemoMod:SAA","DemoMod:StickyCrossBow","DemoMod:TeaPot"],"picked":"SKIP","floor":3},{"not_picked":["DemoMod:TeaPot","DemoMod:FastSwitch"],"picked":"DemoMod:StickyCrossBow","floor":5}],"player_experience":590152,"relics_obtained":[],"event_choices":[],"is_beta":false,"boss_relics":[],"items_purged_floors":[],"is_endless":false,"potions_floor_spawned":[5],"killed_by":"Gensokyo:Cirno","ascension_level":0}}