{"host":"r4yhuzs0e1z69tr3","time":1613996476,"event":{"mods":["BaseMod","Minty Spire (QoL Compilation)","Rare Cards Sparkle"],"gold_per_floor":[112,112,126,138,151,151,167,192,271,298,308,308,131,148,148,252,252,262,262,281,87,104,104,115,144,170,170,206,232,243,243,243,361,361,396,396,396,407,94,148,222,222,222,73,73,105,105,157,157,157,157],"floor_reached":50,"language":"ENG","playtime":2716,"items_purged":[],"score":793,"play_id":"70b3d3ee-b871-4ff3-b8e1-988a074b74af","local_time":"20210222072116","is_ascension_mode":true,"campfire_choices":[{"data":"Consecrate","floor":6,"key":"SMITH"},{"data":"Vigilance","floor":12,"key":"SMITH"},{"data":"WindmillStrike","floor":15,"key":"SMITH"},{"data":"Judgement","floor":23,"key":"SMITH"},{"data":"Vault","floor":27,"key":"SMITH"},{"data":"Tantrum","floor":32,"key":"SMITH"},{"data":"DevaForm","floor":45,"key":"SMITH"},{"data":"ReachHeaven","floor":47,"key":"SMITH"},{"data":"Ragnarok","floor":49,"key":"SMITH"}],"circlet_count":0,"master_deck":["Strike_P","Strike_P","Strike_P","Defend_P+1","Defend_P","Eruption+1","Vigilance+1","ReachHeaven+1","FollowUp","Consecrate+1","CutThroughFate","CutThroughFate+1","SandsOfTime+1","Devotion","WindmillStrike+1","Indignation","Judgement+1","Prostrate+1","CrushJoints+1","HandOfGreed","Vault+1","Crescendo+1","WindmillStrike+1","Tantrum+1","DevaForm+1","CurseOfTheBell","Ragnarok+1"],"relics":["Coffee Dripper","Bottled Flame","Mercury Hourglass","Gambling Chip","Empty Cage","War Paint","Whetstone","Torii","CaptainsWheel","Calling Bell","Akabeko","InkBottle","Unceasing Top","Thread and Needle","Potion Belt","Pocketwatch","Calipers","Lee\u0027s Waffle","Damaru","MealTicket"],"acts_visited":["Exordium","TheCity","TheBeyond"],"potions_floor_usage":[24,29,29,41,41,50],"damage_taken":[{"damage":0,"enemies":"2 Louse","floor":1,"turns":3},{"damage":0,"enemies":"Cultist","floor":3,"turns":2},{"damage":0,"enemies":"Jaw Worm","floor":4,"turns":4},{"damage":0,"enemies":"3 Louse","floor":5,"turns":3},{"damage":4,"enemies":"Exordium Wildlife","floor":7,"turns":3},{"damage":21,"enemies":"Lagavulin","floor":8,"turns":4},{"damage":8,"enemies":"Gremlin Nob","floor":10,"turns":3},{"damage":0,"enemies":"2 Fungi Beasts","floor":11,"turns":1},{"damage":1,"enemies":"3 Louse","floor":14,"turns":2},{"damage":0,"enemies":"Slime Boss","floor":16,"turns":3},{"damage":8,"enemies":"2 Thieves","floor":18,"turns":2},{"damage":0,"enemies":"Spheric Guardian","floor":20,"turns":2},{"damage":0,"enemies":"Snake Plant","floor":22,"turns":2},{"damage":12,"enemies":"Cultist and Chosen","floor":24,"turns":4},{"damage":0,"enemies":"Gremlin Leader","floor":25,"turns":4},{"damage":0,"enemies":"3 Cultists","floor":28,"turns":2},{"damage":4,"enemies":"Slavers","floor":29,"turns":4},{"damage":0,"enemies":"Snecko","floor":30,"turns":2},{"damage":22,"enemies":"Automaton","floor":33,"turns":4},{"damage":0,"enemies":"3 Shapes","floor":35,"turns":2},{"damage":19,"enemies":"3 Darklings","floor":38,"turns":3},{"damage":0,"enemies":"Nemesis","floor":40,"turns":4},{"damage":17,"enemies":"2 Orb Walkers","floor":41,"turns":4},{"damage":0,"enemies":"Reptomancer","floor":46,"turns":3},{"damage":0,"enemies":"Nemesis","floor":48,"turns":3},{"damage":75,"enemies":"Time Eater","floor":50,"turns":4}],"seed_played":"8632631461515229659","potions_obtained":[{"floor":3,"key":"Block Potion"},{"floor":4,"key":"LiquidBronze"},{"floor":7,"key":"BottledMiracle"},{"floor":18,"key":"Ambrosia"},{"floor":24,"key":"FearPotion"},{"floor":30,"key":"Weak Potion"},{"floor":38,"key":"ColorlessPotion"},{"floor":40,"key":"Dexterity Potion"}],"is_trial":false,"path_per_floor":["M","?","M","M","M","R","M","E","T","E","M","R","$","M","R","B",null,"M","?","M","$","M","R","M","E","T","R","M","E","M","?","R","B",null,"M","?","?","M","$","E","?","?","T","$","R","E","R","E","R","B"],"character_chosen":"WATCHER","items_purchased":["Devotion","WindmillStrike","HandOfGreed","Thread and Needle","Lee\u0027s Waffle"],"campfire_rested":0,"item_purchase_floors":[13,13,21,39,44],"current_hp_per_floor":[72,72,72,72,72,72,68,47,47,39,39,39,39,38,38,38,72,64,64,64,64,64,64,52,52,52,52,52,48,48,48,48,26,72,72,72,68,49,49,49,32,32,32,75,75,75,75,75,75,0,0],"gold":157,"neow_bonus":"BOSS_RELIC","is_daily":false,"chose_seed":false,"campfire_upgraded":9,"win_rate":0.0,"timestamp":1613996476,"path_taken":["M","?","M","?","M","R","M","E","T","E","?","R","$","M","R","BOSS","M","?","?","$","M","R","M","E","T","R","M","E","M","?","R","BOSS","M","?","?","M","$","E","?","?","T","$","R","E","R","E","R","BOSS"],"items_purchased_type":["Card","Card","Card","Relic","Relic"],"build_version":"2020-12-22","purchased_purges":0,"victory":false,"max_hp_per_floor":[72,72,72,72,72,72,72,72,72,72,72,72,72,72,72,72,72,72,72,72,72,72,72,72,72,72,72,72,72,72,72,72,72,72,72,72,68,68,68,68,68,68,68,75,75,75,75,75,75,75,75],"card_choices":[{"not_picked":["SashWhip","WaveOfTheHand"],"picked":"ReachHeaven","floor":1},{"not_picked":["ReachHeaven","Crescendo"],"picked":"FollowUp","floor":3},{"not_picked":["ClearTheMind","MasterReality","ThirdEye"],"picked":"SKIP","floor":4},{"not_picked":["Evaluate","PathToVictory"],"picked":"Consecrate","floor":5},{"not_picked":["Halt","PathToVictory"],"picked":"CutThroughFate","floor":7},{"not_picked":["CutThroughFate","Halt","DeceiveReality"],"picked":"SKIP","floor":8},{"not_picked":["Halt","DeceiveReality"],"picked":"CutThroughFate","floor":8},{"not_picked":["WreathOfFlame","FearNoEvil"],"picked":"SandsOfTime","floor":10},{"not_picked":["Evaluate","JustLucky","Consecrate"],"picked":"SKIP","floor":11},{"not_picked":["Fasting2","BowlingBash"],"picked":"Indignation","floor":14},{"not_picked":["LessonLearned","Omniscience"],"picked":"Judgement","floor":16},{"not_picked":["WindmillStrike","FollowUp"],"picked":"Prostrate","floor":18},{"not_picked":["SashWhip+1","JustLucky"],"picked":"CrushJoints+1","floor":20},{"not_picked":["Perseverance","FollowUp","SashWhip"],"picked":"SKIP","floor":22},{"not_picked":["Prostrate","SashWhip"],"picked":"Vault","floor":24},{"not_picked":["ThirdEye+1","EmptyBody"],"picked":"Crescendo+1","floor":25},{"not_picked":["FlyingSleeves","BowlingBash","Study"],"picked":"SKIP","floor":28},{"not_picked":["EmptyBody","InnerPeace+1"],"picked":"WindmillStrike+1","floor":29},{"not_picked":["Crescendo","Prostrate"],"picked":"Tantrum","floor":30},{"not_picked":["DeusExMachina","Blasphemy"],"picked":"DevaForm","floor":33},{"not_picked":["Consecrate","Indignation","Scrawl"],"picked":"SKIP","floor":35},{"not_picked":["CrushJoints+1","Prostrate","CutThroughFate+1"],"picked":"SKIP","floor":38},{"not_picked":["JustLucky+1","Evaluate+1","LessonLearned"],"picked":"SKIP","floor":40},{"not_picked":["FlurryOfBlows","Perseverance+1","EmptyFist+1"],"picked":"SKIP","floor":46},{"not_picked":["SignatureMove","Sanctity+1"],"picked":"Ragnarok","floor":48}],"player_experience":148651,"relics_obtained":[{"floor":8,"key":"Bottled Flame"},{"floor":9,"key":"Mercury Hourglass"},{"floor":10,"key":"Gambling Chip"},{"floor":25,"key":"War Paint"},{"floor":26,"key":"Whetstone"},{"floor":29,"key":"Torii"},{"floor":34,"key":"Akabeko"},{"floor":34,"key":"InkBottle"},{"floor":34,"key":"Unceasing Top"},{"floor":40,"key":"Potion Belt"},{"floor":41,"key":"Pocketwatch"},{"floor":43,"key":"Calipers"},{"floor":46,"key":"Damaru"},{"floor":48,"key":"MealTicket"}],"event_choices":[{"damage_healed":0,"gold_gain":0,"player_choice":"Forge","damage_taken":0,"max_hp_gain":0,"max_hp_loss":0,"event_name":"Accursed Blacksmith","floor":2,"gold_loss":0,"cards_upgraded":["Eruption"]},{"cards_removed":["Defend_P"],"damage_healed":0,"gold_gain":0,"player_choice":"Card Removal","damage_taken":0,"max_hp_gain":0,"max_hp_loss":0,"event_name":"Wheel of Change","floor":19,"gold_loss":0},{"damage_healed":0,"gold_gain":0,"player_choice":"Opened","damage_taken":0,"relics_obtained":["CaptainsWheel"],"max_hp_gain":0,"max_hp_loss":0,"event_name":"The Mausoleum","floor":31,"gold_loss":0},{"damage_healed":0,"gold_gain":0,"player_choice":"Memory 1","damage_taken":0,"max_hp_gain":0,"max_hp_loss":0,"event_name":"SensoryStone","floor":36,"gold_loss":0},{"damage_healed":0,"gold_gain":0,"player_choice":"Max HP","damage_taken":0,"max_hp_gain":0,"max_hp_loss":4,"event_name":"Winding Halls","floor":37,"gold_loss":0},{"damage_healed":0,"gold_gain":0,"player_choice":"Fight","damage_taken":0,"max_hp_gain":0,"max_hp_loss":0,"event_name":"Mysterious Sphere","floor":41,"gold_loss":0},{"damage_healed":0,"gold_gain":0,"player_choice":"Ignored","damage_taken":0,"max_hp_gain":0,"max_hp_loss":0,"event_name":"Tomb of Lord Red Mask","floor":42,"gold_loss":0}],"is_beta":false,"boss_relics":[{"not_picked":["Pandora\u0027s Box","Astrolabe"],"picked":"Empty Cage"},{"not_picked":["Philosopher\u0027s Stone","Black Star"],"picked":"Calling Bell"}],"items_purged_floors":[],"is_endless":false,"potions_floor_spawned":[3,4,7,18,24,25,28,30,38,40],"killed_by":"Time Eater","ascension_level":1}}