{"host":"bq4pt811tk9yrmjl","time":1613955703,"event":{"mods":["AchievementEnabler","BaseMod","Colored Map","Colored Powertips","Defuse TimeMaze Blight","Minty Spire (QoL Compilation)","Smile Girya","StSLib","SuperFastMode"],"gold_per_floor":[114,114,127,127,127,127,158,158,158,172,189,189,189],"floor_reached":12,"language":"ENG","playtime":132,"items_purged":[],"score":108,"play_id":"95606f78-07bd-4f93-8788-8170af95040c","local_time":"20210221220143","is_ascension_mode":true,"campfire_choices":[{"data":"Neutralize","floor":6,"key":"SMITH"},{"data":"Dodge and Roll","floor":8,"key":"SMITH"}],"circlet_count":0,"master_deck":["Strike_G","Strike_G","Strike_G","Strike_G","Strike_G+1","Defend_G","Defend_G","Defend_G","Defend_G","Defend_G","Survivor","Neutralize+1","Slice","Flying Knee+1","Dodge and Roll+1","Blade Dance"],"relics":["Ring of the Snake","NeowsBlessing","Whetstone","Gremlin Horn"],"acts_visited":["Exordium"],"potions_floor_usage":[11],"damage_taken":[{"damage":0,"enemies":"Jaw Worm","floor":1,"turns":1},{"damage":0,"enemies":"Cultist","floor":3,"turns":1},{"damage":0,"enemies":"Lagavulin","floor":7,"turns":1},{"damage":0,"enemies":"2 Louse","floor":10,"turns":2},{"damage":4,"enemies":"Exordium Wildlife","floor":11,"turns":3},{"damage":0,"enemies":"Gremlin Nob","floor":12,"turns":1}],"seed_played":"-7518297006809830561","potions_obtained":[{"floor":1,"key":"SpeedPotion"},{"floor":3,"key":"SteroidPotion"},{"floor":4,"key":"Fire Potion"}],"is_trial":false,"path_per_floor":["M","$","M","?","$","R","E","R","T","M","M","E"],"character_chosen":"THE_SILENT","items_purchased":[],"campfire_rested":0,"item_purchase_floors":[],"current_hp_per_floor":[70,70,70,70,70,70,70,70,70,70,66,66,66],"gold":189,"neow_bonus":"THREE_ENEMY_KILL","is_daily":false,"chose_seed":false,"campfire_upgraded":2,"win_rate":0.0,"timestamp":1613955703,"path_taken":["M","$","M","?","$","R","E","R","T","M","?","E"],"items_purchased_type":[],"build_version":"2020-12-22","purchased_purges":0,"victory":false,"max_hp_per_floor":[70,70,70,70,70,70,70,70,70,70,70,70,70],"card_choices":[{"not_picked":["Concentrate","Dagger Throw"],"picked":"Slice","floor":1},{"not_picked":["Bane","Footwork"],"picked":"Flying Knee","floor":3},{"not_picked":["Backflip","Finisher"],"picked":"Dodge and Roll","floor":7},{"not_picked":["Grand Finale","Prepared"],"picked":"Blade Dance","floor":10},{"not_picked":["Prepared","Caltrops","Bane"],"picked":"SKIP","floor":11}],"player_experience":283261,"relics_obtained":[{"floor":7,"key":"Whetstone"},{"floor":9,"key":"Gremlin Horn"}],"event_choices":[{"damage_healed":0,"gold_gain":0,"player_choice":"Got Potions","damage_taken":0,"max_hp_gain":0,"max_hp_loss":0,"event_name":"Lab","floor":4,"gold_loss":0}],"is_beta":false,"boss_relics":[],"items_purged_floors":[],"is_endless":false,"potions_floor_spawned":[1,3],"killed_by":"Gremlin Nob","ascension_level":1}}