{"host":"0kk91h4bq4kgfj0u","time":1613959362,"event":{"mods":["BaseMod","Bestiary","Block Reminder","Colored Map","Colored Powertips","Curses Come First","Highlight Path","Minty Spire (QoL Compilation)","Relic Stats","StSLib"],"gold_per_floor":[115,135,115,129,148,175,187,187,214,246,258,258,258,275,275,373,373,391,405,66,66,66,66,84,103,103,65,65,165,175,175,175,273,273,287,301,319,319,319],"floor_reached":38,"language":"ENG","playtime":1246,"items_purged":[],"score":513,"play_id":"03e77e15-8c73-48ae-80ba-4c7a2905299a","local_time":"20210221210242","is_ascension_mode":true,"campfire_choices":[{"floor":8,"key":"REST"},{"floor":13,"key":"REST"},{"floor":15,"key":"REST"},{"floor":23,"key":"REST"},{"floor":28,"key":"REST"},{"floor":32,"key":"REST"}],"circlet_count":0,"master_deck":["Strike_B","Strike_B","Strike_B","Strike_B","Defend_B","Defend_B","Defend_B","Defend_B","Zap","Dualcast","Streamline","Auto Shields","Conserve Battery","Go for the Eyes","Sweeping Beam","Redo","Compile Driver","Electrodynamics","Streamline+1","Conserve Battery","Good Instincts","Conserve Battery","Turbo","Redo+1","Ball Lightning","Leap","Hello World","Redo+1","Double Energy+1","Coolheaded+1"],"relics":["Cracked Core","Centennial Puzzle","Pear","Boot","Omamori","Bronze Scales","SlaversCollar","Toy Ornithopter","MutagenicStrength","MawBank","StoneCalendar","Blue Candle","Shuriken","Calling Bell","MealTicket","Kunai","Bird Faced Urn"],"acts_visited":["Exordium","TheCity","TheBeyond"],"potions_floor_usage":[20,33,33],"damage_taken":[{"damage":1,"enemies":"Cultist","floor":1,"turns":3},{"damage":0,"enemies":"Small Slimes","floor":2,"turns":2},{"damage":4,"enemies":"Jaw Worm","floor":4,"turns":5},{"damage":6,"enemies":"Looter","floor":5,"turns":3},{"damage":30,"enemies":"Gremlin Nob","floor":6,"turns":4},{"damage":2,"enemies":"Red Slaver","floor":7,"turns":3},{"damage":34,"enemies":"3 Sentries","floor":10,"turns":10},{"damage":13,"enemies":"Lots of Slimes","floor":11,"turns":3},{"damage":0,"enemies":"3 Louse","floor":14,"turns":2},{"damage":55,"enemies":"The Guardian","floor":16,"turns":12},{"damage":9,"enemies":"Chosen","floor":18,"turns":4},{"damage":17,"enemies":"Spheric Guardian","floor":19,"turns":4},{"damage":20,"enemies":"3 Cultists","floor":24,"turns":4},{"damage":14,"enemies":"Snake Plant","floor":25,"turns":3},{"damage":12,"enemies":"Colosseum Slavers","floor":29,"turns":3},{"damage":23,"enemies":"Colosseum Nobs","floor":29,"turns":3},{"damage":24,"enemies":"Centurion and Healer","floor":30,"turns":7},{"damage":30,"enemies":"Automaton","floor":33,"turns":7},{"damage":11,"enemies":"Orb Walker","floor":35,"turns":4},{"damage":11,"enemies":"3 Shapes","floor":36,"turns":3},{"damage":36,"enemies":"Maw","floor":37,"turns":7},{"damage":27,"enemies":"Spire Growth","floor":38,"turns":3}],"seed_played":"-774268593517019888","potions_obtained":[{"floor":3,"key":"LiquidMemories"},{"floor":4,"key":"PowerPotion"},{"floor":5,"key":"BlessingOfTheForge"},{"floor":6,"key":"Strength Potion"},{"floor":29,"key":"PowerPotion"},{"floor":35,"key":"Regen Potion"},{"floor":36,"key":"Strength Potion"}],"is_trial":false,"path_per_floor":["M","M","?","M","M","E","M","R","T","E","M","?","R","M","R","B",null,"M","M","$","?","?","R","M","M","T","$","R","?","M","T","R","B",null,"M","M","M","M"],"character_chosen":"DEFECT","items_purchased":["Fruit Juice","Toy Ornithopter","Good Instincts","Ball Lightning"],"campfire_rested":6,"item_purchase_floors":[20,20,20,27],"current_hp_per_floor":[74,74,74,70,64,44,42,67,67,33,20,20,45,45,70,15,68,59,42,47,47,47,74,54,40,40,40,67,32,8,8,35,15,71,62,53,21,0,0],"gold":319,"neow_bonus":"RANDOM_COMMON_RELIC","is_daily":false,"chose_seed":false,"campfire_upgraded":0,"win_rate":0.0,"timestamp":1613959362,"path_taken":["M","?","?","M","?","E","M","R","T","E","M","?","R","M","R","BOSS","M","M","$","?","?","R","M","?","T","?","R","?","M","?","R","BOSS","M","M","M","M"],"items_purchased_type":["Potion","Relic","Card","Card"],"build_version":"2020-12-22","purchased_purges":0,"victory":false,"max_hp_per_floor":[75,75,75,75,75,85,85,85,85,85,85,85,85,85,85,85,85,85,85,90,90,90,90,90,90,90,90,90,90,90,90,90,90,90,90,90,90,90,90],"relic_stats":{"counters":[22,99],"Blue Candle":[0],"StoneCalendar":[83],"Boot":[70],"MawBank":12,"Centennial Puzzle":[60],"Shuriken":[7],"Bronze Scales":[176],"Bird Faced Urn":[10],"MealTicket":0,"Kunai":[5],"obtain_stats":[{"Pear":6,"Blue Candle":29,"StoneCalendar":29,"Omamori":10,"Boot":9,"MawBank":26,"Calling Bell":34,"SlaversCollar":17,"Centennial Puzzle":0,"Shuriken":31,"Bronze Scales":12,"MutagenicStrength":21,"Bird Faced Urn":34,"MealTicket":34,"Kunai":34,"Cracked Core":0,"Toy Ornithopter":20},{"Pear":5,"Blue Candle":16,"StoneCalendar":16,"Omamori":7,"Boot":6,"MawBank":14,"Calling Bell":18,"SlaversCollar":10,"Centennial Puzzle":0,"Shuriken":17,"Bronze Scales":8,"MutagenicStrength":12,"Bird Faced Urn":18,"MealTicket":18,"Kunai":18,"Cracked Core":0,"Toy Ornithopter":12},{"Pear":17,"Blue Candle":68,"StoneCalendar":68,"Omamori":30,"Boot":20,"MawBank":62,"Calling Bell":82,"SlaversCollar":47,"Centennial Puzzle":0,"Shuriken":75,"Bronze Scales":33,"MutagenicStrength":55,"Bird Faced Urn":82,"MealTicket":82,"Kunai":82,"Cracked Core":0,"Toy Ornithopter":55}],"Toy Ornithopter":10},"card_choices":[{"not_picked":["Cold Snap","Barrage"],"picked":"Streamline","floor":1},{"not_picked":["Force Field","Gash"],"picked":"Auto Shields","floor":2},{"not_picked":["Coolheaded","Sweeping Beam"],"picked":"Conserve Battery","floor":4},{"not_picked":["Biased Cognition","Beam Cell"],"picked":"Go for the Eyes","floor":5},{"not_picked":["Hologram","Stack","Barrage"],"picked":"SKIP","floor":6},{"not_picked":["Go for the Eyes","Leap"],"picked":"Sweeping Beam","floor":7},{"not_picked":["Streamline","Echo Form"],"picked":"Redo","floor":10},{"not_picked":["Rebound","Redo","Meteor Strike"],"picked":"SKIP","floor":11},{"not_picked":["Barrage","Double Energy"],"picked":"Compile Driver","floor":14},{"not_picked":["Fission","Machine Learning"],"picked":"Electrodynamics","floor":16},{"not_picked":["Sweeping Beam","Hologram"],"picked":"Streamline+1","floor":18},{"not_picked":["Self Repair","Steam+1"],"picked":"Conserve Battery","floor":19},{"not_picked":["Beam Cell","Steam Power"],"picked":"Turbo","floor":24},{"not_picked":["Cold Snap","Consume"],"picked":"Redo+1","floor":25},{"not_picked":["Double Energy","Go for the Eyes"],"picked":"Leap","floor":29},{"not_picked":["Gash+1","Hyperbeam"],"picked":"Hello World","floor":30},{"not_picked":["Go for the Eyes","Coolheaded"],"picked":"Redo+1","floor":35},{"not_picked":["Hologram","Barrage"],"picked":"Double Energy+1","floor":36},{"not_picked":["Stack","Rebound"],"picked":"Coolheaded+1","floor":37}],"player_experience":905871,"relics_obtained":[{"floor":6,"key":"Pear"},{"floor":9,"key":"Boot"},{"floor":10,"key":"Omamori"},{"floor":26,"key":"MawBank"},{"floor":29,"key":"StoneCalendar"},{"floor":29,"key":"Blue Candle"},{"floor":31,"key":"Shuriken"},{"floor":34,"key":"MealTicket"},{"floor":34,"key":"Kunai"},{"floor":34,"key":"Bird Faced Urn"}],"event_choices":[{"damage_healed":0,"gold_gain":0,"player_choice":"Bought 1 Potion","damage_taken":0,"max_hp_gain":0,"max_hp_loss":0,"event_name":"The Woman in Blue","floor":3,"gold_loss":0},{"damage_healed":0,"gold_gain":0,"player_choice":"Searched \u00271\u0027 times","damage_taken":0,"relics_obtained":["Bronze Scales"],"max_hp_gain":0,"max_hp_loss":0,"event_name":"Dead Adventurer","floor":12,"gold_loss":0},{"damage_healed":0,"gold_gain":0,"player_choice":"Inject Mutagens","damage_taken":0,"relics_obtained":["MutagenicStrength"],"max_hp_gain":0,"max_hp_loss":0,"event_name":"Drug Dealer","floor":21,"gold_loss":0},{"damage_healed":0,"gold_gain":0,"player_choice":"Copied","damage_taken":0,"max_hp_gain":0,"max_hp_loss":0,"event_name":"Duplicator","floor":22,"gold_loss":0,"cards_obtained":["Conserve Battery"]},{"damage_healed":0,"gold_gain":0,"player_choice":"Fight","damage_taken":0,"max_hp_gain":0,"max_hp_loss":0,"event_name":"Colosseum","floor":29,"gold_loss":0},{"damage_healed":0,"gold_gain":0,"player_choice":"Fought Nobs","damage_taken":0,"max_hp_gain":0,"max_hp_loss":0,"event_name":"Colosseum","floor":29,"gold_loss":0}],"is_beta":false,"boss_relics":[{"not_picked":["SacredBark","Runic Pyramid"],"picked":"SlaversCollar"},{"not_picked":["Pandora\u0027s Box","Busted Crown"],"picked":"Calling Bell"}],"items_purged_floors":[],"is_endless":false,"potions_floor_spawned":[4,5,6,11,18,19,29,35,36],"killed_by":"Spire Growth","ascension_level":5}}