{"host":"nnt34ungdh9fkcmy","time":1613961373,"event":{"mods":["BaseMod","Downfall","Minty Spire (QoL Compilation)","StSLib","SuperFastMode"],"gold_per_floor":[114,114,125,16,16,49,49,74,74,15,50,78,3,19,19,115,115,130,55,82,82,52,80,30,30,57,85,115,134,169,199,149,251,251,266,266,266,123,168,195,145,145,145,95,124,156,184,211,161,161],"floor_reached":51,"language":"ENG","playtime":1673,"items_purged":["Slimebound:Strike_Slimebound"],"score":1102,"play_id":"1c016cb6-b47c-4a51-bce3-48770de94961","local_time":"20210221193613","daily_mods":["downfall:ChampStances","Flight","downfall:ExchangeController"],"is_ascension_mode":true,"campfire_choices":[{"data":"Slimebound:RollThrough","floor":7,"key":"SMITH"},{"data":"Slimebound:LevelUp","floor":15,"key":"SMITH"},{"data":"Slimebound:Teamwork","floor":24,"key":"SMITH"},{"data":"Slimebound:SelfFormingGoo","floor":32,"key":"SMITH"},{"data":"Slimebound:HungryTackle","floor":41,"key":"SMITH"},{"data":"Slimebound:ComboTackle","floor":42,"key":"SMITH"},{"data":"Slimebound:TagTeam","floor":49,"key":"SMITH"}],"circlet_count":0,"master_deck":["Slimebound:Strike_Slimebound+1","Slimebound:Tackle+1","Slimebound:Defend_Slimebound+1","Slimebound:Defend_Slimebound+1","Slimebound:Defend_Slimebound+1","Slimebound:Split+1","Slimebound:CorrosiveSpit+1","Slimebound:Prepare+1","Slimebound:SlimeSpikes+1","Slimebound:Nibble+1","Slimebound:RollThrough+1","Slimebound:OozeBath+1","Slimebound:BestDefense+1","Slimebound:LevelUp+1","Slimebound:SplitLeeching+1","Slimebound:Teamwork+1","Slimebound:SplitSpecialist+1","Slimebound:LevelUp+1","Slimebound:SlimeTap+1","Slimebound:Darklings+1","Slimebound:Prepare+1","Slimebound:SelfFormingGoo+1","Slimebound:SplitMire+1","Slimebound:Overexert+1","Slimebound:SlimeSpikes+1","Slimebound:HungryTackle+1","Slimebound:ComboTackle+1","Slimebound:TagTeam+1","Slimebound:ForwardTackle+1"],"relics":["Slimebound:AbsorbEndCombat","champ:ChampStancesModRelic","downfall:NeowBlessing_Player","hexamod:CandleOfCauterizing","PreservedInsect","The Courier","MealTicket","Pen Nib","Slimebound:GreedOozeRelic","SlaversCollar","Strawberry","Unceasing Top","Ancient Tea Set","Potion Belt","Toy Ornithopter","Mummified Hand","Blood Vial","Coffee Dripper","Mark of the Bloom","Boot","Slimebound:AggressiveSlimeRelic","TungstenRod","Bag of Preparation","Slimebound:PreparedRelic","hexamod:BolsterEngine","Bottled Tornado","Slimebound:SlimedSkullRelic","Regal Pillow"],"acts_visited":["Exordium","TheCity","TheBeyond"],"potions_floor_usage":[],"damage_taken":[{"damage":7,"enemies":"2 Louse","floor":1,"turns":3},{"damage":0,"enemies":"Cultist","floor":3,"turns":4},{"damage":70,"enemies":"Lagavulin","floor":6,"turns":7},{"damage":23,"enemies":"3 Sentries","floor":8,"turns":5},{"damage":49,"enemies":"Lagavulin","floor":11,"turns":6},{"damage":16,"enemies":"Gremlin Nob","floor":12,"turns":4},{"damage":1,"enemies":"Jaw Worm","floor":14,"turns":4},{"damage":96,"enemies":"Hexaghost","floor":16,"turns":9},{"damage":21,"enemies":"Shell Parasite","floor":18,"turns":6},{"damage":60,"enemies":"Gremlin Leader","floor":23,"turns":5},{"damage":23,"enemies":"Slavers","floor":27,"turns":3},{"damage":54,"enemies":"Book of Stabbing","floor":28,"turns":4},{"damage":15,"enemies":"Spheric Guardian","floor":29,"turns":3},{"damage":3,"enemies":"Gremlin Leader","floor":30,"turns":5},{"damage":27,"enemies":"Slavers","floor":31,"turns":4},{"damage":79,"enemies":"Collector","floor":33,"turns":8},{"damage":0,"enemies":"Orb Walker","floor":35,"turns":3},{"damage":34,"enemies":"2 Orb Walkers","floor":39,"turns":4},{"damage":15,"enemies":"Reptomancer","floor":40,"turns":3},{"damage":8,"enemies":"Nemesis","floor":45,"turns":3},{"damage":0,"enemies":"Reptomancer","floor":46,"turns":2},{"damage":12,"enemies":"Giant Head","floor":47,"turns":4},{"damage":26,"enemies":"Reptomancer","floor":48,"turns":3},{"damage":9,"enemies":"Awakened One","floor":50,"turns":6}],"seed_played":"3619453514590389640","potions_obtained":[{"floor":3,"key":"champ:CounterPotion"},{"floor":6,"key":"Weak Potion"},{"floor":8,"key":"LiquidMemories"},{"floor":11,"key":"DistilledChaos"},{"floor":18,"key":"PowerPotion"},{"floor":23,"key":"FearPotion"},{"floor":28,"key":"LiquidBronze"},{"floor":35,"key":"sneckomod:MuddlingPotion"},{"floor":47,"key":"Energy Potion"}],"is_trial":true,"path_per_floor":["M","?","M","$","?","E","R","E","T","$","E","E","?","M","R","B",null,"M","?","T","?","$","E","R","?","T","E","E","M","E","E","R","B",null,"M","?","T","$","?","E","R","R","T","R","E","E","E","E","R","B",null],"character_chosen":"SLIMEBOUND","items_purchased":["Slimebound:Nibble","Slimebound:BestDefense","Slimebound:LevelUp","Slimebound:HungryTackle","Slimebound:AggressiveSlimeRelic"],"campfire_rested":0,"item_purchase_floors":[4,10,22,38,38],"current_hp_per_floor":[158,165,165,165,165,144,144,129,129,129,116,100,100,101,101,48,265,250,250,257,257,272,231,231,231,231,210,189,184,181,154,154,85,372,372,372,372,372,338,323,323,323,323,323,315,315,303,277,277,268],"gold":161,"neow_bonus":"","is_daily":false,"chose_seed":false,"campfire_upgraded":7,"win_rate":0.0,"timestamp":1613961373,"path_taken":["M","?","?","?","?","E","R","E","T","?","E","E","?","M","R","BOSS","M","?","?","?","$","E","R","?","T","E","E","?","E","E","R","BOSS","M","?","?","$","?","E","R","R","T","R","E","E","E","E","R","BOSS"],"items_purchased_type":["Card","Card","Card","Card","Relic"],"build_version":"2020-12-22","purchased_purges":1,"victory":true,"max_hp_per_floor":[165,165,165,165,165,165,165,165,165,165,165,165,165,165,165,165,265,265,265,272,272,272,272,272,272,272,272,272,272,272,272,272,272,372,372,372,372,372,372,372,372,372,372,372,372,372,372,372,372,372],"card_choices":[{"not_picked":["Slimebound:LivingWall","Slimebound:ItLooksTasty"],"picked":"Slimebound:Prepare","floor":1},{"not_picked":["Slimebound:Gluttony","Slimebound:DivideAndConquer"],"picked":"Slimebound:SlimeSpikes","floor":3},{"not_picked":["Slimebound:LeechEnergy","Slimebound:SplitLeeching"],"picked":"Slimebound:RollThrough","floor":6},{"not_picked":["Slimebound:LeechEnergy","Slimebound:Grow"],"picked":"Slimebound:OozeBath","floor":8},{"not_picked":["Slimebound:ForwardTackle","Slimebound:ProtectTheBoss"],"picked":"Slimebound:LevelUp","floor":11},{"not_picked":["Slimebound:DisruptingSlam","Slimebound:Schlurp"],"picked":"Slimebound:SplitLeeching","floor":12},{"not_picked":["Slimebound:SplitAcid","Slimebound:RejuvenatingLick","Slimebound:SplitLeeching"],"picked":"SKIP","floor":14},{"not_picked":["Slimebound:LeechLife","Slimebound:DouseInSlime"],"picked":"Slimebound:Teamwork","floor":16},{"not_picked":["Slimebound:SplitLeeching","Slimebound:SplitAcid"],"picked":"Slimebound:SplitSpecialist+1","floor":18},{"not_picked":["Slimebound:LeechingTouch","Slimebound:SplitLeeching"],"picked":"Slimebound:SlimeTap","floor":23},{"not_picked":["Slimebound:MegaLick","Slimebound:HauntingLick","Slimebound:ItLooksTasty+1"],"picked":"SKIP","floor":27},{"not_picked":["Slimebound:Prepare","Slimebound:HauntingLick"],"picked":"Slimebound:Darklings","floor":28},{"not_picked":["Slimebound:PressTheAttack","Slimebound:SplitAcid"],"picked":"Slimebound:Prepare+1","floor":29},{"not_picked":["Slimebound:AcidTongue","Slimebound:FinishingTackle"],"picked":"Slimebound:SelfFormingGoo","floor":30},{"not_picked":["Slimebound:PressTheAttack","Slimebound:ItLooksTasty+1"],"picked":"Slimebound:SplitMire","floor":31},{"not_picked":["Slimebound:LeechLife","Slimebound:OozeBath"],"picked":"Slimebound:Overexert","floor":33},{"not_picked":["Slimebound:GoopSpray+1","Slimebound:SplitSpecialist"],"picked":"Slimebound:SlimeSpikes+1","floor":35},{"not_picked":["Slimebound:Schlurp+1","Slimebound:FormOfPuddle+1"],"picked":"Slimebound:ComboTackle","floor":39},{"not_picked":["Slimebound:DivideAndConquer+1","Slimebound:OozeBath","Slimebound:SlimeSpikes+1"],"picked":"SKIP","floor":40},{"not_picked":["Slimebound:LivingWall+1","Slimebound:SamplingLick+1","Slimebound:Schlurp"],"picked":"SKIP","floor":45},{"not_picked":["Slimebound:TongueLash","Slimebound:FinishingTackle+1","Slimebound:SpikyOuterGoop"],"picked":"SKIP","floor":46},{"not_picked":["Slimebound:FinishingTackle","Slimebound:SplitBruiser"],"picked":"Slimebound:TagTeam","floor":47},{"not_picked":["Slimebound:FlameTackle","Slimebound:Prepare"],"picked":"Slimebound:ForwardTackle+1","floor":48}],"player_experience":310470,"relics_obtained":[{"floor":6,"key":"hexamod:CandleOfCauterizing"},{"floor":8,"key":"PreservedInsect"},{"floor":9,"key":"The Courier"},{"floor":11,"key":"MealTicket"},{"floor":12,"key":"Pen Nib"},{"floor":20,"key":"Strawberry"},{"floor":23,"key":"Unceasing Top"},{"floor":26,"key":"Ancient Tea Set"},{"floor":27,"key":"Potion Belt"},{"floor":28,"key":"Toy Ornithopter"},{"floor":30,"key":"Mummified Hand"},{"floor":31,"key":"Blood Vial"},{"floor":37,"key":"Boot"},{"floor":39,"key":"TungstenRod"},{"floor":40,"key":"Bag of Preparation"},{"floor":43,"key":"Slimebound:PreparedRelic"},{"floor":45,"key":"hexamod:BolsterEngine"},{"floor":46,"key":"Bottled Tornado"},{"floor":47,"key":"Slimebound:SlimedSkullRelic"},{"floor":48,"key":"Regal Pillow"}],"event_choices":[{"damage_healed":7,"gold_gain":0,"player_choice":"Full Heal","damage_taken":0,"max_hp_gain":0,"max_hp_loss":0,"event_name":"Wheel of Change","floor":2,"gold_loss":0},{"damage_healed":0,"gold_gain":0,"player_choice":"Grow","damage_taken":0,"max_hp_gain":0,"max_hp_loss":0,"event_name":"Living Wall","floor":5,"gold_loss":0,"cards_upgraded":["Slimebound:Split"]},{"cards_removed":["Slimebound:Strike_Slimebound"],"damage_healed":0,"gold_gain":0,"player_choice":"Gave Gold","damage_taken":0,"max_hp_gain":0,"max_hp_loss":0,"event_name":"Beggar","floor":19,"gold_loss":75},{"cards_removed":["Slimebound:Defend_Slimebound"],"damage_healed":0,"gold_gain":0,"player_choice":"Purged","damage_taken":0,"max_hp_gain":0,"max_hp_loss":0,"event_name":"Purifier","floor":25,"gold_loss":0},{"damage_healed":0,"gold_gain":0,"player_choice":"Upgrade","damage_taken":0,"relics_obtained":["Mark of the Bloom"],"max_hp_gain":0,"max_hp_loss":0,"event_name":"MindBloom","floor":36,"gold_loss":0,"cards_upgraded":["Slimebound:Strike_Slimebound","Slimebound:Tackle","Slimebound:Defend_Slimebound","Slimebound:Defend_Slimebound","Slimebound:Defend_Slimebound","Slimebound:CorrosiveSpit","Slimebound:Prepare","Slimebound:SlimeSpikes","Slimebound:Nibble","Slimebound:OozeBath","Slimebound:BestDefense","Slimebound:SplitLeeching","Slimebound:LevelUp","Slimebound:SlimeTap","Slimebound:Darklings","Slimebound:SplitMire","Slimebound:Overexert"]},{"damage_healed":0,"gold_gain":0,"player_choice":"Fight","damage_taken":0,"max_hp_gain":0,"max_hp_loss":0,"event_name":"Mysterious Sphere","floor":39,"gold_loss":0}],"is_beta":false,"boss_relics":[{"not_picked":["SacredBark","Pandora\u0027s Box"],"picked":"SlaversCollar"},{"not_picked":["Calling Bell","Empty Cage"],"picked":"Coffee Dripper"}],"items_purged_floors":[4],"is_endless":false,"potions_floor_spawned":[3,6,8,11,18,23,27,28,35,47],"ascension_level":1}}