{"host":"2a0mdijsgk15db4y","time":1613960450,"event":{"mods":["AchievementEnabler","BaseMod","Colored Map","Colored Powertips","Downfall","Googly Eyes","Hermit","Highlight Path","Hubris","Jorbs\u0027s Wanderer Trilogy","Minty Spire (QoL Compilation)","Quick Restart","Rare Cards Sparkle","Replay The Spire","Shop Mod","StSLib","The Bug Knight","The Construct","The Cursed","The Hierophant","The Mystic"],"gold_per_floor":[116,116,41,66,90,130,130,130,130,130,130,184,214,246,246,260,260],"floor_reached":16,"language":"ENG","playtime":928,"items_purged":["HollowMod:NailStrikeStart"],"score":110,"play_id":"8aa041f9-4cf9-4bb2-a173-332656be16d0","local_time":"20210221182050","is_ascension_mode":false,"campfire_choices":[{"floor":8,"key":"REST"},{"data":"HollowMod:ChannelNail","floor":11,"key":"SMITH"},{"data":"HollowMod:FocusHealStart","floor":15,"key":"SMITH"}],"circlet_count":0,"master_deck":["HollowMod:NailStrikeStart","HollowMod:NailStrikeStart","HollowMod:NailStrikeStart","HollowMod:QuickDashStart","HollowMod:QuickDashStart","HollowMod:QuickDashStart","HollowMod:QuickDashStart","HollowMod:FocusHealStart+1","HollowMod:PogoStrike","HollowMod:HowlingWraiths","HollowMod:ChannelNail+1","HollowMod:CloakDash","HollowMod:CloakDash"],"relics":["HollowMod:VesselMask","Golden Idol","Replay:Bandana","hubris:Towel","Turnip","InkBottle"],"acts_visited":["Exordium"],"potions_floor_usage":[13,14,16],"damage_taken":[{"damage":0.0,"enemies":"Small Slimes","floor":1.0,"turns":3.0},{"damage":6.0,"enemies":"Jaw Worm","floor":4.0,"turns":4.0},{"damage":0.0,"enemies":"2 Louse","floor":5.0,"turns":2.0},{"damage":53,"enemies":"Lagavulin","floor":6,"turns":8},{"damage":21,"enemies":"Gremlin Nob","floor":12,"turns":4},{"damage":9,"enemies":"Blue Slaver","floor":13,"turns":5},{"damage":0,"enemies":"Red Slaver","floor":14,"turns":4},{"damage":57,"enemies":"The Guardian","floor":16,"turns":11}],"seed_played":"1825939807941163374","potions_obtained":[{"floor":4.0,"key":"Fire Potion"},{"floor":6,"key":"LiquidMemories"},{"floor":12,"key":"Energy Potion"}],"is_trial":false,"path_per_floor":["M","?","$","M","M","E","?","R","T","?","R","E","M","M","R","B"],"character_chosen":"THE_BUGKNIGHT","items_purchased":[],"campfire_rested":1,"item_purchase_floors":[],"current_hp_per_floor":[82,62,62,62,62,19,19,43,43,43,43,22,19,25,25,0,0],"gold":260,"neow_bonus":"TEN_PERCENT_HP_BONUS","is_daily":false,"chose_seed":false,"campfire_upgraded":2,"win_rate":0.0,"timestamp":1613960450,"path_taken":["M","?","$","M","M","E","?","R","T","?","R","E","M","M","R","BOSS"],"items_purchased_type":[],"build_version":"2020-12-22","purchased_purges":1,"victory":false,"max_hp_per_floor":[82,82,82,82,82,82,82,82,82,82,82,82,82,82,82,82,82],"card_choices":[{"not_picked":["HollowMod:DescendingDark","HollowMod:SiblingsSouls"],"picked":"HollowMod:HowlingWraiths","floor":1.0},{"not_picked":["HollowMod:TaintedHusks","HollowMod:DesolateDive","HollowMod:GoodIntentions"],"picked":"SKIP","floor":4.0},{"not_picked":["HollowMod:MawleksShell","HollowMod:DreamGate"],"picked":"HollowMod:ChannelNail","floor":5},{"not_picked":["HollowMod:ChannelNail","HollowMod:PureNailStrike","HollowMod:LifebloodCocoon"],"picked":"SKIP","floor":6},{"not_picked":["HollowMod:PerfectDash","HollowMod:ShadowDash"],"picked":"HollowMod:CloakDash","floor":12},{"not_picked":["HollowMod:InfectedCysts","HollowMod:SharpenedNail","HollowMod:InfectedAttack"],"picked":"SKIP","floor":13},{"not_picked":["HollowMod:GreatSlash","HollowMod:InfectedAttack"],"picked":"HollowMod:CloakDash","floor":14}],"player_experience":196328,"relics_obtained":[{"floor":6,"key":"Replay:Bandana"},{"floor":9,"key":"Turnip"},{"floor":12,"key":"InkBottle"}],"event_choices":[{"damage_healed":0.0,"max_hp_gain":0.0,"max_hp_loss":0.0,"gold_gain":0.0,"event_name":"Golden Idol","player_choice":"Take Damage","floor":2.0,"gold_loss":0.0,"damage_taken":20.0,"relics_obtained":["Golden Idol"]},{"damage_healed":0,"gold_gain":0,"player_choice":"Ignored","damage_taken":0,"max_hp_gain":0,"max_hp_loss":0,"event_name":"Liars Game","floor":10,"gold_loss":0}],"is_beta":false,"boss_relics":[],"items_purged_floors":[3],"is_endless":false,"potions_floor_spawned":[4,6,12],"killed_by":"The Guardian","ascension_level":0}}