{"host":"cw0gp7779piw2km3","time":1613962937,"event":{"mods":["2.2 Compatiblity","BaseMod","Downfall","Minty Spire (QoL Compilation)","Shapeshifter Mod","Spire Arcade","StSLib"],"gold_per_floor":[115,115,135,146,93,126,126,140,140,154,182,182,207,50,50,152,152,184,210,237,270,270,300,300,312,312,100,100,111,140,140,140,247,247,261,261,311,321,17,56,80,80,103,103,152,152,167,167,167],"floor_reached":48,"language":"ENG","playtime":4692,"items_purged":["Pain"],"score":615,"play_id":"53879ffd-dc48-4300-98aa-f3e9fcb6fd78","local_time":"20210221210217","is_ascension_mode":false,"campfire_choices":[{"data":"StSShapeShifter:BladeOfGrass","floor":7,"key":"SMITH"},{"data":"StSShapeShifter:Garden","floor":12,"key":"SMITH"},{"data":"StSShapeShifter:BulwarkOfDiscovery","floor":15,"key":"SMITH"},{"data":"StSShapeShifter:PoisonIvy","floor":24,"key":"SMITH"},{"data":"StSShapeShifter:Sap_Burst","floor":28,"key":"SMITH"},{"data":"StSShapeShifter:VineHandcuffs","floor":32,"key":"SMITH"},{"floor":42,"key":"REST"},{"floor":46,"key":"REST"}],"circlet_count":0,"master_deck":["StSShapeShifter:ShapeShifter_Strike","StSShapeShifter:ShapeShifter_Strike","StSShapeShifter:ShapeShifter_Strike","StSShapeShifter:ShapeShifter_Strike","StSShapeShifter:ShapeShifter_Strike","StSShapeShifter:ShapeShifter_Defend","StSShapeShifter:ShapeShifter_Defend","StSShapeShifter:ShapeShifter_Defend","StSShapeShifter:ShapeShifter_Defend","StSShapeShifter:ShapeShifter_Defend","StSShapeShifter:Lynx_Form+1","StSShapeShifter:Roar","StSShapeShifter:SquirrelForm","StSShapeShifter:ThornToss","StSShapeShifter:PoisonIvy+1","StSShapeShifter:BladeOfGrass+1","StSShapeShifter:Garden+1","StSShapeShifter:ThornToss","StSShapeShifter:FoxForm","StSShapeShifter:BulwarkOfDiscovery+1","StSShapeShifter:RitualOfTheElders","StSShapeShifter:FallingLeaves","StSShapeShifter:PoisonIvy","StSShapeShifter:DeerForm","StSShapeShifter:SunflowerShuriken","StSShapeShifter:OakBlade","StSShapeShifter:Sap_Burst+1","StSShapeShifter:Hunt","StSShapeShifter:BarkSkin","StSShapeShifter:VineHandcuffs+1","StSShapeShifter:BarkSkin","StSShapeShifter:Vengeance","RitualDagger","StSShapeShifter:Blossom2","StSShapeShifter:ThornedSkin+1","Finesse","StSShapeShifter:Wildfire2+1","StSShapeShifter:BloomingSlash","StSShapeShifter:MysticalSeed","StSShapeShifter:RockSlide+1","StSShapeShifter:SpiritOfTheEarth+1","downfall:Haunted","Regret","StSShapeShifter:FlowerShield+1"],"relics":["StSShapeShifter:AnimalHeart","StSShapeShifter:TheShapeShiftersMagnolia","Anchor","Pear","Sling","Cursed Key","Red Mask","Ancient Tea Set","StSShapeShifter:AlchemistsNecklace","Akabeko","SlaversCollar","hexamod:Sixitude","Boot","Oddly Smooth Stone","Orichalcum","Bottled Lightning","StSShapeShifter:Fertilizer"],"acts_visited":["Exordium","TheCity","TheBeyond"],"potions_floor_usage":[4,33,33,33,41,48],"damage_taken":[{"damage":1,"enemies":"Cultist","floor":1,"turns":4},{"damage":3,"enemies":"Jaw Worm","floor":3,"turns":3},{"damage":0,"enemies":"Small Slimes","floor":4,"turns":2},{"damage":8,"enemies":"Gremlin Nob","floor":6,"turns":3},{"damage":0,"enemies":"Looter","floor":8,"turns":2},{"damage":0,"enemies":"Exordium Wildlife","floor":10,"turns":2},{"damage":36,"enemies":"Lagavulin","floor":11,"turns":5},{"damage":2,"enemies":"Blue Slaver","floor":13,"turns":2},{"damage":18,"enemies":"Slime Boss","floor":16,"turns":9},{"damage":17,"enemies":"Chosen","floor":18,"turns":8},{"damage":4,"enemies":"Spheric Guardian","floor":19,"turns":4},{"damage":8,"enemies":"Masked Bandits","floor":20,"turns":4},{"damage":4,"enemies":"Centurion and Healer","floor":21,"turns":8},{"damage":4,"enemies":"Gremlin Leader","floor":23,"turns":8},{"damage":2,"enemies":"3 Cultists","floor":25,"turns":4},{"damage":3,"enemies":"Snake Plant","floor":29,"turns":3},{"damage":6,"enemies":"Book of Stabbing","floor":30,"turns":5},{"damage":70,"enemies":"Automaton","floor":33,"turns":11},{"damage":11,"enemies":"3 Shapes","floor":35,"turns":5},{"damage":20,"enemies":"Mind Bloom Boss Battle","floor":37,"turns":7},{"damage":7,"enemies":"Orb Walker","floor":38,"turns":4},{"damage":31,"enemies":"Nemesis","floor":40,"turns":7},{"damage":28,"enemies":"Sphere and 2 Shapes","floor":41,"turns":6},{"damage":33,"enemies":"Reptomancer","floor":45,"turns":8},{"damage":51,"enemies":"Maw","floor":47,"turns":7},{"damage":24,"enemies":"Nemesis","floor":48,"turns":3}],"seed_played":"-8891041394201261767","potions_obtained":[{"floor":4,"key":"Fruit Juice"},{"floor":8,"key":"Strength Potion"},{"floor":13,"key":"Regen Potion"},{"floor":16,"key":"DuplicationPotion"},{"floor":37,"key":"Explosive Potion"},{"floor":47,"key":"champ:CounterPotion"}],"is_trial":false,"path_per_floor":["M","?","M","M","$","E","R","M","T","M","E","R","M","$","R","B",null,"M","M","?","M","?","E","R","M","T","$","R","M","E","?","R","B",null,"M","?","?","M","$","E","M","R","T","T","E","R","M","E"],"character_chosen":"SHAPESHIFTER","items_purchased":["StSShapeShifter:PoisonIvy","Sling","StSShapeShifter:Hunt","StSShapeShifter:BarkSkin","StSShapeShifter:VineHandcuffs","StSShapeShifter:MysticalSeed","Boot"],"campfire_rested":2,"item_purchase_floors":[5,14,27,27,27,39,39],"current_hp_per_floor":[84,84,81,86,86,78,78,78,78,78,54,54,52,52,52,34,100,85,81,75,75,75,75,75,79,79,79,79,76,72,66,66,13,114,103,103,85,78,78,49,23,59,59,59,28,64,15,0,0],"gold":167,"neow_bonus":"TEN_PERCENT_HP_BONUS","is_daily":false,"chose_seed":false,"campfire_upgraded":6,"win_rate":0.0,"timestamp":1613962937,"path_taken":["M","?","M","M","$","E","R","M","T","M","E","R","M","$","R","BOSS","M","M","?","M","?","E","R","M","T","$","R","M","E","?","R","BOSS","M","?","?","M","$","E","M","R","T","?","E","R","?","E"],"items_purchased_type":["Card","Relic","Card","Card","Card","Card","Relic"],"build_version":"2020-12-22","purchased_purges":1,"victory":false,"max_hp_per_floor":[85,85,85,90,90,90,90,90,90,90,100,100,100,100,100,100,100,102,102,104,106,106,108,108,110,110,110,110,110,112,112,112,114,114,114,114,116,116,116,118,120,120,120,120,122,122,124,126,126],"card_choices":[{"not_picked":["StSShapeShifter:FlowerShield","StSShapeShifter:SunflowerShuriken"],"picked":"StSShapeShifter:Roar","floor":1},{"not_picked":["StSShapeShifter:PantherForm","StSShapeShifter:RockSlide"],"picked":"StSShapeShifter:SquirrelForm","floor":3},{"not_picked":["StSShapeShifter:MonkeyForm","StSShapeShifter:Sapling"],"picked":"StSShapeShifter:ThornToss","floor":4},{"not_picked":["StSShapeShifter:ThrashAbout","StSShapeShifter:SquirrelForm"],"picked":"StSShapeShifter:BladeOfGrass","floor":6},{"not_picked":["StSShapeShifter:Flourish","StSShapeShifter:Maul"],"picked":"StSShapeShifter:Garden","floor":8},{"not_picked":["StSShapeShifter:SunflowerShuriken","StSShapeShifter:Roar"],"picked":"StSShapeShifter:ThornToss","floor":10},{"not_picked":["StSShapeShifter:SunflowerShuriken","StSShapeShifter:Bonk"],"picked":"StSShapeShifter:FoxForm","floor":11},{"not_picked":["StSShapeShifter:FesteringBite","StSShapeShifter:SpiritOfTheEarth"],"picked":"StSShapeShifter:BulwarkOfDiscovery","floor":13},{"not_picked":["StSShapeShifter:Blossom2","StSShapeShifter:MammothForm"],"picked":"StSShapeShifter:RitualOfTheElders","floor":16},{"not_picked":["StSShapeShifter:SunflowerShuriken","StSShapeShifter:Roar"],"picked":"StSShapeShifter:FallingLeaves","floor":18},{"not_picked":["StSShapeShifter:Tornado","StSShapeShifter:Garden+1"],"picked":"StSShapeShifter:PoisonIvy","floor":19},{"not_picked":["StSShapeShifter:WiltingWrath+1","StSShapeShifter:VineHandcuffs"],"picked":"StSShapeShifter:DeerForm","floor":20},{"not_picked":["StSShapeShifter:Roar","StSShapeShifter:Maul"],"picked":"StSShapeShifter:SunflowerShuriken","floor":21},{"not_picked":["StSShapeShifter:RatForm","StSShapeShifter:BulwarkOfDiscovery+1"],"picked":"StSShapeShifter:OakBlade","floor":23},{"not_picked":["StSShapeShifter:DeerForm","StSShapeShifter:VineHandcuffs"],"picked":"StSShapeShifter:Sap_Burst","floor":25},{"not_picked":["StSShapeShifter:ThornToss","StSShapeShifter:AdaptiveStrikes"],"picked":"StSShapeShifter:BarkSkin","floor":29},{"not_picked":["StSShapeShifter:Flourish","StSShapeShifter:AdaptiveStrikes"],"picked":"StSShapeShifter:Vengeance","floor":30},{"not_picked":["StSShapeShifter:FullMoon","StSShapeShifter:RitualOfTheExtinct"],"picked":"StSShapeShifter:Blossom2","floor":33},{"not_picked":["StSShapeShifter:ThornToss","StSShapeShifter:BarkSkin"],"picked":"StSShapeShifter:ThornedSkin+1","floor":35},{"not_picked":["Enlightenment","Deep Breath"],"picked":"Finesse","floor":36},{"not_picked":["StSShapeShifter:FlowerShield+1","StSShapeShifter:ThornToss+1"],"picked":"StSShapeShifter:Wildfire2+1","floor":37},{"not_picked":["StSShapeShifter:PoisonIvy","StSShapeShifter:CursedApple+1"],"picked":"StSShapeShifter:BloomingSlash","floor":38},{"not_picked":["StSShapeShifter:Sapling","StSShapeShifter:DiverseSpirit+1"],"picked":"StSShapeShifter:RockSlide+1","floor":40},{"not_picked":["StSShapeShifter:Rest+1","StSShapeShifter:BladeOfGrass"],"picked":"StSShapeShifter:SpiritOfTheEarth+1","floor":41},{"not_picked":["StSShapeShifter:IntimidatingAura+1","StSShapeShifter:Vengeance"],"picked":"StSShapeShifter:FlowerShield+1","floor":45},{"not_picked":["StSShapeShifter:HummingbirdForm","StSShapeShifter:BulwarkOfDiscovery","StSShapeShifter:FlowerShield+1"],"picked":"SKIP","floor":47}],"player_experience":917722,"relics_obtained":[{"floor":6,"key":"Anchor"},{"floor":11,"key":"Pear"},{"floor":20,"key":"Red Mask"},{"floor":23,"key":"Ancient Tea Set"},{"floor":26,"key":"StSShapeShifter:AlchemistsNecklace"},{"floor":30,"key":"Akabeko"},{"floor":37,"key":"hexamod:Sixitude"},{"floor":40,"key":"Oddly Smooth Stone"},{"floor":43,"key":"Orichalcum"},{"floor":44,"key":"Bottled Lightning"},{"floor":45,"key":"StSShapeShifter:Fertilizer"}],"event_choices":[{"damage_healed":0,"gold_gain":0,"player_choice":"Fought Bandits","damage_taken":0,"max_hp_gain":0,"max_hp_loss":0,"event_name":"Masked Bandits","floor":20,"gold_loss":0},{"damage_healed":0,"gold_gain":0,"player_choice":"Ignored","damage_taken":0,"max_hp_gain":0,"max_hp_loss":0,"event_name":"Vampires","floor":22,"gold_loss":0},{"damage_healed":0,"gold_gain":0,"player_choice":"Joined the Cult","damage_taken":6,"max_hp_gain":0,"max_hp_loss":0,"event_name":"Nest","floor":31,"gold_loss":0,"cards_obtained":["RitualDagger"]},{"damage_healed":0,"gold_gain":0,"player_choice":"Memory 1","damage_taken":0,"max_hp_gain":0,"max_hp_loss":0,"event_name":"SensoryStone","floor":36,"gold_loss":0},{"damage_healed":0,"gold_gain":0,"player_choice":"Fight","damage_taken":0,"max_hp_gain":0,"max_hp_loss":0,"event_name":"MindBloom","floor":37,"gold_loss":0}],"is_beta":false,"boss_relics":[{"not_picked":["Empty Cage","Velvet Choker"],"picked":"Cursed Key"},{"not_picked":["Tiny House","Busted Crown"],"picked":"SlaversCollar"}],"items_purged_floors":[27],"is_endless":false,"potions_floor_spawned":[4,8,13,16,18,20,29,30,37,47],"killed_by":"Nemesis","ascension_level":0}}