{"host":"v4tuy5ykrbdcm9o9","time":1613955884,"event":{"mods":["BaseMod","Duelist Mod","Minty Spire (QoL Compilation)","Replay The Spire","StSLib"],"gold_per_floor":[118,129,142,160,260,293,293,304,329,363,377,54,84,94,94,94,94],"floor_reached":16,"language":"ENG","playtime":1291,"items_purged":[],"score":224,"play_id":"21884256-5f90-4601-bb8d-e2b67fad4b45","local_time":"20210221200444","is_ascension_mode":true,"campfire_choices":[{"floor":7,"key":"RECALL"},{"floor":15,"key":"REST"}],"circlet_count":0,"master_deck":["AscendersBane","Strike_P","Strike_P","Strike_P","Strike_P","Defend_P","Defend_P","Defend_P","Defend_P","Eruption","Vigilance","JustLucky","CutThroughFate","Replay:Cycle","ClearTheMind","CrushJoints","Replay:ManipulateFuture","CutThroughFate","FlurryOfBlows","Judgement","SashWhip","Prostrate","Weave"],"relics":["PureWater","Lantern","Replay:Baseball","ReplayTheSpireMod:TigerMarble","Dream Catcher"],"acts_visited":["Exordium"],"potions_floor_usage":[4,6,10,13,16],"damage_taken":[{"damage":0,"enemies":"2 Louse","floor":1,"turns":2},{"damage":0,"enemies":"Cultist","floor":2,"turns":4},{"damage":0,"enemies":"Small Slimes","floor":3,"turns":2},{"damage":0,"enemies":"Gremlin Gang","floor":4,"turns":3},{"damage":8,"enemies":"3 Sentries","floor":6,"turns":7},{"damage":2,"enemies":"Large Slime","floor":8,"turns":4},{"damage":38,"enemies":"Gremlin Nob","floor":10,"turns":5},{"damage":6,"enemies":"Looter","floor":11,"turns":3},{"damage":0,"enemies":"Lagavulin","floor":13,"turns":2},{"damage":0,"enemies":"Blue Slaver","floor":14,"turns":1},{"damage":37,"enemies":"The Guardian","floor":16,"turns":6}],"seed_played":"-7452171070240143559","potions_obtained":[{"floor":3,"key":"BlessingOfTheForge"},{"floor":4,"key":"PowerPotion"},{"floor":6,"key":"GamblersBrew"},{"floor":13,"key":"Venom Potion"}],"is_trial":false,"path_per_floor":["M","M","M","M","?","E","R","M","T","E","M","$","E","M","R","B"],"character_chosen":"WATCHER","items_purchased":["Judgement","ReplayTheSpireMod:TigerMarble","AttackPotion","Adrenaline Potion"],"campfire_rested":1,"item_purchase_floors":[12,12,12,12],"current_hp_per_floor":[72,72,72,72,72,64,64,62,62,24,18,18,18,18,41,4,4],"gold":94,"neow_bonus":"TEN_PERCENT_HP_BONUS","is_daily":false,"chose_seed":false,"campfire_upgraded":0,"win_rate":0.0,"timestamp":1613955884,"path_taken":["M","M","M","M","?","E","R","?","T","E","M","$","E","M","R","BOSS"],"items_purchased_type":["Card","Relic","Potion","Potion"],"build_version":"2020-12-22","purchased_purges":0,"victory":false,"max_hp_per_floor":[79,79,79,79,79,79,79,79,79,79,79,79,79,79,79,79,79],"card_choices":[{"not_picked":["LikeWater","Replay:AtTheReady"],"picked":"JustLucky","floor":1},{"not_picked":["Replay:Anticipation","JustLucky"],"picked":"CutThroughFate","floor":2},{"not_picked":["ThirdEye","Protect"],"picked":"Replay:Cycle","floor":3},{"not_picked":["InnerPeace","Worship"],"picked":"ClearTheMind","floor":4},{"not_picked":["BowlingBash","Crescendo"],"picked":"CrushJoints","floor":6},{"not_picked":["WreathOfFlame","Prostrate"],"picked":"Replay:ManipulateFuture","floor":8},{"not_picked":["FlyingSleeves","EmptyBody"],"picked":"CutThroughFate","floor":10},{"not_picked":["BowlingBash","Evaluate"],"picked":"FlurryOfBlows","floor":11},{"not_picked":["Crescendo","ThirdEye"],"picked":"SashWhip","floor":13},{"not_picked":["Ragnarok","Halt"],"picked":"Prostrate","floor":14},{"not_picked":["CutThroughFate","Crescendo"],"picked":"Weave","floor":15}],"player_experience":954893,"relics_obtained":[{"floor":6,"key":"Lantern"},{"floor":10,"key":"Replay:Baseball"},{"floor":13,"key":"Dream Catcher"}],"event_choices":[{"damage_healed":0,"gold_gain":100,"player_choice":"Gold","damage_taken":0,"max_hp_gain":0,"max_hp_loss":0,"event_name":"Wheel of Change","floor":5,"gold_loss":0}],"is_beta":false,"boss_relics":[],"items_purged_floors":[],"is_endless":false,"potions_floor_spawned":[3,4,6,13],"killed_by":"The Guardian","ascension_level":10}}