{"host":"Luke","time":1613953077,"event":{"mods":["BaseMod","Downfall","Hermit","Minty Spire (QoL Compilation)","StSLib","The Exalted"],"gold_per_floor":[0,14,34,34,34,47,71,81,99,119,119,19,33,18,33,137,137,37,37,51,51,67,67,142,142,160,160,160,160],"floor_reached":28,"language":"ENG","playtime":1287,"items_purged":[],"score":237,"play_id":"7b150e7c-4d23-4a73-b6a2-b0219bda0323","local_time":"20210222001757","is_ascension_mode":false,"campfire_choices":[{"data":"hermit:Dissolve","floor":1,"key":"SMITH"},{"floor":12,"key":"RECALL"},{"data":"hermit:Dive","floor":18,"key":"SMITH"},{"data":"hermit:Gestalt","floor":23,"key":"SMITH"},{"floor":27,"key":"REST"}],"circlet_count":0,"master_deck":["hermit:Strike_Hermit","hermit:Strike_Hermit","hermit:Defend_Hermit","hermit:Defend_Hermit","hermit:Snapshot","hermit:Covet","hermit:Dissolve+1","hermit:WideOpen","hermit:Snipe","hermit:EyeOfTheStorm+1","Regret","hermit:RoundhouseKick","hermit:Maintenance+1","hermit:RoundhouseKick","hermit:BodyArmor","downfall:Icky","hermit:Dive+1","hermit:Grudge","hermit:BodyArmor","hermit:RoundhouseKick","CurseOfTheBell","hermit:Gestalt+1","hermit:Magnum","hermit:LoneWolf","hermit:Gestalt+1","Pride","hermit:GhostlyPresence"],"relics":["hermit:Momento","Vajra","downfall:HeartBlessingBlue","Calling Bell","Nunchaku","Pantograph","Unceasing Top","downfall:HeartBlessingRed","Darkstone Periapt","Molten Egg 2"],"acts_visited":["Exordium","TheCity"],"potions_floor_usage":[10,13,14,15,22,26,28],"damage_taken":[{"damage":0,"enemies":"Cultist","floor":2,"turns":4},{"damage":2,"enemies":"2 Louse","floor":3,"turns":2},{"damage":1,"enemies":"Jaw Worm","floor":6,"turns":2},{"damage":8,"enemies":"Red Slaver","floor":8,"turns":3},{"damage":6,"enemies":"2 Fungi Beasts","floor":9,"turns":2},{"damage":15,"enemies":"Exordium Thugs","floor":10,"turns":4},{"damage":0,"enemies":"Large Slime","floor":13,"turns":4},{"damage":0,"enemies":"downfall:FleeingMerchant","floor":14,"turns":6},{"damage":0,"enemies":"Blue Slaver","floor":15,"turns":4},{"damage":14,"enemies":"SI_SHIV_ARCHETYPE","floor":16,"turns":10},{"damage":2,"enemies":"Shell Parasite","floor":20,"turns":6},{"damage":0,"enemies":"3 Byrds","floor":22,"turns":3},{"damage":10,"enemies":"Centurion and Healer","floor":26,"turns":6},{"damage":98,"enemies":"Book of Stabbing","floor":28,"turns":6}],"seed_played":"8071262158512535548","potions_obtained":[{"floor":2,"key":"SteroidPotion"},{"floor":8,"key":"Weak Potion"},{"floor":9,"key":"GamblersBrew"},{"floor":13,"key":"EssenceOfSteel"},{"floor":16,"key":"ColorlessPotion"},{"floor":22,"key":"Guardian:BlockOnCardUsePotion"},{"floor":26,"key":"hermit:BlackBile"}],"is_trial":false,"path_per_floor":["R","M","M","?","?","M","T","M","M","M","?","R","M","$","M","B",null,"R","?","M","?","M","R","T","?","M","R","E"],"character_chosen":"HERMIT","items_purchased":[],"campfire_rested":1,"item_purchase_floors":[],"current_hp_per_floor":[75,75,73,73,73,72,72,64,58,43,43,53,53,53,53,39,85,85,85,83,83,83,83,83,89,79,91,0,0],"gold":160,"neow_bonus":"TRANSFORM_TWO_CARDS","is_daily":false,"chose_seed":false,"campfire_upgraded":3,"win_rate":0.0,"timestamp":1613953077,"path_taken":["R","M","?","?","?","M","T","M","M","?","?","R","M","$","M","BOSS","R","?","M","?","M","R","T","?","M","R","E"],"items_purchased_type":[],"build_version":"2020-12-18","purchased_purges":0,"victory":false,"max_hp_per_floor":[75,75,75,75,75,75,75,75,75,75,75,85,85,85,85,85,85,85,85,85,85,85,85,85,91,91,91,91,91],"card_choices":[{"not_picked":["hermit:Virtue","hermit:Roulette"],"picked":"hermit:Snipe","floor":2},{"not_picked":["hermit:SprayPray","hermit:HighCaliber"],"picked":"hermit:EyeOfTheStorm","floor":3},{"not_picked":["hermit:Feint","hermit:WideOpen"],"picked":"hermit:Maintenance","floor":6},{"not_picked":["hermit:GoldenBullet","hermit:Desperado"],"picked":"hermit:RoundhouseKick","floor":8},{"not_picked":["hermit:TrackingShot","hermit:CalledShot","hermit:LowProfile"],"picked":"SKIP","floor":9},{"not_picked":["hermit:HighCaliber","hermit:FullyLoaded"],"picked":"hermit:BodyArmor","floor":10},{"not_picked":["hermit:Shortfuse","hermit:SprayPray"],"picked":"hermit:Dive","floor":13},{"not_picked":["hermit:SprayPray","hermit:Snipe"],"picked":"hermit:Grudge","floor":14},{"not_picked":["hermit:Dissolve","hermit:Gestalt"],"picked":"hermit:BodyArmor","floor":15},{"not_picked":["hermit:HighNoon","hermit:Gambit"],"picked":"hermit:RoundhouseKick","floor":16},{"not_picked":["hermit:Enervate","hermit:Vantage+1"],"picked":"hermit:LoneWolf","floor":20},{"not_picked":["hermit:Determination","hermit:HighCaliber+1"],"picked":"hermit:Gestalt+1","floor":22},{"not_picked":["hermit:Scavenge","hermit:GoldenBullet+1"],"picked":"hermit:GhostlyPresence","floor":26}],"player_experience":770168,"relics_obtained":[{"floor":17,"key":"Nunchaku"},{"floor":17,"key":"Pantograph"},{"floor":17,"key":"Unceasing Top"},{"floor":24,"key":"Darkstone Periapt"}],"event_choices":[{"damage_healed":0,"gold_gain":0,"player_choice":"Box","damage_taken":0,"relics_obtained":["Vajra"],"max_hp_gain":0,"max_hp_loss":0,"event_name":"Big Fish","floor":4,"gold_loss":0,"cards_obtained":["Regret"]},{"damage_healed":0,"gold_gain":0,"cards_transformed":["hermit:Strike_Hermit","hermit:Defend_Hermit"],"player_choice":"Became Test Subject","damage_taken":0,"max_hp_gain":0,"max_hp_loss":0,"event_name":"Drug Dealer","floor":19,"gold_loss":0,"cards_obtained":["hermit:Gestalt","hermit:Magnum"]},{"damage_healed":0,"gold_gain":0,"player_choice":"Ignored","damage_taken":0,"max_hp_gain":0,"max_hp_loss":0,"event_name":"Vampires","floor":21,"gold_loss":0},{"damage_healed":0,"gold_gain":0,"player_choice":"Stole Relic","damage_taken":0,"relics_obtained":["Molten Egg 2"],"max_hp_gain":0,"max_hp_loss":0,"event_name":"Addict","floor":25,"gold_loss":0,"cards_obtained":["Pride"]}],"is_beta":true,"boss_relics":[{"not_picked":["Coffee Dripper","Runic Pyramid"],"picked":"Calling Bell"}],"items_purged_floors":[],"is_endless":false,"potions_floor_spawned":[2,8,9,13,16,22,26],"killed_by":"Book of Stabbing","ascension_level":0}}