{"host":"30jsp143e4v19aze","time":1613966768,"event":{"mods":["BaseMod","Colored Map","Colored Powertips","Curses Come First","DeckTracker","Highlight Path","Minty Spire (QoL Compilation)","Quick Restart","Relic Stats","StSLib","everything is the same but u backflip on backflip","slay the spire mod where everything is the same but ironclad has a cowboy hat"],"gold_per_floor":[15,15,27,27,177,208,0,40,86,86,126,140,159,159,159,159,159],"floor_reached":16,"language":"ENG","playtime":542,"items_purged":["Doubt"],"score":236,"play_id":"36b128b4-bd98-42b5-b690-8814c6eda5dd","local_time":"20210222050608","is_ascension_mode":true,"campfire_choices":[{"floor":10,"key":"REST"},{"data":"Burning Pact","floor":15,"key":"SMITH"}],"circlet_count":0,"master_deck":["AscendersBane","Strike_R","Strike_R","Strike_R","Defend_R","Defend_R","Defend_R","Defend_R","Bash+1","Shrug It Off","Reaper","Cleave","Sword Boomerang","Corruption","Burning Pact+1"],"relics":["Burning Blood","Golden Idol","Blood Vial","Incense Burner","PreservedInsect","Question Card"],"acts_visited":["Exordium"],"potions_floor_usage":[6,8,8,13,13],"damage_taken":[{"damage":4,"enemies":"Jaw Worm","floor":1,"turns":4},{"damage":0,"enemies":"2 Louse","floor":3,"turns":4},{"damage":56,"enemies":"Gremlin Nob","floor":6,"turns":5},{"damage":16,"enemies":"Lagavulin","floor":8,"turns":4},{"damage":8,"enemies":"Gremlin Nob","floor":11,"turns":3},{"damage":7,"enemies":"Small Slimes","floor":12,"turns":7},{"damage":40,"enemies":"Gremlin Gang","floor":13,"turns":5},{"damage":53,"enemies":"Slime Boss","floor":16,"turns":13}],"seed_played":"8126253156924782262","potions_obtained":[{"floor":3,"key":"DistilledChaos"},{"floor":8,"key":"FearPotion"},{"floor":11,"key":"DuplicationPotion"}],"is_trial":false,"path_per_floor":["M","?","M","?","?","E","$","E","T","R","E","M","M","?","R","B"],"character_chosen":"IRONCLAD","items_purchased":["Cleave","Dexterity Potion","ColorlessPotion"],"campfire_rested":1,"item_purchase_floors":[7,7,7],"current_hp_per_floor":[70,70,75,68,68,18,18,10,10,30,30,35,21,68,68,21,21],"gold":159,"neow_bonus":"REMOVE_TWO","is_daily":false,"chose_seed":false,"campfire_upgraded":1,"win_rate":0.0,"timestamp":1613966768,"path_taken":["M","?","M","?","?","E","$","E","T","R","E","M","M","?","R","BOSS"],"items_purchased_type":["Card","Potion","Potion"],"build_version":"2020-12-22","purchased_purges":1,"victory":false,"max_hp_per_floor":[75,75,75,68,68,68,68,68,68,68,68,68,68,68,68,68,68],"relic_stats":{"Blood Vial":8,"counters":[8,45],"Golden Idol":29,"PreservedInsect":22,"Question Card":2,"obtain_stats":[{"Blood Vial":6,"Golden Idol":4,"PreservedInsect":9,"Incense Burner":8,"Question Card":11,"Burning Blood":0},{"Blood Vial":3,"Golden Idol":2,"PreservedInsect":4,"Incense Burner":4,"Question Card":5,"Burning Blood":0},{"Blood Vial":13,"Golden Idol":8,"PreservedInsect":17,"Incense Burner":17,"Question Card":20,"Burning Blood":0}],"Burning Blood":41},"card_choices":[{"not_picked":["Heavy Blade","Armaments"],"picked":"Shrug It Off","floor":1},{"not_picked":["Shrug It Off","Sword Boomerang"],"picked":"Rampage","floor":3},{"not_picked":["Pummel","Flex"],"picked":"Reaper","floor":6},{"not_picked":["Havoc","Perfected Strike"],"picked":"Sword Boomerang","floor":8},{"not_picked":["Bloodletting","Clash","Havoc"],"picked":"SKIP","floor":11},{"not_picked":["Pummel","Havoc","Twin Strike"],"picked":"Corruption","floor":12},{"not_picked":["Havoc","Rampage","Seeing Red"],"picked":"Burning Pact","floor":13}],"player_experience":3294854,"relics_obtained":[{"floor":6,"key":"Blood Vial"},{"floor":8,"key":"Incense Burner"},{"floor":9,"key":"PreservedInsect"},{"floor":11,"key":"Question Card"}],"event_choices":[{"damage_healed":0,"gold_gain":0,"player_choice":"Grow","damage_taken":0,"max_hp_gain":0,"max_hp_loss":0,"event_name":"Living Wall","floor":2,"gold_loss":0,"cards_upgraded":["Bash"]},{"damage_healed":0,"gold_gain":0,"player_choice":"Lose Max HP","damage_taken":0,"relics_obtained":["Golden Idol"],"max_hp_gain":0,"max_hp_loss":7,"event_name":"Golden Idol","floor":4,"gold_loss":0},{"damage_healed":0,"gold_gain":150,"player_choice":"AGREE","damage_taken":0,"max_hp_gain":0,"max_hp_loss":0,"event_name":"Liars Game","floor":5,"gold_loss":0,"cards_obtained":["Doubt"]},{"cards_removed":["Rampage"],"damage_healed":47,"gold_gain":0,"player_choice":"Offered Uncommon","damage_taken":0,"max_hp_gain":0,"max_hp_loss":0,"event_name":"Bonfire Elementals","floor":14,"gold_loss":0}],"is_beta":false,"boss_relics":[],"items_purged_floors":[7],"is_endless":false,"potions_floor_spawned":[3,8,11,12],"killed_by":"Slime Boss","ascension_level":20}}