{"host":"kvh5342rl0c7vxi5","time":1613965350,"event":{"mods":["Act Like it!","BaseMod","Bestiary","Better Third Choice","Challenge The Spire","Downfall","Duelist Mod","GifTheSpireLib","Gremlin Mod","Hermit","Hubris","Ironclad Rager","Jorbs\u0027s Wanderer Trilogy","Melee Mod","Minty Spire (QoL Compilation)","Potionbrewer","Quick Restart","Relic Stats","Replay The Spire","Spicy Shops","Spire Arcade","StSLib","SuperFastMode","The Forsaken","The Judge","The Mystic","The Poker Player","The Sage","slay the spire mod where everything is the same but ironclad has a cowboy hat"],"gold_per_floor":[490,6,34,68,101,101,101,101,131,159,159,159],"floor_reached":11,"language":"ENG","playtime":442,"items_purged":["Strike_B","Strike_B"],"score":360,"play_id":"cb051ef9-eca2-42b8-8729-9795ceb5d9f6","local_time":"20210221224230","daily_mods":["challengethespire:Platinum Difficulty","challengethespire:Elite Rush","Uncertain Future"],"is_ascension_mode":true,"campfire_choices":[{"data":"ICR:ChainLightning","floor":7,"key":"SMITH"},{"data":"Reinforced Body","floor":8,"key":"SMITH"}],"circlet_count":0,"master_deck":["AscendersBane","Strike_B+1","Strike_B+1","Defend_B","Defend_B+1","Defend_B","Defend_B","Zap","Dualcast","Sunder+1","Tempest+1","Undo","Reinforced Body+1","ICR:ChainLightning+1","Compile Driver","White Noise","Undo"],"relics":["Cracked Core","Black Star","Sling","PreservedInsect","Omamori","ReplayTheSpireMod:CursedCoin","Gambling Chip","Guide Book","Simple Rune","hubris:GlazedTorus","Garlic","Ice Cream","Meat on the Bone","potionbrewer:Torch","Inserter","Replay:Accelerometer","Strawberry","hexamod:BolsterEngine","Bag of Preparation"],"acts_visited":["Exordium"],"potions_floor_usage":[10],"damage_taken":[{"damage":0,"enemies":"3 Sentries","floor":3,"turns":4},{"damage":0,"enemies":"Gremlin Nob","floor":4,"turns":3},{"damage":0,"enemies":"Lagavulin","floor":5,"turns":4},{"damage":20,"enemies":"Gremlin Leader","floor":9,"turns":6},{"damage":4,"enemies":"Book of Stabbing","floor":10,"turns":5},{"damage":51,"enemies":"Slavers","floor":11,"turns":7}],"seed_played":"-6912507187111552996","potions_obtained":[{"floor":9,"key":"Languid Potion"}],"is_trial":true,"path_per_floor":["$","$","E","E","E","T","R","R","E","E","E"],"character_chosen":"DEFECT","items_purchased":["Sunder","Tempest+1","Omamori","ReplayTheSpireMod:CursedCoin","Gambling Chip","Guide Book","Undo"],"campfire_rested":0,"item_purchase_floors":[1,1,1,1,2,2,2],"current_hp_per_floor":[64,64,64,64,64,64,64,64,51,47,0,0],"gold":159,"neow_bonus":"","is_daily":false,"chose_seed":false,"campfire_upgraded":2,"win_rate":0.0,"timestamp":1613965350,"path_taken":["$","$","E","E","E","T","R","R","E","E","E"],"items_purchased_type":["Card","Card","Relic","Relic","Relic","Relic","Card"],"build_version":"2020-12-22","purchased_purges":2,"victory":false,"max_hp_per_floor":[71,71,71,71,71,71,71,71,78,78,78,78],"relic_stats":{"Inserter":[9],"counters":[6,29],"Gambling Chip":[20],"PreservedInsect":215,"Black Star":5,"Bag of Preparation":[2],"obtain_stats":[{"Ice Cream":4,"Replay:Accelerometer":9,"Inserter":6,"ReplayTheSpireMod:CursedCoin":1,"Guide Book":2,"PreservedInsect":0,"Omamori":1,"Bag of Preparation":10,"Sling":0,"potionbrewer:Torch":5,"Gambling Chip":2,"Strawberry":9,"Simple Rune":3,"Black Star":0,"Garlic":4,"hexamod:BolsterEngine":10,"Cracked Core":0,"hubris:GlazedTorus":3,"Meat on the Bone":5},{"Ice Cream":2,"Replay:Accelerometer":4,"Inserter":3,"ReplayTheSpireMod:CursedCoin":0,"Guide Book":0,"PreservedInsect":0,"Omamori":0,"Bag of Preparation":5,"Sling":0,"potionbrewer:Torch":3,"Gambling Chip":0,"Strawberry":4,"Simple Rune":1,"Black Star":0,"Garlic":2,"hexamod:BolsterEngine":5,"Cracked Core":0,"hubris:GlazedTorus":1,"Meat on the Bone":3},{"Ice Cream":7,"Replay:Accelerometer":17,"Inserter":11,"ReplayTheSpireMod:CursedCoin":0,"Guide Book":0,"PreservedInsect":0,"Omamori":0,"Bag of Preparation":22,"Sling":0,"potionbrewer:Torch":11,"Gambling Chip":0,"Strawberry":17,"Simple Rune":4,"Black Star":0,"Garlic":7,"hexamod:BolsterEngine":22,"Cracked Core":0,"hubris:GlazedTorus":4,"Meat on the Bone":11}],"Meat on the Bone":0},"card_choices":[],"player_experience":592921,"relics_obtained":[{"floor":3,"key":"Simple Rune"},{"floor":3,"key":"hubris:GlazedTorus"},{"floor":4,"key":"Garlic"},{"floor":4,"key":"Ice Cream"},{"floor":5,"key":"Meat on the Bone"},{"floor":5,"key":"potionbrewer:Torch"},{"floor":9,"key":"Replay:Accelerometer"},{"floor":9,"key":"Strawberry"},{"floor":10,"key":"hexamod:BolsterEngine"},{"floor":10,"key":"Bag of Preparation"}],"event_choices":[],"is_beta":false,"boss_relics":[{"not_picked":["Runic Dome","Snecko Heart"],"picked":"Inserter"}],"items_purged_floors":[1,2],"is_endless":false,"potions_floor_spawned":[9],"killed_by":"Slavers","ascension_level":20}}