{"host":"qc1sjgtdjonvdsd8","time":1613969277,"event":{"mods":["BaseMod","Colored Map","Colored Powertips","Curses Come First","Minty Spire (QoL Compilation)","Replay The Spire","StSLib"],"gold_per_floor":[119,9,9,28,28,63,63,81,81,31,48,48,68,48,48,152,152,165,165,165,176,190,215,215,215],"floor_reached":24,"language":"ENG","playtime":1496,"items_purged":["Strike_R"],"score":301,"play_id":"865fcf6d-9216-461b-925b-317ed0edede0","local_time":"20210221204757","is_ascension_mode":true,"campfire_choices":[{"data":"Evolve","floor":7,"key":"SMITH"},{"data":"Power Through","floor":12,"key":"SMITH"},{"data":"Twin Strike","floor":15,"key":"SMITH"}],"circlet_count":0,"master_deck":["Strike_R","Strike_R","Strike_R","Strike_R","Defend_R","Defend_R","Defend_R","Bash","Power Through+1","Evolve+1","Battle Trance+1","Twin Strike+1","Pommel Strike+1","Armaments+1","Cleave","Burning Pact+1"],"relics":["Burning Blood","NeowsBlessing","Toxic Egg 2","Replay:Baseball","Replay:Wax Seal","Ooze Armor","Lantern"],"acts_visited":["Exordium","TheCity"],"potions_floor_usage":[11,16,16,16,22,22,22],"damage_taken":[{"damage":0,"enemies":"Cultist","floor":1,"turns":1},{"damage":0,"enemies":"Jaw Worm","floor":4,"turns":1},{"damage":0,"enemies":"Lagavulin","floor":6,"turns":1},{"damage":0,"enemies":"Small Slimes","floor":8,"turns":3},{"damage":4,"enemies":"2 Fungi Beasts","floor":11,"turns":4},{"damage":0,"enemies":"Exordium Wildlife","floor":13,"turns":4},{"damage":35,"enemies":"The Guardian","floor":16,"turns":14},{"damage":0,"enemies":"Chosen","floor":18,"turns":3},{"damage":9,"enemies":"3 Byrds","floor":21,"turns":5},{"damage":21,"enemies":"Shelled Parasite and Fungi","floor":22,"turns":5},{"damage":39,"enemies":"Slavers","floor":23,"turns":7},{"damage":52,"enemies":"Cultist and Chosen","floor":24,"turns":6}],"seed_played":"213039832602067387","potions_obtained":[{"floor":1,"key":"SkillPotion"},{"floor":4,"key":"Fruit Juice"},{"floor":8,"key":"BlessingOfTheForge"},{"floor":13,"key":"Fire Potion"},{"floor":14,"key":"LiquidBronze"},{"floor":16,"key":"ElixirPotion"},{"floor":18,"key":"ColorlessPotion"},{"floor":20,"key":"Block Potion"},{"floor":20,"key":"HeartOfIron"},{"floor":21,"key":"Fruit Juice"},{"floor":23,"key":"CultistPotion"}],"is_trial":false,"path_per_floor":["M","$","T","M","$","E","R","M","T","?","M","R","M","?","R","B",null,"M","?","?","M","M","E","M"],"character_chosen":"IRONCLAD","items_purchased":["Evolve"],"campfire_rested":0,"item_purchase_floors":[2],"current_hp_per_floor":[80,80,80,80,80,80,80,80,80,80,85,85,85,85,85,56,78,84,84,84,81,71,38,0,0],"gold":215,"neow_bonus":"THREE_ENEMY_KILL","is_daily":false,"chose_seed":false,"campfire_upgraded":3,"win_rate":0.0,"timestamp":1613969277,"path_taken":["M","$","?","?","$","E","R","M","T","?","M","R","M","?","R","BOSS","M","?","?","M","M","E","?"],"items_purchased_type":["Card"],"build_version":"2020-12-22","purchased_purges":1,"victory":false,"max_hp_per_floor":[80,80,80,80,80,80,80,80,80,80,85,85,85,85,85,85,85,85,85,85,85,90,90,90,90],"card_choices":[{"not_picked":["Run Through","Warcry"],"picked":"Power Through","floor":1},{"not_picked":["Dual Wield+1","Flex+1"],"picked":"Battle Trance+1","floor":4},{"not_picked":["Reaper","Dropkick","Eclipse+1"],"picked":"SKIP","floor":6},{"not_picked":["ReplayTheSpireMod:Limb From Limb","Battle Trance+1","Thunderclap"],"picked":"SKIP","floor":8},{"not_picked":["Iron Wave","Clothesline","Replay:Undeath\u0027s Touch"],"picked":"SKIP","floor":11},{"not_picked":["Iron Wave","Clothesline","Replay:Undeath\u0027s Touch"],"picked":"SKIP","floor":11},{"not_picked":["Havoc+1","Anger"],"picked":"Twin Strike","floor":13},{"not_picked":["Twin Strike","Clothesline"],"picked":"Pommel Strike+1","floor":18},{"not_picked":["Headbutt","Body Slam"],"picked":"Cleave","floor":21},{"not_picked":["Demon Form","Sword Boomerang","ReplayTheSpireMod:Strike From Hell"],"picked":"SKIP","floor":22},{"not_picked":["Sword Boomerang","Flex+1"],"picked":"Burning Pact+1","floor":23}],"player_experience":355936,"relics_obtained":[{"floor":3,"key":"Toxic Egg 2"},{"floor":6,"key":"Replay:Baseball"},{"floor":9,"key":"Replay:Wax Seal"},{"floor":23,"key":"Lantern"}],"event_choices":[{"cards_removed":["Defend_R"],"damage_healed":0,"gold_gain":0,"player_choice":"Card Removal","damage_taken":0,"max_hp_gain":0,"max_hp_loss":0,"event_name":"The Cleric","floor":10,"gold_loss":50},{"damage_healed":0,"gold_gain":0,"player_choice":"Bought 1 Potion","damage_taken":0,"max_hp_gain":0,"max_hp_loss":0,"event_name":"The Woman in Blue","floor":14,"gold_loss":0},{"damage_healed":0,"gold_gain":0,"player_choice":"Read","damage_taken":0,"max_hp_gain":0,"max_hp_loss":0,"event_name":"The Library","floor":19,"gold_loss":0,"cards_obtained":["Armaments"]},{"damage_healed":0,"gold_gain":0,"player_choice":"Got Potions","damage_taken":0,"max_hp_gain":0,"max_hp_loss":0,"event_name":"Lab","floor":20,"gold_loss":0}],"is_beta":false,"boss_relics":[{"not_picked":["SacredBark","ReplayTheSpireMod:DimensionalGlitch"],"picked":"Ooze Armor"}],"items_purged_floors":[2],"is_endless":false,"potions_floor_spawned":[1,4,8,13,16,18,21,23],"killed_by":"Cultist and Chosen","ascension_level":5}}