{"host":"nia1zwr35jsu5y7h","time":1613984283,"event":{"mods":["2.2 Compatiblity","Abigail Mod","Bard","BaseMod","Colored Map","Conspire","Downfall","Friendly Minions","Hermit","Highlight Path","Hubris","Infinite Spire","Kiyohime????","Koishi","Marisa????????","Minty Spire (QoL Compilation)","Quick Restart","Replay The Spire","Shade Mod","Shop Mod","StSLib","The Animator","The Construct","The Cursed","The Disciple","The Mystic","The Necromancer","The Servant 0.9.4"],"gold_per_floor":[99,99,99,274,383,383,383,412,412,428,7,17,17,17,34,135,135,35,54,154,239,86,86,109,131,171,183,295,317,343,384,411,518,530,542,567,597,626,638,650,715,746,785,815,852,884,909,944,971,983],"floor_reached":51,"language":"ENG","playtime":4364,"items_purged":["Doubt"],"score":1197,"play_id":"f6c1c08f-e9a0-4df3-93e2-c41633025d68","local_time":"20210222005803","is_ascension_mode":true,"campfire_choices":[{"data":"hexamod:Float","floor":1,"key":"SMITH"},{"data":"hexamod:GiftsFromTheDead","floor":18,"key":"SMITH"},{"data":"hexamod:GhostflameInferno","floor":23,"key":"SMITH"},{"data":"hexamod:ApocalypseNow","floor":27,"key":"SMITH"},{"data":"expansioncontent:DashGenerateEvil","floor":35,"key":"SMITH"},{"floor":40,"key":"REST"},{"data":"hexamod:Strike","floor":40,"key":"PURGE"}],"circlet_count":0,"master_deck":["hexamod:Defend","hexamod:Defend","hexamod:Sear","hexamod:Float+1","hexamod:SpectersWail","hexamod:GhostLash","hexamod:NightmareStrike","hexamod:RecurringNightmare","hexamod:Hexaguard","hexamod:ApocalypseNow+1","hexamod:CatchUp","hexamod:NightmareStrike","hexamod:Hexaguard","expansioncontent:DashGenerateEvil+1","hexamod:NightmareGuise","Replay:SS_hec_1","hexamod:NightmareStrike","hexamod:GiftsFromTheDead+1","hexamod:SoulSteal","hexamod:DynamicBlow","J.A.X.","hexamod:SpectersWail+1","hexamod:GhostflameInferno+1","hexamod:FlamesFromBeyond+1","hexamod:GhostOfSpirePresent","hexamod:FlamesFromBeyond","hexamod:TurnItUp","hexamod:ForkedFlame+1","hexamod:GhostflameInferno+1","hexamod:NecessarySacrifice+1","hexamod:Hexaguard+1","hexamod:GhostOfSpireFuture+1","Hallucinations","hexamod:NightmareGuise+1","hexamod:CatchUp+1","hexamod:PowerFromBeyond+1"],"relics":["hexamod:SpiritBrand","downfall:HeartsMalice","hubris:Metronome","hubris:BundleOfHerbs","Kunai","downfall:ShatteredFragment","hubris:VirtuousBlindfold","downfall:HeartBlessingGreen","MutagenicStrength","MawBank","Peace Pipe","infinitespire:Magic Flask","Gremlin Horn","hubris:FunFungus","Astrolabe","ReplayTheSpireMod:Ring of Collecting","Ring of Searing","Regal Pillow","hubris:DeckOfHolding","Bag of Preparation","Ring of Misfortune","hubris:TenFootPole"],"acts_visited":["Exordium","TheCity","TheBeyond"],"potions_floor_usage":[19,31,33,43,50,50,50],"damage_taken":[{"damage":0,"enemies":"Cultist","floor":2,"turns":1},{"damage":0,"enemies":"Small Slimes","floor":3,"turns":1},{"damage":0,"enemies":"2 Louse","floor":6,"turns":1},{"damage":0,"enemies":"Replay:BlueRogue","floor":8,"turns":4},{"damage":1,"enemies":"conspire:2 RoseBushes","floor":10,"turns":4},{"damage":0,"enemies":"downfall:FleeingMerchant","floor":11,"turns":4},{"damage":0,"enemies":"Red Slaver","floor":12,"turns":3},{"damage":0,"enemies":"2 Fungi Beasts","floor":15,"turns":1},{"damage":8,"enemies":"WA_ARCHETYPE_RETAIN","floor":16,"turns":4},{"damage":11,"enemies":"downfall:LooterAlt2","floor":19,"turns":2},{"damage":1,"enemies":"downfall:Augmenter","floor":20,"turns":5},{"damage":0,"enemies":"downfall:FleeingMerchant","floor":22,"turns":4},{"damage":0,"enemies":"Chosen","floor":25,"turns":3},{"damage":18,"enemies":"Gremlin Leader","floor":26,"turns":4},{"damage":0,"enemies":"SI_SHIV_ARCHETYPE","floor":28,"turns":5},{"damage":11,"enemies":"Snake Plant","floor":29,"turns":3},{"damage":20,"enemies":"conspire:HollyBat","floor":30,"turns":7},{"damage":12,"enemies":"Nightmare","floor":31,"turns":6},{"damage":0,"enemies":"Shelled Parasite and Fungi","floor":32,"turns":1},{"damage":12,"enemies":"DF_ARCHETYPE_CLAW","floor":33,"turns":4},{"damage":2,"enemies":"Orb Walker","floor":36,"turns":3},{"damage":8,"enemies":"3 Shapes","floor":37,"turns":2},{"damage":39,"enemies":"Maw","floor":38,"turns":6},{"damage":10,"enemies":"Jaw Worm Horde","floor":42,"turns":3},{"damage":16,"enemies":"Reptomancer","floor":43,"turns":5},{"damage":19,"enemies":"Writhing Mass","floor":44,"turns":3},{"damage":25,"enemies":"R_Hoarder","floor":45,"turns":5},{"damage":11,"enemies":"Maw","floor":46,"turns":4},{"damage":0,"enemies":"Sphere and 2 Shapes","floor":47,"turns":3},{"damage":0,"enemies":"3 Darklings","floor":49,"turns":3},{"damage":0,"enemies":"SI_POISON_ARCHETYPE","floor":50,"turns":5}],"seed_played":"7992740302846787843","potions_obtained":[{"floor":8,"key":"Elixir"},{"floor":10,"key":"hexamod:EctoCoolerPotion"},{"floor":15,"key":"BlessingOfTheForge"},{"floor":19,"key":"infinitespire:BlackPotion"},{"floor":30,"key":"infinitespire:BlackPotion"},{"floor":31,"key":"infinitespire:BlackPotion"},{"floor":33,"key":"Reflective Coating"},{"floor":43,"key":"SteroidPotion"}],"is_trial":false,"path_per_floor":["R","M","M","?","?","M","T","E","T","M","$","M","?","?","M","B",null,"R","M","?","?","$","R","T","M","E","R","?","M","M","NM","M","B",null,"R","M","M","M","?","R","T","M","E","M","E","M","M","T","M","B",null],"character_chosen":"THE_SPIRIT","items_purchased":["expansioncontent:DashGenerateEvil","hexamod:NightmareGuise","Replay:SS_hec_1","hexamod:GhostflameInferno"],"campfire_rested":1,"item_purchase_floors":[11,11,11,22],"current_hp_per_floor":[70,70,70,70,70,70,70,70,70,69,69,69,69,48,48,40,70,70,59,58,44,44,44,44,44,26,26,26,39,19,7,7,11,70,70,68,60,26,26,47,47,38,25,16,15,5,5,5,5,12],"gold":995,"neow_bonus":"THREE_ENEMY_KILL","is_daily":false,"chose_seed":false,"campfire_upgraded":5,"win_rate":0.0,"timestamp":1613984283,"path_taken":["R","M","M","?","?","M","T","E","?","M","$","?","?","?","M","BOSS","R","M","?","?","?","R","T","?","E","R","?","M","M","NM","M","BOSS","R","M","M","M","?","R","T","M","E","M","E","M","M","?","M","BOSS"],"items_purchased_type":["Card","Card","Card","Card"],"build_version":"2020-12-22","purchased_purges":1,"victory":true,"max_hp_per_floor":[70,70,70,70,70,70,70,70,70,70,70,70,70,70,70,70,70,70,70,70,70,70,70,70,70,70,70,70,70,70,70,70,70,70,70,70,70,70,70,70,70,70,70,70,70,70,70,70,70,70],"card_choices":[{"not_picked":["hexamod:HeatMetal","hexamod:NightmareStrike"],"picked":"hexamod:SpectersWail","floor":2},{"not_picked":["hexamod:GhostShield","hexamod:ChargedBarrage"],"picked":"hexamod:GhostLash","floor":3},{"not_picked":["hexamod:InspiringFlames","hexamod:ExtraCrispy"],"picked":"hexamod:NightmareStrike","floor":5},{"not_picked":["hexamod:SuperheatedStrike","hexamod:SwordOfDarkness"],"picked":"hexamod:RecurringNightmare","floor":5},{"not_picked":["hexamod:HauntingEcho","hexamod:SpectralSpark"],"picked":"hexamod:Hexaguard","floor":5},{"not_picked":["hexamod:CatchUp","hexamod:Incineration"],"picked":"hexamod:ApocalypseNow","floor":6},{"not_picked":["hexamod:SpectralSpark","hexamod:SuperheatedStrike"],"picked":"hexamod:CatchUp","floor":8},{"not_picked":["hexamod:ChargedBarrage","hexamod:HauntingEcho"],"picked":"hexamod:NightmareStrike","floor":10},{"not_picked":["hexamod:ThermalTransfer","hexamod:RadiantFlame"],"picked":"hexamod:Hexaguard","floor":11},{"not_picked":["hexamod:HeatShield","hexamod:ShieldOfDarkness","hexamod:ExtraCrispy"],"picked":"SKIP","floor":12},{"not_picked":["hexamod:SuperheatedStrike","hexamod:SpectersWail"],"picked":"hexamod:NightmareStrike","floor":15},{"not_picked":["hexamod:ApocalypticArmor","hexamod:GhostflameInferno"],"picked":"hexamod:GiftsFromTheDead","floor":16},{"not_picked":["hexamod:RainOfEmbers","hexamod:ThermalTransfer","hexamod:GhostLash+1"],"picked":"SKIP","floor":19},{"not_picked":[],"picked":"J.A.X.","floor":20},{"not_picked":["hexamod:GhostLash","hexamod:StepThrough+1"],"picked":"hexamod:SpectersWail+1","floor":20},{"not_picked":["hexamod:ShieldOfDarkness+1","hexamod:FourthSeal","hexamod:BacktrackSmack"],"picked":"SKIP","floor":22},{"not_picked":["hexamod:NightmareStrike","hexamod:SoulSteal","hexamod:ShieldOfDarkness"],"picked":"SKIP","floor":25},{"not_picked":["hexamod:FastForward+1","hexamod:FourthSeal"],"picked":"hexamod:FlamesFromBeyond+1","floor":26},{"not_picked":["hexamod:NightmareStrike","hexamod:GhostOfSpirePast"],"picked":"hexamod:GhostOfSpirePresent","floor":29},{"not_picked":["hexamod:NightmareGuise","hexamod:ThirdSeal"],"picked":"hexamod:FlamesFromBeyond","floor":30},{"not_picked":["hexamod:NightmareGuise","hexamod:InspiringFlames","hexamod:Firestarter"],"picked":"SKIP","floor":31},{"not_picked":["hexamod:FastForward","hexamod:GhostLash","hexamod:InspiringFlames"],"picked":"SKIP","floor":32},{"not_picked":["hexamod:FlameSwitch","hexamod:SixthSeal"],"picked":"hexamod:TurnItUp","floor":33},{"not_picked":["hexamod:GhostShield+1","hexamod:SwordOfDarkness+1"],"picked":"hexamod:Hexaguard+1","floor":36},{"not_picked":["hexamod:SpectralSpark+1","hexamod:AdvancingGuard+1","hexamod:HauntingEcho+1"],"picked":"SKIP","floor":37},{"not_picked":["hexamod:GhostflameBarrier+1","hexamod:FastForward+1"],"picked":"hexamod:GhostOfSpireFuture+1","floor":38},{"not_picked":["hexamod:SwordOfDarkness+1","hexamod:NightmareStrike+1"],"picked":"hexamod:NightmareGuise+1","floor":42},{"not_picked":["hexamod:HauntingEcho","hexamod:Firestarter"],"picked":"hexamod:CatchUp+1","floor":43},{"not_picked":["hexamod:SoulSteal","hexamod:NightmareStrike+1","hexamod:InspiringFlames+1"],"picked":"SKIP","floor":44},{"not_picked":["hexamod:NightmareStrike+1","hexamod:Hexaguard","hexamod:FourthSeal"],"picked":"SKIP","floor":45},{"not_picked":["hexamod:FourthSeal","hexamod:Again"],"picked":"hexamod:PowerFromBeyond+1","floor":46},{"not_picked":["hexamod:FourthSeal","hexamod:GhostOfSpireFuture","hexamod:HeatCrush"],"picked":"SKIP","floor":47},{"not_picked":["hexamod:StepThrough","hexamod:SpectralSpark","hexamod:Firestarter"],"picked":"SKIP","floor":49}],"player_experience":2210381,"relics_obtained":[{"floor":7,"key":"hubris:Metronome"},{"floor":8,"key":"hubris:BundleOfHerbs"},{"floor":9,"key":"Kunai"},{"floor":20,"key":"MutagenicStrength"},{"floor":24,"key":"MawBank"},{"floor":26,"key":"Peace Pipe"},{"floor":28,"key":"infinitespire:Magic Flask"},{"floor":28,"key":"Gremlin Horn"},{"floor":31,"key":"hubris:FunFungus"},{"floor":39,"key":"ReplayTheSpireMod:Ring of Collecting"},{"floor":41,"key":"Ring of Searing"},{"floor":41,"key":"Regal Pillow"},{"floor":43,"key":"hubris:DeckOfHolding"},{"floor":45,"key":"Bag of Preparation"},{"floor":48,"key":"Ring of Misfortune"},{"floor":48,"key":"hubris:TenFootPole"}],"event_choices":[{"cards_removed":["ReplayTheSpireMod:Splinters"],"damage_healed":0,"gold_gain":0,"player_choice":"Card Removal","damage_taken":0,"max_hp_gain":0,"max_hp_loss":0,"event_name":"The Cleric","floor":13,"gold_loss":0}],"is_beta":false,"boss_relics":[{"not_picked":["Replay:Drink Me","infinitespire:Cupcake"],"picked":"hubris:VirtuousBlindfold"},{"not_picked":["conspire:SpecialSausage","construct:ClawGrip"],"picked":"Astrolabe"}],"items_purged_floors":[11],"is_endless":false,"potions_floor_spawned":[8,10,15,16,19,26,28,30,31,33,37,42,43,45,46],"ascension_level":3}}