{"host":"xg4r5pv6chpuampg","time":1613982115,"event":{"mods":["AchievementEnabler","BaseMod","Googly Eyes","Minty Spire (QoL Compilation)","StSLib","Together in Spire"],"gold_per_floor":[116,131,65,83,95,95,107,139,164,164,192,205,221,76,76,177,177,192,209,209,227,71,71,71,71,146,157,169,169,196,213,213,213,213],"floor_reached":33,"language":"ENG","playtime":1300,"items_purged":[],"score":425,"play_id":"c19fe8eb-5776-43a9-938c-414a9391680f","local_time":"20210222112155","is_ascension_mode":true,"campfire_choices":[{"data":"WheelKick","floor":6,"key":"SMITH"},{"floor":15,"key":"REST"},{"data":"ConjureBlade","floor":23,"key":"SMITH"},{"floor":25,"key":"REST"},{"floor":32,"key":"REST"}],"circlet_count":0,"master_deck":["Strike_P","Strike_P","Strike_P","Strike_P","Defend_P","Defend_P","Defend_P","Defend_P","Eruption","Vigilance","EmptyFist","CarveReality","WheelKick+1","Prostrate","Meditate","SashWhip","Protect","MasterReality","Judgement","Prostrate","ConjureBlade+1","Ghostly","Ghostly","Ghostly","Ghostly","Ghostly"],"relics":["Velvet Choker","Damaru","PreservedInsect","Bronze Scales","HandDrill","Nloth\u0027s Gift","Toolbox","Enchiridion","InkBottle","Sundial"],"acts_visited":["Exordium","TheCity"],"potions_floor_usage":[8,31],"damage_taken":[{"damage":0,"enemies":"2 Louse","floor":1,"turns":1},{"damage":1,"enemies":"Cultist","floor":2,"turns":4},{"damage":0,"enemies":"Small Slimes","floor":4,"turns":2},{"damage":10,"enemies":"Looter","floor":5,"turns":2},{"damage":17,"enemies":"Large Slime","floor":7,"turns":4},{"damage":19,"enemies":"3 Sentries","floor":8,"turns":4},{"damage":10,"enemies":"Lagavulin","floor":11,"turns":4},{"damage":0,"enemies":"Blue Slaver","floor":12,"turns":2},{"damage":3,"enemies":"Exordium Thugs","floor":13,"turns":3},{"damage":4,"enemies":"Hexaghost","floor":16,"turns":7},{"damage":0,"enemies":"Spheric Guardian","floor":18,"turns":3},{"damage":0,"enemies":"3 Byrds","floor":19,"turns":2},{"damage":16,"enemies":"Snake Plant","floor":21,"turns":2},{"damage":0,"enemies":"Sentry and Sphere","floor":27,"turns":2},{"damage":2,"enemies":"Snecko","floor":28,"turns":4},{"damage":3,"enemies":"Slavers","floor":30,"turns":4},{"damage":20,"enemies":"Centurion and Healer","floor":31,"turns":4},{"damage":44,"enemies":"Collector","floor":33,"turns":5}],"seed_played":"-7487505790842845007","potions_obtained":[{"floor":4,"key":"SkillPotion"},{"floor":5,"key":"SkillPotion"},{"floor":12,"key":"Energy Potion"},{"floor":13,"key":"AttackPotion"},{"floor":16,"key":"BlessingOfTheForge"},{"floor":28,"key":"PowerPotion"}],"is_trial":false,"path_per_floor":["M","M","?","M","M","R","M","E","T","T","E","M","M","$","R","B",null,"M","M","?","M","$","R","?","R","T","M","M","?","E","M","R","B"],"character_chosen":"WATCHER","items_purchased":["HandDrill","Toolbox"],"campfire_rested":3,"item_purchase_floors":[14,22],"current_hp_per_floor":[72,71,71,71,61,61,44,25,25,25,15,15,12,12,33,29,72,72,72,72,56,56,56,40,61,61,61,59,36,33,13,23,0,0],"gold":213,"neow_bonus":"BOSS_RELIC","is_daily":false,"chose_seed":false,"campfire_upgraded":2,"win_rate":0.0,"timestamp":1613982115,"path_taken":["M","M","?","M","M","R","?","E","T","?","E","M","M","?","R","BOSS","M","M","?","?","$","R","?","R","T","M","M","?","E","M","R","BOSS"],"items_purchased_type":["Relic","Relic"],"build_version":"2020-12-22","purchased_purges":0,"victory":false,"max_hp_per_floor":[72,72,72,72,72,72,72,72,72,72,72,72,72,72,72,72,72,72,72,72,72,72,72,72,72,72,72,72,36,36,36,36,36,36],"card_choices":[{"not_picked":["ThirdEye","CutThroughFate"],"picked":"EmptyFist","floor":1},{"not_picked":["FlurryOfBlows","EmptyBody"],"picked":"CarveReality","floor":2},{"not_picked":["LikeWater","Sanctity"],"picked":"WheelKick","floor":4},{"not_picked":["LikeWater","CrushJoints"],"picked":"Prostrate","floor":5},{"not_picked":["WreathOfFlame","DeceiveReality"],"picked":"Meditate","floor":7},{"not_picked":["Crescendo","Study"],"picked":"SashWhip","floor":8},{"not_picked":["CrushJoints","ThirdEye"],"picked":"Protect","floor":11},{"not_picked":["CutThroughFate","EmptyFist","JustLucky"],"picked":"SKIP","floor":12},{"not_picked":["EmptyFist","ClearTheMind"],"picked":"MasterReality","floor":13},{"not_picked":["MasterReality","Establishment"],"picked":"Judgement","floor":16},{"not_picked":["Halt","Indignation"],"picked":"Prostrate","floor":18},{"not_picked":["Swivel","FlyingSleeves","Halt"],"picked":"SKIP","floor":19},{"not_picked":["Prostrate","Halt"],"picked":"ConjureBlade","floor":21},{"not_picked":["Swivel","Sanctity+1","SashWhip+1"],"picked":"SKIP","floor":27},{"not_picked":["Nirvana+1","WheelKick+1","ClearTheMind"],"picked":"SKIP","floor":28},{"not_picked":["Pray","Halt","Blasphemy"],"picked":"SKIP","floor":30},{"not_picked":["EmptyFist","PathToVictory","CutThroughFate"],"picked":"SKIP","floor":31}],"player_experience":153555,"relics_obtained":[{"floor":8,"key":"PreservedInsect"},{"floor":9,"key":"Anchor"},{"floor":11,"key":"Bronze Scales"},{"floor":24,"key":"Enchiridion"},{"floor":26,"key":"InkBottle"},{"floor":30,"key":"Sundial"}],"event_choices":[{"damage_healed":0,"gold_gain":0,"player_choice":"Paid Gold","damage_taken":0,"relics_obtained":["Damaru"],"max_hp_gain":0,"max_hp_loss":0,"event_name":"WeMeetAgain","floor":3,"gold_loss":66},{"damage_healed":0,"gold_gain":0,"player_choice":"Traded Relic","damage_taken":0,"relics_obtained":["Nloth\u0027s Gift"],"max_hp_gain":0,"max_hp_loss":0,"event_name":"N\u0027loth","floor":20,"relics_lost":["Anchor"],"gold_loss":0},{"damage_healed":0,"gold_gain":0,"player_choice":"Obtained Book","damage_taken":16,"max_hp_gain":0,"max_hp_loss":0,"event_name":"Cursed Tome","floor":24,"gold_loss":0},{"damage_healed":0,"gold_gain":0,"player_choice":"Became a Ghost","damage_taken":0,"max_hp_gain":0,"max_hp_loss":36,"event_name":"Ghosts","floor":29,"gold_loss":0,"cards_obtained":["Ghostly","Ghostly","Ghostly","Ghostly","Ghostly"]}],"is_beta":false,"boss_relics":[{"not_picked":["Snecko Eye","Cursed Key","Runic Pyramid"]}],"items_purged_floors":[],"is_endless":false,"potions_floor_spawned":[4,5,12,13,16,19,28,30],"killed_by":"Collector","ascension_level":1}}