{"host":"gzz35fplm60aw28t","time":1613964025,"event":{"mods":["AchievementEnabler","BaseMod","Colored Powertips","DeckTracker","Minty Spire (QoL Compilation)"],"gold_per_floor":[117,132,132,147,166,196,4,21,21,51,66,31,31,8,8,108,108,127,7,18,18,32,32,109,109,109,139,149,180,180,211,211,309,309,326,21,21,74,88,88,105,140,189,189,220,220,246,272,272,272],"floor_reached":51,"language":"ENG","playtime":2935,"items_purged":["Strike_G","Strike_G"],"score":934,"play_id":"5d4dbcae-4076-4f5b-a1a6-edafb5686162","local_time":"20210222042025","is_ascension_mode":true,"campfire_choices":[{"data":"Neutralize","floor":13,"key":"SMITH"},{"data":"Well Laid Plans","floor":15,"key":"SMITH"},{"data":"Cloak And Dagger","floor":23,"key":"SMITH"},{"data":"Infinite Blades","floor":25,"key":"SMITH"},{"data":"Die Die Die","floor":32,"key":"SMITH"},{"data":"After Image","floor":40,"key":"SMITH"},{"data":"Accuracy","floor":44,"key":"SMITH"},{"data":"Blade Dance","floor":46,"key":"SMITH"},{"floor":49,"key":"REST"}],"circlet_count":0,"master_deck":["Strike_G+1","Strike_G","Defend_G","Defend_G","Defend_G+1","Defend_G","Defend_G","Survivor","Neutralize+1","Dramatic Entrance","Deadly Poison","Well Laid Plans+1","Die Die Die+1","Backstab","Cloak And Dagger+1","Blade Dance+1","Infinite Blades+1","Accuracy+1","Escape Plan+1","Backflip+1","Adrenaline+1","Escape Plan+1","Sucker Punch+1","Terror+1","PiercingWail+1","Blade Dance+1","After Image+1","PiercingWail+1","Blade Dance+1","Madness+1","Madness+1","Finisher+1","Prepared+1","Accuracy+1"],"relics":["Ring of the Snake","Sundial","Toxic Egg 2","Gremlin Horn","SlaversCollar","Paper Crane","Pantograph","Meat on the Bone","CaptainsWheel","Bottled Flame","Tiny Chest","Sozu","Medical Kit","Incense Burner","Molten Egg 2","Bag of Preparation","Anchor","Unceasing Top","Pen Nib"],"acts_visited":["Exordium","TheCity","TheBeyond"],"potions_floor_usage":[6,16,16,27,33,50],"damage_taken":[{"damage":1,"enemies":"Jaw Worm","floor":1,"turns":6},{"damage":0,"enemies":"2 Louse","floor":2,"turns":2},{"damage":0,"enemies":"Cultist","floor":4,"turns":3},{"damage":6,"enemies":"Red Slaver","floor":5,"turns":4},{"damage":18,"enemies":"Gremlin Nob","floor":6,"turns":4},{"damage":0,"enemies":"Exordium Wildlife","floor":8,"turns":1},{"damage":4,"enemies":"3 Sentries","floor":10,"turns":5},{"damage":0,"enemies":"Exordium Thugs","floor":11,"turns":3},{"damage":16,"enemies":"Hexaghost","floor":16,"turns":7},{"damage":15,"enemies":"Chosen","floor":18,"turns":5},{"damage":22,"enemies":"Spheric Guardian","floor":20,"turns":4},{"damage":17,"enemies":"Centurion and Healer","floor":22,"turns":5},{"damage":0,"enemies":"Gremlin Leader","floor":27,"turns":4},{"damage":12,"enemies":"Snake Plant","floor":28,"turns":4},{"damage":23,"enemies":"Slavers","floor":29,"turns":4},{"damage":0,"enemies":"Gremlin Leader","floor":31,"turns":4},{"damage":4,"enemies":"Collector","floor":33,"turns":7},{"damage":0,"enemies":"3 Darklings","floor":35,"turns":4},{"damage":27,"enemies":"2 Orb Walkers","floor":38,"turns":6},{"damage":14,"enemies":"3 Shapes","floor":39,"turns":1},{"damage":23,"enemies":"Writhing Mass","floor":41,"turns":7},{"damage":11,"enemies":"Nemesis","floor":42,"turns":7},{"damage":0,"enemies":"Reptomancer","floor":45,"turns":4},{"damage":35,"enemies":"Nemesis","floor":47,"turns":5},{"damage":3,"enemies":"Time Eater","floor":50,"turns":7}],"seed_played":"-8344778223489804658","potions_obtained":[{"floor":2,"key":"CultistPotion"},{"floor":5,"key":"LiquidMemories"},{"floor":8,"key":"PowerPotion"},{"floor":10,"key":"ColorlessPotion"},{"floor":22,"key":"LiquidMemories"},{"floor":28,"key":"SmokeBomb"},{"floor":29,"key":"Explosive Potion"}],"is_trial":false,"path_per_floor":["M","M","?","M","M","E","$","M","T","E","M","?","R","$","R","B",null,"M","?","M","$","M","R","T","R","T","E","M","E","?","E","R","B",null,"M","$","?","?","M","R","M","E","T","R","E","R","E","T","R","B",null],"character_chosen":"THE_SILENT","items_purchased":["Blade Dance","Infinite Blades","Backflip+1","Blade Dance+1","Medical Kit"],"campfire_rested":1,"item_purchase_floors":[7,7,14,36,36],"current_hp_per_floor":[69,69,55,55,49,31,31,31,31,27,27,44,44,44,44,28,70,55,55,33,33,16,16,16,16,16,28,28,17,17,29,29,50,70,70,70,61,46,44,44,33,34,34,34,46,46,23,23,44,66],"gold":272,"neow_bonus":"RANDOM_COLORLESS","is_daily":false,"chose_seed":false,"campfire_upgraded":8,"win_rate":0.0,"timestamp":1613964025,"path_taken":["M","M","?","M","M","E","$","M","T","E","M","?","R","?","R","BOSS","M","?","?","?","M","R","?","R","T","E","?","E","?","E","R","BOSS","M","?","?","?","M","R","M","E","T","R","E","R","E","?","R","BOSS"],"items_purchased_type":["Card","Card","Card","Card","Relic"],"build_version":"2020-12-22","purchased_purges":2,"victory":true,"max_hp_per_floor":[70,70,70,70,70,70,70,70,70,70,70,70,70,70,70,70,70,70,70,70,70,70,70,70,70,70,70,70,70,70,70,70,70,70,70,70,70,70,70,70,70,70,70,70,70,70,70,70,70,70],"card_choices":[{"not_picked":["Good Instincts","Panacea"],"picked":"Dramatic Entrance","floor":0},{"not_picked":["Slice","Poisoned Stab"],"picked":"Deadly Poison","floor":1},{"not_picked":["Backflip","Flying Knee"],"picked":"Well Laid Plans","floor":2},{"not_picked":["Accuracy","Flying Knee"],"picked":"Die Die Die","floor":4},{"not_picked":["Bane","Dagger Spray"],"picked":"Backstab","floor":5},{"not_picked":["Outmaneuver","Prepared"],"picked":"Cloak And Dagger","floor":6},{"not_picked":["PiercingWail","Sucker Punch"],"picked":"Accuracy","floor":8},{"not_picked":["Caltrops","Quick Slash"],"picked":"Escape Plan+1","floor":10},{"not_picked":["Quick Slash","All Out Attack","Well Laid Plans"],"picked":"SKIP","floor":11},{"not_picked":["Burst+1","Phantasmal Killer+1"],"picked":"Adrenaline+1","floor":16},{"not_picked":["Quick Slash","Flying Knee","Slice"],"picked":"SKIP","floor":18},{"not_picked":["Flechettes+1","Heel Hook+1"],"picked":"Escape Plan+1","floor":20},{"not_picked":["Blade Dance+1","Backflip+1"],"picked":"Sucker Punch+1","floor":22},{"not_picked":["Catalyst+1","Masterful Stab"],"picked":"Terror+1","floor":27},{"not_picked":["Phantasmal Killer+1","Deadly Poison+1"],"picked":"PiercingWail+1","floor":28},{"not_picked":["Flying Knee","Outmaneuver+1","Masterful Stab"],"picked":"SKIP","floor":29},{"not_picked":["Flechettes","Outmaneuver+1"],"picked":"Blade Dance+1","floor":31},{"not_picked":["Wraith Form v2","Bullet Time+1"],"picked":"After Image","floor":33},{"not_picked":["Bouncing Flask+1","Dagger Throw"],"picked":"PiercingWail+1","floor":35},{"not_picked":["All Out Attack","Bane+1"],"picked":"Finisher+1","floor":38},{"not_picked":["Flying Knee","Heel Hook+1","Poisoned Stab+1"],"picked":"SKIP","floor":39},{"not_picked":["Bane","Escape Plan+1"],"picked":"Prepared+1","floor":41},{"not_picked":["Finisher+1","Backflip+1"],"picked":"Accuracy+1","floor":42},{"not_picked":["Finisher+1","Skewer+1","Dagger Spray+1"],"picked":"SKIP","floor":45},{"not_picked":["Dash+1","Infinite Blades","Calculated Gamble+1"],"picked":"SKIP","floor":47}],"player_experience":21737,"relics_obtained":[{"floor":6,"key":"Sundial"},{"floor":9,"key":"Toxic Egg 2"},{"floor":10,"key":"Gremlin Horn"},{"floor":24,"key":"Pantograph"},{"floor":26,"key":"Meat on the Bone"},{"floor":27,"key":"CaptainsWheel"},{"floor":29,"key":"Bottled Flame"},{"floor":31,"key":"Tiny Chest"},{"floor":38,"key":"Incense Burner"},{"floor":42,"key":"Molten Egg 2"},{"floor":43,"key":"Bag of Preparation"},{"floor":45,"key":"Anchor"},{"floor":47,"key":"Unceasing Top"},{"floor":48,"key":"Pen Nib"}],"event_choices":[{"damage_healed":0,"gold_gain":0,"player_choice":"Entered Light","damage_taken":14,"max_hp_gain":0,"max_hp_loss":0,"event_name":"Shining Light","floor":3,"gold_loss":0,"cards_upgraded":["Defend_G","Strike_G"]},{"damage_healed":17,"gold_gain":0,"player_choice":"Healed","damage_taken":0,"max_hp_gain":0,"max_hp_loss":0,"event_name":"The Cleric","floor":12,"gold_loss":35},{"damage_healed":0,"gold_gain":0,"player_choice":"Paid Gold","damage_taken":0,"relics_obtained":["Paper Crane"],"max_hp_gain":0,"max_hp_loss":0,"event_name":"WeMeetAgain","floor":19,"gold_loss":120},{"cards_removed":["Strike_G"],"damage_healed":0,"gold_gain":0,"player_choice":"Offered Basic","damage_taken":0,"max_hp_gain":0,"max_hp_loss":0,"event_name":"Bonfire Elementals","floor":30,"gold_loss":0},{"damage_healed":0,"gold_gain":0,"player_choice":"Embrace Madness","damage_taken":9,"max_hp_gain":0,"max_hp_loss":0,"event_name":"Winding Halls","floor":37,"gold_loss":0,"cards_obtained":["Madness","Madness"]},{"damage_healed":0,"gold_gain":0,"player_choice":"Fight","damage_taken":0,"max_hp_gain":0,"max_hp_loss":0,"event_name":"Mysterious Sphere","floor":38,"gold_loss":0}],"is_beta":false,"boss_relics":[{"not_picked":["Velvet Choker","Tiny House"],"picked":"SlaversCollar"},{"not_picked":["Coffee Dripper","Runic Pyramid"],"picked":"Sozu"}],"items_purged_floors":[7,36],"is_endless":false,"potions_floor_spawned":[2,5,8,10,22,28,29,38,39,45,47],"ascension_level":2}}