{"host":"enpah696raxjhbxd","time":1613979145,"event":{"mods":["ATMod(°¢èªMod)","BaseMod","Challenge The Spire","Colored Powertips","Friendly Minions","Good Game Mod","Minty Spire (QoL Compilation)","Replay The Spire","StSLib","TestMod","The Bladedancer","UnlockEverythingMod"],"gold_per_floor":[117,13,28,45,64,99,99,126,194,194,221,234,246,257,257,352,352,363,378,396,311,175,208,208,234,234,265,285,305,305,325,325,424,424,443,443,460,385,396,426,426,453,453,503,522,557,557,574,574,574,574,574,72,107,107],"floor_reached":56,"language":"ZHS","playtime":2048,"items_purged":["blademaster:WindSlash"],"score":1965,"play_id":"bbaff53b-53e6-4220-ba8d-31267dcc43a2","local_time":"20210222153225","is_ascension_mode":true,"campfire_choices":[{"data":"AT_LightSaberMaster","floor":7,"key":"SMITH"},{"data":"AT_DivineConfetti","floor":10,"key":"SMITH"},{"data":"blademaster:DancingEdge","floor":15,"key":"SMITH"},{"data":"Pot Of Greed","floor":24,"key":"SMITH"},{"data":"Pot Of Greed","floor":30,"key":"SMITH"},{"data":"blademaster:AncestralHealing","floor":32,"key":"SMITH"},{"data":"blademaster:ColdBlood","floor":41,"key":"SMITH"},{"floor":47,"key":"RECALL"},{"data":"Pot Of Greed","floor":49,"key":"SMITH"},{"data":"blademaster:Breeze","floor":52,"key":"SMITH"}],"circlet_count":0,"master_deck":["blademaster:Strike","blademaster:Strike","blademaster:Strike","blademaster:Strike","blademaster:Defend","blademaster:Defend","blademaster:Defend","blademaster:Defend","blademaster:RagingBlow","blademaster:HighVoltage","AT_LightSaberMaster+1","AT_DivineConfetti+1","blademaster:TraverseCut","blademaster:DancingEdge+1","blademaster:ThreePointStrike","blademaster:Vortex","blademaster:ColdBlood+1","blademaster:ThunderingOpener","Pot Of Greed+1","Pot Of Greed+1","blademaster:LeechingStrike","blademaster:CullingStrike","blademaster:AncestralHealing+1","blademaster:Breeze+1","blademaster:DaggerAndCloak+1","Pot Of Greed+1","ReplayTheSpireMod:Brewmster"],"relics":["blademaster:DancersAmulet","testmod-TestBox","AT_ATBox","REME:ComplimentaryCards","testmod-RealStoneCalender","Bronze Scales","Pondfish Scales","Question Card","ReplayFunnel","testmod-TimeTraveler","PreservedInsect","Grinning Jar","testmod-BouquetWithThorns","Chameleon Ring","Oddly Smooth Stone","Ring of Chaos","The Courier","InkBottle","Juzu Bracelet","AT_Manta","Du-Vu Doll","Akabeko","Bag of Preparation","TheAbacus","Gremlin Food"],"acts_visited":["Exordium","TheCity","TheBeyond","TheEnding"],"potions_floor_usage":[8,14,20,25,33,55,55],"damage_taken":[{"damage":0,"enemies":"Jaw Worm","floor":1,"turns":2},{"damage":0,"enemies":"Small Slimes","floor":3,"turns":2},{"damage":0,"enemies":"Cultist","floor":4,"turns":3},{"damage":0,"enemies":"Large Slime","floor":5,"turns":4},{"damage":13,"enemies":"Replay:BlueRogue","floor":6,"turns":3},{"damage":5,"enemies":"3 Sentries","floor":8,"turns":3},{"damage":7,"enemies":"Replay:BlueRogue","floor":11,"turns":3},{"damage":8,"enemies":"3 Louse","floor":12,"turns":2},{"damage":0,"enemies":"Exordium Wildlife","floor":13,"turns":2},{"damage":3,"enemies":"Lots of Slimes","floor":14,"turns":2},{"damage":18,"enemies":"The Guardian","floor":16,"turns":4},{"damage":9,"enemies":"2 Thieves","floor":18,"turns":2},{"damage":0,"enemies":"Spheric Guardian","floor":19,"turns":1},{"damage":0,"enemies":"Shelled Parasite and Fungi","floor":20,"turns":3},{"damage":7,"enemies":"Book of Stabbing","floor":23,"turns":3},{"damage":0,"enemies":"Gremlin Leader","floor":25,"turns":3},{"damage":5,"enemies":"Book of Stabbing","floor":27,"turns":2},{"damage":15,"enemies":"Snake Plant","floor":28,"turns":2},{"damage":0,"enemies":"Snecko","floor":29,"turns":2},{"damage":0,"enemies":"Centurion and Healer","floor":31,"turns":2},{"damage":0,"enemies":"Automaton","floor":33,"turns":2},{"damage":36,"enemies":"3 Shapes","floor":35,"turns":2},{"damage":9,"enemies":"Orb Walker","floor":37,"turns":2},{"damage":0,"enemies":"Sphere and 2 Shapes","floor":39,"turns":2},{"damage":0,"enemies":"Giant Head","floor":40,"turns":4},{"damage":20,"enemies":"R_Hoarder","floor":42,"turns":5},{"damage":0,"enemies":"Mind Bloom Boss Battle","floor":44,"turns":1},{"damage":12,"enemies":"4 Shapes","floor":45,"turns":2},{"damage":0,"enemies":"Giant Head","floor":46,"turns":3},{"damage":0,"enemies":"3 Darklings","floor":48,"turns":2},{"damage":25,"enemies":"Replay:Hell Engine","floor":50,"turns":2},{"damage":0,"enemies":"Shield and Spear","floor":54,"turns":2},{"damage":1,"enemies":"The Heart","floor":55,"turns":1}],"seed_played":"2943010035982826894","potions_obtained":[{"floor":4,"key":"AttackPotion"},{"floor":8,"key":"Fire Potion"},{"floor":11,"key":"Weak Potion"},{"floor":16,"key":"Reflective Coating"},{"floor":18,"key":"AttackPotion"},{"floor":23,"key":"Explosive Potion"},{"floor":25,"key":"SteroidPotion"},{"floor":37,"key":"EntropicBrew"},{"floor":39,"key":"FairyPotion"}],"is_trial":false,"path_per_floor":["M","$","M","M","M","E","R","E","T","R","E","M","M","M","R","B",null,"M","M","M","?","?","E","R","E","T","E","M","M","R","M","R","B",null,"M","?","M","$","M","E","R","E","T","?","M","E","R","M","R","B",null,"R","$","E","B",null],"character_chosen":"THE_BLADEMASTER","items_purchased":["FairyPotion","ReplayTheSpireMod:Brewmster","Akabeko","Bag of Preparation","TheAbacus"],"campfire_rested":0,"item_purchase_floors":[2,53,53,53,53],"current_hp_per_floor":[75,75,75,75,75,62,62,57,57,57,50,42,42,39,39,21,67,58,58,58,58,58,51,51,51,51,46,34,34,34,34,34,34,70,39,39,33,33,33,49,49,37,37,37,31,43,43,52,52,33,70,70,70,79,82],"gold":107,"neow_bonus":"TEN_PERCENT_HP_BONUS","is_daily":false,"chose_seed":false,"campfire_upgraded":9,"win_rate":0.0,"timestamp":1613979145,"path_taken":["M","$","M","M","M","E","R","E","T","R","E","M","M","M","R","BOSS","M","M","M","?","?","E","R","E","T","E","M","?","R","M","R","BOSS","M","?","M","$","M","E","R","E","T","?","M","E","R","M","R","BOSS","R","$","E","BOSS"],"items_purchased_type":["Potion","Card","Relic","Relic","Relic"],"build_version":"2020-12-22","purchased_purges":1,"victory":true,"max_hp_per_floor":[82,82,82,82,82,82,82,82,82,82,82,82,82,82,82,82,82,82,82,82,82,82,82,82,82,82,82,82,82,82,82,82,82,82,82,82,82,82,82,82,82,82,82,82,82,82,82,82,82,82,82,82,82,82,82],"card_choices":[{"not_picked":["blademaster:Havoc","blademaster:Quickstep"],"picked":"blademaster:TraverseCut","floor":1},{"not_picked":["blademaster:Gust","blademaster:Sharpen"],"picked":"blademaster:DancingEdge","floor":3},{"not_picked":["blademaster:Reversal","blademaster:ThunderSlash","blademaster:BloodyBlow"],"picked":"SKIP","floor":4},{"not_picked":["blademaster:Quickness","blademaster:BladeMastery","blademaster:Safeguard"],"picked":"SKIP","floor":5},{"not_picked":["blademaster:Sunder","blademaster:Frenzy","blademaster:SlyStabs"],"picked":"SKIP","floor":6},{"not_picked":["blademaster:AwakeningDefend","blademaster:Safeguard","blademaster:Sharpen"],"picked":"SKIP","floor":8},{"not_picked":["blademaster:SlyStabs","blademaster:IcyWind","blademaster:Slice"],"picked":"blademaster:ThreePointStrike","floor":11},{"not_picked":["blademaster:FuriousStrike","blademaster:SharpBlades","blademaster:Meditate"],"picked":"blademaster:Vortex","floor":12},{"not_picked":["blademaster:AspectOfWind","blademaster:AirSlash","blademaster:ChargingUp","blademaster:Blindside"],"picked":"SKIP","floor":13},{"not_picked":["blademaster:SlyStabs","blademaster:Flurry","blademaster:BladeMastery"],"picked":"blademaster:WindSlash","floor":14},{"not_picked":["blademaster:RollingTyphoon","blademaster:Blindside","blademaster:UnrelentingWind"],"picked":"blademaster:ColdBlood","floor":16},{"not_picked":["blademaster:Vortex","blademaster:AspectOfLightning","blademaster:Bloodbath","blademaster:Slice"],"picked":"SKIP","floor":18},{"not_picked":["blademaster:TraverseCut","blademaster:KiBarrier","blademaster:Frontflip"],"picked":"blademaster:ThunderingOpener","floor":19},{"not_picked":["blademaster:ThunderSlash","blademaster:Meditate","blademaster:IcyWind","blademaster:TraverseCut"],"picked":"SKIP","floor":20},{"not_picked":["blademaster:BrainBloom+1","blademaster:Cut","blademaster:BladeCross+1","blademaster:Gust"],"picked":"SKIP","floor":23},{"not_picked":["blademaster:EyeOfTheStorm","blademaster:Meditate","blademaster:LightningDraw"],"picked":"blademaster:LeechingStrike","floor":25},{"not_picked":["blademaster:Blindside","blademaster:Stability","blademaster:Bloodbath+1","blademaster:ThunderSlash"],"picked":"SKIP","floor":27},{"not_picked":["blademaster:IcyWind+1","blademaster:Momentum","blademaster:Stability+1"],"picked":"blademaster:CullingStrike","floor":28},{"not_picked":["blademaster:Safeguard","blademaster:FuriousStrike","blademaster:AwakeningDefend"],"picked":"blademaster:AncestralHealing","floor":29},{"not_picked":["blademaster:ParryingStrike+1","blademaster:Reversal","blademaster:SlyStabs"],"picked":"blademaster:Breeze","floor":31},{"not_picked":["blademaster:AspectOfWind+1","blademaster:Vortex","blademaster:Slice","blademaster:DeadlyDance+1"],"picked":"SKIP","floor":35},{"not_picked":["blademaster:Cut+1","blademaster:Quickness+1","blademaster:Slice+1","blademaster:HighVoltage"],"picked":"SKIP","floor":37},{"not_picked":["blademaster:Discharge+1","blademaster:Thrust+1","blademaster:AirSlash+1","blademaster:DaggerAndCloak"],"picked":"SKIP","floor":39},{"not_picked":["blademaster:DragonStrike","blademaster:Rupture+1","blademaster:AspectOfLightning","blademaster:AncestralHealing"],"picked":"SKIP","floor":40},{"not_picked":["blademaster:FlockOfBlades","blademaster:Thrust+1","blademaster:Discharge+1","blademaster:CullingStrike"],"picked":"SKIP","floor":42},{"not_picked":["blademaster:AspectOfLightning","blademaster:LightningCrash+1","blademaster:ChargingUp","blademaster:Gust+1"],"picked":"SKIP","floor":45},{"not_picked":["blademaster:Blockade","blademaster:AirSlash+1","blademaster:ChargingUp","blademaster:Vortex"],"picked":"SKIP","floor":46},{"not_picked":["blademaster:SlyStabs+1","blademaster:TraverseCut+1","blademaster:LeechingStrike"],"picked":"blademaster:DaggerAndCloak+1","floor":48},{"not_picked":["blademaster:Momentum","blademaster:BladeCross+1","blademaster:AirSlash+1","blademaster:Quickstep"],"picked":"SKIP","floor":54}],"player_experience":246029,"relics_obtained":[{"floor":6,"key":"Bronze Scales"},{"floor":6,"key":"blademaster:StrongPerk"},{"floor":8,"key":"Pondfish Scales"},{"floor":8,"key":"blademaster:BonusComboPerk"},{"floor":9,"key":"Question Card"},{"floor":11,"key":"ReplayFunnel"},{"floor":11,"key":"blademaster:BonusFuryPerk"},{"floor":23,"key":"testmod-BouquetWithThorns"},{"floor":23,"key":"blademaster:WindChargePerk"},{"floor":25,"key":"Chameleon Ring"},{"floor":25,"key":"blademaster:FuryEveryTurnPerk"},{"floor":27,"key":"Oddly Smooth Stone"},{"floor":27,"key":"blademaster:BleedingMoreDamagePerk"},{"floor":40,"key":"The Courier"},{"floor":40,"key":"blademaster:ComboEveryTurnPerk"},{"floor":42,"key":"InkBottle"},{"floor":42,"key":"blademaster:FinisherDrawCardPerk"},{"floor":43,"key":"Juzu Bracelet"},{"floor":44,"key":"AT_Manta"},{"floor":44,"key":"blademaster:StanceHealPerk"},{"floor":46,"key":"Du-Vu Doll"},{"floor":46,"key":"blademaster:OnAttackedChargePerk"},{"floor":54,"key":"Gremlin Food"},{"floor":54,"key":"blademaster:LightningChargePerk"}],"event_choices":[{"damage_healed":0,"gold_gain":0,"player_choice":"Obtained Relic","damage_taken":0,"relics_obtained":["PreservedInsect"],"max_hp_gain":0,"max_hp_loss":0,"event_name":"Addict","floor":21,"gold_loss":85},{"damage_healed":0,"gold_gain":0,"player_choice":"Paid Gold","damage_taken":0,"relics_obtained":["Grinning Jar"],"max_hp_gain":0,"max_hp_loss":0,"event_name":"WeMeetAgain","floor":22,"gold_loss":136},{"damage_healed":0,"gold_gain":0,"player_choice":"Ignored","damage_taken":0,"max_hp_gain":0,"max_hp_loss":0,"event_name":"The Moai Head","floor":36,"gold_loss":0},{"damage_healed":0,"gold_gain":0,"player_choice":"Fight","damage_taken":0,"max_hp_gain":0,"max_hp_loss":0,"event_name":"MindBloom","floor":44,"gold_loss":0}],"is_beta":false,"boss_relics":[{"not_picked":["testmod-PortableAltar","Replay:Drink Me"],"picked":"testmod-TimeTraveler"},{"not_picked":["Fusion Hammer","testmod-KeyOfTheVoid"],"picked":"Ring of Chaos"}],"items_purged_floors":[38],"is_endless":false,"potions_floor_spawned":[4,8,11,16,18,23,25,27,29,31,37,39,40,44],"ascension_level":7}}