{"host":"3p4eynvdmgjf7qvn","time":1613979225,"event":{"mods":["Aspiration","BaseMod","Better Note","Better Skull","Colored Map","Colored Powertips","Downfall","Hermit","Hubris","Minty Spire (QoL Compilation)","Relic Stats","Robot Space Explorer","StSLib","The Bug Knight","The Disciple","The Forsaken","The Hierophant","The Jungle","The Marked","The Necromancer","TheBandit"],"gold_per_floor":[99,116,133,149,56,85,138,38,50,75,75,106,106,116,136,234,234,234,234,292,292,347,347,373,446,71,151,223,308,362,415,469,606,606,406,464,29,29,29,88,88,88,160,160,61,120,120,190,244,284,284,354,38,38,78,78],"floor_reached":57,"language":"ENG","playtime":6136,"items_purged":["Pain","champ:Strike","champ:Strike","champ:Defend"],"score":1572,"play_id":"ace6f250-11bb-4dce-8454-2a2c88bdceb3","local_time":"20210222083345","is_ascension_mode":false,"campfire_choices":[{"data":"champ:Taunt","floor":1,"key":"SMITH"},{"data":"champ:Lariat","floor":8,"key":"SMITH"},{"data":"champ:FanOfKnives","floor":11,"key":"SMITH"},{"floor":13,"key":"REST"},{"floor":18,"key":"RECALL"},{"data":"champ:BerserkersShout","floor":47,"key":"SMITH"},{"data":"champ:FanOfKnives","floor":54,"key":"SMITH"}],"circlet_count":0,"master_deck":["champ:Strike","champ:Strike","champ:Defend","champ:Defend","champ:Defend","champ:Execute","champ:Taunt+1","champ:BladeFlurry","champ:Encircle","champ:Lariat+1","champ:AdrenalArmor","champ:FaceSlap","champ:Endure","champ:FanOfKnives+1","champ:IronFortress+1","champ:Shatter","champ:IronFortress+1","champ:FanOfKnives+1","champ:Improvising+1","champ:AdrenalArmor+1","champ:ArenaPreparation+1","expansioncontent:QuickStudy+1","champ:PreciseThrust+1","champ:MurderStrike","champ:FocusedBerserking","champ:GladiatorForm+1","champ:BerserkersShout+1","champ:EndlessRage+1","champ:AdrenalArmor+1","champ:BerserkersShout+1","champ:ShieldWall+1","champ:AdrenalArmor+1","champ:EndlessRage+1","Secret Weapon+1"],"relics":["champ:ChampionCrown","Lantern","Nunchaku","downfall:HeartBlessingGreen","Frozen Egg 2","aspiration:HiddenCompartment","aspiration:RitualDagger","downfall:KnowingSkull","WarpedTongs","aspiration:ArtOfWarUpgrade","Vajra","PreservedInsect","aspiration:Stabinomicon","Sozu","downfall:HeartBlessingRed","downfall:HeartBlessingBlue","Toxic Egg 2","TungstenRod","Membership Card","Gremlin Horn","Orichalcum","Ornamental Fan","theForsaken:Gavel","hubris:SphereOfDissonance","HollowMod:PaleOreRelic","Bronze Scales"],"acts_visited":["Exordium","TheCity","TheBeyond","TheEnding"],"potions_floor_usage":[12,16,16,20,27,32,55,56],"damage_taken":[{"damage":20,"enemies":"2 Louse","floor":2,"turns":4},{"damage":10,"enemies":"Jaw Worm","floor":3,"turns":3},{"damage":7,"enemies":"Small Slimes","floor":4,"turns":3},{"damage":10,"enemies":"downfall:FleeingMerchant","floor":5,"turns":4},{"damage":77,"enemies":"Lagavulin","floor":6,"turns":10},{"damage":25,"enemies":"3 Louse","floor":9,"turns":3},{"damage":44,"enemies":"Gremlin Nob","floor":10,"turns":3},{"damage":35,"enemies":"Lagavulin","floor":12,"turns":5},{"damage":10,"enemies":"Blue Slaver","floor":14,"turns":2},{"damage":10,"enemies":"2 Fungi Beasts","floor":15,"turns":4},{"damage":20,"enemies":"SI_SHIV_ARCHETYPE","floor":16,"turns":4},{"damage":44,"enemies":"downfall:LooterAlt2","floor":20,"turns":4},{"damage":19,"enemies":"Spheric Guardian","floor":22,"turns":2},{"damage":67,"enemies":"Slavers","floor":25,"turns":6},{"damage":65,"enemies":"downfall:FleeingMerchant","floor":26,"turns":4},{"damage":37,"enemies":"Shelled Parasite and Fungi","floor":27,"turns":2},{"damage":80,"enemies":"Book of Stabbing","floor":28,"turns":4},{"damage":47,"enemies":"Centurion and Healer","floor":30,"turns":3},{"damage":34,"enemies":"Snecko","floor":31,"turns":3},{"damage":47,"enemies":"Sentry and Sphere","floor":32,"turns":4},{"damage":20,"enemies":"WA_ARCHETYPE_CALM","floor":33,"turns":4},{"damage":43,"enemies":"Orb Walker","floor":36,"turns":3},{"damage":42,"enemies":"downfall:FleeingMerchant","floor":37,"turns":3},{"damage":52,"enemies":"3 Darklings","floor":40,"turns":3},{"damage":67,"enemies":"Nemesis","floor":43,"turns":3},{"damage":50,"enemies":"Sphere and 2 Shapes","floor":46,"turns":3},{"damage":39,"enemies":"Reptomancer","floor":48,"turns":2},{"damage":38,"enemies":"4 Shapes","floor":49,"turns":3},{"damage":71,"enemies":"DF_ARCHETYPE_ORBS","floor":50,"turns":5},{"damage":44,"enemies":"downfall:CharBossMerchant","floor":52,"turns":3},{"damage":144,"enemies":"downfall:NeowBoss","floor":55,"turns":8},{"damage":98,"enemies":"downfall:NeowBossFinal","floor":56,"turns":6}],"seed_played":"6410289004980495764","potions_obtained":[{"floor":2,"key":"Fire Potion"},{"floor":4,"key":"Strength Potion"},{"floor":10,"key":"Slimebound:ThreeZeroPotion"},{"floor":12,"key":"SkillPotion"},{"floor":15,"key":"PowerPotion"},{"floor":22,"key":"ColorlessPotion"},{"floor":25,"key":"Dexterity Potion"},{"floor":31,"key":"champ:OpenerPotion"},{"floor":32,"key":"FairyPotion"},{"floor":33,"key":"Weak Potion"}],"is_trial":false,"path_per_floor":["R","M","M","M","$","E","T","R","M","E","R","E","R","M","M","B",null,"R","?","M","?","M","?","T","E","$","M","E","?","M","M","M","B",null,"R","M","$","?","?","M","T","?","E","R","$","M","R","E","M","B",null,"E","$","R","B","B",null],"character_chosen":"THE_CHAMP","items_purchased":["champ:FaceSlap","PreservedInsect","expansioncontent:QuickStudy+1","Toxic Egg 2","TungstenRod","Membership Card","champ:EndlessRage+1","champ:ShieldWall+1","HollowMod:PaleOreRelic","Secret Weapon+1","Bronze Scales"],"campfire_rested":1,"item_purchase_floors":[5,26,26,37,37,37,37,45,53,53,53],"current_hp_per_floor":[99,99,99,92,92,60,60,60,60,46,46,46,75,75,75,75,99,99,90,66,66,57,57,57,99,99,84,81,63,74,72,63,75,99,109,107,109,109,109,109,109,109,109,109,109,109,109,109,109,109,109,109,109,109,109,109],"gold":78,"neow_bonus":"TEN_PERCENT_HP_BONUS","is_daily":false,"chose_seed":false,"campfire_upgraded":5,"win_rate":0.0,"timestamp":1613979225,"path_taken":["R","M","M","M","$","E","T","R","M","E","R","E","R","M","M","BOSS","R","?","M","?","M","?","T","E","$","M","E","?","M","?","M","BOSS","R","M","$","?","?","M","T","?","E","R","$","M","R","E","M","BOSS","E","$","R","BOSS","BOSS"],"items_purchased_type":["Card","Relic","Card","Relic","Relic","Relic","Card","Card","Relic","Card","Relic"],"build_version":"2020-12-22","purchased_purges":4,"victory":true,"max_hp_per_floor":[99,99,99,99,99,99,99,99,99,99,99,99,99,99,99,99,99,99,99,99,99,99,99,99,99,99,99,99,99,99,99,99,99,99,109,109,109,109,109,109,109,109,109,109,109,109,109,109,109,109,109,109,109,109,109,109],"relic_stats":{"Sozu":3,"Nunchaku":[21],"Gremlin Horn":[11,11],"counters":[32,123],"Ornamental Fan":[40],"Bronze Scales":[32],"PreservedInsect":222,"Orichalcum":[12],"obtain_stats":[{"Lantern":6,"Gremlin Horn":38,"Vajra":25,"champ:ChampionCrown":0,"downfall:HeartBlessingGreen":8,"aspiration:Stabinomicon":28,"theForsaken:Gavel":48,"Sozu":34,"Nunchaku":7,"downfall:HeartBlessingBlue":35,"downfall:KnowingSkull":19,"aspiration:ArtOfWarUpgrade":44,"HollowMod:PaleOreRelic":53,"Toxic Egg 2":37,"downfall:HeartBlessingRed":35,"hubris:SphereOfDissonance":52,"PreservedInsect":26,"Frozen Egg 2":10,"Orichalcum":41,"aspiration:HiddenCompartment":12,"WarpedTongs":21,"Ornamental Fan":43,"Bronze Scales":53,"Art of War":23,"aspiration:RitualDagger":17,"Membership Card":37,"TungstenRod":37},{"Lantern":5,"Gremlin Horn":23,"Vajra":14,"champ:ChampionCrown":0,"downfall:HeartBlessingGreen":5,"aspiration:Stabinomicon":17,"theForsaken:Gavel":27,"Sozu":21,"Nunchaku":5,"downfall:HeartBlessingBlue":21,"downfall:KnowingSkull":11,"aspiration:ArtOfWarUpgrade":25,"HollowMod:PaleOreRelic":30,"Toxic Egg 2":23,"downfall:HeartBlessingRed":21,"hubris:SphereOfDissonance":30,"PreservedInsect":15,"Frozen Egg 2":7,"Orichalcum":24,"aspiration:HiddenCompartment":8,"WarpedTongs":12,"Ornamental Fan":25,"Bronze Scales":30,"Art of War":13,"aspiration:RitualDagger":11,"Membership Card":23,"TungstenRod":23},{"Lantern":24,"Gremlin Horn":87,"Vajra":57,"champ:ChampionCrown":0,"downfall:HeartBlessingGreen":24,"aspiration:Stabinomicon":67,"theForsaken:Gavel":98,"Sozu":81,"Nunchaku":24,"downfall:HeartBlessingBlue":81,"downfall:KnowingSkull":45,"aspiration:ArtOfWarUpgrade":93,"HollowMod:PaleOreRelic":109,"Toxic Egg 2":87,"downfall:HeartBlessingRed":81,"hubris:SphereOfDissonance":109,"PreservedInsect":61,"Frozen Egg 2":30,"Orichalcum":90,"aspiration:HiddenCompartment":35,"WarpedTongs":49,"Ornamental Fan":93,"Bronze Scales":109,"Art of War":51,"aspiration:RitualDagger":45,"Membership Card":87,"TungstenRod":87}],"TungstenRod":165,"WarpedTongs":[72]},"card_choices":[{"not_picked":["champ:BringItOn","champ:EndlessRage"],"picked":"champ:BladeFlurry","floor":2},{"not_picked":["champ:Lariat","champ:BerserkersShout"],"picked":"champ:Encircle","floor":3},{"not_picked":["champ:Haymaker","champ:Parry"],"picked":"champ:Lariat","floor":4},{"not_picked":["champ:SkillfulDodge","champ:FocusedBerserking"],"picked":"champ:AdrenalArmor","floor":5},{"not_picked":["champ:ArenaPreparation","champ:FanOfKnives"],"picked":"champ:Endure","floor":6},{"not_picked":["champ:GladiatorForm","champ:GladiatorStyle"],"picked":"champ:FanOfKnives","floor":9},{"not_picked":["champ:RisingSlash","champ:SkillfulDodge"],"picked":"champ:IronFortress+1","floor":10},{"not_picked":["champ:PreciseThrust","champ:FlashCut"],"picked":"champ:Shatter","floor":12},{"not_picked":["champ:PreemptiveStrike","champ:BerserkersShout"],"picked":"champ:IronFortress+1","floor":14},{"not_picked":["champ:AdrenalArmor","champ:CrownThrow"],"picked":"champ:FanOfKnives","floor":15},{"not_picked":["champ:UltimateStance","champ:SwordThrow"],"picked":"champ:Improvising+1","floor":16},{"not_picked":["champ:Circumvent+1","champ:PerfectedStrike","champ:CrownThrow+1"],"picked":"SKIP","floor":20},{"not_picked":["champ:DefensiveShout+1","champ:FlashCut"],"picked":"champ:AdrenalArmor+1","floor":22},{"not_picked":["champ:BringItOn","champ:GladiatorStyle+1"],"picked":"champ:ArenaPreparation+1","floor":25},{"not_picked":["champ:RisingSlash","champ:Parry+1","champ:Shatter"],"picked":"SKIP","floor":26},{"not_picked":["champ:DeathBlow","champ:BerserkersShout"],"picked":"champ:PreciseThrust+1","floor":27},{"not_picked":["champ:Encircle","champ:Circumvent"],"picked":"champ:MurderStrike","floor":28},{"not_picked":["champ:BringItOn","champ:FlashCut"],"picked":"champ:FocusedBerserking","floor":30},{"not_picked":["champ:RapidStrikes","champ:Duel","champ:EnGarde"],"picked":"SKIP","floor":31},{"not_picked":["champ:Lariat","champ:CrownThrow","champ:Backstep"],"picked":"SKIP","floor":32},{"not_picked":["champ:MurderStrike","champ:DancingMaster+1"],"picked":"champ:GladiatorForm+1","floor":33},{"not_picked":["champ:Haymaker","champ:Backstep"],"picked":"champ:BerserkersShout","floor":36},{"not_picked":["champ:Circumvent+1","champ:PreemptiveStrike+1","champ:SetATrap+1"],"picked":"SKIP","floor":37},{"not_picked":["champ:EnGarde+1","champ:BerserkersShout+1"],"picked":"champ:AdrenalArmor+1","floor":40},{"not_picked":["champ:GutPunch","champ:EnragedBash"],"picked":"champ:BerserkersShout+1","floor":43},{"not_picked":["champ:Duel","champ:TornadoPunch+1"],"picked":"champ:AdrenalArmor+1","floor":46},{"not_picked":["champ:Parry+1","champ:SteelEdge"],"picked":"champ:EndlessRage+1","floor":48},{"not_picked":["champ:SkillfulDodge+1","champ:RisingSlash+1","champ:CrookedStrike"],"picked":"SKIP","floor":49},{"not_picked":["champ:FocusedBerserking+1","champ:PreciseThrust","champ:FlashCut"],"picked":"SKIP","floor":52}],"player_experience":319766,"relics_obtained":[{"floor":6,"key":"Lantern"},{"floor":7,"key":"Nunchaku"},{"floor":10,"key":"Frozen Egg 2"},{"floor":12,"key":"aspiration:HiddenCompartment"},{"floor":23,"key":"Art of War"},{"floor":25,"key":"Vajra"},{"floor":28,"key":"aspiration:Stabinomicon"},{"floor":38,"key":"Gremlin Horn"},{"floor":41,"key":"Orichalcum"},{"floor":43,"key":"Ornamental Fan"},{"floor":48,"key":"theForsaken:Gavel"},{"floor":52,"key":"hubris:SphereOfDissonance"}],"event_choices":[{"damage_healed":0,"gold_gain":0,"player_choice":"Rummage","damage_taken":0,"relics_obtained":["WarpedTongs"],"max_hp_gain":0,"max_hp_loss":0,"event_name":"Accursed Blacksmith","floor":21,"gold_loss":0,"cards_obtained":["Pain"]},{"damage_healed":0,"gold_gain":0,"player_choice":"Relic","damage_taken":0,"max_hp_gain":0,"max_hp_loss":0,"event_name":"Wheel of Change","floor":23,"gold_loss":0}],"is_beta":false,"boss_relics":[{"not_picked":["hubris:RunicObelisk","Busted Crown"],"picked":"aspiration:RitualDagger"},{"not_picked":["aspiration:DefectSkillbook","Black Star"],"picked":"Sozu"}],"items_purged_floors":[26,37,45,53],"is_endless":false,"potions_floor_spawned":[2,4,10,12,15,22,25,31,32,33,36,46,48],"ascension_level":0}}