{"host":"prxrhpgaxnj4om9r","time":1613990299,"event":{"mods":["AchievementEnabler","BaseMod","Colored Map","DeckTracker","Minty Spire (QoL Compilation)"],"gold_per_floor":[110,69,244,244,255,284,284,302,302,316,316,316,329,363,363,461,461,478,478,89,69,80,110,110,138,138,152,0,0,0,20,20,122,122,138,149,149,149,149],"floor_reached":38,"language":"KOR","playtime":1405,"items_purged":[],"score":549,"play_id":"e0556622-01b6-4adc-83ed-dcec0a84b969","local_time":"20210222193819","is_ascension_mode":true,"campfire_choices":[{"data":"Genetic Algorithm","floor":7,"key":"SMITH"},{"floor":12,"key":"REST"},{"data":"Zap","floor":15,"key":"SMITH"},{"data":"Recycle","floor":24,"key":"SMITH"},{"floor":29,"key":"REST"},{"data":"Storm","floor":32,"key":"SMITH"}],"circlet_count":0,"master_deck":["Zap+1","Dualcast","Meteor Strike","Sweeping Beam","Capacitor","Beam Cell","Genetic Algorithm+1","Self Repair","Streamline","Go for the Eyes","Conserve Battery","Buffer","Hello World","Core Surge","Turbo","Gash","Ball Lightning+1","Reboot","Heatsinks","Meteor Strike+1","Barrage+1","Recycle+1","Melter","Storm+1","Hologram","Creative AI","Hologram+1","Stack+1","Flash of Steel"],"relics":["Cracked Core","Meat on the Bone","Pantograph","Symbiotic Virus","Letter Opener","Pandora\u0027s Box","Runic Capacitor","Mummified Hand","Tiny Chest","Bronze Scales","Gremlin Horn","Whetstone","Black Star"],"acts_visited":["Exordium","TheCity","TheBeyond"],"potions_floor_usage":[6,13,16,16,23,23,31,33,38],"damage_taken":[{"damage":0,"enemies":"Small Slimes","floor":1,"turns":3},{"damage":2,"enemies":"2 Louse","floor":5,"turns":2},{"damage":35,"enemies":"Lagavulin","floor":6,"turns":5},{"damage":0,"enemies":"Cultist","floor":8,"turns":3},{"damage":13,"enemies":"Looter","floor":10,"turns":3},{"damage":9,"enemies":"2 Fungi Beasts","floor":13,"turns":3},{"damage":24,"enemies":"Gremlin Nob","floor":14,"turns":4},{"damage":6,"enemies":"Slime Boss","floor":16,"turns":5},{"damage":34,"enemies":"3 Byrds","floor":18,"turns":5},{"damage":0,"enemies":"Chosen","floor":22,"turns":3},{"damage":9,"enemies":"Slavers","floor":23,"turns":3},{"damage":42,"enemies":"Gremlin Leader","floor":25,"turns":7},{"damage":10,"enemies":"3 Cultists","floor":27,"turns":3},{"damage":0,"enemies":"Snecko","floor":31,"turns":2},{"damage":18,"enemies":"Champ","floor":33,"turns":5},{"damage":31,"enemies":"3 Darklings","floor":35,"turns":3},{"damage":0,"enemies":"Orb Walker","floor":36,"turns":3},{"damage":58,"enemies":"Writhing Mass","floor":38,"turns":3}],"seed_played":"4853082385547271177","potions_obtained":[{"floor":5,"key":"Fire Potion"},{"floor":10,"key":"AttackPotion"},{"floor":13,"key":"DistilledChaos"},{"floor":14,"key":"AttackPotion"},{"floor":21,"key":"EssenceOfSteel"},{"floor":22,"key":"Block Potion"},{"floor":23,"key":"FocusPotion"},{"floor":25,"key":"SteroidPotion"},{"floor":33,"key":"Ancient Potion"},{"floor":36,"key":"FearPotion"}],"is_trial":false,"path_per_floor":["M","$","?","?","M","E","R","M","T","M","?","R","M","E","R","B",null,"M","?","$","?","M","E","R","E","T","M","$","R","?","M","R","B",null,"M","M","?","M"],"character_chosen":"DEFECT","items_purchased":["Capacitor","Runic Capacitor","Mummified Hand","Whetstone"],"campfire_rested":2,"item_purchase_floors":[2,20,20,28],"current_hp_per_floor":[68,68,68,68,66,31,31,43,43,49,31,53,51,46,46,72,74,47,47,47,47,54,52,52,29,29,38,38,60,60,60,60,64,72,48,48,48,0,0],"gold":149,"neow_bonus":"ONE_RANDOM_RARE_CARD","is_daily":false,"chose_seed":false,"campfire_upgraded":4,"win_rate":0.0,"timestamp":1613990299,"path_taken":["M","$","?","?","?","E","R","M","T","M","?","R","M","E","R","BOSS","M","?","$","?","M","E","R","E","T","?","$","R","?","M","R","BOSS","M","M","?","M"],"items_purchased_type":["Card","Relic","Relic","Relic"],"build_version":"2020-12-22","purchased_purges":0,"victory":false,"max_hp_per_floor":[75,75,75,75,75,75,75,75,75,75,75,75,75,75,75,75,75,75,75,75,75,75,75,75,75,75,75,75,75,75,75,75,75,75,75,75,75,75,75],"card_choices":[{"not_picked":["Streamline","Stack"],"picked":"Sweeping Beam","floor":1},{"not_picked":["Rebound","Coolheaded"],"picked":"Beam Cell","floor":5},{"not_picked":["Reprogram","Streamline"],"picked":"Genetic Algorithm","floor":6},{"not_picked":["Recycle","Rainbow"],"picked":"Self Repair","floor":8},{"not_picked":["Conserve Battery","Sweeping Beam"],"picked":"Streamline","floor":10},{"not_picked":["Rebound","Coolheaded"],"picked":"Go for the Eyes","floor":13},{"not_picked":["Gash","Force Field"],"picked":"Conserve Battery","floor":14},{"not_picked":["Amplify","Meteor Strike"],"picked":"Buffer","floor":16},{"not_picked":["Coolheaded","Streamline"],"picked":"Barrage+1","floor":18},{"not_picked":["Sweeping Beam","Blizzard","FTL"],"picked":"SKIP","floor":22},{"not_picked":["Buffer","Ball Lightning"],"picked":"Recycle","floor":23},{"not_picked":["Coolheaded","Conserve Battery"],"picked":"Melter","floor":25},{"not_picked":["Glacier+1","Stack"],"picked":"Storm","floor":27},{"not_picked":["Turbo","Sweeping Beam+1"],"picked":"Hologram","floor":31},{"not_picked":["All For One","Reboot"],"picked":"Creative AI","floor":33},{"not_picked":["Go for the Eyes","FTL"],"picked":"Hologram+1","floor":35},{"not_picked":["Force Field","Cold Snap+1"],"picked":"Stack+1","floor":36},{"not_picked":["Magnetism","Secret Technique"],"picked":"Flash of Steel","floor":37}],"player_experience":592438,"relics_obtained":[{"floor":6,"key":"Meat on the Bone"},{"floor":9,"key":"Pantograph"},{"floor":14,"key":"Letter Opener"},{"floor":23,"key":"Tiny Chest"},{"floor":25,"key":"Bronze Scales"},{"floor":26,"key":"Gremlin Horn"}],"event_choices":[{"damage_healed":0,"gold_gain":175,"player_choice":"AGREE","damage_taken":0,"max_hp_gain":0,"max_hp_loss":0,"event_name":"Liars Game","floor":3,"gold_loss":0,"cards_obtained":["Doubt"]},{"cards_removed":["Doubt"],"damage_healed":0,"gold_gain":0,"player_choice":"Purged","damage_taken":0,"max_hp_gain":0,"max_hp_loss":0,"event_name":"Purifier","floor":4,"gold_loss":0},{"damage_healed":0,"gold_gain":0,"player_choice":"Success","damage_taken":18,"relics_obtained":["Symbiotic Virus"],"max_hp_gain":0,"max_hp_loss":0,"event_name":"Scrap Ooze","floor":11,"gold_loss":0},{"damage_healed":0,"gold_gain":0,"player_choice":"Ignored","damage_taken":0,"max_hp_gain":0,"max_hp_loss":0,"event_name":"Vampires","floor":19,"gold_loss":0},{"damage_healed":0,"gold_gain":0,"player_choice":"Bought 1 Potion","damage_taken":0,"max_hp_gain":0,"max_hp_loss":0,"event_name":"The Woman in Blue","floor":21,"gold_loss":0},{"damage_healed":0,"gold_gain":0,"player_choice":"Memory 1","damage_taken":0,"max_hp_gain":0,"max_hp_loss":0,"event_name":"SensoryStone","floor":37,"gold_loss":0}],"is_beta":false,"boss_relics":[{"not_picked":["Busted Crown","Fusion Hammer"],"picked":"Pandora\u0027s Box"},{"not_picked":["Velvet Choker","Nuclear Battery"],"picked":"Black Star"}],"items_purged_floors":[],"is_endless":false,"potions_floor_spawned":[5,10,13,14,22,23,25,33,36],"killed_by":"Writhing Mass","ascension_level":6}}