{"host":"ydh61a5ftgdajrbo","time":1613999862,"event":{"mods":["BaseMod","Colored Map","Colored Powertips","DeckTracker","Downfall","Hermit","Koishi","Minty Spire (QoL Compilation)","Prisma Mod","Relic Stats","Spire Arcade","StSLib","SuperFastMode","The Cursed","The Jungle","The Mystic","The Runesmith","The Senshi","The Servant 0.9.4"],"gold_per_floor":[113,113,113,213,226,256,256,256,256,270,270,300,300,15,15,92,92,107,124,142,142,192,192,212,246,273,273,301,321,346,364,364,440,440,456,456,330,330,348,374,387,413,436,471,488,488,488,4,4,4,4],"floor_reached":52,"language":"ZHS","playtime":2047,"items_purged":["Defend_G","Decay"],"score":2092,"play_id":"d6d32679-2c93-4b94-b039-c20ad052a6f1","local_time":"20210222211742","is_ascension_mode":true,"campfire_choices":[{"data":"1","floor":8.0,"key":"LIFT"},{"data":"Blade Dance","floor":11.0,"key":"SMITH"},{"data":"2","floor":13.0,"key":"LIFT"},{"floor":15.0,"key":"REST"},{"data":"Dash","floor":23.0,"key":"SMITH"},{"data":"Footwork","floor":27.0,"key":"SMITH"},{"floor":32.0,"key":"REST"},{"floor":49.0,"key":"REST"}],"circlet_count":0,"master_deck":["AscendersBane","Strike_G","Strike_G","Strike_G","Defend_G","Defend_G","Defend_G","Defend_G","Survivor","Neutralize","Quick Slash","Dash+1","Blade Dance+1","Slice","Storm of Steel","Terror","Dagger Throw+1","Footwork+1","PiercingWail","Blade Dance","Deflect+1","Dodge and Roll","Adrenaline","Slice+1","Panache","Backflip","Blade Dance","Blur+1","Sucker Punch+1","Backflip","After Image","Infinite Blades","Accuracy"],"relics":["WristBlade","The Courier","Girya","Pear","Thread and Needle","Ginger","Paper Crane","sneckomod:SneckoTalon","Pen Nib","Strawberry","Gremlin Horn","Bag of Preparation","expansioncontent:StudyCardRelic","Incense Burner","Singing Bowl","hexamod:BolsterEngine","Juzu Bracelet","Runesmith:Nanobots","InkBottle","Ornamental Fan"],"acts_visited":["Exordium","TheCity","TheBeyond"],"potions_floor_usage":[],"damage_taken":[{"damage":1.0,"enemies":"Cultist","floor":1.0,"turns":4.0},{"damage":13.0,"enemies":"Small Slimes","floor":5.0,"turns":4.0},{"damage":22.0,"enemies":"3 Sentries","floor":6.0,"turns":11.0},{"damage":0.0,"enemies":"Jaw Worm","floor":10.0,"turns":3.0},{"damage":36.0,"enemies":"Hexaghost","floor":16.0,"turns":9.0},{"damage":0.0,"enemies":"3 Byrds","floor":18.0,"turns":4.0},{"damage":10.0,"enemies":"Shell Parasite","floor":19.0,"turns":3.0},{"damage":21.0,"enemies":"Shelled Parasite and Fungi","floor":20.0,"turns":4.0},{"damage":1.0,"enemies":"3 Cultists","floor":24.0,"turns":4.0},{"damage":0.0,"enemies":"Gremlin Leader","floor":25.0,"turns":3.0},{"damage":18.0,"enemies":"Book of Stabbing","floor":28.0,"turns":4.0},{"damage":6.0,"enemies":"Cultist and Chosen","floor":29.0,"turns":5.0},{"damage":0.0,"enemies":"Slavers","floor":30.0,"turns":3.0},{"damage":0.0,"enemies":"Centurion and Healer","floor":31.0,"turns":2.0},{"damage":15.0,"enemies":"Automaton","floor":33.0,"turns":8.0},{"damage":2.0,"enemies":"3 Darklings","floor":35.0,"turns":3.0},{"damage":0.0,"enemies":"Orb Walker","floor":39.0,"turns":2.0},{"damage":0.0,"enemies":"Giant Head","floor":40.0,"turns":4.0},{"damage":26.0,"enemies":"Maw","floor":41.0,"turns":3.0},{"damage":4.0,"enemies":"Nemesis","floor":42.0,"turns":5.0},{"damage":14.0,"enemies":"Reptomancer","floor":44.0,"turns":3.0},{"damage":0.0,"enemies":"Jaw Worm Horde","floor":45.0,"turns":3.0},{"damage":7.0,"enemies":"Time Eater","floor":50.0,"turns":8.0},{"damage":15,"enemies":"Awakened One","floor":51,"turns":9}],"seed_played":"-4978400967464084188","potions_obtained":[{"floor":10.0,"key":"GamblersBrew"},{"floor":18.0,"key":"CultistPotion"},{"floor":20.0,"key":"Energy Potion"},{"floor":28.0,"key":"Energy Potion"},{"floor":30.0,"key":"Fire Potion"},{"floor":35.0,"key":"SpeedPotion"},{"floor":39.0,"key":"Fire Potion"},{"floor":45.0,"key":"BlessingOfTheForge"}],"is_trial":false,"path_per_floor":["M","T","?","?","M","E","?","R","T","M","R","?","R","$","R","B",null,"M","M","M","?","?","R","M","E","T","R","E","M","E","M","R","B",null,"M","?","$","?","M","E","M","E","T","E","M","T","?","$","R","B","B",null],"character_chosen":"THE_SILENT","items_purchased":["Paper Crane","Backflip","InkBottle","Ornamental Fan","Accuracy"],"campfire_rested":3,"item_purchase_floors":[14,37,48,48,48],"current_hp_per_floor":[58,58,63,63,50,38,38,38,38,38,38,38,38,38,62,26,67,67,57,36,36,36,36,35,35,42,42,24,18,18,18,44,29,73,71,71,71,71,71,71,45,41,41,27,27,27,27,27,52,45,30],"gold":4,"neow_bonus":"BOSS_RELIC","is_daily":false,"chose_seed":false,"campfire_upgraded":3,"win_rate":0.0,"timestamp":1613999862,"path_taken":["M","?","?","?","?","E","?","R","T","M","R","?","R","$","R","BOSS","M","M","M","?","?","R","M","E","T","R","E","?","E","M","R","BOSS","M","?","$","?","M","E","M","E","T","E","M","?","?","$","R","BOSS","BOSS"],"items_purchased_type":["Relic","Card","Relic","Relic","Card"],"build_version":"2020-12-22","purchased_purges":2,"victory":true,"max_hp_per_floor":[66,66,71,71,71,81,81,81,81,81,81,81,81,81,81,81,81,81,81,81,81,81,81,81,81,88,88,88,88,88,88,88,88,88,88,88,88,88,88,88,88,88,88,88,88,88,84,84,84,84,84],"relic_stats":{"Gremlin Horn":[17,17],"Singing Bowl":0,"counters":[24,111],"Ornamental Fan":[64],"Pen Nib":[26],"Bag of Preparation":[22],"Juzu Bracelet":1,"Ginger":[11],"obtain_stats":[{"Girya":4,"Runesmith:Nanobots":46,"Pear":6,"Gremlin Horn":28,"Singing Bowl":42,"Thread and Needle":9,"The Courier":2,"Pen Nib":25,"Bag of Preparation":30,"expansioncontent:StudyCardRelic":34,"Incense Burner":40,"Juzu Bracelet":44,"Ginger":12,"Paper Crane":14,"sneckomod:SneckoTalon":17,"WristBlade":0,"Ornamental Fan":48,"Strawberry":26,"hexamod:BolsterEngine":43,"InkBottle":48,"Ring of the Snake":0},{"Girya":1,"Runesmith:Nanobots":22,"Pear":3,"Gremlin Horn":11,"Singing Bowl":20,"Thread and Needle":3,"The Courier":1,"Pen Nib":10,"Bag of Preparation":13,"expansioncontent:StudyCardRelic":15,"Incense Burner":18,"Juzu Bracelet":21,"Ginger":4,"Paper Crane":4,"sneckomod:SneckoTalon":5,"WristBlade":0,"Ornamental Fan":22,"Strawberry":10,"hexamod:BolsterEngine":20,"InkBottle":22,"Ring of the Snake":0},{"Girya":4,"Runesmith:Nanobots":94,"Pear":19,"Gremlin Horn":53,"Singing Bowl":88,"Thread and Needle":19,"The Courier":4,"Pen Nib":49,"Bag of Preparation":61,"expansioncontent:StudyCardRelic":71,"Incense Burner":80,"Juzu Bracelet":91,"Ginger":22,"Paper Crane":22,"sneckomod:SneckoTalon":31,"WristBlade":0,"Ornamental Fan":94,"Strawberry":49,"hexamod:BolsterEngine":88,"InkBottle":94,"Ring of the Snake":0}],"InkBottle":[9]},"card_choices":[{"not_picked":["Underhanded Strike","Deadly Poison"],"picked":"Quick Slash","floor":1.0},{"not_picked":["Underhanded Strike","Skewer"],"picked":"Dash","floor":5.0},{"not_picked":["Poisoned Stab","Quick Slash"],"picked":"Blade Dance","floor":6.0},{"not_picked":["Deadly Poison","Expertise"],"picked":"Slice","floor":10.0},{"not_picked":["A Thousand Cuts","Malaise"],"picked":"Storm of Steel","floor":16.0},{"not_picked":["Flying Knee","Reflex"],"picked":"Terror","floor":18.0},{"not_picked":["Quick Slash","All Out Attack"],"picked":"Dagger Throw+1","floor":19.0},{"not_picked":["Setup+1","Deflect"],"picked":"Footwork","floor":20.0},{"not_picked":["Outmaneuver","Well Laid Plans","Eviscerate"],"picked":"SKIP","floor":24.0},{"not_picked":["Flying Knee","Die Die Die"],"picked":"PiercingWail","floor":25.0},{"not_picked":["Deadly Poison","Catalyst","Poisoned Stab"],"picked":"SKIP","floor":28.0},{"not_picked":["Underhanded Strike","Dagger Spray"],"picked":"Blade Dance","floor":29.0},{"not_picked":["Catalyst","Dagger Throw"],"picked":"Deflect+1","floor":30.0},{"not_picked":["Poisoned Stab","Tactician"],"picked":"Dodge and Roll","floor":31.0},{"not_picked":["Die Die Die","Wraith Form v2"],"picked":"Adrenaline","floor":33.0},{"not_picked":["Terror","Caltrops"],"picked":"Slice+1","floor":35.0},{"not_picked":["Transmutation","HandOfGreed"],"picked":"Panache","floor":36.0},{"not_picked":["Bane","Deflect"],"picked":"Blade Dance","floor":39.0},{"not_picked":["Wraith Form v2","Deflect+1"],"picked":"Blur+1","floor":40.0},{"not_picked":["Bane","Eviscerate"],"picked":"Sucker Punch+1","floor":41.0},{"not_picked":["Blur+1","Outmaneuver"],"picked":"Backflip","floor":42.0},{"not_picked":["Terror","Underhanded Strike+1"],"picked":"After Image","floor":44.0},{"not_picked":["Reflex","Backflip"],"picked":"Infinite Blades","floor":45.0}],"player_experience":418038,"relics_obtained":[{"floor":2.0,"key":"The Courier"},{"floor":6.0,"key":"Pear"},{"floor":9.0,"key":"Thread and Needle"},{"floor":25.0,"key":"Pen Nib"},{"floor":26.0,"key":"Strawberry"},{"floor":28.0,"key":"Gremlin Horn"},{"floor":30.0,"key":"Bag of Preparation"},{"floor":40.0,"key":"Incense Burner"},{"floor":42.0,"key":"Singing Bowl"},{"floor":43.0,"key":"hexamod:BolsterEngine"},{"floor":44.0,"key":"Juzu Bracelet"},{"floor":46.0,"key":"Runesmith:Nanobots"}],"event_choices":[{"damage_healed":0.0,"max_hp_gain":5.0,"max_hp_loss":0.0,"gold_gain":0.0,"event_name":"Big Fish","player_choice":"Donut","floor":3.0,"gold_loss":0.0,"damage_taken":0.0},{"cards_removed":["Strike_G"],"damage_healed":0.0,"max_hp_gain":0.0,"max_hp_loss":0.0,"gold_gain":0.0,"event_name":"Living Wall","player_choice":"Forget","floor":7.0,"gold_loss":0.0,"damage_taken":0.0},{"damage_healed":0.0,"max_hp_gain":0.0,"max_hp_loss":0.0,"gold_gain":30.0,"event_name":"Dead Adventurer","player_choice":"Searched \u00272\u0027 times","floor":12.0,"gold_loss":0.0,"damage_taken":0.0,"relics_obtained":["Ginger"]},{"damage_healed":0.0,"max_hp_gain":0.0,"max_hp_loss":0.0,"gold_gain":0.0,"event_name":"Forgotten Altar","player_choice":"Smashed Altar","floor":21.0,"gold_loss":0.0,"damage_taken":0.0,"cards_obtained":["Decay"]},{"damage_healed":0.0,"max_hp_gain":0.0,"max_hp_loss":0.0,"gold_gain":100.0,"event_name":"The Joust","player_choice":"Bet on Murderer","floor":22.0,"gold_loss":50.0,"damage_taken":0.0},{"damage_healed":0.0,"max_hp_gain":0.0,"max_hp_loss":0.0,"gold_gain":0.0,"event_name":"SensoryStone","player_choice":"Memory 1","floor":36.0,"gold_loss":0.0,"damage_taken":0.0},{"cards_removed":["Strike_G"],"damage_healed":0.0,"max_hp_gain":0.0,"max_hp_loss":0.0,"gold_gain":0.0,"event_name":"Falling","player_choice":"Removed Attack","floor":38.0,"gold_loss":0.0,"damage_taken":0.0},{"damage_healed":0.0,"max_hp_gain":0.0,"max_hp_loss":4.0,"gold_gain":0.0,"event_name":"Winding Halls","player_choice":"Max HP","floor":47.0,"gold_loss":0.0,"damage_taken":0.0}],"is_beta":false,"boss_relics":[{"not_picked":["Runic Dome","SlaversCollar"],"picked":"sneckomod:SneckoTalon"},{"not_picked":["Tiny House","Empty Cage"],"picked":"expansioncontent:StudyCardRelic"}],"items_purged_floors":[14,37],"is_endless":false,"potions_floor_spawned":[10,18,20,28,30,31,35,39,45],"ascension_level":20}}