{"host":"tvwbxqry54t86y0v","time":1613960805,"event":{"mods":["2.2 Compatiblity","A Magickal Journey","Act Like it!","Arknights","Astrologer","BaseMod","Beaked The Cultist","BetterRewards","Block Reminder","Clockwork Mod","Colored Powertips","DeckTracker","Downfall","Fiend Mod","GungeonMod","Hermit","Hubris","Infinite Spire","Ironclad Rager","JesterMod","Marked Mod","Mimic Mod","Minty Spire (QoL Compilation)","Potionbrewer","Reliquary","Replay The Spire","Robot Space Explorer","Shade Mod","Somnambulant","StSLib","The Bug Knight","The Cursed","The Death Knight","The Druid","The Elementalist","The Exalted","The Forsaken","The Hierophant","The Jungle","The Marked","The Mystic","The Problem Sleuth","The Runesmith","The Senshi","The Spell Scribe","The Valiant","The Wild Card","TheFirefly","TheHeartMod","TheVacant","Unceasing Turn Reminder","thorton"],"gold_per_floor":[109,109,109,129,148,176,176,202,202,202,275,275,303,328,328,433,433,433,348,348,348,348,348,348,348,348,348,348],"floor_reached":27,"language":"ENG","playtime":1501,"items_purged":[],"score":250,"play_id":"9022d541-f9e1-4b87-a206-126ea54afe01","local_time":"20210222132645","is_ascension_mode":false,"campfire_choices":[{"data":"jesterMod:LightTheWick","floor":7,"key":"SMITH"},{"data":"jesterMod:DancingMad","floor":10,"key":"SMITH"},{"floor":15,"key":"REST"},{"floor":24,"key":"REST"}],"circlet_count":0,"master_deck":["jesterMod:Strike","jesterMod:Strike","jesterMod:Strike","jesterMod:Strike","jesterMod:Sickle","jesterMod:Defend","jesterMod:Defend","jesterMod:Defend","jesterMod:Defend","jesterMod:Dodge","jesterMod:Loot","ReplayTheSpireMod:Splinters","jesterMod:LightTheWick+1","jesterMod:DancingMad+1","jesterMod:Frenzy","jesterMod:Prankster","jesterMod:Feint","jesterMod:ButterflyDance","jesterMod:Disposophobia+1","jesterMod:Strike","jesterMod:LaughingGas","jesterMod:Precipitation"],"relics":["jesterMod:JesterCap","NeowsBlessing","reliquary:BoilingFlask","reliquary:PartyBalloon","hubris:MedicalManual","Replay:Grab Bag","Ectoplasm","Replay:Wanted Poster","DemoMod:RiddleOfLead","reliquary:TuningFork","MealTicket","Oddly Smooth Stone","Mercury Hourglass"],"acts_visited":["Exordium","TheCity"],"potions_floor_usage":[11,13,16,16,27],"damage_taken":[{"damage":0,"enemies":"ats:Genji","floor":1,"turns":1},{"damage":0,"enemies":"Jaw Worm","floor":4,"turns":1},{"damage":0,"enemies":"Small Slimes","floor":5,"turns":1},{"damage":9,"enemies":"3 Louse","floor":6,"turns":4},{"damage":1,"enemies":"Looter","floor":8,"turns":5},{"damage":0,"enemies":"Gremlin Nob","floor":11,"turns":2},{"damage":0,"enemies":"2 Fungi Beasts","floor":13,"turns":4},{"damage":31,"enemies":"Exordium Thugs","floor":14,"turns":6},{"damage":43,"enemies":"Hexaghost","floor":16,"turns":14},{"damage":12,"enemies":"Spheric Guardian","floor":18,"turns":4},{"damage":10,"enemies":"Cultist and Chosen","floor":22,"turns":4},{"damage":49,"enemies":"Nightmare","floor":23,"turns":11},{"damage":29,"enemies":"Snake Plant","floor":25,"turns":4},{"damage":12,"enemies":"Centurion and Healer","floor":27,"turns":3}],"seed_played":"-6708761006220498605","potions_obtained":[{"floor":4,"key":"Ancient Potion"},{"floor":6,"key":"Adrenaline Potion"},{"floor":8,"key":"AttackPotion"},{"floor":11,"key":"hexamod:SoulburnPotion"},{"floor":14,"key":"Block Potion"},{"floor":25,"key":"potionbrewer:BarricadePotion"}],"is_trial":false,"path_per_floor":["M","?","?","M","M","M","R","M","T","R","?","?","M","M","R","B",null,"M","?","?","?","M","NM","R","M","T","M"],"character_chosen":"THE_JESTER","items_purchased":[],"campfire_rested":2,"item_purchase_floors":[],"current_hp_per_floor":[70,70,75,75,75,66,66,65,65,65,65,53,53,22,44,1,85,73,73,73,73,63,14,39,10,10,0,0],"gold":348,"neow_bonus":"THREE_ENEMY_KILL","is_daily":false,"chose_seed":false,"campfire_upgraded":2,"win_rate":0.0,"timestamp":1613960805,"path_taken":["M","?","?","?","M","M","R","M","T","R","?","?","M","M","R","BOSS","M","?","?","?","M","NM","R","M","T","M"],"items_purchased_type":[],"build_version":"2020-12-22","purchased_purges":0,"victory":false,"max_hp_per_floor":[70,70,75,75,75,75,75,75,75,75,75,75,75,75,75,75,85,85,85,85,85,85,85,85,85,85,85,85],"card_choices":[{"not_picked":["jesterMod:DancingMad","jesterMod:ButterKnife"],"picked":"jesterMod:Loot","floor":1},{"not_picked":["jesterMod:Procrastination","jesterMod:Hide","jesterMod:TrickyDodge"],"picked":"SKIP","floor":4},{"not_picked":["jesterMod:Anticipation","jesterMod:Swiftness"],"picked":"jesterMod:LightTheWick","floor":5},{"not_picked":["jesterMod:Twirl","jesterMod:Patience"],"picked":"jesterMod:DancingMad","floor":6},{"not_picked":["jesterMod:Inspiration","jesterMod:RecklessStrike","jesterMod:Disposophobia"],"picked":"SKIP","floor":8},{"not_picked":["jesterMod:Loot","jesterMod:Rebuff"],"picked":"jesterMod:Frenzy","floor":11},{"not_picked":["jesterMod:Patience","jesterMod:TrickyDodge"],"picked":"jesterMod:Prankster","floor":13},{"not_picked":["jesterMod:SelfMockery","jesterMod:Twirl"],"picked":"jesterMod:Feint","floor":14},{"not_picked":["jesterMod:ExperimentalTreatment","jesterMod:Frustration"],"picked":"jesterMod:ButterflyDance","floor":16},{"not_picked":["jesterMod:Exasperation","jesterMod:Dilapidation"],"picked":"jesterMod:Disposophobia+1","floor":18},{"not_picked":["jesterMod:TrickyDodge","jesterMod:Patience"],"picked":"jesterMod:Precipitation","floor":22},{"not_picked":["jesterMod:BoilDown","jesterMod:ButterKnife","jesterMod:Procrastination"],"picked":"SKIP","floor":23},{"not_picked":["jesterMod:Hide","jesterMod:JackInTheBox","jesterMod:DesperateStrike+1"],"picked":"SKIP","floor":25}],"player_experience":1169298,"relics_obtained":[{"floor":9,"key":"reliquary:BoilingFlask"},{"floor":23,"key":"Oddly Smooth Stone"},{"floor":26,"key":"Mercury Hourglass"}],"event_choices":[{"damage_healed":0,"gold_gain":0,"player_choice":"Donut","damage_taken":0,"max_hp_gain":5,"max_hp_loss":0,"event_name":"Big Fish","floor":3,"gold_loss":0},{"damage_healed":0,"gold_gain":0,"player_choice":"Searched \u00273\u0027 times","damage_taken":0,"relics_obtained":["reliquary:PartyBalloon"],"max_hp_gain":0,"max_hp_loss":0,"event_name":"Dead Adventurer","floor":11,"gold_loss":0},{"damage_healed":0,"gold_gain":0,"player_choice":"Success","damage_taken":12,"relics_obtained":["hubris:MedicalManual"],"max_hp_gain":0,"max_hp_loss":0,"event_name":"Scrap Ooze","floor":12,"gold_loss":0},{"damage_healed":0,"gold_gain":0,"player_choice":"Obtained Relic","damage_taken":0,"relics_obtained":["reliquary:TuningFork"],"max_hp_gain":0,"max_hp_loss":0,"event_name":"Addict","floor":19,"gold_loss":85},{"damage_healed":0,"gold_gain":0,"player_choice":"2 cards matched","damage_taken":0,"max_hp_gain":0,"max_hp_loss":0,"event_name":"Match and Keep!","floor":21,"gold_loss":0,"cards_obtained":["jesterMod:Strike","jesterMod:LaughingGas"]}],"is_beta":false,"boss_relics":[{"not_picked":["Sozu","Empty Cage"],"picked":"Replay:Grab Bag"},{"not_picked":["reliquary:RedPaperclip","hubris:RunicObelisk"],"picked":"Ectoplasm"},{"not_picked":["ReplayTheSpireMod:DimensionalGlitch","hubris:GrandSneckoEye"],"picked":"Replay:Wanted Poster"},{"not_picked":["potionbrewer:BhaskarasWheel","ReplayTheSpireMod:SealedPack"],"picked":"DemoMod:RiddleOfLead"}],"items_purged_floors":[],"is_endless":true,"potions_floor_spawned":[4,6,8,11,14,25],"killed_by":"Centurion and Healer","ascension_level":0}}