{"host":"yy1cu9q9bsxhflzi","time":1613978032,"event":{"mods":["BaseMod","DeckTracker","Minty Spire (QoL Compilation)","Quick Restart","StSLib","SuperFastMode","everything is the same but u backflip on backflip"],"gold_per_floor":[116,128,128,147,166,194,212,244,298,329,347,347,372,392,392,471,471,491,507,507,186,186,219,219,252,301,301,320,330,330,347,347,421,421,433,1432,827,838,838,872,883,903,903,934,934,951,526,558,558,558,558,558,558,94,127,127],"floor_reached":57,"language":"KOR","playtime":1974,"items_purged":["Normality","Glacier","Glacier"],"score":3503,"play_id":"db1d302a-63a2-43a4-a7d8-068f5866fff4","local_time":"20210222161352","is_ascension_mode":true,"campfire_choices":[{"data":"Juggernaut","floor":12.0,"key":"SMITH"},{"data":"Buffer","floor":15.0,"key":"SMITH"},{"data":"Fusion","floor":24.0,"key":"SMITH"},{"floor":27.0,"key":"REST"},{"data":"Defragment","floor":30.0,"key":"SMITH"},{"data":"Dualcast","floor":32.0,"key":"SMITH"},{"floor":49.0,"key":"RECALL"},{"data":"Defragment","floor":53,"key":"SMITH"}],"circlet_count":0,"master_deck":["AscendersBane","Dualcast+1","Coolheaded+1","Coolheaded","Coolheaded+1","Glacier","Glacier","Juggernaut+1","Hologram","Turbo","Chill","Buffer+1","Genetic Algorithm+1","Defragment+1","Fusion+1","Seek","Loop","Undo","BootSequence+1","Creative AI","Defragment+1","Defragment","Deep Breath"],"relics":["FrozenCore","Singing Bowl","Pear","Letter Opener","PreservedInsect","Inserter","OrangePellets","MutagenicStrength","Sundial","Symbiotic Virus","Blood Vial","Sozu","Mummified Hand","Orrery","Bottled Lightning","Molten Egg 2","Bottled Tornado","Runic Capacitor","Orichalcum","Juzu Bracelet","Frozen Eye","Ornamental Fan"],"acts_visited":["Exordium","TheCity","TheBeyond","TheEnding"],"potions_floor_usage":[56],"damage_taken":[{"damage":0.0,"enemies":"Jaw Worm","floor":1.0,"turns":3.0},{"damage":1.0,"enemies":"Small Slimes","floor":2.0,"turns":4.0},{"damage":0.0,"enemies":"Cultist","floor":4.0,"turns":4.0},{"damage":8.0,"enemies":"Exordium Wildlife","floor":5.0,"turns":3.0},{"damage":6.0,"enemies":"3 Sentries","floor":6.0,"turns":5.0},{"damage":0.0,"enemies":"Exordium Thugs","floor":7.0,"turns":3.0},{"damage":0.0,"enemies":"Gremlin Nob","floor":8.0,"turns":3.0},{"damage":0.0,"enemies":"3 Sentries","floor":10.0,"turns":6.0},{"damage":0.0,"enemies":"2 Fungi Beasts","floor":11.0,"turns":3.0},{"damage":0.0,"enemies":"Gremlin Nob","floor":13.0,"turns":3.0},{"damage":16.0,"enemies":"3 Louse","floor":14.0,"turns":2.0},{"damage":0.0,"enemies":"Hexaghost","floor":16.0,"turns":8.0},{"damage":3.0,"enemies":"Spheric Guardian","floor":18.0,"turns":3.0},{"damage":3.0,"enemies":"Shell Parasite","floor":19.0,"turns":5.0},{"damage":18.0,"enemies":"Book of Stabbing","floor":23.0,"turns":3.0},{"damage":53.0,"enemies":"Gremlin Leader","floor":25.0,"turns":5.0},{"damage":10.0,"enemies":"Centurion and Healer","floor":28.0,"turns":4.0},{"damage":2.0,"enemies":"Snecko","floor":29.0,"turns":3.0},{"damage":0.0,"enemies":"3 Cultists","floor":31.0,"turns":5.0},{"damage":5.0,"enemies":"Collector","floor":33.0,"turns":8.0},{"damage":0.0,"enemies":"3 Shapes","floor":35.0,"turns":5.0},{"damage":9.0,"enemies":"3 Darklings","floor":38.0,"turns":6.0},{"damage":9.0,"enemies":"Reptomancer","floor":40.0,"turns":5.0},{"damage":0.0,"enemies":"4 Shapes","floor":41.0,"turns":5.0},{"damage":0.0,"enemies":"Maw","floor":42.0,"turns":6.0},{"damage":0.0,"enemies":"Nemesis","floor":44.0,"turns":7.0},{"damage":11.0,"enemies":"Jaw Worm Horde","floor":46.0,"turns":3.0},{"damage":0.0,"enemies":"Giant Head","floor":48.0,"turns":6.0},{"damage":0,"enemies":"Time Eater","floor":50,"turns":9},{"damage":0,"enemies":"Donu and Deca","floor":51,"turns":8},{"damage":46,"enemies":"Shield and Spear","floor":55,"turns":5},{"damage":11,"enemies":"The Heart","floor":56,"turns":10}],"seed_played":"2820525660881078149","potions_obtained":[{"floor":1.0,"key":"SpeedPotion"},{"floor":5.0,"key":"Regen Potion"},{"floor":10.0,"key":"Ancient Potion"},{"floor":11.0,"key":"DuplicationPotion"},{"floor":14.0,"key":"EntropicBrew"},{"floor":18.0,"key":"EntropicBrew"},{"floor":28.0,"key":"ColorlessPotion"},{"floor":31.0,"key":"ColorlessPotion"},{"floor":33.0,"key":"Regen Potion"}],"is_trial":true,"path_per_floor":["M","M","?","M","M","E","M","E","T","E","M","R","E","M","R","B",null,"M","M","?","$","?","E","R","E","T","R","M","M","R","M","R","B",null,"M","?","$","M","?","E","M","M","T","E","?","M","$","E","R","B","B",null,"R","$","E","B",null],"character_chosen":"DEFECT","items_purchased":["Defragment","OrangePellets","Fusion","Mummified Hand","Loop","Orrery","Runic Capacitor","Orichalcum","Defragment","Deep Breath","Frozen Eye"],"campfire_rested":1,"item_purchase_floors":[21,21,21,37,37,37,47,47,54,54,54],"current_hp_per_floor":[64,63,42,42,34,42,44,54,54,54,56,56,58,44,44,46,81,78,77,77,77,77,61,61,10,10,39,33,35,35,39,39,36,88,92,92,96,91,91,86,90,94,94,98,98,91,91,93,93,95,97,117,117,117,75,66],"gold":127,"neow_bonus":"","is_daily":false,"chose_seed":false,"campfire_upgraded":6,"win_rate":0.0,"timestamp":1613978032,"path_taken":["M","M","?","M","M","E","M","E","T","E","M","R","E","M","R","BOSS","M","M","?","$","?","E","R","E","T","R","M","M","R","M","R","BOSS","M","?","$","M","?","E","M","M","T","E","?","M","$","E","R","BOSS","BOSS","R","$","E","BOSS"],"items_purchased_type":["Card","Relic","Card","Relic","Card","Relic","Relic","Relic","Card","Card","Relic"],"build_version":"2020-12-22","purchased_purges":3,"victory":true,"max_hp_per_floor":[71,71,71,71,71,73,75,85,85,85,87,87,89,91,91,93,93,93,95,95,95,95,97,97,99,99,99,101,103,103,105,105,105,105,107,107,111,113,113,115,117,119,119,121,121,123,123,123,123,123,123,123,123,123,125,125],"card_choices":[{"not_picked":["Melter","Rebound"],"picked":"Hologram","floor":1.0},{"not_picked":["Streamline","Compile Driver","Sweeping Beam"],"picked":"SKIP","floor":2.0},{"not_picked":["Lockon","Barrage","Steam"],"picked":"SKIP","floor":4.0},{"not_picked":["Redo","Sunder"],"picked":"Turbo","floor":5.0},{"not_picked":["Barrage","Streamline","Static Discharge"],"picked":"Singing Bowl","floor":6.0},{"not_picked":["Ball Lightning","Compile Driver","Gash"],"picked":"Singing Bowl","floor":7.0},{"not_picked":["Leap","Rebound"],"picked":"Chill","floor":8.0},{"not_picked":["Blizzard","Ball Lightning"],"picked":"Buffer","floor":10.0},{"not_picked":["Steam","Reinforced Body","Sweeping Beam"],"picked":"Singing Bowl","floor":11.0},{"not_picked":["Coolheaded","Static Discharge","Streamline"],"picked":"Singing Bowl","floor":13.0},{"not_picked":["Coolheaded","Rebound","Beam Cell"],"picked":"Singing Bowl","floor":14.0},{"not_picked":["Rainbow","Machine Learning","Hyperbeam"],"picked":"Singing Bowl","floor":16.0},{"not_picked":["Darkness","Hologram"],"picked":"Genetic Algorithm+1","floor":18.0},{"not_picked":["Cold Snap","Redo","Streamline"],"picked":"Singing Bowl","floor":19.0},{"not_picked":["Hologram","Rebound","Static Discharge"],"picked":"Singing Bowl","floor":23.0},{"not_picked":["Recycle","Double Energy","Sweeping Beam"],"picked":"Singing Bowl","floor":25.0},{"not_picked":["Fusion","Turbo","Steam"],"picked":"Singing Bowl","floor":28.0},{"not_picked":["Beam Cell+1","Hello World","Amplify"],"picked":"Singing Bowl","floor":29.0},{"not_picked":["Doom and Gloom","Ball Lightning","Steam"],"picked":"Singing Bowl","floor":31.0},{"not_picked":["Machine Learning","Reboot"],"picked":"Seek","floor":33.0},{"not_picked":["Stack","Barrage","Beam Cell"],"picked":"Singing Bowl","floor":35.0},{"not_picked":["Steam+1","Cold Snap"],"picked":"Undo","floor":37.0},{"not_picked":["Conserve Battery","Static Discharge+1","Storm"],"picked":"Singing Bowl","floor":37.0},{"not_picked":["Blizzard+1","Turbo","Double Energy"],"picked":"Singing Bowl","floor":37.0},{"not_picked":["Lockon","Steam Power"],"picked":"BootSequence+1","floor":37.0},{"not_picked":["Darkness","Steam+1"],"picked":"Creative AI","floor":37.0},{"not_picked":["Self Repair","Barrage","Steam"],"picked":"Singing Bowl","floor":38.0},{"not_picked":["Conserve Battery+1","Compile Driver","Biased Cognition"],"picked":"Singing Bowl","floor":40.0},{"not_picked":["Stack","Coolheaded","Conserve Battery"],"picked":"Singing Bowl","floor":41.0},{"not_picked":["Hello World","Go for the Eyes","Streamline"],"picked":"Singing Bowl","floor":42.0},{"not_picked":["Leap","Compile Driver+1","Stack"],"picked":"Singing Bowl","floor":44.0},{"not_picked":["Doom and Gloom+1","Sweeping Beam+1","Reboot"],"picked":"Singing Bowl","floor":46.0},{"not_picked":["Loop","Recycle"],"picked":"Defragment","floor":48.0},{"not_picked":["Cold Snap+1","Barrage+1","Genetic Algorithm"],"picked":"Singing Bowl","floor":55}],"player_experience":3930773,"relics_obtained":[{"floor":6.0,"key":"Singing Bowl"},{"floor":8.0,"key":"Pear"},{"floor":10.0,"key":"Letter Opener"},{"floor":13.0,"key":"PreservedInsect"},{"floor":23.0,"key":"Sundial"},{"floor":25.0,"key":"Symbiotic Virus"},{"floor":26.0,"key":"Blood Vial"},{"floor":40.0,"key":"Bottled Lightning"},{"floor":43.0,"key":"Molten Egg 2"},{"floor":44.0,"key":"Bottled Tornado"},{"floor":48.0,"key":"Juzu Bracelet"},{"floor":55,"key":"Ornamental Fan"}],"event_choices":[{"damage_healed":0.0,"max_hp_gain":0.0,"max_hp_loss":0.0,"gold_gain":0.0,"event_name":"Shining Light","player_choice":"Entered Light","floor":3.0,"gold_loss":0.0,"damage_taken":21.0,"cards_upgraded":["Coolheaded","Coolheaded"]},{"cards_removed":["Coolheaded"],"damage_healed":0.0,"max_hp_gain":0.0,"max_hp_loss":0.0,"gold_gain":0.0,"event_name":"Back to Basics","player_choice":"Elegance","floor":20.0,"gold_loss":0.0,"damage_taken":0.0},{"damage_healed":0.0,"max_hp_gain":0.0,"max_hp_loss":0.0,"gold_gain":0.0,"event_name":"Drug Dealer","player_choice":"Inject Mutagens","floor":22.0,"gold_loss":0.0,"damage_taken":0.0,"relics_obtained":["MutagenicStrength"]},{"damage_healed":0.0,"max_hp_gain":0.0,"max_hp_loss":0.0,"gold_gain":999.0,"event_name":"MindBloom","player_choice":"Gold","floor":36.0,"gold_loss":0.0,"damage_taken":0.0,"cards_obtained":["Normality","Normality"]},{"damage_healed":0.0,"max_hp_gain":0.0,"max_hp_loss":0.0,"gold_gain":0.0,"event_name":"Tomb of Lord Red Mask","player_choice":"Ignored","floor":39.0,"gold_loss":0.0,"damage_taken":0.0},{"cards_removed":["Normality"],"damage_healed":0.0,"max_hp_gain":0.0,"max_hp_loss":0.0,"gold_gain":0.0,"event_name":"Wheel of Change","player_choice":"Card Removal","floor":45.0,"gold_loss":0.0,"damage_taken":0.0}],"is_beta":false,"boss_relics":[{"not_picked":["Pandora\u0027s Box","Empty Cage"],"picked":"Inserter"},{"not_picked":["Tiny House","Calling Bell"],"picked":"Sozu"}],"items_purged_floors":[37,47,54],"is_endless":false,"potions_floor_spawned":[1,5,10,11,13,14,18,23,28,31,33,40,41,48],"ascension_level":20}}