{"host":"dn6kke80v5f7isus","time":1613969468,"event":{"mods":["AchievementEnabler","Act Like it!","Bard","BaseMod","Colored Powertips","Custom Start","Defuse TimeMaze Blight","Energized Spire","Gremlin Skip","Highlight Path","Hubris","Infinite Spire","Marisa????????","Marked Mod","Minty Spire (QoL Compilation)","Quick Restart","Rare Cards Sparkle","Reliquary","Replay The Spire","StSLib","The Administrix","The Servant 0.9.4","Uncapped","Unceasing Turn Reminder"],"gold_per_floor":[116,191,366,366,366,366,381,381,408,434,434,448,466,484,484,587,587,587,587],"floor_reached":18,"language":"ENG","playtime":610,"items_purged":[],"score":185,"play_id":"e296211a-da9a-498e-9e7f-325067f6ceb2","local_time":"20210221235108","is_ascension_mode":false,"campfire_choices":[{"data":"AdministrixMod:BlueCloak","floor":6,"key":"SMITH"},{"data":"Doubt","floor":15,"key":"PURGE"}],"circlet_count":0,"master_deck":["AdministrixMod:Strike_Administrix","AdministrixMod:Strike_Administrix","AdministrixMod:Strike_Administrix","AdministrixMod:Strike_Administrix","AdministrixMod:RedCloak","AdministrixMod:Defend_Administrix","AdministrixMod:Defend_Administrix","AdministrixMod:Defend_Administrix","AdministrixMod:Defend_Administrix","AdministrixMod:BlueCloak+1","AdministrixMod:SealAway","AdministrixMod:BishamonBlessing","AdministrixMod:TrickOfTheLight","AdministrixMod:LuminaryPath"],"relics":["AdministrixMod:ConductorRitualBaton","NeowsBlessing","hubris:Icosahedron","Replay:Multitool","Replay:Wax Seal","FossilizedHelix","infinitespire:BottledMercury","Black Star"],"acts_visited":["Exordium","TheCity"],"potions_floor_usage":[12,13,13],"damage_taken":[{"damage":0,"enemies":"Small Slimes","floor":1,"turns":1},{"damage":0,"enemies":"2 Louse","floor":7,"turns":1},{"damage":0,"enemies":"Lagavulin","floor":10,"turns":1},{"damage":0,"enemies":"Jaw Worm","floor":12,"turns":2},{"damage":0,"enemies":"Large Slime","floor":13,"turns":7},{"damage":0,"enemies":"Blue Slaver","floor":14,"turns":4},{"damage":38,"enemies":"Slime Boss","floor":16,"turns":13},{"damage":0,"enemies":"3 Byrds","floor":18,"turns":1}],"seed_played":"2037012261361946585","potions_obtained":[{"floor":1,"key":"LiquidMemories"},{"floor":10,"key":"AttackPotion"},{"floor":12,"key":"ColorlessPotion"}],"is_trial":false,"path_per_floor":["M","?","?","?","?","R","M","?","T","E","T","M","M","M","R","B",null,"M"],"character_chosen":"TheAdministrix","items_purchased":[],"campfire_rested":0,"item_purchase_floors":[],"current_hp_per_floor":[65,54,54,54,54,54,54,51,51,51,51,51,51,51,51,13,65,65,65],"gold":587,"neow_bonus":"THREE_ENEMY_KILL","is_daily":false,"chose_seed":false,"campfire_upgraded":1,"win_rate":0.0,"timestamp":1613969468,"path_taken":["M","?","?","?","?","R","M","?","T","E","?","?","M","M","R","BOSS","M"],"items_purchased_type":[],"build_version":"2020-12-22","purchased_purges":0,"victory":false,"max_hp_per_floor":[65,65,65,65,65,65,65,65,65,65,65,65,65,65,65,65,65,65,65],"card_choices":[{"not_picked":["AdministrixMod:ExtolVirtue","AdministrixMod:Metempsychosis","AdministrixMod:MixOfMercury"],"picked":"SKIP","floor":1},{"not_picked":["AdministrixMod:CastOffRegrets","AdministrixMod:CrackingPangu","AdministrixMod:ExtolVirtue"],"picked":"SKIP","floor":7},{"not_picked":["AdministrixMod:ImmortalPurity","AdministrixMod:LifeforceNet"],"picked":"AdministrixMod:SealAway","floor":10},{"not_picked":["AdministrixMod:JustRewards","AdministrixMod:CrackingPangu"],"picked":"AdministrixMod:BishamonBlessing","floor":12},{"not_picked":["AdministrixMod:Transcension","AdministrixMod:Transition"],"picked":"AdministrixMod:TrickOfTheLight","floor":13},{"not_picked":["AdministrixMod:TrickOfTheLight","AdministrixMod:RegentEdict","AdministrixMod:CenturiesAscent"],"picked":"SKIP","floor":14},{"not_picked":["AdministrixMod:Schism","AdministrixMod:BattleforgedBonds"],"picked":"AdministrixMod:LuminaryPath","floor":16}],"player_experience":486760,"relics_obtained":[{"floor":9,"key":"Replay:Wax Seal"},{"floor":10,"key":"FossilizedHelix"},{"floor":11,"key":"infinitespire:BottledMercury"}],"event_choices":[{"damage_healed":0,"gold_gain":75,"player_choice":"Gather Gold","damage_taken":11,"max_hp_gain":0,"max_hp_loss":0,"event_name":"World of Goop","floor":2,"gold_loss":0},{"damage_healed":0,"gold_gain":175,"player_choice":"AGREE","damage_taken":0,"max_hp_gain":0,"max_hp_loss":0,"event_name":"Liars Game","floor":3,"gold_loss":0,"cards_obtained":["Doubt"]},{"damage_healed":0,"gold_gain":0,"player_choice":"Success","damage_taken":3,"relics_obtained":["Replay:Multitool"],"max_hp_gain":0,"max_hp_loss":0,"event_name":"Scrap Ooze","floor":8,"gold_loss":0}],"is_beta":false,"boss_relics":[{"not_picked":["Snecko Eye","hubris:TerracottaHorce"],"picked":"Black Star"}],"items_purged_floors":[],"is_endless":false,"potions_floor_spawned":[1,10,12],"killed_by":"3 Byrds","ascension_level":0}}