{"host":"Christian","time":1613959119,"event":{"mods":["BaseMod","Minty Spire (QoL Compilation)","Relic Stats","StSLib"],"gold_per_floor":[119,63,75,75,0,32,45,61,61,92,106,131,146,178,178,252,252,263,275,292,42,42,42,71,71,71,84,84,84],"floor_reached":28,"language":"ENG","playtime":1470,"items_purged":["Defend_P"],"score":790,"play_id":"ada02b91-5e19-4ff5-8295-5daff707b5c2","local_time":"20210221195839","is_ascension_mode":true,"campfire_choices":[{"data":"Eruption","floor":15,"key":"SMITH"},{"floor":23,"key":"REST"},{"floor":25,"key":"REST"}],"circlet_count":0,"master_deck":["AscendersBane","Strike_P","Strike_P","Strike_P","Defend_P","Eruption+1","Vigilance","Wallop","EmptyFist","DevaForm","SashWhip+1","Vengeance","EmptyMind","Perseverance","TalkToTheHand+1","FearNoEvil+1","FollowUp+1","CutThroughFate+1","DeusExMachina","TalkToTheHand+1","WheelKick+1","ThirdEye","Meditate","Pain","Wireheading"],"relics":["PureWater","NeowsBlessing","Molten Egg 2","Pear","Lantern","Pantograph","Art of War","Empty Cage","Vajra","WarpedTongs","The Courier"],"acts_visited":["Exordium","TheCity"],"potions_floor_usage":[10,14,19,20,20],"damage_taken":[{"damage":0,"enemies":"2 Louse","floor":1,"turns":2},{"damage":0,"enemies":"Cultist","floor":3,"turns":1},{"damage":0,"enemies":"Gremlin Nob","floor":6,"turns":1},{"damage":1,"enemies":"Jaw Worm","floor":7,"turns":3},{"damage":5,"enemies":"Gremlin Gang","floor":8,"turns":5},{"damage":23,"enemies":"3 Sentries","floor":10,"turns":6},{"damage":6,"enemies":"Lots of Slimes","floor":11,"turns":3},{"damage":19,"enemies":"Gremlin Nob","floor":12,"turns":4},{"damage":10,"enemies":"Exordium Thugs","floor":13,"turns":4},{"damage":2,"enemies":"3 Sentries","floor":14,"turns":5},{"damage":17,"enemies":"The Guardian","floor":16,"turns":10},{"damage":0,"enemies":"2 Thieves","floor":18,"turns":4},{"damage":0,"enemies":"Spheric Guardian","floor":19,"turns":3},{"damage":19,"enemies":"Cultist and Chosen","floor":20,"turns":5},{"damage":36,"enemies":"Gremlin Leader","floor":24,"turns":5},{"damage":19,"enemies":"Shelled Parasite and Fungi","floor":27,"turns":4},{"damage":35,"enemies":"Book of Stabbing","floor":28,"turns":3}],"seed_played":"8059230619916245997","potions_obtained":[{"floor":6,"key":"PowerPotion"},{"floor":7,"key":"SmokeBomb"},{"floor":11,"key":"CultistPotion"},{"floor":13,"key":"Block Potion"},{"floor":16,"key":"Weak Potion"},{"floor":19,"key":"EssenceOfSteel"},{"floor":24,"key":"CultistPotion"}],"is_trial":false,"path_per_floor":["M","$","M","?","$","E","M","M","T","E","M","E","M","E","R","B",null,"M","M","M","$","?","R","E","R","T","M","E"],"character_chosen":"WATCHER","items_purchased":["EmptyFist","Meditate","Vajra"],"campfire_rested":2,"item_purchase_floors":[2,21,21],"current_hp_per_floor":[61,61,61,61,61,61,60,55,65,42,36,17,7,5,5,13,62,62,62,43,43,43,66,30,53,53,34,0,0],"gold":84,"neow_bonus":"THREE_ENEMY_KILL","is_daily":false,"chose_seed":false,"campfire_upgraded":1,"win_rate":0.0,"timestamp":1613959119,"path_taken":["M","$","M","?","$","E","M","M","T","E","M","E","M","E","R","BOSS","M","?","M","$","?","R","E","R","T","M","E"],"items_purchased_type":["Card","Card","Relic"],"build_version":"2020-12-18","purchased_purges":1,"victory":false,"max_hp_per_floor":[68,68,68,68,68,68,68,68,78,78,78,78,78,78,78,78,78,78,78,78,78,78,78,78,78,78,78,78,78],"relic_stats":{"counters":[17,68],"Pantograph":25,"Art of War":[4],"obtain_stats":[{"Lantern":10,"Pear":9,"NeowsBlessing":0,"Pantograph":12,"Vajra":21,"Molten Egg 2":6,"The Courier":24,"Art of War":14,"PureWater":0,"Empty Cage":17,"WarpedTongs":22},{"Lantern":6,"Pear":5,"NeowsBlessing":0,"Pantograph":8,"Vajra":14,"Molten Egg 2":3,"The Courier":15,"Art of War":10,"PureWater":0,"Empty Cage":11,"WarpedTongs":14},{"Lantern":18,"Pear":12,"NeowsBlessing":0,"Pantograph":25,"Vajra":56,"Molten Egg 2":4,"The Courier":61,"Art of War":34,"PureWater":0,"Empty Cage":44,"WarpedTongs":56}],"WarpedTongs":[12]},"card_choices":[{"not_picked":["JustLucky","Prostrate"],"picked":"Wallop","floor":1},{"not_picked":["Evaluate","EmptyBody"],"picked":"DevaForm","floor":3},{"not_picked":["ConjureBlade","Prostrate"],"picked":"SashWhip+1","floor":6},{"not_picked":["ReachHeaven+1","Study"],"picked":"Vengeance","floor":7},{"not_picked":["FollowUp+1","Weave+1"],"picked":"EmptyMind","floor":8},{"not_picked":["FollowUp+1","Study"],"picked":"Perseverance","floor":10},{"not_picked":["CrushJoints+1","Crescendo"],"picked":"TalkToTheHand+1","floor":11},{"not_picked":["PathToVictory","Judgement"],"picked":"FearNoEvil+1","floor":12},{"not_picked":["Prostrate","Evaluate"],"picked":"FollowUp+1","floor":13},{"not_picked":["Protect","ClearTheMind"],"picked":"CutThroughFate+1","floor":14},{"not_picked":["ConjureBlade","MasterReality"],"picked":"DeusExMachina","floor":16},{"not_picked":["Fasting2","PathToVictory"],"picked":"TalkToTheHand+1","floor":18},{"not_picked":["Prostrate","SashWhip+1"],"picked":"WheelKick+1","floor":19},{"not_picked":["ClearTheMind","Consecrate+1"],"picked":"ThirdEye","floor":20},{"not_picked":["FollowUp+1","FearNoEvil+1"],"picked":"Wireheading","floor":24},{"not_picked":["Collect","ClearTheMind","Prostrate"],"picked":"SKIP","floor":27}],"player_experience":116568,"relics_obtained":[{"floor":6,"key":"Molten Egg 2"},{"floor":9,"key":"Pear"},{"floor":10,"key":"Lantern"},{"floor":12,"key":"Pantograph"},{"floor":14,"key":"Art of War"},{"floor":24,"key":"The Courier"}],"event_choices":[{"cards_removed":["Defend_P"],"damage_healed":0,"gold_gain":0,"player_choice":"Offered Basic","damage_taken":0,"max_hp_gain":0,"max_hp_loss":0,"event_name":"Bonfire Elementals","floor":4,"gold_loss":0},{"damage_healed":0,"gold_gain":0,"player_choice":"Rummage","damage_taken":0,"relics_obtained":["WarpedTongs"],"max_hp_gain":0,"max_hp_loss":0,"event_name":"Accursed Blacksmith","floor":22,"gold_loss":0,"cards_obtained":["Pain"]}],"is_beta":true,"boss_relics":[{"not_picked":["SacredBark","Ectoplasm"],"picked":"Empty Cage"}],"items_purged_floors":[5],"is_endless":false,"potions_floor_spawned":[6,7,11,13,16,19,24],"killed_by":"Book of Stabbing","ascension_level":20}}