{"host":"94qggqh0xz0sp6ai","time":1613961675,"event":{"mods":["100% Spire Juice","Abigail Mod","Act Like it!","BaseMod","CapriCore","Downfall","Friendly Minions","Gensokyo","Hermit","Jorbs\u0027s Wanderer Trilogy","Koishi","Marisa（霧雨　魔理沙）","Minty Spire (QoL Compilation)","Permanent Neow","Reimu（博??梦）","Reliquary","Ruina","StSLib","The Alterego","The Construct","The Cursed","The Hierophant","The Immortal","The Marked","The Mystic","The Senshi","The Servant 0.9.4","TheBandit","Waifu the Spire"],"gold_per_floor":[112,72,92,92,42,42,72,72,97,116,44,62,94,114,114,210,210,221,221,221,233,68,96,96,96,96,115,130,140,140,170,170,265,265,275,31,31,41,41,41,75,75,99,118,118,130,144,144,144,144],"floor_reached":51,"language":"ENG","playtime":1781,"items_purged":[],"score":884,"play_id":"b990974c-1fbb-411b-83da-848db162c92f","local_time":"20210221204115","is_ascension_mode":true,"campfire_choices":[{"data":"theMarked:BanishingStrike","floor":6,"key":"SMITH"},{"data":"theMarked:Friction","floor":8,"key":"SMITH"},{"data":"theMarked:MysticalArsenal","floor":15,"key":"SMITH"},{"data":"theMarked:RogueSparks","floor":24,"key":"SMITH"},{"data":"Apotheosis","floor":32,"key":"SMITH"},{"data":"theMarked:Memento","floor":40,"key":"SMITH"},{"floor":42,"key":"REST"},{"floor":45,"key":"REST"},{"floor":49,"key":"REST"}],"circlet_count":0,"master_deck":["theMarked:Strike","theMarked:Strike","theMarked:Strike","theMarked:Defend","theMarked:Defend","theMarked:Defend","theMarked:Defend","theMarked:SoldierOfQuellstein+1","theMarked:EnhanceMovement","theMarked:Parkour","theMarked:BanishingStrike+1","theMarked:Friction+1","theMarked:Opportunist","theMarked:MysticalArsenal+1","theMarked:ShockingTouch","theMarked:Memento+1","theMarked:EmpowerWeapon","theMarked:EternalStudent","theMarked:AttractMetal","theMarked:ElectricStrings+1","Apotheosis+1","theMarked:RogueSparks+1","theMarked:TakeOffHeels","theMarked:SelfDefenseTraining+1","theMarked:Aftermath","Panacea","theMarked:BanishingWave+1","theMarked:OneWithTheBlade","theMarked:BindingBlade","Wraith","Panacea","theMarked:WardOff+1","theMarked:Frustration+1","theMarked:Abjuration"],"relics":["theMarked:ArtifactOfAir","PaintedHorse:ReiMu","Toy Ornithopter","PreservedInsect","Guardian:PocketSentry","RedLine:ReiMu","MutagenicStrength","theSenshi:SpiralHeartMoonRodRelic","reliquary:Sideboard","Mango","reliquary:TridentHead","construct:WeddingRing","ClockworkSouvenir","reliquary:PorcupineQuills","reliquary:RosewoodLute"],"acts_visited":["Exordium","TheCity","TheBeyond"],"potions_floor_usage":[13,23,31,33,33,50,50],"damage_taken":[{"damage":2,"enemies":"Jaw Worm","floor":1,"turns":5},{"damage":7,"enemies":"Small Slimes","floor":3,"turns":3},{"damage":10,"enemies":"Lagavulin","floor":7,"turns":5},{"damage":0,"enemies":"Cultist","floor":10,"turns":2},{"damage":0,"enemies":"3 Louse","floor":12,"turns":3},{"damage":8,"enemies":"Gremlin Nob","floor":13,"turns":3},{"damage":1,"enemies":"Looter","floor":14,"turns":3},{"damage":0,"enemies":"Slime Boss","floor":16,"turns":6},{"damage":28,"enemies":"Shell Parasite","floor":18,"turns":4},{"damage":13,"enemies":"2 Thieves","floor":21,"turns":3},{"damage":15,"enemies":"Gremlin Leader","floor":23,"turns":5},{"damage":0,"enemies":"Snake Plant","floor":27,"turns":3},{"damage":4,"enemies":"Sentry and Sphere","floor":28,"turns":4},{"damage":10,"enemies":"Centurion and Healer","floor":29,"turns":5},{"damage":17,"enemies":"Book of Stabbing","floor":31,"turns":6},{"damage":32,"enemies":"Champ","floor":33,"turns":9},{"damage":16,"enemies":"3 Shapes","floor":35,"turns":2},{"damage":16,"enemies":"3 Darklings","floor":38,"turns":3},{"damage":22,"enemies":"Reptomancer","floor":41,"turns":3},{"damage":31,"enemies":"Transient","floor":44,"turns":5},{"damage":36,"enemies":"Writhing Mass","floor":46,"turns":5},{"damage":4,"enemies":"3 Darklings","floor":47,"turns":3},{"damage":57,"enemies":"Awakened One","floor":50,"turns":10}],"seed_played":"-1514080895882429393","potions_obtained":[{"floor":7,"key":"PowerPotion"},{"floor":10,"key":"hexamod:SoulburnPotion"},{"floor":12,"key":"hexamod:SoulburnPotion"},{"floor":21,"key":"Swift Potion"},{"floor":29,"key":"Weak Potion"},{"floor":31,"key":"Fire Potion"},{"floor":41,"key":"sneckomod:MuddlingPotion"},{"floor":44,"key":"theMarked:SummonPotion"}],"is_trial":false,"path_per_floor":["M","?","M","?","?","R","E","R","T","M","$","M","E","M","R","B",null,"M","?","?","M","$","E","R","T","T","M","M","M","?","E","R","B",null,"M","$","?","M","?","R","E","R","T","M","R","M","M","?","R","B",null],"character_chosen":"THE_DEFAULT","items_purchased":["theMarked:MysticalArsenal","Apotheosis","ClockworkSouvenir","Panacea"],"campfire_rested":3,"item_purchase_floors":[11,22,36,36],"current_hp_per_floor":[70,70,63,63,63,63,53,53,53,53,53,53,50,49,49,49,72,44,44,44,31,31,21,21,21,35,37,37,31,59,49,49,29,86,74,74,74,68,68,68,48,73,73,44,69,35,41,41,66,29],"gold":144,"neow_bonus":"TRANSFORM_CARD","is_daily":false,"chose_seed":false,"campfire_upgraded":6,"win_rate":0.0,"timestamp":1613961675,"path_taken":["M","?","M","?","?","R","E","R","T","M","$","M","E","M","R","BOSS","M","?","?","M","$","E","R","?","T","?","M","M","?","E","R","BOSS","M","$","?","?","?","R","E","R","T","M","R","M","M","?","R","BOSS"],"items_purchased_type":["Card","Card","Relic","Card"],"build_version":"2020-12-22","purchased_purges":0,"victory":true,"max_hp_per_floor":[72,72,72,72,72,72,72,72,72,72,72,72,72,72,72,72,72,72,72,72,72,72,72,72,72,86,86,86,86,86,86,86,86,86,86,86,86,86,86,86,86,86,86,86,86,86,86,86,86,86],"card_choices":[{"not_picked":["theMarked:LightningStrikesTwice","theMarked:Frustration"],"picked":"theMarked:Parkour","floor":1},{"not_picked":["theMarked:TakeCover","theMarked:Frustration"],"picked":"theMarked:BanishingStrike","floor":3},{"not_picked":["theMarked:Snap","theMarked:GodGivenPower"],"picked":"theMarked:Friction","floor":7},{"not_picked":["theMarked:Reabsorb","theMarked:ElectricStrings"],"picked":"theMarked:Opportunist","floor":10},{"not_picked":["theMarked:Frustration","theMarked:TakeCover"],"picked":"theMarked:ShockingTouch","floor":12},{"not_picked":["theMarked:RepellingDischarge","theMarked:ElectricStrings"],"picked":"theMarked:Memento","floor":13},{"not_picked":["theMarked:ShockingTouch","theMarked:TwofoldDefense"],"picked":"theMarked:EmpowerWeapon","floor":14},{"not_picked":["theMarked:Defy","theMarked:TakeOffHeels"],"picked":"theMarked:EternalStudent","floor":16},{"not_picked":["theMarked:OneWithTheBlade","theMarked:ChainLightning"],"picked":"theMarked:AttractMetal","floor":18},{"not_picked":["theMarked:WastefulAttack","theMarked:HeightenedSenses"],"picked":"theMarked:ElectricStrings+1","floor":21},{"not_picked":["theMarked:Seal","theMarked:DispelDoubt"],"picked":"theMarked:RogueSparks","floor":23},{"not_picked":["theMarked:HeightenedSenses","theMarked:TakeCover","theMarked:BanishingStrike"],"picked":"SKIP","floor":27},{"not_picked":["theMarked:ShockingTouch","theMarked:AttractMetal"],"picked":"theMarked:SelfDefenseTraining+1","floor":28},{"not_picked":["theMarked:TakeCover","theMarked:EmpowerWeapon+1","theMarked:Electrify"],"picked":"SKIP","floor":29},{"not_picked":["theMarked:ElectricStrings","theMarked:RepellingDischarge"],"picked":"theMarked:Aftermath","floor":31},{"not_picked":["theMarked:MagusForm","theMarked:Toughness"],"picked":"theMarked:TakeOffHeels","floor":33},{"not_picked":["theMarked:RepellingDischarge","theMarked:Panic+1"],"picked":"theMarked:BanishingWave+1","floor":35},{"not_picked":["theMarked:WastefulAttack","theMarked:Static+1"],"picked":"theMarked:WardOff+1","floor":38},{"not_picked":["theMarked:Improvise","theMarked:Seal+1"],"picked":"theMarked:Frustration+1","floor":41},{"not_picked":["theMarked:Aftermath","theMarked:EmpowerWeapon"],"picked":"theMarked:Abjuration","floor":44},{"not_picked":["theMarked:Aftermath","theMarked:KeepCalmAndFight","theMarked:TakeCover"],"picked":"SKIP","floor":46},{"not_picked":["theMarked:Opportunist","theMarked:TunnelVision","theMarked:ChainLightning+1"],"picked":"SKIP","floor":47},{"not_picked":["Trip","Deep Breath"],"picked":"Panacea","floor":48}],"player_experience":1538987,"relics_obtained":[{"floor":7,"key":"Toy Ornithopter"},{"floor":9,"key":"PreservedInsect"},{"floor":13,"key":"Guardian:PocketSentry"},{"floor":23,"key":"theSenshi:SpiralHeartMoonRodRelic"},{"floor":25,"key":"reliquary:Sideboard"},{"floor":26,"key":"Mango"},{"floor":31,"key":"reliquary:TridentHead"},{"floor":41,"key":"reliquary:PorcupineQuills"},{"floor":43,"key":"reliquary:RosewoodLute"}],"event_choices":[{"damage_healed":0,"gold_gain":0,"player_choice":"Donate","damage_taken":0,"relics_obtained":["PaintedHorse:ReiMu"],"max_hp_gain":0,"max_hp_loss":0,"event_name":"yidonshenshe","floor":2,"gold_loss":40},{"damage_healed":0,"gold_gain":0,"player_choice":"Grow","damage_taken":0,"max_hp_gain":0,"max_hp_loss":0,"event_name":"Living Wall","floor":4,"gold_loss":0,"cards_upgraded":["theMarked:SoldierOfQuellstein"]},{"cards_removed":["theMarked:Strike"],"damage_healed":0,"gold_gain":0,"player_choice":"Card Removal","damage_taken":0,"max_hp_gain":0,"max_hp_loss":0,"event_name":"The Cleric","floor":5,"gold_loss":50},{"damage_healed":0,"gold_gain":0,"player_choice":"Inject Mutagens","damage_taken":0,"relics_obtained":["MutagenicStrength"],"max_hp_gain":0,"max_hp_loss":0,"event_name":"Drug Dealer","floor":19,"gold_loss":0},{"damage_healed":28,"gold_gain":0,"player_choice":"Heal","damage_taken":0,"max_hp_gain":0,"max_hp_loss":0,"event_name":"The Library","floor":30,"gold_loss":0},{"damage_healed":0,"gold_gain":0,"player_choice":"2 cards matched","damage_taken":0,"max_hp_gain":0,"max_hp_loss":0,"event_name":"Match and Keep!","floor":37,"gold_loss":0,"cards_obtained":["theMarked:OneWithTheBlade","theMarked:BindingBlade"]},{"damage_healed":0,"gold_gain":0,"player_choice":"Ignored","damage_taken":0,"max_hp_gain":0,"max_hp_loss":0,"event_name":"OrinTheCat","floor":39,"gold_loss":0},{"damage_healed":0,"gold_gain":0,"player_choice":"Memory 1","damage_taken":0,"max_hp_gain":0,"max_hp_loss":0,"event_name":"SensoryStone","floor":48,"gold_loss":0}],"is_beta":false,"boss_relics":[{"not_picked":["Velvet Choker","theSenshi:MoonKaleidoScopeRelic"],"picked":"RedLine:ReiMu"},{"not_picked":["reliquary:Ember","construct:ClawGrip"],"picked":"construct:WeddingRing"}],"items_purged_floors":[],"is_endless":false,"potions_floor_spawned":[7,10,12,21,29,31,41,44],"ascension_level":3}}