{"host":"Kdaddybrian","time":1613958476,"event":{"mods":["AchievementEnabler","BaseMod","Bestiary","Colored Map","Colored Powertips","Minty Spire (QoL Compilation)","Potion Indicator Mod","Quick Restart","Rare Cards Sparkle","Relic Stats","StSLib","Uncapped"],"gold_per_floor":[118,131,131,131,96,125,188,188,214,240,240,240,265,280,280,356,356,369,386,386,398,55,55,55,74,74,107,126,136,136,170,170,241,241,251,266,291,307,318,329,356,374,398,398,22,22,22,22,22,22,22,22,22,49,49,49],"floor_reached":55,"language":"ENG","playtime":4893,"items_purged":["Strike_P","Strike_P"],"score":1313,"play_id":"013d3678-68db-44e8-98ae-77609626b6f3","local_time":"20210221204756","is_ascension_mode":true,"campfire_choices":[{"floor":8,"key":"REST"},{"data":"Consecrate","floor":11,"key":"SMITH"},{"floor":15,"key":"REST"},{"floor":23,"key":"REST"},{"floor":30,"key":"REST"},{"floor":32,"key":"REST"},{"floor":46,"key":"RECALL"},{"data":"Apotheosis","floor":49,"key":"SMITH"},{"data":"Omniscience","floor":52,"key":"SMITH"}],"circlet_count":0,"master_deck":["AscendersBane","Strike_P","Defend_P+1","Defend_P+1","Defend_P","Defend_P","Eruption+1","Vigilance","SashWhip","BowlingBash","Consecrate+1","DeceiveReality","Wireheading","Weave","WindmillStrike","Ragnarok","EmptyBody","Vault","ThirdEye","FearNoEvil","LikeWater+1","Meditate","MentalFortress+1","DeceiveReality","Weave","Omniscience+1","Prostrate+1","Nirvana+1","Evaluate","LikeWater+1","Perseverance","Wallop","EmptyFist+1","Apotheosis+1","Meditate"],"relics":["Black Star","White Beast Statue","Potion Belt","Tiny Chest","Bag of Marbles","PreservedInsect","Art of War","Bottled Flame","Frozen Egg 2","War Paint","Runic Pyramid","Boot","Anchor","Pear","The Courier","Mummified Hand","Bag of Preparation","Red Mask","Coffee Dripper","Bird Faced Urn","Unceasing Top","Mango","Ginger","Letter Opener","Bronze Scales"],"acts_visited":["Exordium","TheCity","TheBeyond","TheEnding"],"potions_floor_usage":[16,18,19,21,25,27,28,29,31,33,33,38,39,40,40,40,41,41,50,54,54,54,54,54,54,55,55],"damage_taken":[{"damage":0,"enemies":"Cultist","floor":1,"turns":4},{"damage":7,"enemies":"Jaw Worm","floor":2,"turns":4},{"damage":15,"enemies":"Gremlin Nob","floor":6,"turns":3},{"damage":25,"enemies":"3 Sentries","floor":7,"turns":4},{"damage":7,"enemies":"3 Sentries","floor":10,"turns":6},{"damage":12,"enemies":"Gremlin Nob","floor":13,"turns":3},{"damage":7,"enemies":"Small Slimes","floor":14,"turns":3},{"damage":18,"enemies":"Slime Boss","floor":16,"turns":6},{"damage":44,"enemies":"2 Thieves","floor":18,"turns":3},{"damage":1,"enemies":"Spheric Guardian","floor":19,"turns":4},{"damage":15,"enemies":"Cultist and Chosen","floor":21,"turns":8},{"damage":5,"enemies":"Shelled Parasite and Fungi","floor":25,"turns":7},{"damage":11,"enemies":"Slavers","floor":27,"turns":3},{"damage":0,"enemies":"Snecko","floor":28,"turns":5},{"damage":0,"enemies":"Snake Plant","floor":29,"turns":6},{"damage":19,"enemies":"Masked Bandits","floor":31,"turns":6},{"damage":139,"enemies":"Champ","floor":33,"turns":24},{"damage":0,"enemies":"3 Shapes","floor":35,"turns":2},{"damage":0,"enemies":"Orb Walker","floor":36,"turns":4},{"damage":0,"enemies":"Mind Bloom Boss Battle","floor":37,"turns":8},{"damage":4,"enemies":"4 Shapes","floor":38,"turns":10},{"damage":4,"enemies":"Spire Growth","floor":39,"turns":7},{"damage":40,"enemies":"Transient","floor":40,"turns":6},{"damage":0,"enemies":"Nemesis","floor":41,"turns":10},{"damage":0,"enemies":"Sphere and 2 Shapes","floor":42,"turns":5},{"damage":25,"enemies":"Time Eater","floor":50,"turns":18},{"damage":38,"enemies":"Shield and Spear","floor":54,"turns":7},{"damage":79,"enemies":"The Heart","floor":55,"turns":9}],"seed_played":"6446971627377642746","potions_obtained":[{"floor":6,"key":"GamblersBrew"},{"floor":7,"key":"FearPotion"},{"floor":10,"key":"DuplicationPotion"},{"floor":13,"key":"FairyPotion"},{"floor":14,"key":"FairyPotion"},{"floor":16,"key":"AttackPotion"},{"floor":18,"key":"LiquidBronze"},{"floor":19,"key":"PowerPotion"},{"floor":21,"key":"Fire Potion"},{"floor":25,"key":"Strength Potion"},{"floor":27,"key":"Explosive Potion"},{"floor":28,"key":"SpeedPotion"},{"floor":29,"key":"SpeedPotion"},{"floor":31,"key":"Fire Potion"},{"floor":33,"key":"Block Potion"},{"floor":35,"key":"Energy Potion"},{"floor":36,"key":"DistilledChaos"},{"floor":37,"key":"PowerPotion"},{"floor":38,"key":"LiquidMemories"},{"floor":39,"key":"SkillPotion"},{"floor":40,"key":"BlessingOfTheForge"},{"floor":41,"key":"SteroidPotion"},{"floor":42,"key":"ColorlessPotion"},{"floor":54,"key":"Fruit Juice"}],"is_trial":false,"path_per_floor":["M","M","T","?","?","E","?","R","T","E","R","?","E","M","R","B",null,"M","M","?","M","$","R","T","M","T","E","M","M","R","?","R","B",null,"M","M","?","M","M","M","E","M","T","?","$","R","T","$","R","B",null,"R","$","E","B"],"character_chosen":"WATCHER","items_purchased":["Anchor","FearNoEvil","LikeWater+1","Apotheosis","EntropicBrew","StancePotion"],"campfire_rested":5,"item_purchase_floors":[22,22,22,45,45,45],"current_hp_per_floor":[65,58,58,58,72,57,32,53,53,46,46,46,34,27,48,30,62,18,17,17,2,2,23,33,28,28,17,17,17,41,22,46,24,68,68,68,68,72,76,42,68,78,78,78,78,78,78,78,78,63,88,88,88,60,0,0],"gold":49,"neow_bonus":"BOSS_RELIC","is_daily":false,"chose_seed":false,"campfire_upgraded":3,"win_rate":0.0,"timestamp":1613958476,"path_taken":["M","M","?","?","?","E","?","R","T","E","R","?","E","M","R","BOSS","M","M","?","M","$","R","?","M","T","E","M","M","R","?","R","BOSS","M","M","?","M","M","M","E","M","T","?","$","R","?","$","R","BOSS","R","$","E","BOSS"],"items_purchased_type":["Relic","Card","Card","Card","Potion","Potion"],"build_version":"2020-12-18","purchased_purges":2,"victory":false,"max_hp_per_floor":[72,72,72,72,72,72,72,72,72,72,72,72,72,72,72,72,72,72,72,72,72,72,72,82,82,82,82,82,82,82,82,82,82,82,82,82,82,82,82,82,96,96,96,96,96,96,96,96,96,96,96,96,96,96,101,101],"relic_stats":{"counters":[28,185],"PreservedInsect":225,"Bag of Preparation":[30],"Ginger":[7],"Letter Opener":[20],"War Paint":["Defend_P","Defend_P"],"Boot":[65],"Mummified Hand":[80],"Bird Faced Urn":[76],"Bronze Scales":[120],"Tiny Chest":2,"Black Star":6,"Art of War":[14],"obtain_stats":[{"Mango":41,"Bag of Preparation":27,"Ginger":47,"Boot":20,"Mummified Hand":27,"Tiny Chest":6,"Red Mask":31,"Runic Pyramid":17,"Potion Belt":6,"Pear":24,"PreservedInsect":9,"The Courier":26,"Letter Opener":54,"Frozen Egg 2":13,"War Paint":13,"White Beast Statue":3,"Bottled Flame":10,"Anchor":22,"Bird Faced Urn":37,"Bronze Scales":54,"Black Star":0,"Bag of Marbles":7,"Art of War":10,"Coffee Dripper":34,"PureWater":0,"Unceasing Top":41},{"Mango":24,"Bag of Preparation":13,"Ginger":25,"Boot":10,"Mummified Hand":13,"Tiny Chest":3,"Red Mask":16,"Runic Pyramid":8,"Potion Belt":3,"Pear":11,"PreservedInsect":4,"The Courier":12,"Letter Opener":27,"Frozen Egg 2":6,"War Paint":6,"White Beast Statue":2,"Bottled Flame":5,"Anchor":11,"Bird Faced Urn":20,"Bronze Scales":27,"Black Star":0,"Bag of Marbles":4,"Art of War":5,"Coffee Dripper":17,"PureWater":0,"Unceasing Top":24},{"Mango":146,"Bag of Preparation":58,"Ginger":151,"Boot":40,"Mummified Hand":58,"Tiny Chest":11,"Red Mask":75,"Runic Pyramid":33,"Potion Belt":11,"Pear":48,"PreservedInsect":15,"The Courier":55,"Letter Opener":176,"Frozen Egg 2":24,"War Paint":24,"White Beast Statue":8,"Bottled Flame":21,"Anchor":48,"Bird Faced Urn":113,"Bronze Scales":176,"Black Star":0,"Bag of Marbles":15,"Art of War":21,"Coffee Dripper":99,"PureWater":0,"Unceasing Top":146}],"Unceasing Top":[3]},"card_choices":[{"not_picked":["Prostrate","Crescendo"],"picked":"SashWhip","floor":1},{"not_picked":["CutThroughFate","CrushJoints"],"picked":"BowlingBash","floor":2},{"not_picked":["Meditate","PathToVictory"],"picked":"Consecrate","floor":6},{"not_picked":["Worship","CrushJoints"],"picked":"DeceiveReality","floor":7},{"not_picked":["Omniscience","Consecrate"],"picked":"Wireheading","floor":10},{"not_picked":["WindmillStrike","Omniscience"],"picked":"Weave","floor":13},{"not_picked":["Halt","PathToVictory"],"picked":"WindmillStrike","floor":14},{"not_picked":["SpiritShield","Alpha"],"picked":"Ragnarok","floor":16},{"not_picked":["Halt","BowlingBash"],"picked":"EmptyBody","floor":18},{"not_picked":["FlyingSleeves","CutThroughFate"],"picked":"Vault","floor":19},{"not_picked":["CrushJoints","SashWhip"],"picked":"ThirdEye","floor":21},{"not_picked":["Crescendo","FlyingSleeves"],"picked":"Meditate","floor":25},{"not_picked":["Collect","Study+1","Fasting2+1"],"picked":"SKIP","floor":27},{"not_picked":["Sanctity","Conclude"],"picked":"MentalFortress+1","floor":28},{"not_picked":["ClearTheMind","Protect"],"picked":"DeceiveReality","floor":29},{"not_picked":["FlurryOfBlows","Consecrate"],"picked":"Weave","floor":31},{"not_picked":["ConjureBlade","Establishment+1"],"picked":"Omniscience","floor":33},{"not_picked":["Crescendo","JustLucky"],"picked":"Prostrate+1","floor":35},{"not_picked":["LikeWater+1","Adaptation+1"],"picked":"Nirvana+1","floor":36},{"not_picked":["SashWhip","EmptyFist"],"picked":"Evaluate","floor":37},{"not_picked":["Protect","SignatureMove","Fasting2+1"],"picked":"SKIP","floor":38},{"not_picked":["FollowUp","Scrawl"],"picked":"LikeWater+1","floor":39},{"not_picked":["BowlingBash","JustLucky"],"picked":"Perseverance","floor":40},{"not_picked":["Collect","PathToVictory+1"],"picked":"Wallop","floor":41},{"not_picked":["Prostrate+1","FlyingSleeves+1"],"picked":"EmptyFist+1","floor":42},{"not_picked":["CrushJoints","BowlingBash+1"],"picked":"Meditate","floor":54}],"player_experience":3059882,"relics_obtained":[{"floor":3,"key":"White Beast Statue"},{"floor":6,"key":"Potion Belt"},{"floor":6,"key":"Tiny Chest"},{"floor":7,"key":"Bag of Marbles"},{"floor":9,"key":"PreservedInsect"},{"floor":10,"key":"Art of War"},{"floor":10,"key":"Bottled Flame"},{"floor":13,"key":"Frozen Egg 2"},{"floor":13,"key":"War Paint"},{"floor":24,"key":"Pear"},{"floor":26,"key":"The Courier"},{"floor":27,"key":"Mummified Hand"},{"floor":27,"key":"Bag of Preparation"},{"floor":31,"key":"Red Mask"},{"floor":37,"key":"Bird Faced Urn"},{"floor":41,"key":"Unceasing Top"},{"floor":41,"key":"Mango"},{"floor":47,"key":"Ginger"},{"floor":54,"key":"Letter Opener"},{"floor":54,"key":"Bronze Scales"}],"event_choices":[{"damage_healed":0,"gold_gain":0,"player_choice":"Grow","damage_taken":0,"max_hp_gain":0,"max_hp_loss":0,"event_name":"Living Wall","floor":4,"gold_loss":0,"cards_upgraded":["Eruption"]},{"damage_healed":18,"gold_gain":0,"player_choice":"Healed","damage_taken":0,"max_hp_gain":0,"max_hp_loss":0,"event_name":"The Cleric","floor":5,"gold_loss":35},{"damage_healed":0,"gold_gain":0,"player_choice":"Searched \u00271\u0027 times","damage_taken":0,"max_hp_gain":0,"max_hp_loss":0,"event_name":"Dead Adventurer","floor":7,"gold_loss":0},{"damage_healed":0,"gold_gain":0,"player_choice":"Ignored","damage_taken":0,"max_hp_gain":0,"max_hp_loss":0,"event_name":"Liars Game","floor":12,"gold_loss":0},{"damage_healed":0,"gold_gain":0,"player_choice":"Opened","damage_taken":0,"relics_obtained":["Boot"],"max_hp_gain":0,"max_hp_loss":0,"event_name":"The Mausoleum","floor":20,"gold_loss":0},{"damage_healed":0,"gold_gain":0,"player_choice":"Fought Bandits","damage_taken":0,"max_hp_gain":0,"max_hp_loss":0,"event_name":"Masked Bandits","floor":31,"gold_loss":0},{"damage_healed":0,"gold_gain":0,"player_choice":"Fight","damage_taken":0,"max_hp_gain":0,"max_hp_loss":0,"event_name":"MindBloom","floor":37,"gold_loss":0},{"cards_removed":["Strike_P"],"damage_healed":0,"gold_gain":0,"player_choice":"Removed Attack","damage_taken":0,"max_hp_gain":0,"max_hp_loss":0,"event_name":"Falling","floor":44,"gold_loss":0}],"is_beta":true,"boss_relics":[{"not_picked":["SacredBark","Tiny House"],"picked":"Runic Pyramid"},{"not_picked":["Velvet Choker","Calling Bell"],"picked":"Coffee Dripper"}],"items_purged_floors":[22,45],"is_endless":false,"potions_floor_spawned":[6,7,10,13,14,16,18,19,21,25,27,28,29,31,33,35,36,37,38,39,40,41,42,54],"killed_by":"The Heart","ascension_level":13}}