{"host":"nskcj6qu6rcsb0l3","time":1613971063,"event":{"mods":["BaseMod","Better Match","Better Note","Minty Spire (QoL Compilation)","StSLib"],"gold_per_floor":[117,117,192,192,204,204,231,243,278,321,333,219,219,232,232,330,330,350,363,379,379],"floor_reached":20,"language":"ENG","playtime":493,"items_purged":[],"score":207,"play_id":"2b106069-d395-4b28-b150-fa9c6756da6b","local_time":"20210222061743","is_ascension_mode":false,"campfire_choices":[{"floor":6,"key":"REST"},{"floor":8,"key":"REST"},{"data":"Backstab","floor":13,"key":"SMITH"},{"data":"Footwork","floor":15,"key":"SMITH"}],"circlet_count":0,"master_deck":["Strike_G","Strike_G","Strike_G","Strike_G","Strike_G","Defend_G","Defend_G","Defend_G","Defend_G+1","Defend_G","Survivor","Neutralize+1","Noxious Fumes+1","Dagger Spray","Deflect","Backstab+1","Bane","Footwork+1","Dodge and Roll","Bane+1","Dagger Spray"],"relics":["Ring of the Snake","NeowsBlessing","MawBank","Happy Flower","Bottled Flame","SacredBark"],"acts_visited":["Exordium","TheCity"],"potions_floor_usage":[10,10,20],"damage_taken":[{"damage":0,"enemies":"2 Louse","floor":1,"turns":1},{"damage":0,"enemies":"Jaw Worm","floor":5,"turns":1},{"damage":0,"enemies":"3 Sentries","floor":7,"turns":1},{"damage":9,"enemies":"Lagavulin","floor":10,"turns":6},{"damage":0,"enemies":"Small Slimes","floor":14,"turns":2},{"damage":7,"enemies":"The Guardian","floor":16,"turns":11},{"damage":21,"enemies":"Spheric Guardian","floor":18,"turns":6},{"damage":1,"enemies":"3 Byrds","floor":19,"turns":5},{"damage":31,"enemies":"3 Cultists","floor":20,"turns":7}],"seed_played":"-3498022702713119550","potions_obtained":[{"floor":1,"key":"BlessingOfTheForge"},{"floor":7,"key":"EssenceOfSteel"},{"floor":14,"key":"Poison Potion"},{"floor":20,"key":"LiquidBronze"}],"is_trial":false,"path_per_floor":["M","?","?","?","M","R","E","R","T","E","?","$","R","M","R","B",null,"M","M","M"],"character_chosen":"THE_SILENT","items_purchased":["Backstab","Bane"],"campfire_rested":2,"item_purchase_floors":[12,12],"current_hp_per_floor":[70,70,59,45,45,66,66,70,70,61,61,61,61,61,61,54,70,49,48,17,17],"gold":379,"neow_bonus":"THREE_ENEMY_KILL","is_daily":false,"chose_seed":false,"campfire_upgraded":2,"win_rate":0.0,"timestamp":1613971063,"path_taken":["M","?","?","?","M","R","E","R","T","E","?","$","R","M","R","BOSS","M","M","M"],"items_purchased_type":["Card","Card"],"build_version":"2020-12-22","purchased_purges":0,"victory":false,"max_hp_per_floor":[70,70,70,70,70,70,70,70,70,70,70,70,70,70,70,70,70,70,70,70,70],"card_choices":[{"not_picked":["Dodge and Roll","Dagger Throw"],"picked":"Noxious Fumes","floor":1},{"not_picked":["Slice","Deadly Poison"],"picked":"Dagger Spray","floor":5},{"not_picked":["Escape Plan","Flying Knee","Riddle With Holes"],"picked":"SKIP","floor":7},{"not_picked":["Deadly Poison","Bouncing Flask"],"picked":"Deflect","floor":10},{"not_picked":["Backflip","PiercingWail"],"picked":"Footwork","floor":14},{"not_picked":["Distraction+1","PiercingWail"],"picked":"Dodge and Roll","floor":18},{"not_picked":["Dagger Spray+1","Masterful Stab"],"picked":"Bane+1","floor":19},{"not_picked":["Deadly Poison","Sucker Punch"],"picked":"Dagger Spray","floor":20}],"player_experience":1003053,"relics_obtained":[{"floor":7,"key":"MawBank"},{"floor":9,"key":"Happy Flower"},{"floor":10,"key":"Bottled Flame"}],"event_choices":[{"damage_healed":0,"gold_gain":0,"player_choice":"Grow","damage_taken":0,"max_hp_gain":0,"max_hp_loss":0,"event_name":"Living Wall","floor":2,"gold_loss":0,"cards_upgraded":["Noxious Fumes"]},{"damage_healed":0,"gold_gain":75,"player_choice":"Gather Gold","damage_taken":11,"max_hp_gain":0,"max_hp_loss":0,"event_name":"World of Goop","floor":3,"gold_loss":0},{"damage_healed":0,"gold_gain":0,"player_choice":"Entered Light","damage_taken":14,"max_hp_gain":0,"max_hp_loss":0,"event_name":"Shining Light","floor":4,"gold_loss":0,"cards_upgraded":["Defend_G","Neutralize"]},{"damage_healed":0,"gold_gain":0,"player_choice":"Ignored","damage_taken":0,"max_hp_gain":0,"max_hp_loss":0,"event_name":"WeMeetAgain","floor":11,"gold_loss":0}],"is_beta":false,"boss_relics":[{"not_picked":["Empty Cage","Fusion Hammer"],"picked":"SacredBark"}],"items_purged_floors":[],"is_endless":false,"potions_floor_spawned":[1,7,14,20],"killed_by":"3 Cultists","ascension_level":0}}