{"host":"o0dii6afppedd0fm","time":1613978463,"event":{"mods":["BaseMod","Colored Powertips","Minty Spire (QoL Compilation)","StSLib"],"gold_per_floor":[114,189,189,189,189,219,234,249,249,264,264,294,294,309,309,434,434,458,473,473,497,497,497,497,497,497,512,536,560,560,599,599,708,708,732,756,756,223,183,183,222,246,246,246,270,310,310,334,334,334,334],"floor_reached":50,"language":"ZHS","playtime":11925,"items_purged":["Malaise"],"score":704,"play_id":"201731eb-741e-41ce-b199-9f87ac884228","local_time":"20210222152103","daily_mods":["Shiny","Diverse","Binary"],"is_ascension_mode":false,"campfire_choices":[{"floor":13,"key":"REST"},{"data":"Seek","floor":15,"key":"SMITH"},{"floor":23,"key":"REST"},{"data":"Fission","floor":25,"key":"SMITH"},{"floor":32,"key":"REST"},{"data":"Blasphemy","floor":40,"key":"SMITH"},{"data":"Night Terror","floor":44,"key":"SMITH"},{"data":"Burst","floor":49,"key":"SMITH"}],"circlet_count":0,"master_deck":["Judgement","ConjureBlade","MasterReality","Brilliance","Devotion","Blasphemy+1","Ragnarok","LessonLearned","Scrawl+1","Vault","Alpha","Wish","Omniscience+1","Establishment","SpiritShield","DevaForm+1","DeusExMachina","Multi-Cast","Hyperbeam","Thunder Strike","Biased Cognition","Machine Learning","Electrodynamics+1","Buffer","Rainbow","Seek+1","Meteor Strike","Echo Form","All For One","Reboot","Amplify","Creative AI","Fission+1","Core Surge","Venomology","Corpse Explosion","Phantasmal Killer+1","Die Die Die","Adrenaline+1","Envenom","Doppelganger","Burst+1","Wraith Form v2","Tools of the Trade","Night Terror+1","After Image","Bullet Time","Storm of Steel","Glass Knife","A Thousand Cuts","Grand Finale","Double Tap","Bludgeon","Feed","Limit Break","Corruption+1","Barricade","Fiend Fire","Berserk","Impervious","Juggernaut","Brutality","Reaper","Exhume","Offering","Immolate","Backflip+1","Wireheading","CutThroughFate","Redo","ReachHeaven+1","Study","FlyingSleeves+1","Headbutt","Dash","Biased Cognition","Headbutt+1","Sentinel+1","HandOfGreed","Twin Strike+1","JustLucky+1","Evolve+1","ClearTheMind+1"],"relics":["Cracked Core","Singing Bowl","Bag of Preparation","Mummified Hand","CeramicFish","Philosopher\u0027s Stone","Pen Nib","MutagenicStrength","Bird Faced Urn","Orichalcum","Nuclear Battery","Potion Belt","Medical Kit","Eternal Feather","Ancient Tea Set"],"acts_visited":["Exordium","TheCity","TheBeyond"],"potions_floor_usage":[8,16,16,16,19,21,21,27,29,33,42,42,50,50,50,50],"damage_taken":[{"damage":11,"enemies":"2 Louse","floor":1,"turns":3},{"damage":3,"enemies":"Gremlin Nob","floor":6,"turns":4},{"damage":16,"enemies":"Small Slimes","floor":7,"turns":3},{"damage":9,"enemies":"Jaw Worm","floor":8,"turns":3},{"damage":0,"enemies":"2 Fungi Beasts","floor":10,"turns":2},{"damage":6,"enemies":"Lagavulin","floor":12,"turns":2},{"damage":4,"enemies":"Gremlin Gang","floor":14,"turns":2},{"damage":46,"enemies":"Slime Boss","floor":16,"turns":7},{"damage":45,"enemies":"2 Thieves","floor":18,"turns":3},{"damage":0,"enemies":"Spheric Guardian","floor":19,"turns":3},{"damage":0,"enemies":"Centurion and Healer","floor":21,"turns":3},{"damage":42,"enemies":"Chosen and Byrds","floor":27,"turns":5},{"damage":12,"enemies":"Snake Plant","floor":28,"turns":1},{"damage":42,"enemies":"Shelled Parasite and Fungi","floor":29,"turns":4},{"damage":0,"enemies":"Gremlin Leader","floor":31,"turns":3},{"damage":12,"enemies":"Automaton","floor":33,"turns":6},{"damage":11,"enemies":"3 Darklings","floor":35,"turns":2},{"damage":3,"enemies":"3 Shapes","floor":36,"turns":2},{"damage":22,"enemies":"Giant Head","floor":41,"turns":5},{"damage":14,"enemies":"Transient","floor":42,"turns":7},{"damage":12,"enemies":"Sphere and 2 Shapes","floor":45,"turns":2},{"damage":15,"enemies":"3 Darklings","floor":46,"turns":3},{"damage":0,"enemies":"Jaw Worm Horde","floor":48,"turns":1},{"damage":143,"enemies":"Time Eater","floor":50,"turns":8}],"seed_played":"-9004314451342404475","potions_obtained":[{"floor":7,"key":"Swift Potion"},{"floor":8,"key":"SkillPotion"},{"floor":12,"key":"ColorlessPotion"},{"floor":18,"key":"SteroidPotion"},{"floor":19,"key":"Weak Potion"},{"floor":28,"key":"GamblersBrew"},{"floor":35,"key":"GamblersBrew"},{"floor":36,"key":"FearPotion"},{"floor":45,"key":"FocusPotion"},{"floor":48,"key":"SpeedPotion"}],"is_trial":false,"path_per_floor":["M","?","?","?","$","E","M","M","T","M","?","E","R","M","R","B",null,"M","M","?","M","?","R","?","R","T","M","M","M","?","E","R","B",null,"M","M","?","$","?","R","E","M","T","R","M","M","?","M","R","B"],"character_chosen":"DEFECT","items_purchased":["Potion Belt","Medical Kit","HandOfGreed"],"campfire_rested":3,"item_purchase_floors":[38,38,38],"current_hp_per_floor":[64,53,58,55,55,54,46,41,41,41,92,88,94,92,92,66,101,56,58,58,58,58,88,88,88,88,70,70,56,56,58,89,105,105,94,95,95,95,95,95,93,104,104,105,102,97,97,104,113,0,0],"gold":334,"neow_bonus":"","is_daily":true,"chose_seed":false,"campfire_upgraded":5,"win_rate":0.0,"timestamp":1613978463,"path_taken":["M","?","?","?","$","E","M","?","T","M","?","E","R","?","R","BOSS","M","M","?","M","?","R","?","R","T","M","?","M","?","E","R","BOSS","M","M","?","?","?","R","E","M","T","R","?","M","?","?","R","BOSS"],"items_purchased_type":["Relic","Relic","Card"],"build_version":"2020-12-22","purchased_purges":1,"victory":false,"max_hp_per_floor":[75,75,80,80,80,82,82,82,82,82,92,94,94,96,96,101,101,101,103,103,103,103,103,103,103,103,105,105,105,105,105,105,105,105,105,105,105,105,105,105,105,105,105,105,108,110,110,113,113,113,113],"card_choices":[{"not_picked":["Underhanded Strike"],"picked":"Backflip","floor":1},{"not_picked":["Escape Plan","Flechettes"],"picked":"Singing Bowl","floor":6},{"not_picked":["Crippling Poison"],"picked":"Wireheading","floor":7},{"not_picked":["Go for the Eyes"],"picked":"CutThroughFate","floor":8},{"not_picked":["Iron Wave"],"picked":"Redo","floor":10},{"not_picked":["FlyingSleeves","Glacier"],"picked":"Singing Bowl","floor":12},{"not_picked":["Underhanded Strike","Consecrate"],"picked":"Singing Bowl","floor":14},{"not_picked":["Alpha","Corruption"],"picked":"Singing Bowl","floor":16},{"not_picked":["Crescendo"],"picked":"ReachHeaven+1","floor":18},{"not_picked":["Havoc","PiercingWail+1"],"picked":"Singing Bowl","floor":19},{"not_picked":["Streamline"],"picked":"Study","floor":21},{"not_picked":["Bane","PiercingWail"],"picked":"Singing Bowl","floor":27},{"not_picked":["Hologram"],"picked":"FlyingSleeves+1","floor":28},{"not_picked":["Finisher"],"picked":"Headbutt","floor":29},{"not_picked":["Fasting2+1"],"picked":"Dash","floor":31},{"not_picked":["Echo Form"],"picked":"Biased Cognition","floor":33},{"not_picked":["Conclude"],"picked":"Headbutt+1","floor":35},{"not_picked":["Accuracy"],"picked":"Sentinel+1","floor":36},{"not_picked":["Compile Driver+1"],"picked":"Twin Strike+1","floor":41},{"not_picked":["Steam"],"picked":"JustLucky+1","floor":42},{"not_picked":["Barrage+1"],"picked":"Evolve+1","floor":45},{"not_picked":["Steam","True Grit"],"picked":"Singing Bowl","floor":46},{"not_picked":["Searing Blow+1"],"picked":"ClearTheMind+1","floor":48}],"player_experience":33476,"relics_obtained":[{"floor":6,"key":"Bag of Preparation"},{"floor":9,"key":"Mummified Hand"},{"floor":12,"key":"CeramicFish"},{"floor":26,"key":"Bird Faced Urn"},{"floor":31,"key":"Orichalcum"},{"floor":41,"key":"Eternal Feather"},{"floor":43,"key":"Ancient Tea Set"}],"event_choices":[{"damage_healed":0,"gold_gain":75,"player_choice":"Gather Gold","damage_taken":11,"max_hp_gain":0,"max_hp_loss":0,"event_name":"World of Goop","floor":2,"gold_loss":0},{"damage_healed":0,"gold_gain":0,"player_choice":"Donut","damage_taken":0,"max_hp_gain":5,"max_hp_loss":0,"event_name":"Big Fish","floor":3,"gold_loss":0},{"damage_healed":0,"gold_gain":0,"player_choice":"Success","damage_taken":3,"relics_obtained":["Singing Bowl"],"max_hp_gain":0,"max_hp_loss":0,"event_name":"Scrap Ooze","floor":4,"gold_loss":0},{"cards_removed":["Demon Form"],"damage_healed":41,"gold_gain":0,"player_choice":"Offered Rare","damage_taken":0,"max_hp_gain":10,"max_hp_loss":0,"event_name":"Bonfire Elementals","floor":11,"gold_loss":0},{"damage_healed":0,"gold_gain":0,"player_choice":"Opened","damage_taken":0,"relics_obtained":["Pen Nib"],"max_hp_gain":0,"max_hp_loss":0,"event_name":"The Mausoleum","floor":20,"gold_loss":0},{"damage_healed":0,"gold_gain":0,"player_choice":"Inject Mutagens","damage_taken":0,"relics_obtained":["MutagenicStrength"],"max_hp_gain":0,"max_hp_loss":0,"event_name":"Drug Dealer","floor":22,"gold_loss":0},{"damage_healed":0,"gold_gain":0,"player_choice":"Upgraded","damage_taken":0,"max_hp_gain":0,"max_hp_loss":0,"event_name":"Upgrade Shrine","floor":24,"gold_loss":0,"cards_upgraded":["Omniscience"]},{"damage_healed":0,"gold_gain":0,"player_choice":"Ignored","damage_taken":0,"max_hp_gain":0,"max_hp_loss":0,"event_name":"Beggar","floor":30,"gold_loss":0},{"damage_healed":0,"gold_gain":0,"player_choice":"Bought 0 Potions","damage_taken":0,"max_hp_gain":0,"max_hp_loss":0,"event_name":"The Woman in Blue","floor":37,"gold_loss":0},{"damage_healed":0,"gold_gain":0,"player_choice":"Upgrade","damage_taken":0,"max_hp_gain":0,"max_hp_loss":0,"event_name":"Designer","floor":39,"gold_loss":40,"cards_upgraded":["Adrenaline"]},{"cards_removed":["Unload"],"damage_healed":0,"gold_gain":0,"player_choice":"Purged","damage_taken":0,"max_hp_gain":0,"max_hp_loss":0,"event_name":"Purifier","floor":47,"gold_loss":0}],"is_beta":false,"boss_relics":[{"not_picked":["Velvet Choker","SacredBark"],"picked":"Philosopher\u0027s Stone"},{"not_picked":["Sozu","Busted Crown"],"picked":"Nuclear Battery"}],"items_purged_floors":[38],"is_endless":false,"potions_floor_spawned":[7,8,12,14,18,19,28,35,36,45,48],"killed_by":"Time Eater","ascension_level":0}}