{"host":"a7grckwa7u7mv02n","time":1613998268,"event":{"mods":["BaseMod","Downfall","Hermit","Minty Spire (QoL Compilation)","Replay The Spire","StSLib","The Animator","The Cursed","The Hierophant","The Servant 0.9.4"],"gold_per_floor":[0,19,119,134,42,119,119,150,170,185,185,185,185,213,227,331,331,131,131,231,242,261,276,276,276,286,302,202,21,21,21,35,35,35,35],"floor_reached":33,"language":"ENG","playtime":2668,"items_purged":[],"score":282,"play_id":"49107392-c847-4596-82d2-c6179d16bf0b","local_time":"20210222055108","is_ascension_mode":false,"campfire_choices":[{"floor":11,"key":"REST"},{"floor":13,"key":"RECALL"},{"data":"1","floor":18,"key":"LIFT"},{"data":"2","floor":28,"key":"LIFT"},{"floor":30,"key":"REST"}],"circlet_count":0,"master_deck":["hexamod:Defend","hexamod:Defend","hexamod:Defend","hexamod:Defend","hexamod:Sear","hexamod:Float","hexamod:HeatShield","hexamod:HeatMetal","hexamod:SpectersWail","hexamod:ForkedFlame","hexamod:ThermalTransfer","hexamod:UnlimitedPower","hexamod:Firestarter","hexamod:Again","hexamod:HauntingEcho","hexamod:HeatShield","hexamod:PhantomCloak","hexamod:GhostOfSpirePresent","hexamod:PhantomFireball","hexamod:BurningTouch+1","hexamod:SwordOfDarkness","hexamod:VolcanoVisage","hexamod:RainOfEmbers","hexamod:GhostLash","hexamod:CatchUp","hexamod:NightmareStrike","hexamod:DynamicBlow","Replay:SS_forest_2","Bite","Bite","Bite","Bite","Bite","hexamod:HeatMetal"],"relics":["hexamod:SpiritBrand","Calipers","Bronze Scales","Pear","Girya","Toy Ornithopter","Ring of Chaos","downfall:HeartBlessingRed","downfall:HeartBlessingGreen","Potion Belt","Enchiridion","downfall:HeartBlessingBlue"],"acts_visited":["Exordium","TheCity"],"potions_floor_usage":[8,16,16,21,22,22,23,27,29,33],"damage_taken":[{"damage":0,"enemies":"Small Slimes","floor":2,"turns":3},{"damage":5,"enemies":"Jaw Worm","floor":4,"turns":4},{"damage":10,"enemies":"downfall:FleeingMerchant","floor":5,"turns":4},{"damage":17,"enemies":"Lagavulin","floor":8,"turns":6},{"damage":2,"enemies":"2 Louse","floor":9,"turns":2},{"damage":9,"enemies":"Exordium Thugs","floor":10,"turns":4},{"damage":1,"enemies":"Gremlin Nob","floor":14,"turns":3},{"damage":0,"enemies":"Large Slime","floor":15,"turns":4},{"damage":28,"enemies":"IC_STATUS_ARCHETYPE","floor":16,"turns":8},{"damage":0,"enemies":"Chosen","floor":19,"turns":1},{"damage":9,"enemies":"downfall:LadyInBlue","floor":20,"turns":11},{"damage":5,"enemies":"Spheric Guardian","floor":21,"turns":3},{"damage":7,"enemies":"Snake Plant","floor":22,"turns":3},{"damage":11,"enemies":"Shelled Parasite and Fungi","floor":23,"turns":4},{"damage":16,"enemies":"Chosen and Byrds","floor":26,"turns":5},{"damage":15,"enemies":"Snake Plant","floor":27,"turns":4},{"damage":15,"enemies":"downfall:FleeingMerchant","floor":29,"turns":4},{"damage":39,"enemies":"Sentry and Sphere","floor":32,"turns":5},{"damage":26,"enemies":"WA_ARCHETYPE_CALM","floor":33,"turns":8}],"seed_played":"-89538786723493858","potions_obtained":[{"floor":2,"key":"Explosive Potion"},{"floor":8,"key":"bronze:BurnAndBuffPotion"},{"floor":9,"key":"BlessingOfTheForge"},{"floor":20,"key":"Dexterity Potion"},{"floor":20,"key":"SneckoOil"},{"floor":20,"key":"Cursed Concoction"},{"floor":22,"key":"FearPotion"},{"floor":23,"key":"FearPotion"},{"floor":26,"key":"Adrenaline Potion"},{"floor":32,"key":"FearPotion"}],"is_trial":false,"path_per_floor":["R","M","?","M","$","?","T","E","M","M","R","?","R","E","M","B",null,"R","M","?","M","M","M","T","?","M","M","R","$","R","?","M","B"],"character_chosen":"THE_SPIRIT","items_purchased":["hexamod:ForkedFlame","hexamod:DynamicBlow","Replay:SS_forest_2"],"campfire_rested":2,"item_purchase_floors":[5,29,29],"current_hp_per_floor":[70,70,70,65,55,27,37,20,18,9,33,59,59,58,58,40,80,80,80,71,71,73,67,67,51,35,25,35,25,52,52,15,0,0,0],"gold":35,"neow_bonus":"ONE_RARE_RELIC","is_daily":false,"chose_seed":false,"campfire_upgraded":0,"win_rate":0.0,"timestamp":1613998268,"path_taken":["R","M","?","M","?","?","T","E","?","M","R","?","R","E","M","BOSS","R","M","?","?","M","M","T","?","M","M","R","$","R","?","M","BOSS"],"items_purchased_type":["Card","Card","Card"],"build_version":"2020-12-22","purchased_purges":0,"victory":false,"max_hp_per_floor":[70,70,70,70,70,70,80,80,80,80,80,80,80,80,80,80,80,80,80,80,80,80,80,80,80,80,80,90,90,90,62,62,62,62,62],"card_choices":[{"not_picked":["hexamod:PhantomFireball","hexamod:InspiringFlames"],"picked":"hexamod:HeatShield","floor":2},{"not_picked":["hexamod:GhostLash","hexamod:ThermalTransfer"],"picked":"hexamod:HeatMetal","floor":4},{"not_picked":["hexamod:BurningTouch","hexamod:SecondSeal"],"picked":"hexamod:SpectersWail","floor":5},{"not_picked":["hexamod:FourthSeal","hexamod:ThirdSeal"],"picked":"hexamod:ThermalTransfer","floor":6},{"not_picked":["hexamod:FourthSeal","hexamod:Haunt"],"picked":"hexamod:UnlimitedPower","floor":6},{"not_picked":["hexamod:ThirdSeal","hexamod:SecondSeal"],"picked":"hexamod:Firestarter","floor":8},{"not_picked":["hexamod:SwordOfDarkness","hexamod:ChargedBarrage"],"picked":"hexamod:Again","floor":9},{"not_picked":["hexamod:BacktrackSmack","hexamod:RetreatToShadows"],"picked":"hexamod:HauntingEcho","floor":10},{"not_picked":["hexamod:GhostOfSpirePast","hexamod:GhostLash"],"picked":"hexamod:HeatShield","floor":14},{"not_picked":["hexamod:SpectersWail","hexamod:FastForward"],"picked":"hexamod:PhantomCloak","floor":15},{"not_picked":["hexamod:UnlimitedPower","hexamod:FifthSeal"],"picked":"hexamod:GhostOfSpirePresent","floor":16},{"not_picked":["hexamod:ShieldOfDarkness","hexamod:ThermalTransfer"],"picked":"hexamod:PhantomFireball","floor":19},{"not_picked":["hexamod:BacktrackSmack+1","hexamod:AdvancingGuard"],"picked":"hexamod:BurningTouch+1","floor":20},{"not_picked":["hexamod:GhostOfSpireFuture","hexamod:GhostLash"],"picked":"hexamod:SwordOfDarkness","floor":21},{"not_picked":["hexamod:FourthSeal","hexamod:SpectersWail"],"picked":"hexamod:VolcanoVisage","floor":22},{"not_picked":["hexamod:NightmareStrike","hexamod:Hexaguard"],"picked":"hexamod:RainOfEmbers","floor":23},{"not_picked":["hexamod:HeatShield","hexamod:NightmareGuise"],"picked":"hexamod:GhostLash","floor":26},{"not_picked":["hexamod:GhostLash","hexamod:RainOfEmbers"],"picked":"hexamod:CatchUp","floor":27},{"not_picked":["hexamod:SpectersWail","hexamod:Hexaguard"],"picked":"hexamod:NightmareStrike","floor":29},{"not_picked":["hexamod:NightmareGuise+1","hexamod:AdvancingGuard"],"picked":"hexamod:HeatMetal","floor":32}],"player_experience":37019,"relics_obtained":[{"floor":6,"key":"Bronze Scales"},{"floor":7,"key":"Pear"},{"floor":8,"key":"Girya"},{"floor":14,"key":"Toy Ornithopter"},{"floor":20,"key":"Potion Belt"},{"floor":25,"key":"Enchiridion"}],"event_choices":[{"damage_healed":26,"gold_gain":0,"player_choice":"Banana","damage_taken":0,"max_hp_gain":0,"max_hp_loss":0,"event_name":"Big Fish","floor":12,"gold_loss":0},{"damage_healed":0,"gold_gain":0,"player_choice":"Became a vampire","damage_taken":0,"max_hp_gain":0,"max_hp_loss":28,"event_name":"Vampires","floor":31,"gold_loss":0,"cards_obtained":["Bite","Bite","Bite","Bite","Bite"]}],"is_beta":false,"boss_relics":[{"not_picked":["Snecko Eye","Calling Bell"],"picked":"Ring of Chaos"}],"items_purged_floors":[],"is_endless":false,"potions_floor_spawned":[2,8,9,22,23,26,32],"killed_by":"WA_ARCHETYPE_CALM","ascension_level":0}}