{"host":"4lch21uqe3ag08cj","time":1613960803,"event":{"mods":["AchievementEnabler","BaseMod","Block Reminder","Colored Map","Colored Powertips","Minty Spire (QoL Compilation)","Permanent Neow","Relic Stats"],"gold_per_floor":[99,99,99,99,49,49,49,34,34,34,34,34,34,34,34,34,34,34,34,34,34,34,34,34,34,34,34,34,34,34,34,34,34,34,34,34,34,34,34,34,34,34,34,34,34,34,34,34,34,34,34,34,34,34,34],"floor_reached":56,"language":"ENG","playtime":3009,"items_purged":[],"score":1594,"play_id":"b0387535-7be8-4dd2-9b0d-9ff45c26c9d4","local_time":"20210221232643","is_ascension_mode":true,"campfire_choices":[{"data":"Uppercut","floor":6.0,"key":"SMITH"},{"data":"Feed","floor":12.0,"key":"SMITH"},{"data":"Disarm","floor":15.0,"key":"SMITH"},{"data":"Demon Form","floor":24.0,"key":"SMITH"},{"data":"Inflame","floor":28.0,"key":"SMITH"},{"data":"Armaments","floor":30.0,"key":"SMITH"},{"floor":32.0,"key":"REST"},{"data":"Impervious","floor":40.0,"key":"SMITH"},{"floor":49.0,"key":"RECALL"},{"data":"Brutality","floor":52,"key":"SMITH"}],"circlet_count":0,"master_deck":["Bash","Clash","Uppercut+1","Feed+1","Disarm+1","Reaper","Shockwave","Hemokinesis","Demon Form+1","Headbutt","Juggernaut","Sentinel","Dropkick","Juggernaut","Metallicize","Armaments+1","Whirlwind","Spot Weakness+1","Inflame+1","Dual Wield+1","Impervious+1","Shrug It Off+1","Pummel+1","Brutality+1","Metallicize+1"],"relics":["Ectoplasm","Nunchaku","Akabeko","Torii","Pandora\u0027s Box","Regal Pillow","Shuriken","Toy Ornithopter","Coffee Dripper","Mercury Hourglass","The Courier","Bird Faced Urn","Singing Bowl","Bag of Marbles"],"acts_visited":["Exordium","TheCity","TheBeyond","TheEnding"],"potions_floor_usage":[50,55,55],"damage_taken":[{"damage":0.0,"enemies":"Cultist","floor":1.0,"turns":4.0},{"damage":0.0,"enemies":"Jaw Worm","floor":2.0,"turns":2.0},{"damage":2.0,"enemies":"Small Slimes","floor":3.0,"turns":3.0},{"damage":1.0,"enemies":"3 Louse","floor":4.0,"turns":3.0},{"damage":12.0,"enemies":"Gremlin Nob","floor":7.0,"turns":3.0},{"damage":4.0,"enemies":"Looter","floor":8.0,"turns":2.0},{"damage":37.0,"enemies":"Lagavulin","floor":10.0,"turns":6.0},{"damage":17.0,"enemies":"3 Sentries","floor":13.0,"turns":7.0},{"damage":0.0,"enemies":"2 Fungi Beasts","floor":14.0,"turns":3.0},{"damage":16.0,"enemies":"The Guardian","floor":16.0,"turns":10.0},{"damage":8.0,"enemies":"Spheric Guardian","floor":18.0,"turns":4.0},{"damage":16.0,"enemies":"Shell Parasite","floor":19.0,"turns":5.0},{"damage":13.0,"enemies":"Centurion and Healer","floor":20.0,"turns":7.0},{"damage":16.0,"enemies":"Gremlin Leader","floor":23.0,"turns":6.0},{"damage":42.0,"enemies":"Book of Stabbing","floor":25.0,"turns":4.0},{"damage":20.0,"enemies":"Snake Plant","floor":29.0,"turns":4.0},{"damage":1.0,"enemies":"Chosen and Byrds","floor":31.0,"turns":2.0},{"damage":30.0,"enemies":"Collector","floor":33.0,"turns":8.0},{"damage":9.0,"enemies":"Orb Walker","floor":35.0,"turns":3.0},{"damage":34.0,"enemies":"3 Shapes","floor":37.0,"turns":8.0},{"damage":36.0,"enemies":"Writhing Mass","floor":38.0,"turns":5.0},{"damage":50.0,"enemies":"Spire Growth","floor":39.0,"turns":7.0},{"damage":67.0,"enemies":"Giant Head","floor":41.0,"turns":9.0},{"damage":0.0,"enemies":"3 Darklings","floor":42.0,"turns":1.0},{"damage":50.0,"enemies":"Nemesis","floor":44.0,"turns":7.0},{"damage":9.0,"enemies":"Maw","floor":45.0,"turns":7.0},{"damage":6.0,"enemies":"Transient","floor":46.0,"turns":5.0},{"damage":44.0,"enemies":"Reptomancer","floor":47.0,"turns":5.0},{"damage":73,"enemies":"Donu and Deca","floor":50,"turns":6},{"damage":77,"enemies":"Shield and Spear","floor":54,"turns":8},{"damage":175,"enemies":"The Heart","floor":55,"turns":9}],"seed_played":"812218509403422065","potions_obtained":[{"floor":2.0,"key":"CultistPotion"},{"floor":4.0,"key":"Block Potion"},{"floor":8.0,"key":"Dexterity Potion"},{"floor":10.0,"key":"Regen Potion"},{"floor":13.0,"key":"BlessingOfTheForge"},{"floor":19.0,"key":"Swift Potion"},{"floor":20.0,"key":"Dexterity Potion"},{"floor":29.0,"key":"BlessingOfTheForge"},{"floor":33.0,"key":"EssenceOfSteel"},{"floor":41.0,"key":"ElixirPotion"},{"floor":44.0,"key":"DistilledChaos"},{"floor":45.0,"key":"SteroidPotion"},{"floor":54,"key":"Strength Potion"}],"is_trial":false,"path_per_floor":["M","M","M","M","?","R","E","M","T","E","?","R","E","M","R","B",null,"M","M","M","$","?","E","R","E","T","?","R","M","R","M","R","B",null,"M","?","M","M","M","R","E","M","T","E","M","M","E","$","R","B",null,"R","$","E","B",null],"character_chosen":"IRONCLAD","items_purchased":[],"campfire_rested":1,"item_purchase_floors":[],"current_hp_per_floor":[72,72,70,72,72,72,63,66,66,38,31,31,45,49,49,49,90,86,74,85,85,61,95,95,57,57,57,57,44,44,43,95,115,126,121,121,107,75,61,61,145,145,145,99,108,128,152,152,152,94,143,143,143,119,119],"gold":34,"neow_bonus":"BOSS_RELIC","is_daily":false,"chose_seed":false,"campfire_upgraded":8,"win_rate":0.0,"timestamp":1613960803,"path_taken":["M","M","M","M","?","R","E","M","T","E","?","R","E","M","R","BOSS","M","M","M","$","?","E","R","E","T","?","R","M","R","M","R","BOSS","M","?","M","M","M","R","E","M","T","E","M","M","E","$","R","BOSS","R","$","E","BOSS"],"items_purchased_type":[],"build_version":"2020-12-22","purchased_purges":0,"victory":true,"max_hp_per_floor":[80,80,80,83,83,83,86,89,89,92,92,92,96,100,100,104,104,108,112,116,116,121,121,121,125,125,125,125,125,125,125,125,129,129,133,133,137,141,145,145,145,145,145,149,153,153,155,155,155,159,159,159,159,161,161],"relic_stats":{"Nunchaku":[21],"Regal Pillow":15,"Torii":95,"Singing Bowl":4,"counters":[31,163],"Shuriken":[12],"Bird Faced Urn":[71],"Pandora\u0027s Box":["Headbutt","Juggernaut","Sentinel","Dropkick","Juggernaut","Metallicize","Armaments"],"Ectoplasm":803,"obtain_stats":[{"Regal Pillow":23,"Torii":13,"Singing Bowl":47,"The Courier":43,"Burning Blood":0,"Akabeko":10,"Mercury Hourglass":41,"Nunchaku":7,"Shuriken":25,"Bird Faced Urn":44,"Pandora\u0027s Box":17,"Ectoplasm":0,"Coffee Dripper":34,"Bag of Marbles":54,"Toy Ornithopter":26},{"Regal Pillow":14,"Torii":8,"Singing Bowl":28,"The Courier":24,"Burning Blood":0,"Akabeko":7,"Mercury Hourglass":23,"Nunchaku":5,"Shuriken":15,"Bird Faced Urn":25,"Pandora\u0027s Box":10,"Ectoplasm":0,"Coffee Dripper":18,"Bag of Marbles":30,"Toy Ornithopter":15},{"Regal Pillow":65,"Torii":30,"Singing Bowl":140,"The Courier":116,"Burning Blood":0,"Akabeko":23,"Mercury Hourglass":115,"Nunchaku":15,"Shuriken":69,"Bird Faced Urn":123,"Pandora\u0027s Box":43,"Ectoplasm":0,"Coffee Dripper":83,"Bag of Marbles":154,"Toy Ornithopter":69}],"Toy Ornithopter":17,"Mercury Hourglass":[165]},"card_choices":[{"not_picked":["Armaments","Iron Wave"],"picked":"Clash","floor":1.0},{"not_picked":["Twin Strike","Headbutt"],"picked":"Uppercut","floor":2.0},{"not_picked":["Warcry","Shrug It Off"],"picked":"Feed","floor":3.0},{"not_picked":["Blood for Blood","Perfected Strike"],"picked":"Disarm","floor":4.0},{"not_picked":["Cleave","Searing Blow"],"picked":"Reaper","floor":7.0},{"not_picked":["Clash","Ghostly Armor"],"picked":"Cleave","floor":8.0},{"not_picked":["Perfected Strike","Sentinel"],"picked":"Shockwave","floor":10.0},{"not_picked":["Clothesline","Seeing Red","Flex"],"picked":"SKIP","floor":13.0},{"not_picked":["Warcry","Sever Soul"],"picked":"Hemokinesis","floor":14.0},{"not_picked":["Fiend Fire","Double Tap"],"picked":"Demon Form","floor":16.0},{"not_picked":["Havoc","Rampage","Bloodletting"],"picked":"SKIP","floor":18.0},{"not_picked":["Blood for Blood+1","Hemokinesis","Body Slam"],"picked":"SKIP","floor":19.0},{"not_picked":["Hemokinesis","Uppercut","Clothesline+1"],"picked":"SKIP","floor":20.0},{"not_picked":["Pommel Strike","Clothesline"],"picked":"Whirlwind","floor":23.0},{"not_picked":["Cleave+1","Double Tap"],"picked":"Spot Weakness+1","floor":25.0},{"not_picked":["True Grit","Cleave"],"picked":"Dual Wield+1","floor":29.0},{"not_picked":["Headbutt","Evolve","Infernal Blade+1"],"picked":"SKIP","floor":31.0},{"not_picked":["Exhume","Immolate"],"picked":"Impervious","floor":33.0},{"not_picked":["Wild Strike","Clothesline"],"picked":"Shrug It Off+1","floor":35.0},{"not_picked":["Wild Strike","Twin Strike"],"picked":"Pummel+1","floor":37.0},{"not_picked":["Headbutt+1","Armaments+1","Havoc+1"],"picked":"SKIP","floor":38.0},{"not_picked":["Headbutt+1","Armaments","Clothesline+1"],"picked":"SKIP","floor":39.0},{"not_picked":["Thunderclap","Fire Breathing","Brutality"],"picked":"SKIP","floor":41.0},{"not_picked":["Thunderclap","Fire Breathing"],"picked":"Brutality","floor":41.0},{"not_picked":["Clash","Twin Strike","Headbutt"],"picked":"SKIP","floor":42.0},{"not_picked":["Anger+1","Havoc+1"],"picked":"Metallicize+1","floor":44.0},{"not_picked":["Wild Strike+1","Seeing Red+1","Feel No Pain+1"],"picked":"SKIP","floor":45.0},{"not_picked":["Heavy Blade","Cleave","Infernal Blade+1"],"picked":"SKIP","floor":46.0},{"not_picked":["Cleave","Wild Strike","Iron Wave+1"],"picked":"Singing Bowl","floor":47.0},{"not_picked":["Immolate","Wild Strike+1","Iron Wave"],"picked":"Singing Bowl","floor":54}],"player_experience":97517,"relics_obtained":[{"floor":7.0,"key":"Nunchaku"},{"floor":10.0,"key":"Akabeko"},{"floor":13.0,"key":"Torii"},{"floor":23.0,"key":"Regal Pillow"},{"floor":25.0,"key":"Shuriken"},{"floor":26.0,"key":"Toy Ornithopter"},{"floor":41.0,"key":"Mercury Hourglass"},{"floor":43.0,"key":"The Courier"},{"floor":44.0,"key":"Bird Faced Urn"},{"floor":47.0,"key":"Singing Bowl"},{"floor":54,"key":"Bag of Marbles"}],"event_choices":[{"cards_removed":["Strike_R"],"damage_healed":0.0,"max_hp_gain":0.0,"max_hp_loss":0.0,"gold_gain":0.0,"event_name":"The Cleric","player_choice":"Card Removal","floor":5.0,"gold_loss":50.0,"damage_taken":0.0},{"cards_removed":["Strike_R"],"damage_healed":0.0,"max_hp_gain":0.0,"max_hp_loss":0.0,"gold_gain":0.0,"event_name":"Golden Wing","player_choice":"Card Removal","floor":11.0,"gold_loss":0.0,"damage_taken":7.0},{"damage_healed":0.0,"max_hp_gain":5.0,"max_hp_loss":0.0,"gold_gain":0.0,"event_name":"Forgotten Altar","player_choice":"Shed Blood","floor":22.0,"gold_loss":0.0,"damage_taken":29.0},{"damage_healed":0.0,"max_hp_gain":0.0,"max_hp_loss":0.0,"gold_gain":0.0,"event_name":"The Library","player_choice":"Read","floor":27.0,"gold_loss":0.0,"damage_taken":0.0,"cards_obtained":["Inflame"]},{"cards_removed":["Cleave"],"damage_healed":0.0,"max_hp_gain":0.0,"max_hp_loss":0.0,"gold_gain":0.0,"event_name":"Falling","player_choice":"Removed Attack","floor":36.0,"gold_loss":0.0,"damage_taken":0.0}],"is_beta":false,"boss_relics":[{"not_picked":["Philosopher\u0027s Stone","Tiny House"],"picked":"Pandora\u0027s Box"},{"not_picked":["Velvet Choker","Black Star"],"picked":"Coffee Dripper"}],"items_purged_floors":[],"is_endless":false,"potions_floor_spawned":[2,4,8,10,13,19,20,29,33,38,41,44,45,46,54],"ascension_level":6}}