{"host":"17xjy7b7ubl548g2","time":1613971976,"event":{"mods":["2.2 Compatiblity","Act Like it!","Aspiration","Astrologer","Bard","BaseMod","Challenge The Spire","ChefMod","Colored Map","Colored Powertips","Conspire","Elementarium","Energized Spire","Gensokyo","GifTheSpireLib","Halation","Hallownest","Hermit","Hubris","Infinite Spire","Jedi Mod","Jorbs\u0027s Wanderer Trilogy","Marisa（霧雨　魔理沙）","Marked Mod","Menagerie","Minty Spire (QoL Compilation)","Permanent Neow","Reliquary","Replay The Spire","Robot Space Explorer","Ruina","Shapeshifter Mod","Spicy Shops","Spire Arcade","StSLib","Stuff the Spire","The Blue Laboratory","The Bug Knight","The Construct","The Disciple","The Hayseed","The Hierophant","The Marked","The Runesmith","The Sage","TheFirefly"],"gold_per_floor":[116,116,524,50,50,82,118,134,180,213,213,213,261,292,292,411,411,446,212,232,266,3,3,18,36,87,133,146,146,181,216,216,314,314,354,354,395,432,446,481,481,511,535,587,587,616,631,631,631,631],"floor_reached":51,"language":"ENG","playtime":5801,"items_purged":["StSShapeShifter:ShapeShifter_Strike"],"score":883,"play_id":"9983ee96-ec9b-4a78-b2e4-4e33cb315d90","local_time":"20210222003256","is_ascension_mode":true,"campfire_choices":[{"floor":12,"key":"REST"},{"data":"StSShapeShifter:SkullBash","floor":15,"key":"SMITH"},{"data":"StSShapeShifter:Flood","floor":23,"key":"SMITH"},{"data":"StSShapeShifter:WolfForm","floor":29,"key":"SMITH"},{"data":"HandOfGreed","floor":32,"key":"SMITH"},{"data":"StSShapeShifter:FruitBasket","floor":41,"key":"SMITH"},{"data":"infinitespire:Gouge","floor":45,"key":"SMITH"},{"data":"StSShapeShifter:Vengeance","floor":49,"key":"SMITH"}],"circlet_count":0,"master_deck":["StSShapeShifter:ShapeShifter_Strike","StSShapeShifter:ShapeShifter_Strike","StSShapeShifter:ShapeShifter_Defend","StSShapeShifter:ShapeShifter_Defend","StSShapeShifter:ShapeShifter_Defend","StSShapeShifter:ShapeShifter_Defend","StSShapeShifter:ShapeShifter_Defend","StSShapeShifter:Lynx_Form+1","StSShapeShifter:Consume","HandOfGreed+1","infinitespire:Gouge+1","StSShapeShifter:FallingLeaves","StSShapeShifter:WolfForm+1","StSShapeShifter:ThornedSkin","StSShapeShifter:BurstingSpore","StSShapeShifter:SkullBash+1","StSShapeShifter:BarkSkin","StSShapeShifter:Flood+1","StSShapeShifter:ThornToss+1","StSShapeShifter:FlowerShield","StSShapeShifter:FruitBasket+1","StSShapeShifter:AdaptiveStrikes+1","StSShapeShifter:Vengeance+1","StSShapeShifter:TopazSkin+1","StSShapeShifter:Autumn","StSShapeShifter:FallingLeaves","StSShapeShifter:ThornedSkin","StSShapeShifter:RockSlide","StSShapeShifter:VineHandcuffs+1","StSShapeShifter:FruitBasket+1","StSShapeShifter:RockSlide","jedi:BattleThirst"],"relics":["StSShapeShifter:AnimalHeart","StSShapeShifter:TheShapeShiftersMagnolia","Gensokyo:OccultBall","Orichalcum","Bronze Scales","Replay:Baseball","Toy Ornithopter","Question Card","aspiration:HatOfInfinitePower","jedi:paperlyon","reliquary:Bookmark","StSShapeShifter:FruitTree","Ice Cream","Pet Ghost","Garlic","Incense Burner","energizedSpire:RedRose","reliquary:RosewoodLute","Runesmith:Locket","reliquary:BallBearing","halation:KoshaPiece","Regal Pillow","sagemod:Singing_Vial","hubris:Potato"],"acts_visited":["Exordium","Gensokyo:Gensokyo","Gensokyo:Gensokyoer"],"potions_floor_usage":[10,28,33,42,46,50,50,50],"damage_taken":[{"damage":0,"enemies":"Gensokyo:Python","floor":1,"turns":2},{"damage":40,"enemies":"Gensokyo:3_Fairies","floor":3,"turns":3},{"damage":0,"enemies":"Gensokyo:Cirno","floor":6,"turns":4},{"damage":5,"enemies":"Gensokyo:Gryphon","floor":7,"turns":1},{"damage":8,"enemies":"Gensokyo:CorruptedTreant","floor":8,"turns":1},{"damage":0,"enemies":"Gensokyo:3_Kodama","floor":10,"turns":1},{"damage":7,"enemies":"Gensokyo:Aya","floor":13,"turns":4},{"damage":0,"enemies":"Gensokyo:LivingMonolith","floor":14,"turns":3},{"damage":9,"enemies":"Gensokyo:Kokoro","floor":16,"turns":6},{"damage":1,"enemies":"Gensokyo:CosmicMonolith","floor":18,"turns":3},{"damage":0,"enemies":"Gensokyo:Chomper","floor":20,"turns":3},{"damage":1,"enemies":"Gensokyo:Monolith_and_Dog","floor":21,"turns":3},{"damage":0,"enemies":"Gensokyo:Swordslinger","floor":24,"turns":4},{"damage":12,"enemies":"Gensokyo:Wraith","floor":25,"turns":4},{"damage":14,"enemies":"Gensokyo:Tenshi","floor":27,"turns":3},{"damage":0,"enemies":"Gensokyo:Mirror_and_Dog","floor":28,"turns":3},{"damage":2,"enemies":"Gensokyo:Koishi","floor":30,"turns":4},{"damage":0,"enemies":"Gensokyo:Monolith_and_Dog","floor":31,"turns":5},{"damage":25,"enemies":"Gensokyo:Kaguya","floor":33,"turns":7},{"damage":9,"enemies":"Gensokyo:3_Boulders","floor":35,"turns":2},{"damage":0,"enemies":"Gensokyo:3_Bats","floor":37,"turns":3},{"damage":0,"enemies":"Gensokyo:Dusk_and_Dawn","floor":38,"turns":3},{"damage":0,"enemies":"Gensokyo:4_Bats","floor":39,"turns":3},{"damage":4,"enemies":"Gensokyo:Doremy","floor":40,"turns":5},{"damage":13,"enemies":"Nightmare","floor":42,"turns":6},{"damage":2,"enemies":"Gensokyo:Marisa","floor":44,"turns":4},{"damage":6,"enemies":"Gensokyo:Doremy","floor":46,"turns":5},{"damage":0,"enemies":"Gensokyo:Rafflesia","floor":47,"turns":6},{"damage":47,"enemies":"Gensokyo:Scarlet_Devils","floor":50,"turns":9}],"seed_played":"-2314168006288026122","potions_obtained":[{"floor":1,"key":"blueLaboratory:NullPotion"},{"floor":8,"key":"blueLaboratory:CorrosionFlask"},{"floor":13,"key":"blueLaboratory:Moonshine"},{"floor":14,"key":"Weak Potion"},{"floor":24,"key":"EssenceOfSteel"},{"floor":28,"key":"EssenceOfSteel"},{"floor":30,"key":"blueLaboratory:RecallPotion"},{"floor":37,"key":"SpeedPotion"},{"floor":44,"key":"LifebloodPotion"},{"floor":46,"key":"SkillPotion"}],"is_trial":false,"path_per_floor":["M","?","M","$","?","E","M","M","T","M","T","R","E","M","R","B",null,"M","COS","M","M","$","R","M","M","T","E","M","R","E","M","R","B",null,"M","AVR","M","M","M","E","R","NM","T","E","R","E","M","?","R","B",null],"character_chosen":"SHAPESHIFTER","items_purchased":["Orichalcum","Bronze Scales","HandOfGreed","StSShapeShifter:FruitTree","StSShapeShifter:FlowerShield"],"campfire_rested":1,"item_purchase_floors":[4,4,4,22,22],"current_hp_per_floor":[78,78,38,38,20,20,15,7,7,12,12,35,42,42,42,45,78,78,78,78,77,77,77,78,72,72,58,73,73,73,78,78,71,78,71,71,78,78,78,78,78,75,75,78,78,78,78,78,78,31],"gold":631,"neow_bonus":"RANDOM_EVENT","is_daily":false,"chose_seed":false,"campfire_upgraded":7,"win_rate":0.0,"timestamp":1613971976,"path_taken":["M","?","M","$","?","E","M","M","T","M","?","R","E","M","R","BOSS","M","COS","M","M","$","R","M","M","T","E","M","R","E","M","R","BOSS","M","AVR","M","M","?","E","R","NM","T","E","R","E","M","?","R","BOSS"],"items_purchased_type":["Relic","Relic","Card","Relic","Card"],"build_version":"2020-12-22","purchased_purges":1,"victory":true,"max_hp_per_floor":[78,78,78,78,78,78,78,78,78,78,78,78,78,78,78,78,78,78,78,78,78,78,78,78,78,78,78,78,78,78,78,78,78,78,78,78,78,78,78,78,78,78,78,78,78,78,78,78,78,78],"card_choices":[{"not_picked":["StSShapeShifter:SquirrelForm","StSShapeShifter:WaspSwarmForm"],"picked":"StSShapeShifter:CursedApple","floor":1},{"not_picked":["StSShapeShifter:Bonk","StSShapeShifter:EmbraceTheCycle"],"picked":"StSShapeShifter:Consume","floor":3},{"not_picked":["infinitespire:UltimateForm","infinitespire:Execution"],"picked":"infinitespire:Gouge","floor":5},{"not_picked":["StSShapeShifter:LeapingSlash","StSShapeShifter:HummingbirdForm"],"picked":"StSShapeShifter:FallingLeaves","floor":6},{"not_picked":["StSShapeShifter:CosmicShifter","StSShapeShifter:EagleForm"],"picked":"StSShapeShifter:WolfForm","floor":7},{"not_picked":["StSShapeShifter:BurstingSpore","StSShapeShifter:DeerForm"],"picked":"StSShapeShifter:ThornedSkin","floor":8},{"not_picked":["StSShapeShifter:ThrashAbout","StSShapeShifter:EntForm"],"picked":"StSShapeShifter:BurstingSpore","floor":10},{"not_picked":["StSShapeShifter:ReplenishingNectar","StSShapeShifter:FesteringBite","StSShapeShifter:DeerForm"],"picked":"StSShapeShifter:SkullBash","floor":13},{"not_picked":["StSShapeShifter:FruitBasket","StSShapeShifter:SquirrelForm","StSShapeShifter:HippoForm"],"picked":"StSShapeShifter:BarkSkin","floor":14},{"not_picked":["StSShapeShifter:LionForm","StSShapeShifter:SkullBash","StSShapeShifter:WolfsBane"],"picked":"StSShapeShifter:Flood","floor":16},{"not_picked":["StSShapeShifter:EmbraceTheCycle","StSShapeShifter:Consume","StSShapeShifter:Maul","StSShapeShifter:BurstingSpore"],"picked":"SKIP","floor":18},{"not_picked":["StSShapeShifter:PoisonIvy","StSShapeShifter:MonkeyForm","StSShapeShifter:SquirrelForm+1"],"picked":"StSShapeShifter:ThornToss+1","floor":20},{"not_picked":["StSShapeShifter:DiverseSpirit+1","StSShapeShifter:VineHandcuffs","StSShapeShifter:CosmicShifter","StSShapeShifter:MonkeyForm+1"],"picked":"SKIP","floor":21},{"not_picked":["StSShapeShifter:BarkSkin","StSShapeShifter:ThornToss+1","StSShapeShifter:RatForm+1"],"picked":"StSShapeShifter:FruitBasket","floor":24},{"not_picked":["StSShapeShifter:DeerForm","StSShapeShifter:Ensconce","StSShapeShifter:SquirrelForm"],"picked":"StSShapeShifter:AdaptiveStrikes+1","floor":25},{"not_picked":["StSShapeShifter:MonkeyForm","StSShapeShifter:MultiSpiritedStrike","StSShapeShifter:AdaptiveStrikes","StSShapeShifter:ThrashAbout"],"picked":"SKIP","floor":27},{"not_picked":["StSShapeShifter:OpportuneSwoop","StSShapeShifter:Garden","StSShapeShifter:WiltingWrath"],"picked":"StSShapeShifter:Vengeance","floor":28},{"not_picked":["StSShapeShifter:HippoForm","StSShapeShifter:VileMushroom","StSShapeShifter:Mystical_Branch+1"],"picked":"StSShapeShifter:TopazSkin+1","floor":30},{"not_picked":["StSShapeShifter:BurstingSpore+1","StSShapeShifter:BladeOfGrass+1","StSShapeShifter:HummingbirdForm","StSShapeShifter:BulwarkOfDiscovery"],"picked":"SKIP","floor":31},{"not_picked":["StSShapeShifter:Tornado","StSShapeShifter:Blossom2","StSShapeShifter:Pounce"],"picked":"StSShapeShifter:Autumn","floor":33},{"not_picked":["StSShapeShifter:AdaptiveStrikes","StSShapeShifter:Wildfire2","StSShapeShifter:MonkeyForm"],"picked":"StSShapeShifter:FallingLeaves","floor":35},{"not_picked":["StSShapeShifter:ShiftingStrike+1","StSShapeShifter:BurstingSpore","StSShapeShifter:Synchronicity+1","StSShapeShifter:FallingLeaves"],"picked":"SKIP","floor":37},{"not_picked":["StSShapeShifter:MonkeyForm+1","StSShapeShifter:Guard","StSShapeShifter:ClimbTree"],"picked":"StSShapeShifter:ThornedSkin","floor":38},{"not_picked":["StSShapeShifter:FallingLeaves+1","StSShapeShifter:SunflowerShuriken","StSShapeShifter:ShiftingStrike+1"],"picked":"StSShapeShifter:RockSlide","floor":39},{"not_picked":["StSShapeShifter:Blossom2","StSShapeShifter:WaspSwarmForm+1","StSShapeShifter:BulwarkOfDiscovery"],"picked":"StSShapeShifter:VineHandcuffs+1","floor":40},{"not_picked":["StSShapeShifter:AdaptiveStrikes","StSShapeShifter:BloomingSlash","StSShapeShifter:FlowerShield+1"],"picked":"StSShapeShifter:FruitBasket+1","floor":42},{"not_picked":["StSShapeShifter:SkullBash","StSShapeShifter:WaspSwarmForm","StSShapeShifter:Roar+1"],"picked":"StSShapeShifter:RockSlide","floor":44},{"not_picked":["StSShapeShifter:BurstingSpore","StSShapeShifter:FesteringBite+1","StSShapeShifter:VineHandcuffs+1","StSShapeShifter:VileMushroom"],"picked":"Singing Bowl","floor":46},{"not_picked":["StSShapeShifter:Mystical_Branch+1","StSShapeShifter:ThornToss","StSShapeShifter:Evolution","StSShapeShifter:Rabid"],"picked":"Singing Bowl","floor":47}],"player_experience":2239080,"relics_obtained":[{"floor":6,"key":"Replay:Baseball"},{"floor":9,"key":"Toy Ornithopter"},{"floor":11,"key":"Question Card"},{"floor":13,"key":"aspiration:HatOfInfinitePower"},{"floor":16,"key":"Gensokyo:OccultBall"},{"floor":18,"key":"Gensokyo:OccultBall"},{"floor":26,"key":"Pet Ghost"},{"floor":27,"key":"Garlic"},{"floor":30,"key":"Incense Burner"},{"floor":33,"key":"Gensokyo:OccultBall"},{"floor":40,"key":"Runesmith:Locket"},{"floor":42,"key":"reliquary:BallBearing"},{"floor":43,"key":"halation:KoshaPiece"},{"floor":44,"key":"Regal Pillow"},{"floor":46,"key":"sagemod:Singing_Vial"}],"event_choices":[],"is_beta":false,"boss_relics":[{"not_picked":["reliquary:KinkedSpring","aspiration:RunesmithSkillbook"],"picked":"jedi:paperlyon"},{"not_picked":["Runic Pyramid","energizedSpire:HugeHouse"],"picked":"energizedSpire:RedRose"}],"items_purged_floors":[36],"is_endless":false,"potions_floor_spawned":[1,8,13,14,24,28,30,37,40,44,46,47],"ascension_level":2}}