{"host":"7cp3z5w0tcrrm8ys","time":1613972916,"event":{"mods":["AchievementEnabler","BaseMod","DeckTracker","Minty Spire (QoL Compilation)","StSLib","SuperFastMode"],"gold_per_floor":[118,118,135,5,18,18,28,28,28,55,66,77,77,96,96,96,96],"floor_reached":16,"language":"KOR","playtime":397,"items_purged":["Strike_R"],"score":208,"play_id":"8d75df8d-e200-46fb-be6d-dd5fe4aae13f","local_time":"20210222144836","is_ascension_mode":true,"campfire_choices":[{"data":"Uppercut","floor":6,"key":"SMITH"},{"data":"Evolve","floor":8,"key":"SMITH"},{"data":"Bash","floor":13,"key":"SMITH"},{"data":"Second Wind","floor":15,"key":"SMITH"}],"circlet_count":0,"master_deck":["AscendersBane","Strike_R","Strike_R","Strike_R","Strike_R","Defend_R","Defend_R","Defend_R","Bash+1","Impervious","Uppercut+1","Second Wind+1","Evolve+1","Twin Strike+1","Perfected Strike+1","Perfected Strike+1"],"relics":["Burning Blood","Molten Egg 2","Matryoshka"],"acts_visited":["Exordium"],"potions_floor_usage":[10,10,16,16,16,16],"damage_taken":[{"damage":6.0,"enemies":"2 Louse","floor":1.0,"turns":3.0},{"damage":6,"enemies":"Cultist","floor":3,"turns":3},{"damage":12,"enemies":"Small Slimes","floor":5,"turns":4},{"damage":13,"enemies":"Blue Slaver","floor":7,"turns":5},{"damage":15,"enemies":"3 Sentries","floor":10,"turns":6},{"damage":10,"enemies":"Exordium Thugs","floor":11,"turns":6},{"damage":2,"enemies":"3 Louse","floor":12,"turns":3},{"damage":14,"enemies":"Exordium Wildlife","floor":14,"turns":5},{"damage":38,"enemies":"Hexaghost","floor":16,"turns":9}],"seed_played":"2230152322118910400","potions_obtained":[{"floor":7,"key":"ColorlessPotion"},{"floor":11,"key":"PowerPotion"},{"floor":12,"key":"EntropicBrew"}],"is_trial":false,"path_per_floor":["M","?","M","$","M","R","M","R","T","E","M","M","R","M","R","B"],"character_chosen":"IRONCLAD","items_purchased":["PowerPotion"],"campfire_rested":0,"item_purchase_floors":[4],"current_hp_per_floor":[68,68,68,68,62,62,55,55,55,46,42,46,46,38,38,0,0],"gold":96,"neow_bonus":"ONE_RANDOM_RARE_CARD","is_daily":false,"chose_seed":false,"campfire_upgraded":4,"win_rate":0.0,"timestamp":1613972916,"path_taken":["M","?","M","$","M","R","M","R","T","E","M","M","R","M","R","BOSS"],"items_purchased_type":["Potion"],"build_version":"2020-12-22","purchased_purges":1,"victory":false,"max_hp_per_floor":[75,75,75,75,75,75,75,75,75,75,75,75,75,75,75,75,75],"card_choices":[{"not_picked":["Heavy Blade","Warcry"],"picked":"Uppercut","floor":1.0},{"not_picked":["Warcry","Flame Barrier","Clothesline"],"picked":"SKIP","floor":3},{"not_picked":["Warcry","Sword Boomerang"],"picked":"Second Wind","floor":5},{"not_picked":["Clothesline","Bloodletting"],"picked":"Evolve","floor":7},{"not_picked":["Flex","Dual Wield","Evolve"],"picked":"SKIP","floor":10},{"not_picked":["Clash+1","Double Tap"],"picked":"Twin Strike+1","floor":11},{"not_picked":["Heavy Blade+1","Havoc"],"picked":"Perfected Strike+1","floor":12},{"not_picked":["Pommel Strike+1","Twin Strike+1"],"picked":"Perfected Strike+1","floor":14}],"player_experience":836425,"relics_obtained":[{"floor":9,"key":"Molten Egg 2"},{"floor":10,"key":"Matryoshka"}],"event_choices":[{"cards_removed":["Defend_R"],"damage_healed":0.0,"max_hp_gain":0.0,"max_hp_loss":0.0,"gold_gain":0.0,"event_name":"Purifier","player_choice":"Purged","floor":2.0,"gold_loss":0.0,"damage_taken":0.0}],"is_beta":false,"boss_relics":[],"items_purged_floors":[4],"is_endless":false,"potions_floor_spawned":[7,11,12],"killed_by":"Hexaghost","ascension_level":20}}