{"host":"pletss163z7s8pvv","time":1613969956,"event":{"mods":["AchievementEnabler","Act Like it!","AlwaysNeverKeys","BaseMod","Better Altar","Better Match","Better Note","Better Sensory Stone","Better Skull","Better Third Choice","BetterRewards","Bossed Relics","CapriCore","ChefMod","Clockwork Mod","Colored Map","Colored Powertips","Conspire","Dio Mod","Displayed Cursed Tome","Energized Spire","Evolution","Gensokyo","GifTheSpireLib","Hallownest","Hermit","Ironclad Rager","Jedi Mod","Marisa????????","Marked Mod","Minty Spire (QoL Compilation)","Reliquary","Replay The Spire","Retaliation","Reworked Bosses","Ruina","Somnambulant","Spicy Shops","StS++","StSLib","The Administrix","The Alterego","The Animator","The Blue Laboratory","The Bug Knight","The Construct","The Cursed","The Disciple","The Forsaken","The Hierophant","The Necromancer","The Saiyan","The Vixen","The Wild Card","TheVacant","Transform Curses"],"gold_per_floor":[166,181,181,181,226,256,256],"floor_reached":6,"language":"ENG","playtime":274,"items_purged":[],"score":36,"play_id":"18c83712-7ce7-41b7-a7a8-bcc10eb91cb1","local_time":"20210221225916","daily_mods":["Shiny","Hoarder","Binary"],"is_ascension_mode":false,"campfire_choices":[],"circlet_count":0,"master_deck":["hierophant:Levitation","hierophant:Generosity","hierophant:Batter","hierophant:WrathOfGod","hierophant:BulkyChest","hierophant:Anathema","hierophant:AuricForm","hierophant:LocustPlague","hierophant:DeathKnell","hierophant:Determination","hierophant:MintersHammer","hierophant:DivineIntervention","hierophant:Cornucopia","hierophant:Invocation","hierophant:Kindle+1","hierophant:HolyVerse","hierophant:HolyVerse","hierophant:HolyVerse","hierophant:Embezzle","hierophant:Embezzle","hierophant:Embezzle","Mind Blast","Mind Blast","Mind Blast","hierophant:Doubloon","hierophant:Doubloon","hierophant:Doubloon","hierophant:Remorse","hierophant:Remorse","hierophant:Remorse"],"relics":["hierophant:PropheticMaskRelic","EVO:Axolotl"],"acts_visited":["Exordium"],"potions_floor_usage":[],"damage_taken":[{"damage":13,"enemies":"Hallownest:2_Tiktiks_and_1_Crawlid","floor":1,"turns":2},{"damage":17,"enemies":"Hallownest:monsterHuskGuard","floor":2,"turns":2},{"damage":16,"enemies":"Hallownest:2_MossCreeps","floor":5,"turns":2},{"damage":39,"enemies":"Hallownest:eliteCrystalGuardian","floor":6,"turns":3}],"seed_played":"-9004314451342404475","potions_obtained":[],"is_trial":false,"path_per_floor":["M","M","?","?","M","E"],"character_chosen":"HIEROPHANT","items_purchased":[],"campfire_rested":0,"item_purchase_floors":[],"current_hp_per_floor":[62,45,45,45,29,0,0],"gold":256,"neow_bonus":"","is_daily":true,"chose_seed":false,"campfire_upgraded":0,"win_rate":0.0,"timestamp":1613969956,"path_taken":["M","M","?","?","M","E"],"items_purchased_type":[],"build_version":"2020-12-22","purchased_purges":0,"victory":false,"max_hp_per_floor":[75,75,75,75,75,75,75],"card_choices":[{"not_picked":["hierophant:Alms"],"picked":"hierophant:HolyVerse","floor":1},{"not_picked":["hierophant:Empathy"],"picked":"hierophant:Embezzle","floor":2},{"not_picked":["Madness"],"picked":"Mind Blast","floor":4},{"not_picked":["hierophant:TollTheBells"],"picked":"hierophant:Remorse","floor":5}],"player_experience":533782,"relics_obtained":[],"event_choices":[{"damage_healed":0,"gold_gain":1,"player_choice":"1","damage_taken":0,"max_hp_gain":0,"max_hp_loss":0,"event_name":"betterStone:BetterStone","floor":4,"gold_loss":0}],"is_beta":false,"boss_relics":[],"items_purged_floors":[],"is_endless":false,"potions_floor_spawned":[],"killed_by":"Hallownest:eliteCrystalGuardian","ascension_level":0}}