{"host":"8t5dkgm85abdp22d","time":1613964249,"event":{"mods":["100% Spire Juice","ATMod(阿瑾Mod)","Act Like it!","BaseMod","Colored Powertips","Conspire","Gensokyo","GungeonMod","Hallownest","Marisa（F雨　魔理沙）","Minty Spire (QoL Compilation)","Remilia（蕾米莉亚）","RumiaBox-露米娅的神秘盒子","Ryuuou龙王","StSLib","The Bug Knight","The Marked","UnlockEverythingMod","Waifu the Spire","WarShipGirlsR/战舰少女R mod","Yakumo Yukari mod"],"gold_per_floor":[119,131,131,150,160,192,192,192,192],"floor_reached":8,"language":"ZHS","playtime":309,"items_purged":[],"score":58,"play_id":"28451a20-b6b9-477f-a390-534e3dbe6bd0","local_time":"20210222112409","is_ascension_mode":false,"campfire_choices":[{"data":"theMarked:Memento","floor":7,"key":"SMITH"}],"circlet_count":0,"master_deck":["theMarked:Strike","theMarked:Strike","theMarked:Strike","theMarked:Strike","theMarked:Strike","theMarked:Defend","theMarked:Defend","theMarked:Defend","theMarked:Defend","theMarked:SoldierOfQuellstein+1","AT_EssenceShift","theMarked:WardOff","theMarked:Memento+1"],"relics":["theMarked:ArtifactOfAir","AT_ATBox","NeowsBlessing","Ornamental Fan"],"acts_visited":["Exordium"],"potions_floor_usage":[6,8],"damage_taken":[{"damage":0,"enemies":"Cultist","floor":1,"turns":1},{"damage":0,"enemies":"conspire:RoseBush","floor":2,"turns":1},{"damage":0,"enemies":"Jaw Worm","floor":4,"turns":1},{"damage":0,"enemies":"Blue Slaver","floor":5,"turns":5},{"damage":52,"enemies":"Gremlin Nob","floor":6,"turns":5},{"damage":23,"enemies":"3 Sentries","floor":8,"turns":7}],"seed_played":"-7927460247511280208","potions_obtained":[{"floor":2,"key":"Dexterity Potion"},{"floor":4,"key":"DuplicationPotion"}],"is_trial":false,"path_per_floor":["M","M","?","M","M","E","R","E"],"character_chosen":"THE_DEFAULT","items_purchased":[],"campfire_rested":0,"item_purchase_floors":[],"current_hp_per_floor":[72,72,72,72,72,20,20,0,0],"gold":192,"neow_bonus":"THREE_ENEMY_KILL","is_daily":false,"chose_seed":false,"campfire_upgraded":1,"win_rate":0.0,"timestamp":1613964249,"path_taken":["M","?","?","M","?","E","R","E"],"items_purchased_type":[],"build_version":"2020-12-22","purchased_purges":0,"victory":false,"max_hp_per_floor":[72,72,72,72,72,72,72,72,72],"card_choices":[{"not_picked":["theMarked:EmpowerWeapon","theMarked:Friction","theMarked:Seal"],"picked":"SKIP","floor":1},{"not_picked":["theMarked:Memento","theMarked:ResourceFulStrike"],"picked":"theMarked:WardOff","floor":2},{"not_picked":["theMarked:BanishingStrike","theMarked:SelfDefenseTraining"],"picked":"theMarked:Memento","floor":4},{"not_picked":["theMarked:ChainLightning","theMarked:ChannelForce","theMarked:EnhanceMovement"],"picked":"SKIP","floor":5},{"not_picked":["theMarked:ElectricStrings","theMarked:ComboAttacks","theMarked:Overcharge"],"picked":"SKIP","floor":6}],"player_experience":132446,"relics_obtained":[{"floor":6,"key":"Ornamental Fan"}],"event_choices":[{"damage_healed":0,"gold_gain":0,"player_choice":"Upgraded","damage_taken":0,"max_hp_gain":0,"max_hp_loss":0,"event_name":"Upgrade Shrine","floor":3,"gold_loss":0,"cards_upgraded":["theMarked:SoldierOfQuellstein"]}],"is_beta":false,"boss_relics":[],"items_purged_floors":[],"is_endless":false,"potions_floor_spawned":[2,4],"killed_by":"3 Sentries","ascension_level":0}}