{"host":"qxeepl7ydvsgmfdb","time":1613970064,"event":{"mods":["AchievementEnabler","BaseMod","Colored Powertips","Minty Spire (QoL Compilation)","Quick Restart","slay the spire mod where everything is the same but ironclad has a cowboy hat"],"gold_per_floor":[111,111,111,124,274,274,304,304,358,41,56,70,70,95,95,172,172,182,232,232,232,248,248,273,273,273,273,273],"floor_reached":27,"language":"ENG","playtime":642,"items_purged":["Doubt"],"score":523,"play_id":"510704ea-3b57-4254-b8e5-8ce4d34d2c4f","local_time":"20210222000104","is_ascension_mode":true,"campfire_choices":[{"data":"Cloak And Dagger","floor":6.0,"key":"SMITH"},{"data":"Cloak And Dagger","floor":8.0,"key":"SMITH"},{"data":"Terror","floor":13.0,"key":"SMITH"},{"data":"Blade Dance","floor":15.0,"key":"SMITH"},{"floor":23,"key":"REST"}],"circlet_count":0,"master_deck":["AscendersBane","Strike_G","Strike_G","Strike_G","Strike_G","Defend_G","Defend_G","Defend_G","Defend_G","Defend_G","Survivor","Neutralize","Accuracy","Cloak And Dagger+1","Cloak And Dagger+1","Cloak And Dagger","Poisoned Stab","Terror+1","Blade Dance+1","Venomology","Distraction","Writhe"],"relics":["Ring of the Snake","NeowsBlessing","Question Card","Ornamental Fan","Regal Pillow","Blood Vial","Bag of Preparation","Black Star","Pear","Ancient Tea Set","Art of War","Nunchaku"],"acts_visited":["Exordium","TheCity"],"potions_floor_usage":[22,24,24],"damage_taken":[{"damage":0.0,"enemies":"Jaw Worm","floor":1.0,"turns":1.0},{"damage":0.0,"enemies":"Cultist","floor":4.0,"turns":1.0},{"damage":0.0,"enemies":"Lagavulin","floor":7.0,"turns":1.0},{"damage":1.0,"enemies":"Small Slimes","floor":11.0,"turns":3.0},{"damage":4.0,"enemies":"Exordium Wildlife","floor":12.0,"turns":3.0},{"damage":6.0,"enemies":"3 Sentries","floor":14.0,"turns":7.0},{"damage":18.0,"enemies":"The Guardian","floor":16.0,"turns":7.0},{"damage":14.0,"enemies":"Spheric Guardian","floor":18.0,"turns":5.0},{"damage":8,"enemies":"Chosen","floor":22,"turns":4},{"damage":17,"enemies":"Book of Stabbing","floor":24,"turns":5},{"damage":72,"enemies":"Slavers","floor":27,"turns":4}],"seed_played":"1178924900710132160","potions_obtained":[{"floor":1.0,"key":"SteroidPotion"},{"floor":7.0,"key":"DuplicationPotion"},{"floor":24,"key":"Fruit Juice"}],"is_trial":false,"path_per_floor":["M","?","T","M","?","R","E","R","T","$","M","M","R","E","R","B",null,"M","?","?","?","M","R","E","?","T","E"],"character_chosen":"THE_SILENT","items_purchased":["Blood Vial","Cloak And Dagger","Poisoned Stab"],"campfire_rested":1,"item_purchase_floors":[10,10,10],"current_hp_per_floor":[59,59,59,59,59,59,59,59,59,59,60,58,58,54,54,38,59,47,47,47,29,23,59,59,59,59,0,0],"gold":273,"neow_bonus":"THREE_ENEMY_KILL","is_daily":false,"chose_seed":false,"campfire_upgraded":4,"win_rate":0.0,"timestamp":1613970064,"path_taken":["M","?","?","?","?","R","E","R","T","$","M","M","R","E","R","BOSS","M","?","?","?","M","R","E","?","T","E"],"items_purchased_type":["Relic","Card","Card"],"build_version":"2020-12-22","purchased_purges":1,"victory":false,"max_hp_per_floor":[66,66,66,66,66,66,66,66,66,66,66,66,66,66,66,66,66,66,66,66,71,71,71,86,86,86,86,86],"card_choices":[{"not_picked":["Distraction","Slice"],"picked":"Accuracy","floor":1.0},{"not_picked":["Bane","Slice","Skewer"],"picked":"Cloak And Dagger","floor":4.0},{"not_picked":["Underhanded Strike","Venomology","Outmaneuver"],"picked":"Cloak And Dagger","floor":7.0},{"not_picked":["Heel Hook","Caltrops","Well Laid Plans","Concentrate"],"picked":"SKIP","floor":11.0},{"not_picked":["Prepared","Bouncing Flask","Calculated Gamble"],"picked":"Terror","floor":12.0},{"not_picked":["Bullet Time","Dagger Throw","Finisher"],"picked":"Blade Dance","floor":14.0},{"not_picked":["Burst","Storm of Steel","A Thousand Cuts"],"picked":"Venomology","floor":16.0},{"not_picked":["Dagger Throw","Sucker Punch","Bane","Prepared"],"picked":"SKIP","floor":18.0},{"not_picked":["Prepared","Dagger Throw","Poisoned Stab","Endless Agony+1"],"picked":"SKIP","floor":22},{"not_picked":["Flying Knee","Riddle With Holes","Dodge and Roll"],"picked":"Distraction","floor":24}],"player_experience":194484,"relics_obtained":[{"floor":3.0,"key":"Question Card"},{"floor":7.0,"key":"Ornamental Fan"},{"floor":9.0,"key":"Regal Pillow"},{"floor":14.0,"key":"Bag of Preparation"},{"floor":24,"key":"Pear"},{"floor":24,"key":"Ancient Tea Set"},{"floor":26,"key":"Nunchaku"}],"event_choices":[{"cards_removed":["Strike_G"],"damage_healed":0.0,"max_hp_gain":0.0,"max_hp_loss":0.0,"gold_gain":0.0,"event_name":"Living Wall","player_choice":"Forget","floor":2.0,"gold_loss":0.0,"damage_taken":0.0},{"damage_healed":0.0,"max_hp_gain":0.0,"max_hp_loss":0.0,"gold_gain":150.0,"event_name":"Liars Game","player_choice":"AGREE","floor":5.0,"gold_loss":0.0,"damage_taken":0.0,"cards_obtained":["Doubt"]},{"damage_healed":0.0,"max_hp_gain":0.0,"max_hp_loss":0.0,"gold_gain":50.0,"event_name":"Nest","player_choice":"Stole From Cult","floor":19.0,"gold_loss":0.0,"damage_taken":0.0},{"damage_healed":0.0,"max_hp_gain":0.0,"max_hp_loss":0.0,"gold_gain":0.0,"event_name":"Ghosts","player_choice":"Ignored","floor":20.0,"gold_loss":0.0,"damage_taken":0.0},{"damage_healed":0.0,"max_hp_gain":5.0,"max_hp_loss":0.0,"gold_gain":0.0,"event_name":"Forgotten Altar","player_choice":"Shed Blood","floor":21.0,"gold_loss":0.0,"damage_taken":23.0},{"damage_healed":0,"gold_gain":0,"player_choice":"Opened","damage_taken":0,"relics_obtained":["Art of War"],"max_hp_gain":0,"max_hp_loss":0,"event_name":"The Mausoleum","floor":25,"gold_loss":0,"cards_obtained":["Writhe"]}],"is_beta":false,"boss_relics":[{"not_picked":["HoveringKite","Fusion Hammer"],"picked":"Black Star"}],"items_purged_floors":[10],"is_endless":false,"potions_floor_spawned":[1,7,12,24],"killed_by":"Slavers","ascension_level":18}}