{"host":"gzz35fplm60aw28t","time":1613974511,"event":{"mods":["AchievementEnabler","BaseMod","Colored Powertips","DeckTracker","Minty Spire (QoL Compilation)"],"gold_per_floor":[117,117,117,133,4,4,4,48,48,82,96,96,129,154,154,285,285,309,333,333,346,546,581,581,621,675,687,743,770,823,888,900,1032,1044,1077,1105,1097,1109,1121,1174,1186,574,597,631,644,685,685,710,710,710],"floor_reached":51,"language":"ENG","playtime":2838,"items_purged":["Strike_G"],"score":1184,"play_id":"a911a810-b38a-43d9-9064-dd898e6dc700","local_time":"20210222071511","is_ascension_mode":true,"campfire_choices":[{"data":"Terror","floor":6.0,"key":"SMITH"},{"data":"Footwork","floor":15.0,"key":"SMITH"},{"data":"Sucker Punch","floor":24.0,"key":"SMITH"},{"floor":27.0,"key":"REST"},{"data":"After Image","floor":32.0,"key":"SMITH"},{"floor":41.0,"key":"REST"},{"data":"A Thousand Cuts","floor":47.0,"key":"SMITH"},{"data":"Burst","floor":49,"key":"SMITH"}],"circlet_count":0,"master_deck":["Strike_G","Strike_G","Strike_G","Defend_G","Defend_G","Defend_G","Defend_G","Defend_G","Survivor","Neutralize+1","Adrenaline+1","Blade Dance","Terror+1","Accuracy","Blade Dance","Accuracy","Phantasmal Killer","Footwork+1","Sucker Punch+1","Accuracy","Blur","Burst+1","Backflip","Dodge and Roll","Blade Dance","Blade Dance","Accuracy","After Image+1","A Thousand Cuts+1","Footwork+1","Endless Agony","Madness","Madness","Acrobatics+1","Infinite Blades","Blade Dance+1","Deflect+1","Deadly Poison+1","Dagger Throw+1","PiercingWail+1","PiercingWail+1","Accuracy+1"],"relics":["Ring of the Serpent","Golden Idol","Mango","CaptainsWheel","Bag of Marbles","Calipers","SlaversCollar","Happy Flower","Tiny Chest","Centennial Puzzle","MawBank","Smiling Mask","Dream Catcher","Boot","Meat on the Bone","Toxic Egg 2","PreservedInsect","Strawberry","Orrery","Potion Belt","Regal Pillow","Molten Egg 2"],"acts_visited":["Exordium","TheCity","TheBeyond"],"potions_floor_usage":[48,50,50],"damage_taken":[{"damage":0.0,"enemies":"2 Louse","floor":1.0,"turns":4.0},{"damage":0.0,"enemies":"Small Slimes","floor":4.0,"turns":3.0},{"damage":10.0,"enemies":"3 Sentries","floor":8.0,"turns":6.0},{"damage":0.0,"enemies":"Gremlin Nob","floor":10.0,"turns":2.0},{"damage":0.0,"enemies":"Cultist","floor":11.0,"turns":1.0},{"damage":9.0,"enemies":"3 Sentries","floor":13.0,"turns":7.0},{"damage":9.0,"enemies":"Looter","floor":14.0,"turns":3.0},{"damage":13.0,"enemies":"Hexaghost","floor":16.0,"turns":5.0},{"damage":0.0,"enemies":"Spheric Guardian","floor":18.0,"turns":1.0},{"damage":10.0,"enemies":"Shell Parasite","floor":21.0,"turns":3.0},{"damage":20.0,"enemies":"Gremlin Leader","floor":23.0,"turns":9.0},{"damage":19.0,"enemies":"Slavers","floor":25.0,"turns":4.0},{"damage":6.0,"enemies":"Gremlin Leader","floor":28.0,"turns":4.0},{"damage":1.0,"enemies":"Centurion and Healer","floor":29.0,"turns":3.0},{"damage":16.0,"enemies":"Slavers","floor":30.0,"turns":3.0},{"damage":8.0,"enemies":"Collector","floor":33.0,"turns":6.0},{"damage":15.0,"enemies":"3 Darklings","floor":35.0,"turns":4.0},{"damage":11.0,"enemies":"3 Shapes","floor":36.0,"turns":9.0},{"damage":24.0,"enemies":"Nemesis","floor":40.0,"turns":6.0},{"damage":3.0,"enemies":"Reptomancer","floor":44.0,"turns":3.0},{"damage":32.0,"enemies":"Sphere and 2 Shapes","floor":45.0,"turns":6.0},{"damage":1.0,"enemies":"Nemesis","floor":46.0,"turns":3.0},{"damage":0,"enemies":"Transient","floor":48,"turns":5},{"damage":5,"enemies":"Awakened One","floor":50,"turns":7}],"seed_played":"4039561840245765811","potions_obtained":[{"floor":1.0,"key":"SteroidPotion"},{"floor":11.0,"key":"Explosive Potion"},{"floor":13.0,"key":"SkillPotion"},{"floor":16.0,"key":"Strength Potion"},{"floor":23.0,"key":"Strength Potion"},{"floor":25.0,"key":"Energy Potion"},{"floor":36.0,"key":"FearPotion"},{"floor":37.0,"key":"LiquidBronze"},{"floor":44.0,"key":"GamblersBrew"},{"floor":46.0,"key":"Strength Potion"}],"is_trial":false,"path_per_floor":["M","?","?","M","$","R","$","E","T","E","M","?","E","M","R","B",null,"M","T","?","M","?","E","R","E","T","R","E","M","E","T","R","B",null,"M","M","?","T","?","E","R","$","T","E","M","E","R","M","R","B",null],"character_chosen":"THE_SILENT","items_purchased":["Accuracy","Blade Dance","PreservedInsect","Strawberry","Acrobatics+1","DuplicationPotion","Orrery"],"campfire_rested":2,"item_purchase_floors":[5,5,42,42,42,42,42],"current_hp_per_floor":[49,49,49,49,49,49,49,53,53,53,53,53,44,35,35,22,65,65,65,65,55,55,35,35,16,16,39,33,32,16,16,16,8,61,46,35,35,35,25,13,36,43,43,52,32,43,43,55,55,50],"gold":710,"neow_bonus":"THREE_RARE_CARDS","is_daily":false,"chose_seed":false,"campfire_upgraded":6,"win_rate":0.0,"timestamp":1613974511,"path_taken":["M","?","?","M","$","R","$","E","T","E","M","?","E","M","R","BOSS","M","?","?","?","?","E","R","E","T","R","E","?","E","?","R","BOSS","M","M","?","?","?","E","R","$","T","E","M","E","R","M","R","BOSS"],"items_purchased_type":["Card","Card","Relic","Relic","Card","Potion","Relic"],"build_version":"2020-12-22","purchased_purges":1,"victory":true,"max_hp_per_floor":[70,65,65,65,65,65,65,79,79,79,79,79,79,79,79,79,79,79,79,79,79,79,79,79,79,79,79,79,79,79,79,79,79,79,79,79,79,79,79,79,79,86,86,86,86,86,86,86,86,86],"card_choices":[{"not_picked":["Unload","Corpse Explosion"],"picked":"Adrenaline","floor":0.0},{"not_picked":["Bouncing Flask","Underhanded Strike"],"picked":"Blade Dance","floor":1.0},{"not_picked":["Catalyst","Calculated Gamble"],"picked":"Terror","floor":4.0},{"not_picked":["Burst","Poisoned Stab"],"picked":"Accuracy","floor":8.0},{"not_picked":["Heel Hook","Dagger Spray"],"picked":"Phantasmal Killer","floor":10.0},{"not_picked":["Underhanded Strike","Quick Slash"],"picked":"Footwork","floor":11.0},{"not_picked":["Finisher","Expertise"],"picked":"Accuracy","floor":13.0},{"not_picked":["Poisoned Stab","Deadly Poison"],"picked":"Blur","floor":14.0},{"not_picked":["Storm of Steel","Doppelganger"],"picked":"Burst","floor":16.0},{"not_picked":["Reflex+1","Deadly Poison"],"picked":"Backflip","floor":18.0},{"not_picked":["Eviscerate+1","Bane"],"picked":"Dodge and Roll","floor":21.0},{"not_picked":["Outmaneuver","Prepared"],"picked":"Blade Dance","floor":23.0},{"not_picked":["Heel Hook","Deflect+1"],"picked":"Blade Dance","floor":25.0},{"not_picked":["Calculated Gamble","Blur"],"picked":"Accuracy","floor":28.0},{"not_picked":["Outmaneuver+1","Prepared","Acrobatics"],"picked":"SKIP","floor":29.0},{"not_picked":["Bane","Caltrops+1"],"picked":"After Image","floor":30.0},{"not_picked":["Corpse Explosion","Tools of the Trade"],"picked":"A Thousand Cuts","floor":33.0},{"not_picked":["Distraction+1","Heel Hook"],"picked":"Footwork+1","floor":35.0},{"not_picked":["Flechettes","Caltrops+1"],"picked":"Endless Agony","floor":36.0},{"not_picked":["Calculated Gamble+1","Dagger Throw","Underhanded Strike"],"picked":"SKIP","floor":40.0},{"not_picked":["Poisoned Stab","Deflect+1"],"picked":"Infinite Blades","floor":42.0},{"not_picked":["Tactician+1","Unload"],"picked":"Blade Dance+1","floor":42.0},{"not_picked":["Outmaneuver+1","Predator+1"],"picked":"Deflect+1","floor":42.0},{"not_picked":["Crippling Poison+1","Riddle With Holes+1"],"picked":"Deadly Poison+1","floor":42.0},{"not_picked":["Quick Slash","Riddle With Holes"],"picked":"Dagger Throw+1","floor":42.0},{"not_picked":["Dagger Throw","Endless Agony+1"],"picked":"PiercingWail+1","floor":44.0},{"not_picked":["Eviscerate+1","Distraction+1"],"picked":"PiercingWail+1","floor":45.0},{"not_picked":["Expertise+1","Endless Agony+1"],"picked":"Accuracy+1","floor":46.0},{"not_picked":["Quick Slash+1","Dagger Spray+1","Calculated Gamble+1"],"picked":"SKIP","floor":48}],"player_experience":31882,"relics_obtained":[{"floor":8.0,"key":"Mango"},{"floor":9.0,"key":"CaptainsWheel"},{"floor":10.0,"key":"Bag of Marbles"},{"floor":13.0,"key":"Calipers"},{"floor":19.0,"key":"Happy Flower"},{"floor":23.0,"key":"Tiny Chest"},{"floor":25.0,"key":"Centennial Puzzle"},{"floor":26.0,"key":"MawBank"},{"floor":28.0,"key":"Smiling Mask"},{"floor":30.0,"key":"Dream Catcher"},{"floor":31.0,"key":"Boot"},{"floor":38.0,"key":"Meat on the Bone"},{"floor":40.0,"key":"Toxic Egg 2"},{"floor":43.0,"key":"Potion Belt"},{"floor":44.0,"key":"Regal Pillow"},{"floor":46.0,"key":"Molten Egg 2"}],"event_choices":[{"damage_healed":0.0,"max_hp_gain":0.0,"max_hp_loss":5.0,"gold_gain":0.0,"event_name":"Golden Idol","player_choice":"Lose Max HP","floor":2.0,"gold_loss":0.0,"damage_taken":0.0,"relics_obtained":["Golden Idol"]},{"damage_healed":0.0,"max_hp_gain":0.0,"max_hp_loss":0.0,"gold_gain":0.0,"event_name":"Living Wall","player_choice":"Grow","floor":3.0,"gold_loss":0.0,"damage_taken":0.0,"cards_upgraded":["Adrenaline"]},{"damage_healed":0.0,"max_hp_gain":0.0,"max_hp_loss":0.0,"gold_gain":0.0,"cards_transformed":["Strike_G"],"event_name":"Transmorgrifier","player_choice":"Transformed","floor":12.0,"gold_loss":0.0,"damage_taken":0.0,"cards_obtained":["Sucker Punch"]},{"damage_healed":0.0,"max_hp_gain":0.0,"max_hp_loss":0.0,"gold_gain":0.0,"event_name":"Accursed Blacksmith","player_choice":"Forge","floor":20.0,"gold_loss":0.0,"damage_taken":0.0,"cards_upgraded":["Neutralize"]},{"damage_healed":0.0,"max_hp_gain":0.0,"max_hp_loss":0.0,"gold_gain":250.0,"event_name":"The Joust","player_choice":"Bet on Owner","floor":22.0,"gold_loss":50.0,"damage_taken":0.0},{"damage_healed":0.0,"max_hp_gain":0.0,"max_hp_loss":0.0,"gold_gain":0.0,"event_name":"The Woman in Blue","player_choice":"Bought 1 Potion","floor":37.0,"gold_loss":0.0,"damage_taken":0.0},{"damage_healed":0.0,"max_hp_gain":0.0,"max_hp_loss":0.0,"gold_gain":0.0,"event_name":"Winding Halls","player_choice":"Embrace Madness","floor":39.0,"gold_loss":0.0,"damage_taken":10.0,"cards_obtained":["Madness","Madness"]}],"is_beta":false,"boss_relics":[{"not_picked":["Astrolabe","Runic Dome"],"picked":"SlaversCollar"},{"not_picked":["Black Star","Cursed Key"],"picked":"Ring of the Serpent"}],"items_purged_floors":[42],"is_endless":false,"potions_floor_spawned":[1,11,13,16,23,25,29,30,36,44,46],"ascension_level":5}}