{"host":"bm1qfstn98p1odmu","time":1613974134,"event":{"mods":["AchievementEnabler","BaseMod","Bestiary","Block Reminder","Colored Map","Colored Powertips","DeckTracker","Highlight Path","Minty Spire (QoL Compilation)","Relic Stats","Replay The Spire","StS++","StSLib"],"gold_per_floor":[111,111,111,211,211,240,315,315,315,315,348,358,387,401,401,401,401],"floor_reached":16,"language":"ENG","playtime":533,"items_purged":[],"score":122,"play_id":"6604b757-418b-4955-9163-944d2ac7d40f","local_time":"20210222080854","is_ascension_mode":true,"campfire_choices":[{"floor":8,"key":"REST"},{"floor":10,"key":"REST"},{"floor":15,"key":"REST"}],"circlet_count":0,"master_deck":["Strike_B","Strike_B+1","Strike_B","Defend_B","Defend_B","Defend_B","Defend_B+1","Zap","Dualcast","Streamline+1","Defragment","ReplayRNGCard","Genetic Algorithm","Scrape","StSpp:Fierceness"],"relics":["Cracked Core","Replay:PocketPolymizer","Dream Catcher","ReplayTheSpireMod:Ninjato","Chameleon Ring"],"acts_visited":["Exordium"],"potions_floor_usage":[13,13,13,13],"damage_taken":[{"damage":0,"enemies":"Small Slimes","floor":1,"turns":4},{"damage":5,"enemies":"Replay:BlueRogue","floor":6,"turns":5},{"damage":28,"enemies":"Lagavulin","floor":11,"turns":6},{"damage":6,"enemies":"2 Louse","floor":12,"turns":2},{"damage":34,"enemies":"Gremlin Nob","floor":13,"turns":4},{"damage":11,"enemies":"Jaw Worm","floor":14,"turns":3},{"damage":32,"enemies":"Slime Boss","floor":16,"turns":7}],"seed_played":"543377526835594419","potions_obtained":[{"floor":11,"key":"Regen Potion"},{"floor":12,"key":"StSpp:ScatteredPotion"},{"floor":14,"key":"PotionOfCapacity"}],"is_trial":false,"path_per_floor":["M","?","?","?","?","E","?","R","T","R","E","M","E","M","R","B"],"character_chosen":"DEFECT","items_purchased":[],"campfire_rested":3,"item_purchase_floors":[],"current_hp_per_floor":[75,68,68,68,53,48,37,59,59,75,47,41,19,8,30,0,0],"gold":401,"neow_bonus":"ONE_RARE_RELIC","is_daily":false,"chose_seed":false,"campfire_upgraded":0,"win_rate":0.0,"timestamp":1613974134,"path_taken":["M","?","?","?","?","E","?","R","T","R","E","M","E","M","R","BOSS"],"items_purchased_type":[],"build_version":"2020-12-22","purchased_purges":0,"victory":false,"max_hp_per_floor":[75,75,75,75,75,75,75,75,75,75,75,75,75,75,75,75,75],"relic_stats":{"Dream Catcher":3,"counters":[7,31],"obtain_stats":[{"Dream Catcher":6,"Replay:PocketPolymizer":0,"ReplayTheSpireMod:Ninjato":9,"Chameleon Ring":11,"Cracked Core":0},{"Dream Catcher":2,"Replay:PocketPolymizer":0,"ReplayTheSpireMod:Ninjato":2,"Chameleon Ring":3,"Cracked Core":0},{"Dream Catcher":9,"Replay:PocketPolymizer":0,"ReplayTheSpireMod:Ninjato":9,"Chameleon Ring":15,"Cracked Core":0}]},"card_choices":[{"not_picked":["Go for the Eyes","Sunder"],"picked":"Streamline","floor":1},{"not_picked":["Doom and Gloom","ReplayTheSpireMod:GoodbyeWorld"],"picked":"Defragment","floor":4},{"not_picked":["Auto Shields","ReplayRNGCard","Hologram"],"picked":"SKIP","floor":6},{"not_picked":["Doom and Gloom","Redo"],"picked":"Genetic Algorithm","floor":11},{"not_picked":["Steam","Compile Driver","Chill"],"picked":"SKIP","floor":12},{"not_picked":["StSpp:CopyPaste","Stack","Lockon"],"picked":"SKIP","floor":13},{"not_picked":["Tempest","FTL"],"picked":"Scrape","floor":14}],"player_experience":69805,"relics_obtained":[{"floor":6,"key":"Dream Catcher"},{"floor":9,"key":"ReplayTheSpireMod:Ninjato"},{"floor":11,"key":"Chameleon Ring"}],"event_choices":[{"cards_removed":["Defend_P"],"damage_healed":0,"gold_gain":0,"player_choice":"Card Removal","damage_taken":7,"max_hp_gain":0,"max_hp_loss":0,"event_name":"Golden Wing","floor":2,"gold_loss":0},{"damage_healed":0,"gold_gain":0,"player_choice":"Entered Light","damage_taken":15,"max_hp_gain":0,"max_hp_loss":0,"event_name":"Shining Light","floor":5,"gold_loss":0,"cards_upgraded":["Defend_B","Strike_B"]},{"damage_healed":0,"gold_gain":75,"player_choice":"Gather Gold","damage_taken":11,"max_hp_gain":0,"max_hp_loss":0,"event_name":"World of Goop","floor":7,"gold_loss":0}],"is_beta":false,"boss_relics":[],"items_purged_floors":[],"is_endless":false,"potions_floor_spawned":[11,12,14],"killed_by":"Slime Boss","ascension_level":1}}