{"host":"w05x4i13f2m9joq1","time":1613980634,"event":{"mods":["100% Spire Juice","Act Like it!","BaseMod","Better Altar","Better Match","Better Note","Better Sensory Stone","Better Skull","Better Third Choice","BetterRewards","CapriCore","Colored Map","Colored Powertips","Defective Defect","Downfall","Duelist Mod","Gensokyo","GifTheSpireLib","Googly Eyes","Infinite Spire","Ironclad Rager","Lobotomy","LobotomyExtend","Marisa????????","Melee Mod","Minty Spire (QoL Compilation)","Morshu Shopkeeper - ENHANCED","MostiFishMod","Quick Restart","Rare Cards Sparkle","Reliquary","Replay The Spire","Ruina","Shop Mod","Spicy Shops","Spire Birthday Party","StSLib","The Animator","The IronCluck","Uncapped","everything is the same but u backflip on backflip","slay the spire mod where everything is the same but ironclad has a cowboy hat"],"gold_per_floor":[217,16,31,31,56,81,81,92,92,106,118,135,148,166,166,166,166],"floor_reached":16,"language":"ENG","playtime":641,"items_purged":[],"score":106,"play_id":"ed9717fe-a9c1-40b6-86f0-5f5f723e3d8f","local_time":"20210222025714","is_ascension_mode":false,"campfire_choices":[{"data":"Pot Of Greed","floor":7,"key":"SMITH"},{"floor":15,"key":"REST"}],"circlet_count":0,"master_deck":["Moonworks:Strike","Moonworks:Strike","Moonworks:Strike","Moonworks:Strike","Moonworks:Defend","Moonworks:Defend","Moonworks:Defend","Moonworks:Defend","Moonworks:Ambush","Moonworks:LongDistanceShot","Moonworks:JonathanRush","Moonworks:JonathanRush","Moonworks:EvilSpyWorkPreparation","Pot Of Greed+1","Pot Of Greed","Moonworks:NicePresent","Moonworks:NicePresent","Moonworks:EvilSpyWorkPreparation","Moonworks:WindyEnchantment"],"relics":["Moonworks:BrokenBomb","Moonworks:Homemark","DaveBox","ChiXiaoBlade","SynthV:TestCard","LetterFromLob","Vajra","Smiling Mask","Grinning Jar","Snack Pack"],"acts_visited":["Exordium"],"potions_floor_usage":[6,16],"damage_taken":[{"damage":6,"enemies":"Cultist","floor":1,"turns":3},{"damage":5,"enemies":"Small Slimes","floor":3,"turns":3},{"damage":22,"enemies":"3 Sentries","floor":6,"turns":5},{"damage":0,"enemies":"2 Louse","floor":8,"turns":2},{"damage":0,"enemies":"Large Slime","floor":10,"turns":3},{"damage":5,"enemies":"Looter","floor":11,"turns":3},{"damage":7,"enemies":"2 Fungi Beasts","floor":12,"turns":3},{"damage":0,"enemies":"Lots of Slimes","floor":13,"turns":1},{"damage":7,"enemies":"Blue Slaver","floor":14,"turns":2},{"damage":62,"enemies":"The Guardian","floor":16,"turns":8}],"seed_played":"1430942240296596352","potions_obtained":[{"floor":1,"key":"sneckomod:MuddlingPotion"},{"floor":3,"key":"hexamod:SoulburnPotion"},{"floor":8,"key":"GamblersBrew"},{"floor":12,"key":"Block Potion"}],"is_trial":false,"path_per_floor":["M","$","M","$","T","E","R","M","T","M","M","M","M","M","R","B"],"character_chosen":"THE_STARBREAKER","items_purchased":["Vajra","Moonworks:JonathanRush"],"campfire_rested":1,"item_purchase_floors":[2,2],"current_hp_per_floor":[54,54,49,49,49,27,27,27,27,33,30,27,29,26,44,0,0],"gold":166,"neow_bonus":"HUNDRED_GOLD","is_daily":false,"chose_seed":false,"campfire_upgraded":1,"win_rate":0.0,"timestamp":1613980634,"path_taken":["M","$","M","$","?","E","R","M","T","M","M","M","M","?","R","BOSS"],"items_purchased_type":["Relic","Card"],"build_version":"2020-12-22","purchased_purges":0,"victory":false,"max_hp_per_floor":[60,60,60,60,60,60,60,60,60,60,60,60,60,60,60,60,60],"card_choices":[{"not_picked":["Moonworks:LulusLuckyEgg","Moonworks:ForcedRevival"],"picked":"Moonworks:JonathanRush","floor":1},{"not_picked":["Moonworks:NicePresent","Moonworks:LulusLuckyEgg","Moonworks:BigMagnum","Moonworks:DeployBits"],"picked":"Moonworks:EvilSpyWorkPreparation","floor":3},{"not_picked":["Moonworks:BackdoorTrade","Moonworks:MiracleWalker","Moonworks:GoAway","Moonworks:IndiscriminateFireSupport"],"picked":"Moonworks:NicePresent","floor":6},{"not_picked":["Moonworks:JonathanRush","Moonworks:DeployBits","Moonworks:CloudOfSeagulls","Moonworks:SakisCookie"],"picked":"Moonworks:NicePresent","floor":8},{"not_picked":["Moonworks:IndiscriminateFireSupport","Moonworks:FinalSurgery","Moonworks:AngelHand","Moonworks:Assault","Moonworks:DeployBits"],"picked":"SKIP","floor":10},{"not_picked":["Moonworks:BigBangBell","Moonworks:DeployBits","Moonworks:JonathanRush","Moonworks:ImOnFire"],"picked":"Moonworks:EvilSpyWorkPreparation","floor":11},{"not_picked":["Moonworks:LulusLuckyEgg","Moonworks:ImOnFire","Moonworks:IndiscriminateFireSupport","Moonworks:JonathanRush","Moonworks:DeployBits"],"picked":"SKIP","floor":12},{"not_picked":["Moonworks:JonathanRush","Moonworks:UnpaidWork","Moonworks:FinalBattle","Moonworks:MiracleRedBeanIceCream"],"picked":"Moonworks:WindyEnchantment","floor":13},{"not_picked":["Moonworks:UnpaidWork","Moonworks:TacticalRetreat","Moonworks:BigMagnum","Moonworks:SakisCookie","Moonworks:AngelHand"],"picked":"SKIP","floor":14}],"player_experience":221011,"relics_obtained":[{"floor":1,"key":"SynthV:TestCard"},{"floor":1,"key":"LetterFromLob"},{"floor":5,"key":"Smiling Mask"},{"floor":6,"key":"Grinning Jar"},{"floor":9,"key":"Snack Pack"}],"event_choices":[],"is_beta":false,"boss_relics":[],"items_purged_floors":[],"is_endless":false,"potions_floor_spawned":[1,3,8,12,13],"killed_by":"The Guardian","ascension_level":0}}