{"host":"3p4eynvdmgjf7qvn","time":1613981154,"event":{"mods":["Aspiration","BaseMod","Better Note","Better Skull","Colored Map","Colored Powertips","Downfall","Hermit","Hubris","Minty Spire (QoL Compilation)","Relic Stats","Robot Space Explorer","StSLib","The Bug Knight","The Disciple","The Forsaken","The Hierophant","The Jungle","The Marked","The Necromancer","TheBandit"],"gold_per_floor":[99,109,109,123,123,123,123,36,52,72,99,114,114,140,154,154,154,154],"floor_reached":16,"language":"ENG","playtime":1807,"items_purged":[],"score":118,"play_id":"753a3346-2acb-4f8b-ac1e-d7ad640b1099","local_time":"20210222090554","is_ascension_mode":true,"campfire_choices":[{"data":"Magnetism","floor":1,"key":"SMITH"},{"data":"champ:Taunt","floor":6,"key":"SMITH"}],"circlet_count":0,"master_deck":["champ:Strike","champ:Strike","champ:Strike","champ:Strike","champ:Defend","champ:Defend","champ:Defend","champ:Defend","champ:Execute","champ:Taunt+1","Magnetism+1","champ:SkillfulDodge","bronze:WhirlingStrike","champ:ShieldWall","champ:Circumvent","bronze:Format","champ:FlashCut","champ:FlashCut"],"relics":["champ:ChampionCrown","Blue Candle","hubris:DisguiseKit","HollowMod:StagPassRelic","champ:DefensiveTrainingManual"],"acts_visited":["Exordium"],"potions_floor_usage":[11,12,16,16],"damage_taken":[{"damage":10,"enemies":"2 Louse","floor":2,"turns":2},{"damage":16,"enemies":"Jaw Worm","floor":4,"turns":5},{"damage":10,"enemies":"downfall:FleeingMerchant","floor":8,"turns":4},{"damage":16,"enemies":"Cultist","floor":9,"turns":4},{"damage":0,"enemies":"Blue Slaver","floor":10,"turns":5},{"damage":29,"enemies":"3 Sentries","floor":11,"turns":9},{"damage":5,"enemies":"Exordium Thugs","floor":12,"turns":5},{"damage":9,"enemies":"HollowMod:MossKnight","floor":14,"turns":9},{"damage":4,"enemies":"2 Fungi Beasts","floor":15,"turns":5},{"damage":29,"enemies":"DF_ARCHETYPE_STREAMLINE","floor":16,"turns":6}],"seed_played":"9042291490192906210","potions_obtained":[{"floor":2,"key":"LiquidBronze"},{"floor":11,"key":"Explosive Potion"},{"floor":12,"key":"champ:CounterPotion"},{"floor":14,"key":"Fire Potion"}],"is_trial":false,"path_per_floor":["R","M","?","M","T","R","T","$","M","M","E","M","?","E","M","B"],"character_chosen":"THE_CHAMP","items_purchased":["champ:ShieldWall"],"campfire_rested":0,"item_purchase_floors":[8],"current_hp_per_floor":[63,63,58,52,52,52,52,52,46,46,17,12,42,33,29,0,0,0],"gold":154,"neow_bonus":"RANDOM_COLORLESS_2","is_daily":false,"chose_seed":false,"campfire_upgraded":2,"win_rate":0.0,"timestamp":1613981154,"path_taken":["R","M","?","M","?","R","T","?","M","?","E","M","?","E","M","BOSS"],"items_purchased_type":["Card"],"build_version":"2020-12-22","purchased_purges":0,"victory":false,"max_hp_per_floor":[90,90,90,90,90,90,90,90,90,90,90,90,90,90,90,90,90,90],"relic_stats":{"counters":[10,54],"Blue Candle":[0],"obtain_stats":[{"hubris:DisguiseKit":5,"champ:DefensiveTrainingManual":14,"Blue Candle":3,"champ:ChampionCrown":0,"HollowMod:StagPassRelic":11},{"hubris:DisguiseKit":2,"champ:DefensiveTrainingManual":8,"Blue Candle":1,"champ:ChampionCrown":0,"HollowMod:StagPassRelic":6},{"hubris:DisguiseKit":7,"champ:DefensiveTrainingManual":43,"Blue Candle":2,"champ:ChampionCrown":0,"HollowMod:StagPassRelic":29}]},"card_choices":[{"not_picked":["Metamorphosis","The Bomb"],"picked":"Magnetism","floor":0},{"not_picked":["champ:BerserkersShout","champ:CrownThrow","champ:EnragedBash"],"picked":"SKIP","floor":2},{"not_picked":["champ:PerfectedStrike","champ:FlashCut"],"picked":"champ:SkillfulDodge","floor":4},{"not_picked":["champ:FocusedBerserking","champ:EnGarde","champ:HeartStrike"],"picked":"bronze:WhirlingStrike","floor":8},{"not_picked":["champ:FanOfKnives","champ:BerserkerStyle","champ:FocusedBerserking","bronze:OilSpill"],"picked":"SKIP","floor":9},{"not_picked":["champ:DeathBlow","champ:Endure","champ:BladeFlurry","bronze:Mutator"],"picked":"SKIP","floor":10},{"not_picked":["champ:BerserkersShout","champ:FaceSlap","bronze:Overheat"],"picked":"champ:Circumvent","floor":11},{"not_picked":["champ:SkillfulDodge","champ:CalledShot","champ:DeathBlow"],"picked":"bronze:Format","floor":12},{"not_picked":["champ:BladeFlurry","champ:EnragedBash","bronze:Shield"],"picked":"champ:FlashCut","floor":14},{"not_picked":["champ:RisingSlash","champ:CrownThrow","bronze:Invalidate"],"picked":"champ:FlashCut","floor":15}],"player_experience":325902,"relics_obtained":[{"floor":5,"key":"hubris:DisguiseKit"},{"floor":11,"key":"HollowMod:StagPassRelic"},{"floor":14,"key":"champ:DefensiveTrainingManual"}],"event_choices":[{"damage_healed":30,"gold_gain":0,"player_choice":"Banana","damage_taken":0,"max_hp_gain":0,"max_hp_loss":0,"event_name":"Big Fish","floor":13,"gold_loss":0}],"is_beta":false,"boss_relics":[],"items_purged_floors":[],"is_endless":false,"potions_floor_spawned":[2,11,12,14],"killed_by":"DF_ARCHETYPE_STREAMLINE","ascension_level":1}}