{"host":"x05n69rv5q9mps34","time":1613963189,"event":{"mods":["AchievementEnabler","BaseMod","Colored Map","Minty Spire (QoL Compilation)","SuperFastMode"],"gold_per_floor":[118,118,131,131,29,56,56,5,32,48,63,63,108,141,141,237,237,256,34,34,34],"floor_reached":20,"language":"ENG","playtime":624,"items_purged":[],"score":270,"play_id":"5c523d07-ae50-436c-80fc-ed5e6acaaa7e","local_time":"20210222000629","is_ascension_mode":true,"campfire_choices":[{"floor":7,"key":"REST"},{"floor":12,"key":"REST"},{"floor":15,"key":"REST"}],"circlet_count":0,"master_deck":["AscendersBane","Strike_G","Strike_G","Strike_G","Strike_G","Strike_G","Defend_G","Defend_G","Defend_G","Defend_G","Defend_G","Survivor","Neutralize+1","Dagger Spray","Blade Dance","Deadly Poison","Cloak And Dagger","Poisoned Stab","Quick Slash","Prepared","Deadly Poison","Sucker Punch","Dagger Throw","Apotheosis"],"relics":["Ring of the Serpent","FaceOfCleric","Singing Bowl","Bag of Marbles","Tiny Chest","Mummified Hand"],"acts_visited":["Exordium","TheCity"],"potions_floor_usage":[6,11,14,18],"damage_taken":[{"damage":8,"enemies":"2 Louse","floor":1,"turns":3},{"damage":0,"enemies":"Cultist","floor":3,"turns":3},{"damage":32,"enemies":"3 Sentries","floor":6,"turns":11},{"damage":7,"enemies":"Small Slimes","floor":10,"turns":3},{"damage":8,"enemies":"Exordium Thugs","floor":11,"turns":5},{"damage":30,"enemies":"Gremlin Nob","floor":14,"turns":4},{"damage":36,"enemies":"The Guardian","floor":16,"turns":11},{"damage":25,"enemies":"2 Thieves","floor":18,"turns":4},{"damage":0,"enemies":"Shell Parasite","floor":20,"turns":1}],"seed_played":"-1069574471122136295","potions_obtained":[{"floor":10,"key":"Poison Potion"},{"floor":11,"key":"GamblersBrew"},{"floor":14,"key":"Fire Potion"},{"floor":16,"key":"Ancient Potion"}],"is_trial":false,"path_per_floor":["M","?","M","?","$","E","R","$","T","M","M","R","T","E","R","B",null,"M","$","M"],"character_chosen":"THE_SILENT","items_purchased":["Fire Potion","Cloak And Dagger","Poisoned Stab","Dagger Throw","Apotheosis"],"campfire_rested":3,"item_purchase_floors":[5,5,8,19,19],"current_hp_per_floor":[55,55,55,55,55,26,47,47,47,41,34,56,56,27,49,16,63,39,39,39,39],"gold":34,"neow_bonus":"THREE_CARDS","is_daily":false,"chose_seed":false,"campfire_upgraded":0,"win_rate":0.0,"timestamp":1613963189,"path_taken":["M","?","?","?","$","E","R","?","T","M","M","R","?","E","R","BOSS","M","$","M"],"items_purchased_type":["Potion","Card","Card","Card","Card"],"build_version":"2020-12-22","purchased_purges":0,"victory":false,"max_hp_per_floor":[70,70,70,70,70,73,73,73,73,74,75,75,75,76,76,79,79,80,80,80,80],"card_choices":[{"not_picked":["Predator","Cloak And Dagger"],"picked":"Dagger Spray","floor":0},{"not_picked":["Deadly Poison","Blur"],"picked":"Blade Dance","floor":1},{"not_picked":["Leg Sweep","Crippling Poison"],"picked":"Deadly Poison","floor":3},{"not_picked":["Blur","Crippling Poison","Venomology"],"picked":"Singing Bowl","floor":6},{"not_picked":["Flying Knee","PiercingWail"],"picked":"Quick Slash","floor":10},{"not_picked":["Choke","Well Laid Plans"],"picked":"Prepared","floor":11},{"not_picked":["Eviscerate","Riddle With Holes"],"picked":"Deadly Poison","floor":14},{"not_picked":["Glass Knife","Doppelganger","Envenom"],"picked":"Singing Bowl","floor":16},{"not_picked":["Deadly Poison","Bouncing Flask"],"picked":"Sucker Punch","floor":18}],"player_experience":1026686,"relics_obtained":[{"floor":6,"key":"Singing Bowl"},{"floor":9,"key":"Bag of Marbles"},{"floor":13,"key":"Tiny Chest"},{"floor":14,"key":"Mummified Hand"}],"event_choices":[{"damage_healed":0,"gold_gain":0,"player_choice":"Upgraded","damage_taken":0,"max_hp_gain":0,"max_hp_loss":0,"event_name":"Upgrade Shrine","floor":2,"gold_loss":0,"cards_upgraded":["Neutralize"]},{"damage_healed":0,"gold_gain":0,"player_choice":"Trade","damage_taken":0,"relics_obtained":["FaceOfCleric"],"max_hp_gain":0,"max_hp_loss":0,"event_name":"FaceTrader","floor":4,"gold_loss":0}],"is_beta":false,"boss_relics":[{"not_picked":["Sozu","SlaversCollar"],"picked":"Ring of the Serpent"}],"items_purged_floors":[],"is_endless":false,"potions_floor_spawned":[10,11,14,16],"killed_by":"Shell Parasite","ascension_level":10}}