{"host":"0jile2yd1dg679g0","time":1613963921,"event":{"mods":["AchievementEnabler","Act Like it!","BaseMod","Better Third Choice","Bossed Relics","Colored Map","Colored Powertips","Gensokyo","Hermit","Luminous","Marisa????????","Minty Spire (QoL Compilation)","Random Character Button","Reliquary","Spicy Shops","StSLib","The Alterego","The Marked","The Senshi","The Servant 0.9.4","Transform Curses","Waifu the Spire"],"gold_per_floor":[110,128,128,53,64,64,79,79,125,35,210,243,243,277,277,379,379,396,408,408,408,408,408,421,116,116,136,136,148,148,183,192,192,192],"floor_reached":33,"language":"ENG","playtime":2303,"items_purged":["Strike_R"],"score":396,"play_id":"db3eb0c0-5112-4118-a306-cca85e0e8ead","local_time":"20210221221841","is_ascension_mode":true,"campfire_choices":[{"data":"Armaments","floor":6,"key":"SMITH"},{"data":"Cleave","floor":8,"key":"SMITH"},{"floor":15,"key":"REST"},{"floor":23,"key":"REST"},{"data":"Heavy Blade","floor":28,"key":"SMITH"},{"floor":30,"key":"REST"},{"floor":32,"key":"REST"}],"circlet_count":0,"master_deck":["Strike_R","Strike_R","Strike_R","Defend_R","Defend_R","Defend_R","Bash+1","Armaments+1","Offering","Cleave+1","Carnage+1","Flex","Ghostly Armor","Pommel Strike","Impervious","Headbutt","Iron Wave+1","Shrug It Off","Reaper","Spot Weakness","Disarm","Heavy Blade+1","Barricade","Bludgeon","True Grit"],"relics":["Black Blood","NeowsBlessing","reliquary:Knoch","reliquary:ExpiredCoupon","reliquary:HotPoker","Dream Catcher","CaptainsWheel","HandDrill","Strawberry","CeramicFish"],"acts_visited":["Exordium","TheCity"],"potions_floor_usage":[12,24,27,31,31],"damage_taken":[{"damage":0,"enemies":"Small Slimes","floor":1,"turns":1},{"damage":0,"enemies":"Jaw Worm","floor":2,"turns":1},{"damage":0,"enemies":"2 Louse","floor":5,"turns":1},{"damage":9,"enemies":"Exordium Wildlife","floor":7,"turns":3},{"damage":14,"enemies":"3 Sentries","floor":12,"turns":4},{"damage":16,"enemies":"Lagavulin","floor":14,"turns":4},{"damage":61,"enemies":"Hexaghost","floor":16,"turns":11},{"damage":20,"enemies":"Chosen","floor":18,"turns":5},{"damage":41,"enemies":"3 Byrds","floor":19,"turns":6},{"damage":18,"enemies":"Shelled Parasite and Fungi","floor":24,"turns":4},{"damage":12,"enemies":"3 Cultists","floor":27,"turns":5},{"damage":41,"enemies":"Snecko","floor":29,"turns":7},{"damage":53,"enemies":"Gremlin Leader","floor":31,"turns":8},{"damage":106,"enemies":"Collector","floor":33,"turns":6}],"seed_played":"-845409138423714092","potions_obtained":[{"floor":7,"key":"PowerPotion"},{"floor":14,"key":"Strength Potion"},{"floor":16,"key":"HeartOfIron"},{"floor":27,"key":"Regen Potion"},{"floor":29,"key":"LiquidMemories"},{"floor":31,"key":"SmokeBomb"}],"is_trial":false,"path_per_floor":["M","M","?","$","M","R","M","R","T","$","?","E","?","E","R","B",null,"M","M","?","?","T","R","M","$","T","M","R","M","R","E","R","B"],"character_chosen":"IRONCLAD","items_purchased":["Carnage","Flex","CaptainsWheel","HandDrill"],"campfire_rested":4,"item_purchase_floors":[10,10,25,25],"current_hp_per_floor":[78,80,73,73,79,79,76,76,76,76,76,68,52,42,66,11,63,55,26,26,26,26,50,44,44,51,69,69,45,71,56,82,0,0],"gold":192,"neow_bonus":"THREE_ENEMY_KILL","is_daily":false,"chose_seed":false,"campfire_upgraded":3,"win_rate":0.0,"timestamp":1613963921,"path_taken":["M","M","?","$","M","R","M","R","T","$","?","E","?","E","R","BOSS","M","M","?","?","?","R","?","$","T","M","R","M","R","E","R","BOSS"],"items_purchased_type":["Card","Card","Relic","Relic"],"build_version":"2020-12-22","purchased_purges":1,"victory":false,"max_hp_per_floor":[80,80,80,80,80,80,80,80,80,80,80,80,80,80,80,80,80,80,80,80,80,80,80,80,80,87,87,87,87,87,87,87,87,87],"card_choices":[{"not_picked":["Flex","Shrug It Off"],"picked":"Armaments","floor":1},{"not_picked":["Body Slam","Rage","Searing Blow"],"picked":"SKIP","floor":2},{"not_picked":["Armaments","Thunderclap"],"picked":"Offering","floor":5},{"not_picked":["Wild Strike","Havoc"],"picked":"Cleave","floor":7},{"not_picked":["Armaments","Second Wind"],"picked":"Ghostly Armor","floor":12},{"not_picked":["Entrench","Rupture"],"picked":"Pommel Strike","floor":14},{"not_picked":["Fiend Fire","Corruption"],"picked":"Impervious","floor":16},{"not_picked":["Havoc","True Grit"],"picked":"Headbutt","floor":18},{"not_picked":["Havoc+1","Twin Strike+1"],"picked":"Iron Wave+1","floor":19},{"not_picked":["Cleave","Body Slam"],"picked":"Spot Weakness","floor":23},{"not_picked":["Armaments","Wild Strike"],"picked":"Disarm","floor":24},{"not_picked":["Shockwave","Uppercut"],"picked":"Heavy Blade","floor":27},{"not_picked":["Entrench+1","Perfected Strike","Uppercut"],"picked":"SKIP","floor":29},{"not_picked":["Twin Strike+1","Perfected Strike"],"picked":"Barricade","floor":30},{"not_picked":["True Grit","Power Through"],"picked":"Bludgeon","floor":31},{"not_picked":["Shockwave","Armaments+1"],"picked":"True Grit","floor":32}],"player_experience":348879,"relics_obtained":[{"floor":9,"key":"reliquary:Knoch"},{"floor":12,"key":"reliquary:ExpiredCoupon"},{"floor":14,"key":"reliquary:HotPoker"},{"floor":22,"key":"Dream Catcher"},{"floor":26,"key":"Strawberry"},{"floor":31,"key":"CeramicFish"}],"event_choices":[{"cards_removed":["Defend_R"],"damage_healed":0,"gold_gain":0,"player_choice":"Card Removal","damage_taken":7,"max_hp_gain":0,"max_hp_loss":0,"event_name":"Golden Wing","floor":3,"gold_loss":0},{"damage_healed":0,"gold_gain":175,"player_choice":"AGREE","damage_taken":35,"max_hp_gain":0,"max_hp_loss":0,"event_name":"betterThird:BetterSerpent","floor":11,"gold_loss":0},{"damage_healed":68,"gold_gain":0,"player_choice":"Upgrade","damage_taken":16,"max_hp_gain":0,"max_hp_loss":80,"event_name":"betterThird:BetterShining","floor":13,"gold_loss":0,"cards_upgraded":["Carnage","Bash"]},{"damage_healed":0,"gold_gain":0,"cards_transformed":["Doubt","Strike_R"],"player_choice":"Became Test Subject","damage_taken":0,"max_hp_gain":0,"max_hp_loss":0,"event_name":"Drug Dealer","floor":20,"gold_loss":0,"cards_obtained":["Shrug It Off","Reaper"]},{"damage_healed":0,"gold_gain":0,"player_choice":"Ignored","damage_taken":0,"max_hp_gain":0,"max_hp_loss":0,"event_name":"Cursed Tome","floor":21,"gold_loss":0}],"is_beta":false,"boss_relics":[{"not_picked":["Snecko Eye","reliquary:Craggleroot"],"picked":"Black Blood"}],"items_purged_floors":[4],"is_endless":false,"potions_floor_spawned":[7,14,16,27,29,31],"killed_by":"Collector","ascension_level":9}}