{"host":"jwrrfqk4fsz2wgjc","time":1613972230,"event":{"mods":["BaseMod","Colored Map","Minty Spire (QoL Compilation)","Relic Stats","StSLib"],"gold_per_floor":[118,68,68,143,159,159,184,184,184,197,14,52,67,85,85,214,214,238,238,258,274,9,9,9],"floor_reached":23,"language":"ENG","playtime":685,"items_purged":["Strike_R"],"score":212,"play_id":"32f0649e-47d3-424c-9d93-75eec25d2bb8","local_time":"20210222083710","is_ascension_mode":true,"campfire_choices":[{"data":"Rupture","floor":6,"key":"SMITH"},{"data":"Anger","floor":8,"key":"SMITH"},{"data":"Berserk","floor":15,"key":"SMITH"}],"circlet_count":0,"master_deck":["Strike_R","Defend_R","Defend_R","Defend_R","Defend_R","Bash","Rupture+1","Anger+1","Shrug It Off","Cleave","Inflame","Berserk+1","Impervious","CurseOfTheBell"],"relics":["Burning Blood","Bloody Idol","HornCleat","Membership Card","Bottled Tornado","Calling Bell","Bag of Marbles","Gremlin Horn","Ginger","Unceasing Top","ClockworkSouvenir"],"acts_visited":["Exordium","TheCity"],"potions_floor_usage":[16,16,20,21,23],"damage_taken":[{"damage":5,"enemies":"2 Louse","floor":1,"turns":3},{"damage":9,"enemies":"Small Slimes","floor":5,"turns":5},{"damage":5,"enemies":"Cultist","floor":7,"turns":4},{"damage":10,"enemies":"Gremlin Gang","floor":10,"turns":5},{"damage":15,"enemies":"3 Sentries","floor":12,"turns":8},{"damage":0,"enemies":"Blue Slaver","floor":13,"turns":3},{"damage":0,"enemies":"Exordium Wildlife","floor":14,"turns":3},{"damage":26,"enemies":"Slime Boss","floor":16,"turns":8},{"damage":19,"enemies":"Chosen","floor":18,"turns":5},{"damage":2,"enemies":"3 Byrds","floor":20,"turns":4},{"damage":34,"enemies":"Snake Plant","floor":21,"turns":5},{"damage":64,"enemies":"Book of Stabbing","floor":23,"turns":8}],"seed_played":"2826820551187792156","potions_obtained":[{"floor":5,"key":"FearPotion"},{"floor":10,"key":"LiquidBronze"},{"floor":12,"key":"GamblersBrew"},{"floor":18,"key":"BloodPotion"},{"floor":20,"key":"Block Potion"}],"is_trial":false,"path_per_floor":["M","?","?","?","M","R","M","R","T","M","$","E","M","M","R","B",null,"M","?","M","M","$","E"],"character_chosen":"IRONCLAD","items_purchased":["Membership Card","Inflame","Unceasing Top","ClockworkSouvenir"],"campfire_rested":0,"item_purchase_floors":[11,11,22,22],"current_hp_per_floor":[72,72,54,47,44,44,45,45,45,41,41,32,38,44,44,24,72,59,59,68,45,45,0,0],"gold":9,"neow_bonus":"REMOVE_TWO","is_daily":false,"chose_seed":false,"campfire_upgraded":3,"win_rate":0.0,"timestamp":1613972230,"path_taken":["M","?","?","?","?","R","M","R","T","M","$","E","M","?","R","BOSS","M","?","M","M","$","E"],"items_purchased_type":["Relic","Card","Relic","Relic"],"build_version":"2020-12-22","purchased_purges":1,"victory":false,"max_hp_per_floor":[72,72,72,72,72,72,72,72,72,72,72,72,72,72,72,72,72,72,72,72,72,72,72,72],"relic_stats":{"Gremlin Horn":[2,2],"counters":[12,61],"Bloody Idol":10,"Ginger":[2],"obtain_stats":[{"Calling Bell":17,"HornCleat":9,"Gremlin Horn":17,"Golden Idol":3,"Bloody Idol":19,"Bag of Marbles":17,"Membership Card":11,"Ginger":17,"Bottled Tornado":12,"Burning Blood":0,"Unceasing Top":22,"ClockworkSouvenir":22},{"Calling Bell":8,"HornCleat":3,"Gremlin Horn":8,"Golden Idol":1,"Bloody Idol":9,"Bag of Marbles":8,"Membership Card":4,"Ginger":8,"Bottled Tornado":5,"Burning Blood":0,"Unceasing Top":11,"ClockworkSouvenir":11},{"Calling Bell":39,"HornCleat":12,"Gremlin Horn":39,"Golden Idol":3,"Bloody Idol":44,"Bag of Marbles":39,"Membership Card":17,"Ginger":39,"Bottled Tornado":25,"Burning Blood":0,"Unceasing Top":53,"ClockworkSouvenir":53}],"Burning Blood":65,"Unceasing Top":[0]},"card_choices":[{"not_picked":["Body Slam","Headbutt"],"picked":"Rupture","floor":1},{"not_picked":["Battle Trance","Fire Breathing"],"picked":"Anger","floor":5},{"not_picked":["Reckless Charge","Body Slam"],"picked":"Shrug It Off","floor":7},{"not_picked":["Warcry","Anger"],"picked":"Cleave","floor":10},{"not_picked":["Seeing Red","Burning Pact","Clothesline"],"picked":"SKIP","floor":12},{"not_picked":["Flex","Thunderclap","Power Through"],"picked":"SKIP","floor":13},{"not_picked":["Clothesline","Body Slam"],"picked":"Berserk","floor":14},{"not_picked":["Limit Break","Corruption"],"picked":"Impervious","floor":16},{"not_picked":["Inflame","Iron Wave","Flex"],"picked":"SKIP","floor":18},{"not_picked":["Warcry","Cleave","Pommel Strike"],"picked":"SKIP","floor":20},{"not_picked":["True Grit","Dark Embrace","Shrug It Off"],"picked":"SKIP","floor":21}],"player_experience":9856,"relics_obtained":[{"floor":9,"key":"HornCleat"},{"floor":12,"key":"Bottled Tornado"},{"floor":17,"key":"Bag of Marbles"},{"floor":17,"key":"Gremlin Horn"},{"floor":17,"key":"Ginger"}],"event_choices":[{"cards_removed":["Strike_R"],"damage_healed":0,"gold_gain":0,"player_choice":"Card Removal","damage_taken":0,"max_hp_gain":0,"max_hp_loss":0,"event_name":"The Cleric","floor":2,"gold_loss":50},{"damage_healed":0,"gold_gain":0,"player_choice":"Take Damage","damage_taken":18,"relics_obtained":["Golden Idol"],"max_hp_gain":0,"max_hp_loss":0,"event_name":"Golden Idol","floor":3,"gold_loss":0},{"damage_healed":0,"gold_gain":75,"player_choice":"Touch","damage_taken":7,"max_hp_gain":0,"max_hp_loss":0,"event_name":"FaceTrader","floor":4,"gold_loss":0},{"damage_healed":0,"gold_gain":0,"player_choice":"Gave Idol","damage_taken":0,"relics_obtained":["Bloody Idol"],"max_hp_gain":0,"max_hp_loss":0,"event_name":"Forgotten Altar","floor":19,"relics_lost":["Golden Idol"],"gold_loss":0}],"is_beta":false,"boss_relics":[{"not_picked":["Coffee Dripper","Runic Dome"],"picked":"Calling Bell"}],"items_purged_floors":[22],"is_endless":false,"potions_floor_spawned":[5,10,12,18,20],"killed_by":"Book of Stabbing","ascension_level":2}}