{"host":"pifa3o3uv2a0m12r","time":1613966862,"event":{"mods":["AchievementEnabler","BaseMod","Colored Map","Minty Spire (QoL Compilation)","StSLib","SuperFastMode"],"gold_per_floor":[109,119,135,135,155,185,196,196,222,248,270,55,118,133,133,235,235,252,177,177,23,37,62,62,87,134,233,248,248,267,282,282,381,381,401,401,311,330,345,364,364,364,364],"floor_reached":42,"language":"FRA","playtime":1382,"items_purged":["Strike_R"],"score":477,"play_id":"c43370a0-fe98-48f8-a186-0ef0904be3b0","local_time":"20210221180742","is_ascension_mode":false,"campfire_choices":[{"floor":8,"key":"REST"},{"floor":15,"key":"REST"},{"data":"Body Slam","floor":24,"key":"SMITH"},{"data":"Juggernaut","floor":29,"key":"SMITH"},{"data":"Body Slam","floor":32,"key":"SMITH"},{"floor":41,"key":"REST"}],"circlet_count":0,"master_deck":["Strike_R+1","Strike_R+1","Defend_R+1","Defend_R+1","Defend_R+1","Defend_R+1","Bash","Body Slam+1","Carnage+1","Whirlwind","Body Slam+1","Juggernaut+1","Body Slam+1","Shrug It Off","Barricade"],"relics":["Burning Blood","NeowsBlessing","Orichalcum","Omamori","MawBank","Chemical X","Nunchaku","Calling Bell","Bag of Preparation","Singing Bowl","Torii","Sling","Lantern","Question Card","MealTicket","Sozu"],"acts_visited":["Exordium","TheCity","TheBeyond"],"potions_floor_usage":[13,16,18,33,33],"damage_taken":[{"damage":0,"enemies":"Small Slimes","floor":1,"turns":1},{"damage":0,"enemies":"Jaw Worm","floor":2,"turns":1},{"damage":0,"enemies":"2 Louse","floor":3,"turns":1},{"damage":12,"enemies":"Looter","floor":5,"turns":5},{"damage":34,"enemies":"Gremlin Nob","floor":6,"turns":5},{"damage":9,"enemies":"2 Fungi Beasts","floor":7,"turns":5},{"damage":24,"enemies":"3 Sentries","floor":10,"turns":8},{"damage":5,"enemies":"Red Slaver","floor":11,"turns":4},{"damage":22,"enemies":"3 Sentries","floor":13,"turns":8},{"damage":10,"enemies":"Large Slime","floor":14,"turns":7},{"damage":22,"enemies":"Slime Boss","floor":16,"turns":10},{"damage":5,"enemies":"3 Byrds","floor":18,"turns":4},{"damage":12,"enemies":"Spheric Guardian","floor":22,"turns":4},{"damage":19,"enemies":"Gremlin Leader","floor":23,"turns":5},{"damage":3,"enemies":"Slavers","floor":25,"turns":5},{"damage":0,"enemies":"Snecko","floor":28,"turns":3},{"damage":6,"enemies":"Centurion and Healer","floor":30,"turns":5},{"damage":9,"enemies":"Sentry and Sphere","floor":31,"turns":4},{"damage":79,"enemies":"Collector","floor":33,"turns":9},{"damage":9,"enemies":"3 Darklings","floor":35,"turns":5},{"damage":42,"enemies":"3 Shapes","floor":38,"turns":2},{"damage":31,"enemies":"Maw","floor":39,"turns":7},{"damage":13,"enemies":"Writhing Mass","floor":40,"turns":5},{"damage":62,"enemies":"2 Orb Walkers","floor":42,"turns":6}],"seed_played":"-5899126314439487667","potions_obtained":[{"floor":1,"key":"SpeedPotion"},{"floor":2,"key":"BlessingOfTheForge"},{"floor":3,"key":"FearPotion"},{"floor":7,"key":"Fruit Juice"},{"floor":16,"key":"PowerPotion"},{"floor":28,"key":"DuplicationPotion"},{"floor":30,"key":"Block Potion"},{"floor":33,"key":"SteroidPotion"}],"is_trial":false,"path_per_floor":["M","M","M","?","M","E","M","R","T","E","M","$","?","M","R","B",null,"M","?","?","$","M","E","R","E","T","?","M","R","M","M","R","B",null,"M","?","?","M","M","M","R","?"],"character_chosen":"IRONCLAD","items_purchased":["Chemical X","Sling"],"campfire_rested":3,"item_purchase_floors":[12,21],"current_hp_per_floor":[80,80,80,80,74,46,43,67,67,49,50,50,39,35,60,44,85,85,85,85,85,81,70,70,75,75,75,81,81,83,82,82,11,97,96,96,96,62,39,32,62,0,0],"gold":364,"neow_bonus":"THREE_ENEMY_KILL","is_daily":false,"chose_seed":false,"campfire_upgraded":3,"win_rate":0.0,"timestamp":1613966862,"path_taken":["M","M","M","?","M","E","M","R","T","E","M","$","?","M","R","BOSS","M","?","?","$","M","E","R","E","T","?","M","R","M","M","R","BOSS","M","?","?","?","M","M","R","?"],"items_purchased_type":["Relic","Relic"],"build_version":"2020-12-22","purchased_purges":1,"victory":false,"max_hp_per_floor":[80,80,80,80,80,80,80,80,80,80,80,80,85,85,85,85,85,85,85,85,85,87,89,89,91,91,91,91,91,93,95,95,97,97,99,99,99,101,103,103,103,103,103],"card_choices":[{"not_picked":["Second Wind","Warcry","Searing Blow"],"picked":"SKIP","floor":1},{"not_picked":["Twin Strike","Bloodletting"],"picked":"Body Slam","floor":2},{"not_picked":["Hemokinesis","Headbutt","Bloodletting"],"picked":"SKIP","floor":3},{"not_picked":["Clash","True Grit","Iron Wave"],"picked":"SKIP","floor":5},{"not_picked":["Uppercut","Fire Breathing"],"picked":"Shrug It Off","floor":6},{"not_picked":["Shrug It Off","Sentinel"],"picked":"Carnage","floor":7},{"not_picked":["Flex","Thunderclap","Combust"],"picked":"SKIP","floor":10},{"not_picked":["Sever Soul","Clash"],"picked":"Whirlwind","floor":11},{"not_picked":["Whirlwind","Burning Pact"],"picked":"Body Slam","floor":14},{"not_picked":["Fiend Fire","Barricade"],"picked":"Juggernaut","floor":16},{"not_picked":["Second Wind","Twin Strike+1"],"picked":"Body Slam+1","floor":18},{"not_picked":["Infernal Blade","Iron Wave","Clash"],"picked":"Singing Bowl","floor":22},{"not_picked":["Flex","Iron Wave","Fiend Fire"],"picked":"Singing Bowl","floor":23},{"not_picked":["Perfected Strike","Thunderclap","Body Slam"],"picked":"Singing Bowl","floor":25},{"not_picked":["Flex","Armaments","Searing Blow"],"picked":"Shrug It Off","floor":28},{"not_picked":["Armaments","Havoc+1","Shockwave","Iron Wave+1"],"picked":"Singing Bowl","floor":30},{"not_picked":["Clothesline+1","Bludgeon","Warcry","Perfected Strike"],"picked":"Singing Bowl","floor":31},{"not_picked":["Demon Form","Corruption","Berserk","Reaper"],"picked":"Singing Bowl","floor":33},{"not_picked":["Shockwave+1","Cleave","Inflame+1","Clash+1"],"picked":"Singing Bowl","floor":35},{"not_picked":["Cleave","Pommel Strike+1","Uppercut","Twin Strike+1"],"picked":"Singing Bowl","floor":38},{"not_picked":["Battle Trance+1","Dropkick","Twin Strike+1","Infernal Blade+1"],"picked":"Singing Bowl","floor":39},{"not_picked":["Battle Trance","Sword Boomerang+1","Headbutt"],"picked":"Barricade","floor":40}],"player_experience":143936,"relics_obtained":[{"floor":6,"key":"Orichalcum"},{"floor":9,"key":"Omamori"},{"floor":10,"key":"MawBank"},{"floor":13,"key":"Nunchaku"},{"floor":17,"key":"Bag of Preparation"},{"floor":17,"key":"Singing Bowl"},{"floor":17,"key":"Torii"},{"floor":23,"key":"Lantern"},{"floor":25,"key":"Question Card"},{"floor":26,"key":"MealTicket"}],"event_choices":[{"damage_healed":0,"gold_gain":0,"player_choice":"Ignored","damage_taken":0,"max_hp_gain":0,"max_hp_loss":0,"event_name":"Liars Game","floor":4,"gold_loss":0},{"damage_healed":0,"gold_gain":0,"player_choice":"Searched \u00271\u0027 times","damage_taken":0,"max_hp_gain":0,"max_hp_loss":0,"event_name":"Dead Adventurer","floor":13,"gold_loss":0},{"cards_removed":["Strike_R"],"damage_healed":0,"gold_gain":0,"player_choice":"Gave Gold","damage_taken":0,"max_hp_gain":0,"max_hp_loss":0,"event_name":"Beggar","floor":19,"gold_loss":75},{"damage_healed":0,"gold_gain":0,"player_choice":"Simplicity","damage_taken":0,"max_hp_gain":0,"max_hp_loss":0,"event_name":"Back to Basics","floor":20,"gold_loss":0,"cards_upgraded":["Strike_R","Strike_R","Strike_R","Defend_R","Defend_R","Defend_R","Defend_R"]},{"damage_healed":0,"gold_gain":99,"player_choice":"Stole From Cult","damage_taken":0,"max_hp_gain":0,"max_hp_loss":0,"event_name":"Nest","floor":27,"gold_loss":0},{"cards_removed":["Shrug It Off"],"damage_healed":0,"gold_gain":0,"player_choice":"Removed Skill","damage_taken":0,"max_hp_gain":0,"max_hp_loss":0,"event_name":"Falling","floor":36,"gold_loss":0},{"cards_removed":["Strike_R"],"damage_healed":0,"gold_gain":0,"player_choice":"Upgrade and Remove","damage_taken":0,"max_hp_gain":0,"max_hp_loss":0,"event_name":"Designer","floor":37,"gold_loss":90,"cards_upgraded":["Carnage"]},{"damage_healed":0,"gold_gain":0,"player_choice":"Fight","damage_taken":0,"max_hp_gain":0,"max_hp_loss":0,"event_name":"Mysterious Sphere","floor":42,"gold_loss":0}],"is_beta":false,"boss_relics":[{"not_picked":["Runic Pyramid","Coffee Dripper"],"picked":"Calling Bell"},{"not_picked":["Fusion Hammer","SacredBark"],"picked":"Sozu"}],"items_purged_floors":[12],"is_endless":false,"potions_floor_spawned":[1,2,3,7,16,28,30,31,33,35,38,40],"killed_by":"2 Orb Walkers","ascension_level":0}}