{"host":"i0m6ffz3lpe3z1ky","time":1613993369,"event":{"mods":["Aspiration","BaseMod","Bestiary","BetterRewards","Colored Map","Conspire","Energized Spire","Highlight Path","Hubris","Ironclad Rager","Minty Spire (QoL Compilation)","Quick Restart","Reliquary","Shop Mod","Spicy Shops","StSLib","Thieving Mod"],"gold_per_floor":[113,123,123,140,151,151,164,164,235,235,247,263,283,316,316,390,390,410,424,108,140,150,150,181,193,270,270,270,288,307,342,342,421,421,435,435,445,461,474,503,523,523,523],"floor_reached":44,"language":"KOR","playtime":3409,"items_purged":[],"score":1152,"play_id":"b65bdac0-1e69-4787-8b04-3a1fbae5f198","local_time":"20210222202929","is_ascension_mode":true,"campfire_choices":[{"data":"Spot Weakness","floor":6.0,"key":"SMITH"},{"data":"hubris:CleavingFinish","floor":8.0,"key":"SMITH"},{"data":"Shrug It Off","floor":10.0,"key":"SMITH"},{"data":"Rampage","floor":15.0,"key":"SMITH"},{"data":"conspire:Purge","floor":23.0,"key":"SMITH"},{"data":"Limit Break","floor":28.0,"key":"SMITH"},{"data":"Double Tap","floor":32.0,"key":"SMITH"}],"circlet_count":0,"master_deck":["AscendersBane","Bash","Spot Weakness+1","Shrug It Off+1","Reaper","Rampage+1","Metallicize","Double Tap+1","conspire:Purge+1","Metallicize","Limit Break+1","Dropkick"],"relics":["Burning Blood","Mummified Hand","Lee\u0027s Waffle","Turnip","TheAbacus","aspiration:FrozenJewel","reliquary:QuartzCube","Empty Cage","Sundial","Red Mask","reliquary:MedicineBall","hubris:BundleOfHerbs","Fusion Hammer","hubris:Icosahedron","Lantern"],"acts_visited":["Exordium","TheCity","TheBeyond"],"potions_floor_usage":[],"damage_taken":[{"damage":1.0,"enemies":"Cultist","floor":1.0,"turns":3.0},{"damage":7.0,"enemies":"Jaw Worm","floor":2.0,"turns":4.0},{"damage":5.0,"enemies":"Small Slimes","floor":4.0,"turns":3.0},{"damage":6.0,"enemies":"Blue Slaver","floor":5.0,"turns":4.0},{"damage":0.0,"enemies":"3 Louse","floor":7.0,"turns":3.0},{"damage":13.0,"enemies":"Exordium Thugs","floor":11.0,"turns":9.0},{"damage":2.0,"enemies":"Blue Slaver","floor":12.0,"turns":6.0},{"damage":11.0,"enemies":"3 Louse","floor":13.0,"turns":6.0},{"damage":13.0,"enemies":"Gremlin Nob","floor":14.0,"turns":3.0},{"damage":35.0,"enemies":"Hexaghost","floor":16.0,"turns":11.0},{"damage":45.0,"enemies":"3 Byrds","floor":18.0,"turns":9.0},{"damage":23.0,"enemies":"Shell Parasite","floor":19.0,"turns":22.0},{"damage":17.0,"enemies":"Masked Bandits","floor":21.0,"turns":8.0},{"damage":35.0,"enemies":"Snecko","floor":22.0,"turns":18.0},{"damage":12.0,"enemies":"Slavers","floor":24.0,"turns":9.0},{"damage":67.0,"enemies":"Chosen and Byrds","floor":25.0,"turns":9.0},{"damage":4.0,"enemies":"Cultist and Chosen","floor":29.0,"turns":6.0},{"damage":18.0,"enemies":"Snake Plant","floor":30.0,"turns":4.0},{"damage":44.0,"enemies":"Gremlin Leader","floor":31.0,"turns":8.0},{"damage":40.0,"enemies":"conspire:MysteriousRune","floor":33.0,"turns":8.0},{"damage":33.0,"enemies":"3 Darklings","floor":35.0,"turns":4.0},{"damage":6.0,"enemies":"3 Shapes","floor":37.0,"turns":3.0},{"damage":13,"enemies":"Jaw Worm Horde","floor":38,"turns":3},{"damage":13,"enemies":"3 Darklings","floor":39,"turns":5},{"damage":65,"enemies":"Reptomancer","floor":40,"turns":6},{"damage":61,"enemies":"Spire Growth","floor":41,"turns":6},{"damage":4,"enemies":"hubris:GrandSnecko","floor":43,"turns":7}],"seed_played":"6936367421384192458","potions_obtained":[{"floor":5.0,"key":"Fire Potion"},{"floor":11.0,"key":"Fruit Juice"},{"floor":14.0,"key":"Fire Potion"},{"floor":16.0,"key":"Ancient Potion"},{"floor":25.0,"key":"ColorlessPotion"},{"floor":33.0,"key":"Explosive Potion"},{"floor":38,"key":"BloodPotion"}],"is_trial":false,"path_per_floor":["M","M","$","M","M","R","M","R","T","R","M","M","M","E","R","B",null,"M","M","$","?","M","R","E","M","T","?","R","M","M","E","R","B",null,"M","?","M","M","M","E","M","?","B",null],"character_chosen":"IRONCLAD","items_purchased":["Mummified Hand","Lee\u0027s Waffle","Turnip","TheAbacus","Sundial","Metallicize"],"campfire_rested":0,"item_purchase_floors":[0,0,0,0,20,20],"current_hp_per_floor":[82,81,81,82,82,82,82,82,82,82,82,82,80,73,73,73,84,58,70,70,63,87,87,87,60,60,60,60,80,71,87,87,53,79,60,60,83,87,87,87,87,87,87],"gold":523,"neow_bonus":"","is_daily":false,"chose_seed":false,"campfire_upgraded":7,"win_rate":0.0,"timestamp":1613993369,"path_taken":["M","M","?","M","M","R","?","R","T","R","M","M","M","E","R","BOSS","M","M","$","?","M","R","E","M","T","?","R","M","M","E","R","BOSS","M","?","M","M","M","E","M","?","BOSS"],"items_purchased_type":["Relic","Relic","Relic","Relic","Relic","Card"],"build_version":"2020-12-22","purchased_purges":0,"victory":true,"max_hp_per_floor":[82,82,82,82,82,82,82,82,82,82,82,82,82,82,82,87,87,87,87,87,87,87,87,87,87,87,87,87,87,87,87,87,87,87,87,87,87,87,87,87,87,87,87],"card_choices":[{"not_picked":["Sword Boomerang","Heavy Blade"],"picked":"Spot Weakness","floor":1.0},{"not_picked":["True Grit","Thunderclap","Iron Wave"],"picked":"SKIP","floor":2.0},{"not_picked":["Combust","Body Slam"],"picked":"hubris:CleavingFinish","floor":4.0},{"not_picked":["Fire Breathing","Twin Strike"],"picked":"Shrug It Off","floor":5.0},{"not_picked":["Reckless Charge","Seeing Red"],"picked":"Reaper","floor":7.0},{"not_picked":["Seeing Red","Havoc"],"picked":"Rampage","floor":11.0},{"not_picked":["Clash","Rampage"],"picked":"Metallicize","floor":12.0},{"not_picked":["True Grit","Heavy Blade","Combust"],"picked":"SKIP","floor":13.0},{"not_picked":["Pommel Strike","True Grit"],"picked":"Double Tap","floor":14.0},{"not_picked":["conspire:HitWhereItHurts","Impervious"],"picked":"conspire:Purge","floor":16.0},{"not_picked":["Twin Strike","Clash+1","Anger"],"picked":"SKIP","floor":18.0},{"not_picked":["Havoc","Spot Weakness"],"picked":"Shrug It Off","floor":19.0},{"not_picked":["Perfected Strike","Pommel Strike","Bloodletting+1"],"picked":"SKIP","floor":22.0},{"not_picked":["Clash+1","Second Wind"],"picked":"Limit Break","floor":24.0},{"not_picked":["Iron Wave","Clothesline"],"picked":"Pommel Strike+1","floor":25.0},{"not_picked":["Clothesline","Shrug It Off","Cleave"],"picked":"SKIP","floor":29.0},{"not_picked":["Disarm","Shrug It Off","Fire Breathing"],"picked":"SKIP","floor":30.0},{"not_picked":["Twin Strike","Thunderclap"],"picked":"Dropkick","floor":31.0},{"not_picked":["Flex","Body Slam","Armaments+1"],"picked":"SKIP","floor":35.0},{"not_picked":["Armaments","Spot Weakness","True Grit"],"picked":"SKIP","floor":37.0},{"not_picked":["hubris:ReadiedAction+1","Thunderclap","Reckless Charge"],"picked":"SKIP","floor":38},{"not_picked":["Carnage","Sword Boomerang","Warcry"],"picked":"SKIP","floor":39},{"not_picked":["Feel No Pain","Sword Boomerang","Hemokinesis"],"picked":"SKIP","floor":40},{"not_picked":["Spot Weakness+1","Pummel+1","Burning Pact"],"picked":"SKIP","floor":41}],"player_experience":432385,"relics_obtained":[{"floor":14.0,"key":"reliquary:QuartzCube"},{"floor":21.0,"key":"Red Mask"},{"floor":24.0,"key":"reliquary:MedicineBall"},{"floor":31.0,"key":"hubris:BundleOfHerbs"},{"floor":40,"key":"Lantern"}],"event_choices":[{"damage_healed":0.0,"max_hp_gain":0.0,"max_hp_loss":0.0,"gold_gain":0.0,"event_name":"Masked Bandits","player_choice":"Fought Bandits","floor":21.0,"gold_loss":0.0,"damage_taken":0.0},{"damage_healed":0.0,"max_hp_gain":0.0,"max_hp_loss":0.0,"gold_gain":0.0,"event_name":"Cursed Tome","player_choice":"Ignored","floor":27.0,"gold_loss":0.0,"damage_taken":0.0},{"damage_healed":0,"gold_gain":0,"player_choice":"Took Portal","damage_taken":0,"max_hp_gain":0,"max_hp_loss":0,"event_name":"SecretPortal","floor":42,"gold_loss":0}],"is_beta":false,"boss_relics":[{"not_picked":["Calling Bell","conspire:RoyalGoblet"],"picked":"Empty Cage"},{"not_picked":["Mark of Pain","reliquary:RedCape"],"picked":"Fusion Hammer"}],"items_purged_floors":[],"is_endless":false,"potions_floor_spawned":[5,11,14,16,18,19,25,33,38,39],"ascension_level":14}}