{"host":"as7albp2mcgkylj3","time":1613998722,"event":{"mods":["2.2 Compatiblity","AchievementEnabler","BaseMod","Colored Map","Downfall","Googly Eyes","Highlight Path","Minty Spire (QoL Compilation)","Replay The Spire","StSLib","SuperFastMode"],"gold_per_floor":[99,113,113,113,129,129,129,129,149,149,149,159,179,179,199,295,295,295,308,308,144,144,144,144],"floor_reached":22,"language":"ITA","playtime":741,"items_purged":["Writhe"],"score":194,"play_id":"21e87c73-4090-4b67-bcb7-e29729eb1503","local_time":"20210222135842","is_ascension_mode":true,"campfire_choices":[{"data":"bronze:Goto","floor":1.0,"key":"SMITH"},{"data":"bronze:Goto","floor":8.0,"key":"SMITH"},{"data":"bronze:GetLatest","floor":10.0,"key":"SMITH"},{"data":"bronze:Replicate","floor":18.0,"key":"SMITH"}],"circlet_count":0,"master_deck":["bronze:Strike","bronze:Defend","bronze:Defend","bronze:Defend","bronze:Replicate+1","bronze:Goto+1","bronze:WhirlingStrike","bronze:Goto+1","bronze:ChildClass","bronze:Branch","bronze:GetLatest+1","bronze:Branch","bronze:Format","RitualDagger+1","bronze:ChildClass"],"relics":["bronze:BronzeCore","ReplayTheSpireMod:Ninjato","Ring of Chaos"],"acts_visited":["Exordium","TheCity"],"potions_floor_usage":[],"damage_taken":[{"damage":8.0,"enemies":"Jaw Worm","floor":2.0,"turns":4.0},{"damage":0.0,"enemies":"Small Slimes","floor":5.0,"turns":2.0},{"damage":0.0,"enemies":"Cultist","floor":6.0,"turns":1.0},{"damage":0.0,"enemies":"Blue Slaver","floor":9.0,"turns":2.0},{"damage":2.0,"enemies":"Exordium Wildlife","floor":12.0,"turns":2.0},{"damage":4.0,"enemies":"2 Fungi Beasts","floor":13.0,"turns":3.0},{"damage":0.0,"enemies":"downfall:LooterAlt","floor":15.0,"turns":1.0},{"damage":48.0,"enemies":"DF_ARCHETYPE_STREAMLINE","floor":16.0,"turns":7.0},{"damage":0.0,"enemies":"Shell Parasite","floor":19.0,"turns":2.0},{"damage":0.0,"enemies":"downfall:FleeingMerchant","floor":21.0,"turns":4.0},{"damage":0.0,"enemies":"Spheric Guardian","floor":22.0,"turns":2.0}],"seed_played":"-7250884903665552259","potions_obtained":[{"floor":2.0,"key":"Cursed Concoction"},{"floor":9.0,"key":"SkillPotion"},{"floor":12.0,"key":"Fruit Juice"},{"floor":15.0,"key":"sneckomod:MuddlingPotion"}],"is_trial":false,"path_per_floor":["R","M","?","?","M","M","T","R","M","R","?","M","M","?","M","B",null,"R","M","?","$","M"],"character_chosen":"THE_AUTOMATON","items_purchased":["bronze:ChildClass"],"campfire_rested":0,"item_purchase_floors":[21],"current_hp_per_floor":[70,62,62,62,62,62,62,62,62,62,62,65,61,61,61,13,75,75,75,75,75,75,75,75],"gold":144,"neow_bonus":"THREE_CARDS","is_daily":false,"chose_seed":false,"campfire_upgraded":4,"win_rate":0.0,"timestamp":1613998722,"path_taken":["R","M","?","?","?","M","T","R","M","R","?","?","M","?","M","BOSS","R","M","?","$","M"],"items_purchased_type":["Card"],"build_version":"2020-12-22","purchased_purges":1,"victory":false,"max_hp_per_floor":[70,70,70,70,70,70,70,70,70,70,70,75,75,75,75,75,75,75,75,75,75,75,75,75],"card_choices":[{"not_picked":["bronze:CutThrough","bronze:FineTuning"],"picked":"bronze:WhirlingStrike","floor":0.0},{"not_picked":["bronze:Fortify","bronze:BuggyMess","bronze:WildBeam"],"picked":"SKIP","floor":2.0},{"not_picked":["bronze:FineTuning","bronze:FollowUp"],"picked":"bronze:ChildClass","floor":5.0},{"not_picked":["bronze:Constructor","bronze:Refactor"],"picked":"bronze:Branch","floor":6.0},{"not_picked":["bronze:Deprecate","bronze:BugBarrage"],"picked":"bronze:GetLatest","floor":9.0},{"not_picked":["bronze:Deprecate","bronze:CutThrough","bronze:DelayedGuard"],"picked":"SKIP","floor":12.0},{"not_picked":["bronze:BurnOut","bronze:FineTuning"],"picked":"bronze:Branch","floor":13.0},{"not_picked":["bronze:Allocate","bronze:DelayedGuard","bronze:FineTuning"],"picked":"SKIP","floor":15.0},{"not_picked":["bronze:Break","bronze:HyperBeam"],"picked":"bronze:Format","floor":16.0},{"not_picked":["bronze:Boost+1","bronze:BitShift","bronze:Turbo+1"],"picked":"SKIP","floor":19.0},{"not_picked":["bronze:BugBarrage+1","bronze:FollowUp","bronze:OilSpill"],"picked":"SKIP","floor":21.0}],"player_experience":545192,"relics_obtained":[{"floor":7.0,"key":"ReplayTheSpireMod:Ninjato"}],"event_choices":[],"is_beta":false,"boss_relics":[{"not_picked":["Honey Jar","Snecko Eye"],"picked":"Ring of Chaos"}],"items_purged_floors":[21],"is_endless":false,"potions_floor_spawned":[2,9,12,15,22],"killed_by":"Spheric Guardian","ascension_level":2}}