{"host":"z439itq93uucuvou","time":1613971680,"event":{"mods":["BaseMod","Colored Powertips","Downfall","Jorbs\u0027s Wanderer Trilogy","Minty Spire (QoL Compilation)","StSLib"],"gold_per_floor":[99,114,126,126,139,149,172,185,196,196,226,226,246,259,275,374,374,374,385,402,23,123,123,123,123,115,147,147,173,173,192,211,314,314,314,334,484,511,511,511,511],"floor_reached":39,"language":"ENG","playtime":2507,"items_purged":[],"score":534,"play_id":"d9849a51-8a47-4dca-a7c7-3337f6b5f73a","local_time":"20210221212800","is_ascension_mode":true,"campfire_choices":[{"data":"Apotheosis","floor":1.0,"key":"SMITH"},{"data":"hexamod:EmpoweredFlame","floor":12.0,"key":"SMITH"},{"floor":18.0,"key":"REST"},{"floor":25.0,"key":"REST"},{"floor":30.0,"key":"REST"},{"floor":35.0,"key":"RECALL"}],"circlet_count":0,"master_deck":["hexamod:Strike+1","hexamod:Strike","hexamod:Strike+1","hexamod:Defend","hexamod:Defend","hexamod:Defend","hexamod:Sear","hexamod:Float","Apotheosis+1","hexamod:FirstSeal","hexamod:CatchUp","hexamod:EmpoweredFlame+1","hexamod:Hexaguard","hexamod:RadiantFlame","hexamod:RetreatToShadows","hexamod:NecessarySacrifice","hexamod:UnleashSpirits","hexamod:Again","hexamod:SearingWound","hexamod:SuperheatedStrike","hexamod:ExtraCrispy","hexamod:EmpoweredFlame+1","hexamod:HeatCrush","Sadistic Nature","hexamod:Haunt","hexamod:SkipABeat","hexamod:PowerFromBeyond+1","Necronomicurse","hexamod:FourthSeal","hexamod:SecondSeal","hexamod:ThirdSeal","hexamod:SoulSteal","hexamod:Incineration","hexamod:StepThrough","hexamod:SpectralAdrenaline+1","hexamod:SixthSeal","hexamod:SearingWound","hexamod:NightmareGuise+1"],"relics":["hexamod:UnbrokenSoul","Bag of Marbles","Fusion Hammer","Mango","hexamod:InflammatoryLetter","Necronomicon","Ginger","Bottled Lightning","hexamod:CandleOfCauterizing"],"acts_visited":["Exordium","TheCity","TheBeyond"],"potions_floor_usage":[38,38],"damage_taken":[{"damage":0.0,"enemies":"Small Slimes","floor":2.0,"turns":4.0},{"damage":0.0,"enemies":"2 Louse","floor":3.0,"turns":4.0},{"damage":0.0,"enemies":"Cultist","floor":5.0,"turns":3.0},{"damage":12.0,"enemies":"Gremlin Gang","floor":6.0,"turns":5.0},{"damage":17.0,"enemies":"Lots of Slimes","floor":8.0,"turns":4.0},{"damage":1.0,"enemies":"3 Louse","floor":9.0,"turns":3.0},{"damage":18.0,"enemies":"Lagavulin","floor":11.0,"turns":7.0},{"damage":13.0,"enemies":"Exordium Thugs","floor":13.0,"turns":5.0},{"damage":3.0,"enemies":"downfall:LooterAlt","floor":14.0,"turns":4.0},{"damage":1.0,"enemies":"2 Fungi Beasts","floor":15.0,"turns":4.0},{"damage":37.0,"enemies":"DF_ARCHETYPE_STREAMLINE","floor":16.0,"turns":9.0},{"damage":7.0,"enemies":"Chosen","floor":19.0,"turns":3.0},{"damage":16.0,"enemies":"Shell Parasite","floor":20.0,"turns":4.0},{"damage":0.0,"enemies":"downfall:FleeingMerchant","floor":21.0,"turns":4.0},{"damage":8.0,"enemies":"WA_ARCHETYPE_RETAIN","floor":22.0,"turns":6.0},{"damage":34.0,"enemies":"Gremlin Leader","floor":27.0,"turns":6.0},{"damage":7.0,"enemies":"Centurion and Healer","floor":29.0,"turns":4.0},{"damage":12.0,"enemies":"Chosen and Byrds","floor":31.0,"turns":4.0},{"damage":0.0,"enemies":"Snecko","floor":32.0,"turns":2.0},{"damage":45.0,"enemies":"SI_MIRROR_ARCHETYPE","floor":33.0,"turns":6.0},{"damage":24.0,"enemies":"Orb Walker","floor":36.0,"turns":3.0},{"damage":36,"enemies":"3 Darklings","floor":38,"turns":4},{"damage":23,"enemies":"Maw","floor":39,"turns":2}],"seed_played":"7630828690770650618","potions_obtained":[{"floor":3.0,"key":"hexamod:EctoCoolerPotion"},{"floor":5.0,"key":"PowerPotion"},{"floor":6.0,"key":"AttackPotion"},{"floor":13.0,"key":"PowerPotion"},{"floor":14.0,"key":"DuplicationPotion"},{"floor":16.0,"key":"SteroidPotion"},{"floor":22.0,"key":"Swift Potion"},{"floor":27.0,"key":"DuplicationPotion"},{"floor":27.0,"key":"champ:CounterPotion"},{"floor":29.0,"key":"Ancient Potion"},{"floor":31.0,"key":"CultistPotion"},{"floor":33.0,"key":"Regen Potion"},{"floor":36.0,"key":"bronze:BurnAndBuffPotion"},{"floor":38,"key":"SteroidPotion"}],"is_trial":false,"path_per_floor":["R","M","M","?","M","M","T","M","M","?","E","R","M","M","M","B",null,"R","M","M","$","?","?","T","R","?","E","T","M","R","M","M","B",null,"R","M","?","M","M"],"character_chosen":"THE_SPIRIT","items_purchased":["hexamod:HeatCrush","Sadistic Nature","hexamod:Haunt","hexamod:SkipABeat"],"campfire_rested":3,"item_purchase_floors":[21,21,21,21],"current_hp_per_floor":[63,63,63,63,63,58,58,48,54,54,43,43,37,41,47,17,52,63,56,47,54,67,51,51,74,74,47,47,47,70,65,65,27,65,65,50,50,21,0,0,0],"gold":511,"neow_bonus":"RANDOM_COLORLESS_2","is_daily":false,"chose_seed":false,"campfire_upgraded":2,"win_rate":0.0,"timestamp":1613971680,"path_taken":["R","M","M","?","M","M","T","M","M","?","E","R","M","M","M","BOSS","R","M","M","$","?","?","T","R","?","E","?","M","R","M","M","BOSS","R","M","?","M","?"],"items_purchased_type":["Card","Card","Card","Card"],"build_version":"2020-12-22","purchased_purges":0,"victory":false,"max_hp_per_floor":[63,63,63,63,63,63,63,63,63,63,63,63,63,63,63,63,63,63,63,63,63,77,77,77,77,77,77,77,77,77,77,77,77,77,77,77,77,77,77,77,77],"card_choices":[{"not_picked":["Panache","HandOfGreed"],"picked":"Apotheosis","floor":0.0},{"not_picked":["hexamod:SuperheatedStrike","hexamod:InspiringFlames"],"picked":"hexamod:FirstSeal","floor":2.0},{"not_picked":["hexamod:HauntingEcho","hexamod:SpectralSpark"],"picked":"hexamod:CatchUp","floor":3.0},{"not_picked":["hexamod:HeatMetal","hexamod:AdvancingGuard"],"picked":"hexamod:EmpoweredFlame","floor":5.0},{"not_picked":["hexamod:SecondSeal","hexamod:InspiringFlames"],"picked":"hexamod:Hexaguard","floor":6.0},{"not_picked":["hexamod:HeatMetal","hexamod:PhantomCloak"],"picked":"hexamod:RadiantFlame","floor":8.0},{"not_picked":["hexamod:BurningTouch","hexamod:SpectersWail"],"picked":"hexamod:RetreatToShadows","floor":9.0},{"not_picked":["hexamod:EtherealExpedition","hexamod:NightmareGuise"],"picked":"hexamod:NightmareStrike","floor":11.0},{"not_picked":["hexamod:GhostShield","hexamod:BurningTouch"],"picked":"hexamod:NecessarySacrifice","floor":13.0},{"not_picked":["hexamod:SuperheatedStrike","hexamod:FlamesFromBeyond"],"picked":"hexamod:UnleashSpirits","floor":14.0},{"not_picked":["hexamod:CatchUp","hexamod:FlamesFromBeyond"],"picked":"hexamod:Again","floor":15.0},{"not_picked":["hexamod:GiftsFromTheDead","hexamod:ApocalypticArmor"],"picked":"hexamod:SearingWound","floor":16.0},{"not_picked":["hexamod:SwordOfDarkness","hexamod:Firestarter+1"],"picked":"hexamod:SuperheatedStrike","floor":19.0},{"not_picked":["hexamod:SuperheatedStrike+1","hexamod:SwordOfDarkness"],"picked":"hexamod:ExtraCrispy","floor":20.0},{"not_picked":["hexamod:NecessarySacrifice","hexamod:ShieldOfDarkness+1"],"picked":"hexamod:EmpoweredFlame+1","floor":21.0},{"not_picked":["hexamod:Firestarter+1","hexamod:BurningTouch"],"picked":"hexamod:PowerFromBeyond+1","floor":22.0},{"not_picked":["hexamod:SearingWound","hexamod:FlamesFromBeyond+1"],"picked":"hexamod:SoulSteal","floor":27.0},{"not_picked":["hexamod:FlamesFromBeyond","hexamod:PowerFromBeyond","hexamod:ThermalTransfer+1"],"picked":"SKIP","floor":27.0},{"not_picked":["hexamod:DynamicBlow+1","hexamod:Again"],"picked":"hexamod:Incineration","floor":29.0},{"not_picked":["hexamod:HauntingEcho+1","hexamod:FastForward","hexamod:GhostLash"],"picked":"SKIP","floor":29.0},{"not_picked":["hexamod:BacktrackSmack+1","hexamod:Firestarter"],"picked":"hexamod:StepThrough","floor":31.0},{"not_picked":["hexamod:FastForward","hexamod:BacktrackSmack"],"picked":"hexamod:SpectralAdrenaline+1","floor":31.0},{"not_picked":["hexamod:NecessarySacrifice","hexamod:SecondSeal","hexamod:Rewind+1"],"picked":"SKIP","floor":32.0},{"not_picked":["hexamod:UnlimitedPower","hexamod:TimeOfNeed"],"picked":"hexamod:SixthSeal","floor":33.0},{"not_picked":["hexamod:WildfireWeapon","hexamod:ApocalypticArmor"],"picked":"hexamod:SearingWound","floor":33.0},{"not_picked":["hexamod:SpectersWail+1","hexamod:RetreatToShadows"],"picked":"hexamod:NightmareGuise+1","floor":36.0},{"not_picked":["hexamod:HauntingEcho+1","hexamod:FlamesFromBeyond+1","hexamod:BacktrackSmack+1"],"picked":"SKIP","floor":38},{"not_picked":["hexamod:SpectralAdrenaline","hexamod:RadiantFlame","hexamod:BacktrackSmack+1"],"picked":"SKIP","floor":38}],"player_experience":1721002,"relics_obtained":[{"floor":7.0,"key":"Juzu Bracelet"},{"floor":11.0,"key":"Bag of Marbles"},{"floor":22.0,"key":"Mango"},{"floor":22.0,"key":"hexamod:InflammatoryLetter"},{"floor":23.0,"key":"Necronomicon"},{"floor":24.0,"key":"Ginger"},{"floor":27.0,"key":"Bottled Lightning"},{"floor":28.0,"key":"hexamod:CandleOfCauterizing"}],"event_choices":[{"cards_removed":["hexamod:Defend"],"damage_healed":0.0,"max_hp_gain":0.0,"max_hp_loss":0.0,"gold_gain":0.0,"event_name":"Living Wall","player_choice":"Forget","floor":10.0,"gold_loss":0.0,"damage_taken":0.0}],"is_beta":false,"boss_relics":[{"not_picked":["Cursed Key","Calling Bell"],"picked":"Fusion Hammer"},{"not_picked":["SacredBark","Philosopher\u0027s Stone"],"picked":"hexamod:UnbrokenSoul"}],"items_purged_floors":[],"is_endless":false,"potions_floor_spawned":[3,5,6,13,14,15,16,22,27,31,32,33,36],"killed_by":"Maw","ascension_level":5}}