{"host":"v86vpwf004p2esb7","time":1613980586,"event":{"mods":["AchievementEnabler","BaseMod","BetterRewards","Colored Powertips","Minty Spire (QoL Compilation)","Quick Restart","StSLib","Transform Curses"],"gold_per_floor":[110,18,35,50,69,98,98,127,127,127,139,157,168,181,181,279,279,293,311,322,136,161,161,176,203,203,214,227,246,277,295,295,409,409,436,459,33,392,407,407,447,447,447,447,474,474,483,517,517,517,517,517,169,211,211],"floor_reached":56,"language":"ENG","playtime":1935,"items_purged":["Decay"],"score":2290,"play_id":"72672ba3-482b-4d08-9e3a-2074bd69d68a","local_time":"20210221235626","is_ascension_mode":true,"campfire_choices":[{"floor":15,"key":"REST"},{"data":"Cloak And Dagger","floor":23,"key":"SMITH"},{"data":"Storm of Steel","floor":32,"key":"SMITH"},{"floor":40,"key":"RECALL"},{"data":"Apotheosis","floor":42,"key":"SMITH"},{"floor":44,"key":"REST"},{"floor":46,"key":"REST"},{"floor":49,"key":"REST"},{"floor":52,"key":"REST"}],"circlet_count":0,"master_deck":["AscendersBane","Strike_G","Strike_G","Strike_G","Strike_G","Defend_G","Defend_G","Defend_G","Defend_G","Defend_G","Survivor","Neutralize","Blade Dance","Panache","Accuracy","Corpse Explosion","Well Laid Plans","PiercingWail","Footwork","Blade Dance","Footwork","Backflip","Backflip","Accuracy","Bane","Accuracy","Bane","Storm of Steel+1","Backstab","Blade Dance+1","Backstab","Cloak And Dagger+1","Wraith Form v2+1","Envenom+1","Crippling Poison","Footwork+1","Apotheosis+1","Catalyst+1","Blur","Panache+1","Master of Strategy","Mind Blast","Terror","Caltrops+1","Infinite Blades+1"],"relics":["Ring of the Snake","Regal Pillow","Snake Skull","TwistedFunnel","TungstenRod","Boot","Anchor","Bag of Marbles","Singing Bowl","PreservedInsect","SlaversCollar","Pen Nib","Red Mask","Bronze Scales","Frozen Egg 2","CeramicFish","Black Star","Bottled Lightning","Old Coin","Ornamental Fan","MealTicket","Lantern","Toy Ornithopter","Shuriken","Tough Bandages","Orichalcum"],"acts_visited":["Exordium","TheCity","TheBeyond","TheEnding"],"potions_floor_usage":[0,6,8,13,16,33,35,55,55],"damage_taken":[{"damage":0,"enemies":"Cultist","floor":1,"turns":3},{"damage":0,"enemies":"Small Slimes","floor":3,"turns":3},{"damage":0,"enemies":"2 Louse","floor":4,"turns":1},{"damage":2,"enemies":"Exordium Wildlife","floor":5,"turns":2},{"damage":4,"enemies":"3 Sentries","floor":6,"turns":4},{"damage":11,"enemies":"Gremlin Nob","floor":8,"turns":3},{"damage":0,"enemies":"2 Fungi Beasts","floor":11,"turns":1},{"damage":0,"enemies":"Looter","floor":12,"turns":2},{"damage":0,"enemies":"Lots of Slimes","floor":13,"turns":2},{"damage":1,"enemies":"Large Slime","floor":14,"turns":3},{"damage":14,"enemies":"Hexaghost","floor":16,"turns":7},{"damage":0,"enemies":"Chosen","floor":18,"turns":3},{"damage":0,"enemies":"2 Thieves","floor":19,"turns":2},{"damage":7,"enemies":"Snake Plant","floor":20,"turns":3},{"damage":0,"enemies":"Masked Bandits","floor":22,"turns":2},{"damage":0,"enemies":"Chosen and Byrds","floor":24,"turns":3},{"damage":0,"enemies":"Cultist and Chosen","floor":27,"turns":2},{"damage":9,"enemies":"Centurion and Healer","floor":28,"turns":4},{"damage":0,"enemies":"Snake Plant","floor":29,"turns":2},{"damage":6,"enemies":"Book of Stabbing","floor":30,"turns":2},{"damage":0,"enemies":"Snecko","floor":31,"turns":2},{"damage":39,"enemies":"Collector","floor":33,"turns":6},{"damage":11,"enemies":"3 Darklings","floor":35,"turns":4},{"damage":8,"enemies":"Orb Walker","floor":36,"turns":2},{"damage":25,"enemies":"Mind Bloom Boss Battle","floor":38,"turns":4},{"damage":4,"enemies":"Writhing Mass","floor":39,"turns":6},{"damage":0,"enemies":"Nemesis","floor":41,"turns":3},{"damage":0,"enemies":"Reptomancer","floor":48,"turns":2},{"damage":72,"enemies":"Awakened One","floor":50,"turns":11},{"damage":8,"enemies":"Shield and Spear","floor":54,"turns":4},{"damage":30,"enemies":"The Heart","floor":55,"turns":6}],"seed_played":"-628705915641090829","potions_obtained":[{"floor":3,"key":"SpeedPotion"},{"floor":5,"key":"PowerPotion"},{"floor":8,"key":"CultistPotion"},{"floor":12,"key":"SmokeBomb"},{"floor":13,"key":"EntropicBrew"},{"floor":16,"key":"Regen Potion"},{"floor":24,"key":"LiquidMemories"},{"floor":35,"key":"Weak Potion"},{"floor":39,"key":"GhostInAJar"},{"floor":48,"key":"DistilledChaos"}],"is_trial":false,"path_per_floor":["M","$","M","M","M","E","?","E","T","?","M","M","M","M","R","B",null,"M","M","M","$","?","R","M","T","T","M","M","M","E","M","R","B",null,"M","M","$","?","M","R","E","R","T","R","?","R","?","E","R","B",null,"R","$","E","B",null],"character_chosen":"THE_SILENT","items_purchased":["Regal Pillow","Blade Dance","Panache","Snake Skull","Accuracy","TwistedFunnel","TungstenRod","Corpse Explosion","Boot","Fruit Juice","Well Laid Plans","Footwork","Block Potion","Pen Nib","Backstab","Apotheosis","Bottled Lightning","Shuriken","Caltrops+1"],"campfire_rested":5,"item_purchase_floors":[0,0,0,0,0,0,0,0,0,0,0,2,2,21,21,37,37,53,53],"current_hp_per_floor":[26,26,26,26,24,20,18,7,7,7,7,7,9,8,46,32,66,68,68,61,61,61,61,63,63,63,65,56,58,54,56,56,32,75,64,56,56,31,29,29,29,29,29,71,62,91,91,91,91,19,73,91,91,83,63],"gold":211,"neow_bonus":"","is_daily":false,"chose_seed":false,"campfire_upgraded":3,"win_rate":0.0,"timestamp":1613980586,"path_taken":["M","?","M","M","M","E","?","E","T","?","M","M","?","M","R","BOSS","M","?","M","$","?","R","M","?","T","M","?","M","E","M","R","BOSS","M","M","$","?","M","R","E","R","T","R","?","R","?","E","R","BOSS","R","$","E","BOSS"],"items_purchased_type":["Relic","Card","Card","Relic","Card","Relic","Relic","Card","Relic","Potion","Card","Card","Potion","Relic","Card","Card","Relic","Relic","Card"],"build_version":"2020-12-22","purchased_purges":1,"victory":true,"max_hp_per_floor":[75,75,75,75,75,75,75,75,75,75,75,75,77,77,77,77,77,79,79,79,79,79,79,81,81,81,83,83,85,87,89,89,89,89,89,89,89,89,91,91,91,91,91,91,91,91,91,91,91,91,91,91,91,91,91],"card_choices":[{"not_picked":["Sucker Punch","Quick Slash"],"picked":"PiercingWail","floor":1},{"not_picked":["Backflip","Prepared"],"picked":"Blade Dance","floor":3},{"not_picked":["Backflip","All Out Attack"],"picked":"Footwork","floor":4},{"not_picked":["Outmaneuver","Bane"],"picked":"Backflip","floor":5},{"not_picked":["Setup","Deflect"],"picked":"Backflip","floor":6},{"not_picked":["Backstab","Endless Agony"],"picked":"Accuracy","floor":8},{"not_picked":["Dagger Spray","Dagger Throw"],"picked":"Bane","floor":11},{"not_picked":["Reflex","Dash"],"picked":"Accuracy","floor":12},{"not_picked":["A Thousand Cuts","Skewer","Sucker Punch"],"picked":"Singing Bowl","floor":13},{"not_picked":["Acrobatics","Poisoned Stab"],"picked":"Bane","floor":14},{"not_picked":["A Thousand Cuts","Grand Finale"],"picked":"Storm of Steel","floor":16},{"not_picked":["Acrobatics+1","PiercingWail","Sucker Punch"],"picked":"Singing Bowl","floor":18},{"not_picked":["Dagger Throw","Setup"],"picked":"Backstab","floor":19},{"not_picked":["Well Laid Plans","Dash+1"],"picked":"Blade Dance+1","floor":20},{"not_picked":["Deflect","Predator"],"picked":"Cloak And Dagger","floor":22},{"not_picked":["Leg Sweep+1","Slice","Flying Knee+1"],"picked":"Singing Bowl","floor":24},{"not_picked":["Concentrate","Outmaneuver","Endless Agony"],"picked":"Singing Bowl","floor":27},{"not_picked":["Reflex","Deadly Poison"],"picked":"Wraith Form v2+1","floor":28},{"not_picked":["Calculated Gamble","Leg Sweep+1","Bouncing Flask"],"picked":"Singing Bowl","floor":29},{"not_picked":["Underhanded Strike","Well Laid Plans+1","Venomology"],"picked":"Singing Bowl","floor":30},{"not_picked":["Acrobatics","Prepared","Eviscerate"],"picked":"Singing Bowl","floor":31},{"not_picked":["Wraith Form v2+1","Doppelganger"],"picked":"Envenom+1","floor":33},{"not_picked":["Terror","Expertise"],"picked":"Crippling Poison","floor":35},{"not_picked":["Masterful Stab","Poisoned Stab+1"],"picked":"Footwork+1","floor":36},{"not_picked":["Acrobatics+1","Sucker Punch"],"picked":"Catalyst+1","floor":38},{"not_picked":["Slice+1","Underhanded Strike","Poisoned Stab"],"picked":"Singing Bowl","floor":39},{"not_picked":["Acrobatics","Masterful Stab"],"picked":"Blur","floor":41},{"not_picked":["Dramatic Entrance","Dark Shackles"],"picked":"Panache+1","floor":45},{"not_picked":["Forethought","Thinking Ahead"],"picked":"Master of Strategy","floor":45},{"not_picked":["Blind","Forethought"],"picked":"Mind Blast","floor":45},{"not_picked":["Predator","Quick Slash+1"],"picked":"Terror","floor":48},{"not_picked":["Well Laid Plans+1","Flying Knee"],"picked":"Infinite Blades+1","floor":54}],"player_experience":205772,"relics_obtained":[{"floor":6,"key":"Anchor"},{"floor":8,"key":"Singing Bowl"},{"floor":9,"key":"PreservedInsect"},{"floor":22,"key":"Red Mask"},{"floor":25,"key":"Bronze Scales"},{"floor":26,"key":"Frozen Egg 2"},{"floor":30,"key":"CeramicFish"},{"floor":38,"key":"Old Coin"},{"floor":41,"key":"Ornamental Fan"},{"floor":41,"key":"MealTicket"},{"floor":48,"key":"Lantern"},{"floor":48,"key":"Toy Ornithopter"},{"floor":54,"key":"Tough Bandages"},{"floor":54,"key":"Orichalcum"}],"event_choices":[{"damage_healed":0,"gold_gain":0,"player_choice":"Success","damage_taken":3,"relics_obtained":["Bag of Marbles"],"max_hp_gain":0,"max_hp_loss":0,"event_name":"Scrap Ooze","floor":7,"gold_loss":0},{"cards_removed":["Strike_G"],"damage_healed":0,"gold_gain":0,"player_choice":"Purged","damage_taken":0,"max_hp_gain":0,"max_hp_loss":0,"event_name":"Purifier","floor":10,"gold_loss":0},{"damage_healed":0,"gold_gain":0,"player_choice":"Fought Bandits","damage_taken":0,"max_hp_gain":0,"max_hp_loss":0,"event_name":"Masked Bandits","floor":22,"gold_loss":0},{"damage_healed":0,"gold_gain":0,"player_choice":"Fight","damage_taken":0,"max_hp_gain":0,"max_hp_loss":0,"event_name":"MindBloom","floor":38,"gold_loss":0},{"damage_healed":0,"gold_gain":0,"player_choice":"Memory 3","damage_taken":10,"max_hp_gain":0,"max_hp_loss":0,"event_name":"SensoryStone","floor":45,"gold_loss":0},{"damage_healed":0,"gold_gain":0,"player_choice":"Cursed","damage_taken":0,"max_hp_gain":0,"max_hp_loss":0,"event_name":"Wheel of Change","floor":47,"gold_loss":0,"cards_obtained":["Decay"]}],"is_beta":false,"boss_relics":[{"not_picked":["Velvet Choker","Runic Pyramid"],"picked":"SlaversCollar"},{"not_picked":["Coffee Dripper","Snecko Eye"],"picked":"Black Star"}],"items_purged_floors":[53],"is_endless":false,"potions_floor_spawned":[3,5,8,12,13,16,22,24,27,28,30,31,35,39,48],"ascension_level":10}}