{"host":"hfxahm4y1ssattqc","time":1613959320,"event":{"mods":["2.2 Compatiblity","Act Like it!","Aspiration","BaseMod","Beaked The Cultist","Better Third Choice","BetterRewards","Colored Map","Colored Powertips","Custom Start","Downfall","Googly Eyes","Halation","Hallownest","Hermit","Highlight Path","Hubris","Infinite Spire","Mimic Mod","Minty Spire (QoL Compilation)","Reorder Act Four","Replay The Spire","Shop Mod","Spikes Relics","StSLib","The Bug Knight","The IronCluck","The Jungle","Unknown Chances","slay the spire mod where everything is the same but ironclad has a cowboy hat"],"gold_per_floor":[118,118,68,68,20,45,45,45,84,38,64,84,95,128,128,228,228,242,66,66,66,66,66,66,66,92,191,191,0,0,19,19,116,116,136,136,61,61,72,72,104,154,185,197,197,222,222,222,222,222,222,169,169,204,204],"floor_reached":56,"language":"ENG","playtime":3388,"items_purged":["beaked:Strike_Y"],"score":1186,"play_id":"a1d5810d-c4f2-4c21-a26a-94dfd3e13873","local_time":"20210221180200","is_ascension_mode":false,"campfire_choices":[{"floor":7.0,"key":"REST"},{"data":"beaked:Ceremony","floor":15.0,"key":"SMITH"},{"data":"Apotheosis","floor":23.0,"key":"SMITH"},{"floor":25.0,"key":"RECALL"},{"data":"beaked:MachineSpirit","floor":28.0,"key":"SMITH"},{"data":"infinitespire:Gouge","floor":30.0,"key":"SMITH"},{"data":"beaked:ScreechingChant","floor":32.0,"key":"SMITH"},{"data":"beaked:Foresight","floor":40.0,"key":"SMITH"},{"data":"beaked:Ceremony","floor":45.0,"key":"SMITH"},{"data":"beaked:Defend_Y","floor":47.0,"key":"SMITH"},{"data":"Expertise","floor":49,"key":"SMITH"},{"data":"beaked:CursingBlood","floor":53,"key":"SMITH"}],"circlet_count":0,"master_deck":["beaked:Strike_Y","beaked:Strike_Y","beaked:Strike_Y","beaked:Strike_Y","beaked:Defend_Y+1","beaked:Defend_Y","beaked:Defend_Y","beaked:Defend_Y","beaked:Ceremony+1","beaked:Ceremony+1","beaked:Ceremony","beaked:WildInstinct","infinitespire:Gouge+1","beaked:Insight","beaked:BloodRitual","beaked:Insight","beaked:MachineSpirit+1","beaked:ScreechingChant+1","beaked:Foresight+1","Apotheosis+1","beaked:Windmill","beaked:AwakenedForm+1","beaked:BraceForImpact+1","beaked:CursingBlood+1","Expertise+1","beaked:CursingBlood+1"],"relics":["beaked:MendingPlumage","BrokenLever","RollingBoulder","Iron Hammer","halation:BlackBeret","aspiration:ChemicalBlood","hubris:Stopwatch","halation:EternalFortune","MutagenicStrength","Akabeko","Replay:Bronze Core","Lantern","hubris:MedicalManual","halation:SwordOfLegend","Replay:Winged Headress","Sling","beaked:SacredDeck","Golden Egg"],"acts_visited":["Exordium","TheCity","TheBeyond","TheEnding"],"potions_floor_usage":[50,50,50,54,54,54,55,55,55,55,55,55,55],"damage_taken":[{"damage":6.0,"enemies":"2 Louse","floor":1.0,"turns":5.0},{"damage":38.0,"enemies":"3 Sentries","floor":6.0,"turns":8.0},{"damage":12.0,"enemies":"Small Slimes","floor":9.0,"turns":5.0},{"damage":10.0,"enemies":"Gremlin Nob","floor":11.0,"turns":4.0},{"damage":0.0,"enemies":"Small Slimes","floor":12.0,"turns":3.0},{"damage":0.0,"enemies":"Jaw Worm","floor":13.0,"turns":5.0},{"damage":21.0,"enemies":"Lagavulin","floor":14.0,"turns":5.0},{"damage":35.0,"enemies":"Fading Forest","floor":16.0,"turns":11.0},{"damage":18.0,"enemies":"Spheric Guardian","floor":18.0,"turns":5.0},{"damage":12.0,"enemies":"Shell Parasite","floor":31.0,"turns":6.0},{"damage":49.0,"enemies":"Automaton","floor":33.0,"turns":10.0},{"damage":19.0,"enemies":"3 Darklings","floor":35.0,"turns":5.0},{"damage":21.0,"enemies":"Orb Walker","floor":39.0,"turns":4.0},{"damage":26.0,"enemies":"Giant Head","floor":41.0,"turns":7.0},{"damage":27.0,"enemies":"Mind Bloom Boss Battle","floor":42.0,"turns":7.0},{"damage":31.0,"enemies":"Spire Growth","floor":43.0,"turns":9.0},{"damage":39.0,"enemies":"Spire Growth","floor":44.0,"turns":8.0},{"damage":38.0,"enemies":"HollowMod:StalkingDevout","floor":46.0,"turns":9.0},{"damage":50,"enemies":"Donu and Deca","floor":50,"turns":9},{"damage":46,"enemies":"Shield and Spear","floor":54,"turns":6},{"damage":89,"enemies":"The Heart","floor":55,"turns":8}],"seed_played":"8231712793776074039","potions_obtained":[{"floor":1.0,"key":"GamblersBrew"},{"floor":11.0,"key":"bronze:BurnAndBuffPotion"},{"floor":12.0,"key":"champ:CounterPotion"},{"floor":16.0,"key":"Toxic Potion"},{"floor":16.0,"key":"PowerPotion"},{"floor":16.0,"key":"Ancient Potion"},{"floor":18.0,"key":"ColorlessPotion"},{"floor":33.0,"key":"Doom Potion"},{"floor":35.0,"key":"Reflective Coating"},{"floor":41.0,"key":"SteroidPotion"},{"floor":41.0,"key":"hexamod:SoulburnPotion"},{"floor":42.0,"key":"Dexterity Potion"},{"floor":42.0,"key":"DuplicationPotion"},{"floor":44.0,"key":"hexamod:SoulburnPotion"},{"floor":44.0,"key":"hexamod:SoulburnPotion"},{"floor":54,"key":"Adrenaline Potion"},{"floor":54,"key":"Reflective Coating"},{"floor":54,"key":"sneckomod:MuddlingPotion"},{"floor":55,"key":"LiquidBronze"}],"is_trial":false,"path_per_floor":["M","?","?","T","$","E","R","T","MIM","$","E","M","M","E","R","B",null,"M","$","?","?","?","R","?","R","T","?","R","?","R","M","R","B",null,"M","?","$","?","M","R","E","?","MIM","M","R","E","R","AVR","R","B",null,"$","R","E","B",null],"character_chosen":"BEAKED_THE_CULTIST","items_purchased":["beaked:Insight","beaked:Insight","Apotheosis","beaked:CursingBlood"],"campfire_rested":1,"item_purchase_floors":[5,10,19,52],"current_hp_per_floor":[50,38,38,38,38,16,31,31,37,37,38,46,50,44,44,50,50,47,47,50,50,50,50,50,50,50,50,50,50,50,46,46,33,53,54,54,54,54,48,48,48,50,55,42,45,52,55,55,55,56,56,56,56,59,50],"gold":204,"neow_bonus":"ONE_RANDOM_RARE_CARD","is_daily":false,"chose_seed":false,"campfire_upgraded":10,"win_rate":0.0,"timestamp":1613959320,"path_taken":["M","?","?","?","$","E","R","?","MIM","$","E","?","M","E","R","BOSS","M","$","?","?","?","R","?","R","T","?","R","?","R","M","R","BOSS","M","?","$","?","M","R","E","?","MIM","M","R","E","R","AVR","R","BOSS","$","R","E","BOSS"],"items_purchased_type":["Card","Card","Card","Card"],"build_version":"2020-12-22","purchased_purges":1,"victory":true,"max_hp_per_floor":[50,50,50,50,50,50,50,50,50,50,50,50,50,50,50,50,50,50,50,53,53,53,53,53,53,53,53,53,53,53,53,53,53,53,56,56,56,56,56,56,56,56,56,56,56,56,56,56,56,56,56,56,56,59,59],"card_choices":[{"not_picked":["beaked:DigDeeper","ReplayTheSpireMod:RavenHex"],"picked":"beaked:Windmill","floor":1.0},{"not_picked":["ReplayTheSpireMod:Echoes of Time","hubris:Fate"],"picked":"infinitespire:Gouge","floor":2.0},{"not_picked":["beaked:Molting","beaked:Resilience"],"picked":"beaked:BloodRitual","floor":6.0},{"not_picked":["beaked:TuckingFeathers","beaked:DarkTribute","beaked:Flinch"],"picked":"SKIP","floor":11.0},{"not_picked":["beaked:DigDeep","beaked:Redirect"],"picked":"beaked:MachineSpirit","floor":12.0},{"not_picked":["beaked:Windmill","beaked:DigDeep","ReplayTheSpireMod:Prepare the Ceremony"],"picked":"SKIP","floor":13.0},{"not_picked":["beaked:Resilience","beaked:DigDeep","beaked:Insight"],"picked":"SKIP","floor":14.0},{"not_picked":["beaked:FakeOut","beaked:Caw"],"picked":"beaked:ScreechingChant","floor":16.0},{"not_picked":["beaked:Negation","beaked:HuntressSpirit"],"picked":"beaked:Foresight","floor":18.0},{"not_picked":["beaked:MachineSpirit","beaked:Replenish","beaked:Windmill"],"picked":"SKIP","floor":31.0},{"not_picked":["beaked:CheekyTricks","beaked:DarkPact"],"picked":"beaked:AwakenedForm","floor":33.0},{"not_picked":["beaked:SurvivalInstinct+1","beaked:BraceForImpact","beaked:RuinSticks"],"picked":"SKIP","floor":35.0},{"not_picked":["beaked:Tradeoff","beaked:Resilience","beaked:MimicWarrior+1"],"picked":"SKIP","floor":39.0},{"not_picked":["beaked:WarriorSpirit","beaked:BloodRitual","beaked:Brace"],"picked":"SKIP","floor":41.0},{"not_picked":["beaked:Replenish+1","beaked:DigDeep+1"],"picked":"beaked:BraceForImpact+1","floor":42.0},{"not_picked":["beaked:Windmill+1","beaked:Tradeoff"],"picked":"beaked:CursingBlood+1","floor":43.0},{"not_picked":["beaked:FeelMyPain","beaked:Resilience+1","beaked:Pecker+1"],"picked":"SKIP","floor":44.0},{"not_picked":["ReplayTheSpireMod:Owlgaze","beaked:SacrificialDive+1","beaked:Flinch"],"picked":"SKIP","floor":46.0},{"not_picked":["beaked:Tweet+1","beaked:DigDeep+1","beaked:Struggle"],"picked":"SKIP","floor":54}],"player_experience":971818,"relics_obtained":[{"floor":4.0,"key":"BrokenLever"},{"floor":6.0,"key":"RollingBoulder"},{"floor":8.0,"key":"Iron Hammer"},{"floor":11.0,"key":"halation:BlackBeret"},{"floor":14.0,"key":"aspiration:ChemicalBlood"},{"floor":26.0,"key":"Akabeko"},{"floor":35.0,"key":"halation:EternalFortune"},{"floor":41.0,"key":"Lantern"},{"floor":42.0,"key":"hubris:MedicalManual"},{"floor":43.0,"key":"halation:SwordOfLegend"},{"floor":46.0,"key":"Replay:Winged Headress"},{"floor":54,"key":"halation:EternalFortune"},{"floor":54,"key":"Golden Egg"}],"event_choices":[{"cards_removed":["beaked:Strike_Y"],"damage_healed":0.0,"max_hp_gain":0.0,"max_hp_loss":0.0,"gold_gain":0.0,"event_name":"The Cleric","player_choice":"Card Removal","floor":3.0,"gold_loss":50.0,"damage_taken":0.0},{"damage_healed":0.0,"max_hp_gain":0.0,"max_hp_loss":0.0,"gold_gain":0.0,"event_name":"The Library","player_choice":"Read","floor":21.0,"gold_loss":0.0,"damage_taken":0.0,"cards_obtained":["beaked:Windmill"]},{"damage_healed":0.0,"max_hp_gain":0.0,"max_hp_loss":0.0,"gold_gain":0.0,"event_name":"Vampires","player_choice":"Ignored","floor":22.0,"gold_loss":0.0,"damage_taken":0.0},{"damage_healed":0.0,"max_hp_gain":0.0,"max_hp_loss":0.0,"gold_gain":0.0,"event_name":"Drug Dealer","player_choice":"Inject Mutagens","floor":24.0,"gold_loss":0.0,"damage_taken":0.0,"relics_obtained":["MutagenicStrength"]},{"damage_healed":0.0,"max_hp_gain":0.0,"max_hp_loss":0.0,"gold_gain":99.0,"event_name":"betterThird:BetterNest","player_choice":"Steal","floor":27.0,"gold_loss":0.0,"damage_taken":0.0},{"damage_healed":0.0,"max_hp_gain":0.0,"max_hp_loss":0.0,"gold_gain":0.0,"event_name":"Masked Bandits","player_choice":"Paid Fearfully","floor":29.0,"gold_loss":191.0,"damage_taken":0.0},{"cards_removed":["beaked:Windmill"],"damage_healed":0.0,"max_hp_gain":0.0,"max_hp_loss":0.0,"gold_gain":0.0,"event_name":"Falling","player_choice":"Removed Attack","floor":38.0,"gold_loss":0.0,"damage_taken":0.0},{"damage_healed":0.0,"max_hp_gain":0.0,"max_hp_loss":0.0,"gold_gain":0.0,"event_name":"MindBloom","player_choice":"Fight","floor":42.0,"gold_loss":0.0,"damage_taken":0.0}],"is_beta":false,"boss_relics":[{"not_picked":["Runic Pyramid","hubris:GrandSneckoEye"],"picked":"hubris:Stopwatch"},{"not_picked":["Snecko Eye","hubris:TerracottaHorce"],"picked":"Replay:Bronze Core"}],"items_purged_floors":[37],"is_endless":false,"potions_floor_spawned":[1,11,12,13,16,41,42,44,46,54],"ascension_level":0}}