{"host":"Doisman","time":1613967542,"event":{"mods":["AchievementEnabler","BaseMod","Better Note","Curses Come First","Minty Spire (QoL Compilation)","Permanent Neow","Quick Restart","Relic Stats","Replay The Spire","StSLib","slay the spire mod where everything is the same but ironclad has a cowboy hat"],"gold_per_floor":[119,136,136,148,148,180,180,37,115,40,59,59,72,104,104,201,201,212,14,25,25,38,38,38,38,38,38,2,35,54,54,54,154,154,171,46,56,56,76,76,88,0,0,0,12,12,45,62,62,62],"floor_reached":51,"language":"ENG","playtime":2211,"items_purged":["Strike_G","Strike_G","Pain"],"score":764,"play_id":"cbe118d7-6288-4d09-bd87-c2d28d27cefe","local_time":"20210221221902","is_ascension_mode":true,"campfire_choices":[{"data":"Replay:Poison Smokescreen","floor":7.0,"key":"SMITH"},{"data":"Noxious Fumes","floor":12.0,"key":"SMITH"},{"data":"Replay:Poison Smokescreen","floor":15.0,"key":"SMITH"},{"data":"Toxin Wave","floor":23.0,"key":"SMITH"},{"data":"Poison Darts","floor":25.0,"key":"SMITH"},{"data":"Noxious Fumes","floor":32.0,"key":"SMITH"},{"data":"Adrenaline","floor":40.0,"key":"SMITH"},{"data":"Noxious Fumes","floor":46.0,"key":"SMITH"},{"data":"Escape Plan","floor":49,"key":"SMITH"}],"circlet_count":0,"master_deck":["Strike_G+1","Strike_G+1","Defend_G+1","Defend_G+1","Defend_G+1","Defend_G+1","Defend_G+1","Survivor","Neutralize","Infinite Blades","Toxin Wave+1","Replay:Poison Smokescreen+1","Replay:Poison Smokescreen+1","Noxious Fumes+1","Sneak Up","Bouncing Flask","Backflip","Venomology","Poison Darts+1","Crippling Poison","PiercingWail","Bouncing Flask","Noxious Fumes+1","Adrenaline+1","PiercingWail+1","Noxious Fumes+1","Backflip+1","Backstab","Escape Plan+1","Fluid Movement+1","Expertise+1"],"relics":["Honey Jar","Art of War","Bottled Lightning","Blood Vial","Cursed Key","Dream Catcher","WarpedTongs","Coffee Dripper","Red Mask","Blue Doll"],"acts_visited":["Exordium","TheCity","TheBeyond"],"potions_floor_usage":[47,48,50,50,50],"damage_taken":[{"damage":1.0,"enemies":"Cultist","floor":1.0,"turns":4.0},{"damage":0.0,"enemies":"Small Slimes","floor":2.0,"turns":3.0},{"damage":0.0,"enemies":"2 Louse","floor":4.0,"turns":2.0},{"damage":16.0,"enemies":"3 Sentries","floor":6.0,"turns":8.0},{"damage":1.0,"enemies":"Blue Slaver","floor":11.0,"turns":4.0},{"damage":0.0,"enemies":"Red Slaver","floor":13.0,"turns":4.0},{"damage":7.0,"enemies":"Gremlin Nob","floor":14.0,"turns":4.0},{"damage":30.0,"enemies":"The Guardian","floor":16.0,"turns":7.0},{"damage":8.0,"enemies":"3 Byrds","floor":18.0,"turns":3.0},{"damage":0.0,"enemies":"Chosen","floor":20.0,"turns":4.0},{"damage":6.0,"enemies":"Snake Plant","floor":22.0,"turns":3.0},{"damage":1.0,"enemies":"Gremlin Leader","floor":29.0,"turns":4.0},{"damage":0.0,"enemies":"3 Cultists","floor":30.0,"turns":4.0},{"damage":44.0,"enemies":"Collector","floor":33.0,"turns":7.0},{"damage":5.0,"enemies":"Orb Walker","floor":35.0,"turns":4.0},{"damage":0.0,"enemies":"3 Shapes","floor":37.0,"turns":3.0},{"damage":2.0,"enemies":"3 Darklings","floor":39.0,"turns":4.0},{"damage":0.0,"enemies":"Jaw Worm Horde","floor":41.0,"turns":3.0},{"damage":0.0,"enemies":"Sphere and 2 Shapes","floor":45.0,"turns":4.0},{"damage":2,"enemies":"Nemesis","floor":47,"turns":7},{"damage":0,"enemies":"Maw","floor":48,"turns":7},{"damage":6,"enemies":"Awakened One","floor":50,"turns":13}],"seed_played":"-1979751096490085150","potions_obtained":[{"floor":2.0,"key":"PowerPotion"},{"floor":6.0,"key":"Fire Potion"},{"floor":11.0,"key":"Block Potion"},{"floor":13.0,"key":"EssenceOfSteel"},{"floor":16.0,"key":"ColorlessPotion"},{"floor":22.0,"key":"ColorlessPotion"},{"floor":30.0,"key":"Block Potion"},{"floor":33.0,"key":"Regen Potion"},{"floor":35.0,"key":"GhostInAJar"}],"is_trial":false,"path_per_floor":["M","M","?","M","?","E","R","$","T","$","M","R","M","E","R","B",null,"M","$","M","?","M","R","?","R","T","T","$","E","M","?","R","B",null,"M","$","M","?","M","R","M","?","T","?","M","R","E","M","R","B",null],"character_chosen":"THE_SILENT","items_purchased":["Noxious Fumes","Sneak Up","EntropicBrew","Bouncing Flask"],"campfire_rested":0,"item_purchase_floors":[8,8,19,28],"current_hp_per_floor":[69,69,69,69,69,53,53,53,53,53,52,52,52,45,45,17,70,62,62,64,64,60,60,60,60,60,60,60,61,63,63,63,21,70,65,65,67,67,67,67,69,69,69,69,70,70,68,70,70,70],"gold":62,"neow_bonus":"BOSS_RELIC","is_daily":false,"chose_seed":false,"campfire_upgraded":9,"win_rate":0.0,"timestamp":1613967542,"path_taken":["M","?","?","M","?","E","R","$","T","?","M","R","M","E","R","BOSS","M","$","M","?","M","R","?","R","T","?","$","E","M","?","R","BOSS","M","$","?","?","M","R","?","?","T","?","M","R","E","M","R","BOSS"],"items_purchased_type":["Card","Card","Potion","Card"],"build_version":"2020-12-18","purchased_purges":3,"victory":true,"max_hp_per_floor":[70,70,70,70,70,70,70,70,70,70,70,70,70,70,70,70,70,70,70,70,70,70,70,70,70,70,70,70,70,70,70,70,70,70,70,70,70,70,70,70,70,70,70,70,70,70,70,70,70,70],"relic_stats":{"Blood Vial":21,"Dream Catcher":0,"counters":[22,106],"Art of War":[59],"Cursed Key":0,"obtain_stats":[{"Blood Vial":14,"Dream Catcher":29,"Honey Jar":0,"Blue Doll":47,"Art of War":6,"Coffee Dripper":34,"Red Mask":42,"Bottled Lightning":9,"Cursed Key":17,"Ring of the Snake":0,"WarpedTongs":31},{"Blood Vial":7,"Dream Catcher":12,"Honey Jar":0,"Blue Doll":20,"Art of War":4,"Coffee Dripper":14,"Red Mask":18,"Bottled Lightning":4,"Cursed Key":8,"Ring of the Snake":0,"WarpedTongs":13},{"Blood Vial":29,"Dream Catcher":50,"Honey Jar":0,"Blue Doll":86,"Art of War":17,"Coffee Dripper":61,"Red Mask":75,"Bottled Lightning":17,"Cursed Key":36,"Ring of the Snake":0,"WarpedTongs":54}],"WarpedTongs":[46]},"card_choices":[{"not_picked":["Dagger Throw","Deflect","Expertise"],"picked":"Infinite Blades","floor":1.0},{"not_picked":["Bane","ReplayTheSpireMod:Exploit Weakness","Well Laid Plans"],"picked":"Toxin Wave","floor":2.0},{"not_picked":["Quick Slash","Deflect","ReplayTheSpireMod:Exploit Weakness"],"picked":"Replay:Poison Smokescreen","floor":4.0},{"not_picked":["Night Terror","Dagger Throw","Escape Plan"],"picked":"Replay:Poison Smokescreen","floor":6.0},{"not_picked":["Terror","Escape Plan","Outmaneuver"],"picked":"Bouncing Flask","floor":11.0},{"not_picked":["Sucker Punch","Bane","Underhanded Strike"],"picked":"Backflip","floor":13.0},{"not_picked":["Outmaneuver","Cloak And Dagger","Dagger Spray"],"picked":"Venomology","floor":14.0},{"not_picked":["Envenom","Replay:Bag of Tricks","ReplayTheSpireMod:Necrosis"],"picked":"Poison Darts","floor":16.0},{"not_picked":["Sucker Punch","Heel Hook","Escape Plan"],"picked":"Crippling Poison","floor":18.0},{"not_picked":["Prepared","Choke","Caltrops"],"picked":"PiercingWail","floor":20.0},{"not_picked":["Sucker Punch","Hidden Blade","Blade Dance","Acrobatics"],"picked":"SKIP","floor":22.0},{"not_picked":["Eviscerate","Outmaneuver","ReplayTheSpireMod:Exploit Weakness"],"picked":"Noxious Fumes","floor":29.0},{"not_picked":["Flying Knee+1","Prepared","Outmaneuver","Bane"],"picked":"SKIP","floor":30.0},{"not_picked":["Unload","Venomology","Phantasmal Killer"],"picked":"Adrenaline","floor":33.0},{"not_picked":["ReplayTheSpireMod:Exploit Weakness+1","Underhanded Strike+1","Quick Slash+1"],"picked":"PiercingWail+1","floor":35.0},{"not_picked":["Eviscerate","Caltrops","Sucker Punch+1"],"picked":"Noxious Fumes","floor":37.0},{"not_picked":["Hidden Blade+1","Acrobatics+1","Underhanded Strike","Blade Dance+1"],"picked":"SKIP","floor":39.0},{"not_picked":["Prepared","Tactician","Dodge and Roll+1"],"picked":"Backflip+1","floor":41.0},{"not_picked":["ReplayTheSpireMod:The Works","Calculated Gamble","Underhanded Strike"],"picked":"Escape Plan","floor":45.0},{"not_picked":["Envenom","Concentrate","Blade Dance+1"],"picked":"Fluid Movement+1","floor":47},{"not_picked":["Poisoned Stab+1","Acrobatics","Dagger Throw"],"picked":"Expertise+1","floor":48}],"player_experience":779509,"relics_obtained":[{"floor":6.0,"key":"Art of War"},{"floor":9.0,"key":"Bottled Lightning"},{"floor":14.0,"key":"Blood Vial"},{"floor":29.0,"key":"Dream Catcher"},{"floor":47,"key":"Blue Doll"}],"event_choices":[{"damage_healed":0.0,"max_hp_gain":0.0,"max_hp_loss":0.0,"gold_gain":0.0,"event_name":"betterNote:BetterNote","player_choice":"Ignored","floor":21.0,"gold_loss":0.0,"damage_taken":0.0,"cards_obtained":["Die Die Die"]},{"damage_healed":0.0,"max_hp_gain":0.0,"max_hp_loss":0.0,"gold_gain":0.0,"event_name":"Back to Basics","player_choice":"Simplicity","floor":24.0,"gold_loss":0.0,"damage_taken":0.0,"cards_upgraded":["Strike_G","Strike_G","Strike_G","Defend_G","Defend_G","Defend_G","Defend_G","Defend_G"]},{"damage_healed":0.0,"max_hp_gain":0.0,"max_hp_loss":0.0,"gold_gain":0.0,"event_name":"Accursed Blacksmith","player_choice":"Rummage","floor":31.0,"gold_loss":0.0,"damage_taken":0.0,"relics_obtained":["WarpedTongs"],"cards_obtained":["Pain"]},{"damage_healed":0.0,"max_hp_gain":0.0,"max_hp_loss":0.0,"gold_gain":0.0,"event_name":"The Woman in Blue","player_choice":"Bought 0 Potions","floor":38.0,"gold_loss":0.0,"damage_taken":0.0},{"damage_healed":0.0,"max_hp_gain":0.0,"max_hp_loss":0.0,"gold_gain":0.0,"event_name":"Tomb of Lord Red Mask","player_choice":"Paid","floor":42.0,"gold_loss":88.0,"damage_taken":0.0,"relics_obtained":["Red Mask"]},{"damage_healed":0.0,"max_hp_gain":0.0,"max_hp_loss":0.0,"gold_gain":0.0,"cards_transformed":["Strike_G"],"event_name":"Transmorgrifier","player_choice":"Transformed","floor":44.0,"gold_loss":0.0,"damage_taken":0.0,"cards_obtained":["Backstab"]}],"is_beta":true,"boss_relics":[{"not_picked":["Snecko Eye","Snecko Heart"],"picked":"Cursed Key"},{"not_picked":["Abe\u0027s Treasure","Ring of Chaos"],"picked":"Coffee Dripper"}],"items_purged_floors":[10,19,36],"is_endless":false,"potions_floor_spawned":[2,6,11,13,16,20,22,30,33,35],"ascension_level":1}}