{"host":"f5gffvlv6a66yqkd","time":1613982794,"event":{"mods":["2.2 Compatiblity","BaseMod","Colored Map","Custom Start","DeckTracker","Keyboard Shortcuts","Minty Spire (QoL Compilation)","Permanent Neow","Quick Restart","Relic Stats","StSLib","SuperFastMode"],"gold_per_floor":[115,126,141,141,158,189,189,201,228,246,265,87,87,117,117,191,191,191,191,191],"floor_reached":19,"language":"KOR","playtime":443,"items_purged":["Strike_B"],"score":342,"play_id":"dd14b31c-373b-4648-8b64-f80bffce8e2a","local_time":"20210222173314","is_ascension_mode":true,"campfire_choices":[{"floor":7.0,"key":"REST"},{"data":"Defragment","floor":13.0,"key":"SMITH"},{"data":"Biased Cognition","floor":15.0,"key":"SMITH"}],"circlet_count":0,"master_deck":["AscendersBane","Strike_B","Defend_B","Defend_B","Defend_B","Defend_B","Zap","Dualcast","Stack","Ball Lightning","Streamline","Reinforced Body","Coolheaded","Self Repair","Biased Cognition+1","Defragment+1","Turbo","All For One"],"relics":["Cracked Core","White Beast Statue","Lantern","Happy Flower","Ectoplasm"],"acts_visited":["Exordium","TheCity"],"potions_floor_usage":[16,16,19,19],"damage_taken":[{"damage":0.0,"enemies":"Cultist","floor":1.0,"turns":4.0},{"damage":1.0,"enemies":"2 Louse","floor":2.0,"turns":3.0},{"damage":5.0,"enemies":"Small Slimes","floor":3.0,"turns":2.0},{"damage":13.0,"enemies":"Exordium Wildlife","floor":5.0,"turns":3.0},{"damage":36.0,"enemies":"Gremlin Nob","floor":6.0,"turns":4.0},{"damage":4.0,"enemies":"Large Slime","floor":8.0,"turns":5.0},{"damage":8.0,"enemies":"Blue Slaver","floor":10.0,"turns":4.0},{"damage":9.0,"enemies":"2 Fungi Beasts","floor":11.0,"turns":3.0},{"damage":1,"enemies":"Hexaghost","floor":16,"turns":9},{"damage":35,"enemies":"3 Byrds","floor":18,"turns":6},{"damage":47,"enemies":"Masked Bandits","floor":19,"turns":3}],"seed_played":"-2931465108947289900","potions_obtained":[{"floor":1.0,"key":"CultistPotion"},{"floor":6.0,"key":"ColorlessPotion"},{"floor":16,"key":"Fruit Juice"},{"floor":18,"key":"SkillPotion"}],"is_trial":false,"path_per_floor":["M","M","M","?","M","E","R","M","T","M","M","$","R","?","R","B",null,"M","?"],"character_chosen":"DEFECT","items_purchased":["Defragment","Turbo"],"campfire_rested":1,"item_purchase_floors":[12,12],"current_hp_per_floor":[64,63,58,58,45,9,30,26,26,25,16,16,16,16,16,25,60,32,0,0],"gold":191,"neow_bonus":"TRANSFORM_CARD","is_daily":false,"chose_seed":false,"campfire_upgraded":2,"win_rate":0.0,"timestamp":1613982794,"path_taken":["M","M","?","?","?","E","R","M","T","M","M","$","R","?","R","BOSS","M","?"],"items_purchased_type":["Card","Card"],"build_version":"2020-12-22","purchased_purges":1,"victory":false,"max_hp_per_floor":[71,71,71,71,71,71,71,71,71,71,71,71,71,71,71,71,71,71,76,76],"relic_stats":{"Happy Flower":[6],"counters":[11,46],"Ectoplasm":18,"obtain_stats":[{"Lantern":9,"Happy Flower":14,"Ectoplasm":17,"Cracked Core":0,"White Beast Statue":6},{"Lantern":6,"Happy Flower":8,"Ectoplasm":9,"Cracked Core":0,"White Beast Statue":5},{"Lantern":21,"Happy Flower":28,"Ectoplasm":37,"Cracked Core":0,"White Beast Statue":16}]},"card_choices":[{"not_picked":["Reinforced Body","Conserve Battery"],"picked":"Ball Lightning","floor":1.0},{"not_picked":["Fusion","Loop"],"picked":"Streamline","floor":2.0},{"not_picked":["Hologram","Streamline","Redo"],"picked":"SKIP","floor":3.0},{"not_picked":["Compile Driver","Streamline"],"picked":"Reinforced Body","floor":5.0},{"not_picked":["Aggregate","Cold Snap"],"picked":"Coolheaded","floor":6.0},{"not_picked":["Redo","Hologram"],"picked":"Self Repair","floor":8.0},{"not_picked":["Rebound","Cold Snap"],"picked":"Biased Cognition","floor":10.0},{"not_picked":["Storm","Leap","Genetic Algorithm"],"picked":"SKIP","floor":11.0},{"not_picked":["Rainbow","Meteor Strike"],"picked":"All For One","floor":16},{"not_picked":["Rebound","Ball Lightning","Streamline"],"picked":"SKIP","floor":18}],"player_experience":1547582,"relics_obtained":[{"floor":6.0,"key":"White Beast Statue"},{"floor":9.0,"key":"Lantern"}],"event_choices":[{"cards_removed":["Strike_B"],"damage_healed":0.0,"max_hp_gain":0.0,"max_hp_loss":0.0,"gold_gain":0.0,"event_name":"Bonfire Elementals","player_choice":"Offered Basic","floor":4.0,"gold_loss":0.0,"damage_taken":0.0},{"damage_healed":0.0,"max_hp_gain":0.0,"max_hp_loss":0.0,"gold_gain":30.0,"event_name":"Dead Adventurer","player_choice":"Searched \u00273\u0027 times","floor":14.0,"gold_loss":0.0,"damage_taken":0.0,"relics_obtained":["Happy Flower"]},{"damage_healed":0,"gold_gain":0,"player_choice":"Fought Bandits","damage_taken":0,"max_hp_gain":0,"max_hp_loss":0,"event_name":"Masked Bandits","floor":19,"gold_loss":0}],"is_beta":false,"boss_relics":[{"not_picked":["Runic Dome","Busted Crown"],"picked":"Ectoplasm"}],"items_purged_floors":[12],"is_endless":false,"potions_floor_spawned":[1,6,8,10,11,16,18],"killed_by":"Masked Bandits","ascension_level":20}}