{"host":"dlqyscxstsnu98l1","time":1613976294,"event":{"mods":["AchievementEnabler","BaseMod","Colored Map","Colored Powertips","GifTheSpireLib","Highlight Path","Minty Spire (QoL Compilation)","Random Character Button","SacredBarkPlus","StSLib","everything is the same but u backflip on backflip"],"gold_per_floor":[116,291,302,2,17,50,50,83,83,83,118,118,118,128,128,231,231,201,201,201,219,219,219],"floor_reached":22,"language":"ENG","playtime":613,"items_purged":[],"score":263,"play_id":"ccde806c-447f-4fea-8376-58e1c3fd7238","local_time":"20210222004454","is_ascension_mode":true,"campfire_choices":[{"data":"Burst","floor":7,"key":"SMITH"},{"floor":10,"key":"REST"},{"floor":13,"key":"REST"},{"data":"Deadly Poison","floor":15,"key":"SMITH"}],"circlet_count":0,"master_deck":["Strike_G","Strike_G","Strike_G","Strike_G","Strike_G","Defend_G+1","Defend_G","Defend_G+1","Defend_G","Defend_G","Survivor","Neutralize","Unload","Poisoned Stab","Doubt","Deadly Poison+1","Burst+1","Noxious Fumes+1","Backflip","Die Die Die","Necronomicurse","Backstab"],"relics":["Ring of the Snake","The Specimen","War Paint","Gambling Chip","Matryoshka","Regal Pillow","Black Star","Necronomicon"],"acts_visited":["Exordium","TheCity"],"potions_floor_usage":[6,16,18,22],"damage_taken":[{"damage":0,"enemies":"Small Slimes","floor":1,"turns":2},{"damage":2,"enemies":"Jaw Worm","floor":3,"turns":3},{"damage":5,"enemies":"2 Louse","floor":5,"turns":2},{"damage":17,"enemies":"Gremlin Nob","floor":6,"turns":4},{"damage":28,"enemies":"Lagavulin","floor":8,"turns":7},{"damage":21,"enemies":"3 Sentries","floor":11,"turns":6},{"damage":11,"enemies":"Looter","floor":14,"turns":3},{"damage":8,"enemies":"Slime Boss","floor":16,"turns":6},{"damage":3,"enemies":"2 Thieves","floor":18,"turns":2},{"damage":40,"enemies":"Spheric Guardian","floor":21,"turns":6},{"damage":4,"enemies":"Snake Plant","floor":22,"turns":3}],"seed_played":"-6342394987975856498","potions_obtained":[{"floor":3,"key":"Regen Potion"},{"floor":6,"key":"CunningPotion"},{"floor":11,"key":"SmokeBomb"},{"floor":14,"key":"BlessingOfTheForge"}],"is_trial":false,"path_per_floor":["M","?","M","$","M","E","R","E","T","R","E","?","R","M","R","B",null,"M","?","?","M","M"],"character_chosen":"THE_SILENT","items_purchased":["The Specimen"],"campfire_rested":2,"item_purchase_floors":[4],"current_hp_per_floor":[63,63,61,61,56,51,51,23,23,44,23,23,59,48,48,40,63,60,44,44,4,0,0],"gold":219,"neow_bonus":"ONE_RANDOM_RARE_CARD","is_daily":false,"chose_seed":false,"campfire_upgraded":2,"win_rate":0.0,"timestamp":1613976294,"path_taken":["M","?","M","$","M","E","R","E","T","R","E","?","R","M","R","BOSS","M","?","?","M","M"],"items_purchased_type":["Relic"],"build_version":"2020-12-22","purchased_purges":0,"victory":false,"max_hp_per_floor":[70,70,70,70,70,70,70,70,70,70,70,70,70,70,70,70,70,70,70,70,70,70,70],"card_choices":[{"not_picked":["Blade Dance","Deflect"],"picked":"Poisoned Stab","floor":1},{"not_picked":["Infinite Blades","Concentrate","Blade Dance"],"picked":"SKIP","floor":3},{"not_picked":["Bane","Dodge and Roll"],"picked":"Deadly Poison","floor":5},{"not_picked":["Finisher","Dagger Throw"],"picked":"Burst","floor":6},{"not_picked":["Poisoned Stab","Deadly Poison"],"picked":"Noxious Fumes","floor":8},{"not_picked":["Poisoned Stab","Acrobatics"],"picked":"Backflip","floor":11},{"not_picked":["Tactician","Slice","Terror"],"picked":"SKIP","floor":14},{"not_picked":["Tools of the Trade","Burst"],"picked":"Die Die Die","floor":16},{"not_picked":["Skewer+1","Eviscerate"],"picked":"Backstab","floor":21}],"player_experience":266810,"relics_obtained":[{"floor":6,"key":"War Paint"},{"floor":8,"key":"Gambling Chip"},{"floor":9,"key":"Matryoshka"},{"floor":11,"key":"Regal Pillow"},{"floor":19,"key":"Necronomicon"}],"event_choices":[{"damage_healed":0,"gold_gain":175,"player_choice":"AGREE","damage_taken":0,"max_hp_gain":0,"max_hp_loss":0,"event_name":"Liars Game","floor":2,"gold_loss":0,"cards_obtained":["Doubt"]},{"damage_healed":0,"gold_gain":0,"player_choice":"Grow","damage_taken":0,"max_hp_gain":0,"max_hp_loss":0,"event_name":"Living Wall","floor":12,"gold_loss":0,"cards_upgraded":["Noxious Fumes"]},{"damage_healed":0,"gold_gain":0,"player_choice":"Obtained Book","damage_taken":16,"max_hp_gain":0,"max_hp_loss":0,"event_name":"Cursed Tome","floor":19,"gold_loss":0},{"damage_healed":0,"gold_gain":0,"player_choice":"Ignored","damage_taken":0,"max_hp_gain":0,"max_hp_loss":0,"event_name":"Ghosts","floor":20,"gold_loss":0}],"is_beta":false,"boss_relics":[{"not_picked":["Busted Crown","Cursed Key"],"picked":"Black Star"}],"items_purged_floors":[],"is_endless":false,"potions_floor_spawned":[3,6,11,14],"killed_by":"Snake Plant","ascension_level":6}}