{"host":"9oqmaaz8siap8kj6","time":1613956517,"event":{"mods":["BaseMod","Colored Map","Downfall","Hermit","Marisa????????","Minty Spire (QoL Compilation)","Replay The Spire","StSLib","The Bug Knight","The Cursed","The Runesmith","The Servant 0.9.4"],"gold_per_floor":[115,165,11,11,11,37,37,62,134,167,167,177,190,200,200,301,301,319,319,76,96,110,110,38,38,38],"floor_reached":25,"language":"ENG","playtime":1361,"items_purged":["ReplayTheSpireMod:Splinters","Strike_B"],"score":307,"play_id":"8442744e-6085-4223-a2d5-6198df092c74","local_time":"20210222021517","is_ascension_mode":true,"campfire_choices":[{"data":"Force Field","floor":11,"key":"SMITH"},{"floor":15,"key":"DIG"},{"floor":23,"key":"REST"}],"circlet_count":0,"master_deck":["Strike_B","Strike_B","Defend_B","Defend_B","Defend_B","Defend_B","Zap","Dualcast","Blizzard","Conserve Battery","Melter","Redo","Electrodynamics","Force Field+1","Redo","Barrage","Force Field","Creative AI","Cold Snap","Heatsinks"],"relics":["Cracked Core","NeowsBlessing","Replay:Baseball","Oddly Smooth Stone","White Beast Statue","Runesmith:Nanobots","Replay:Ringing Soul","HollowMod:LifeEnderRelic","Velvet Choker","Replay:Frozen Program"],"acts_visited":["Exordium","TheCity"],"potions_floor_usage":[16,25,25],"damage_taken":[{"damage":0,"enemies":"Small Slimes","floor":1,"turns":1},{"damage":0,"enemies":"HollowMod:MossKnight","floor":6,"turns":1},{"damage":0,"enemies":"Gremlin Nob","floor":8,"turns":1},{"damage":9,"enemies":"Replay:BlueRogue","floor":10,"turns":5},{"damage":7,"enemies":"2 Louse","floor":12,"turns":2},{"damage":2,"enemies":"Jaw Worm","floor":13,"turns":2},{"damage":1,"enemies":"Exordium Wildlife","floor":14,"turns":3},{"damage":7,"enemies":"Fading Forest","floor":16,"turns":11},{"damage":11,"enemies":"2 Thieves","floor":18,"turns":3},{"damage":0,"enemies":"Spheric Guardian","floor":21,"turns":1},{"damage":34,"enemies":"Snake Plant","floor":22,"turns":6},{"damage":65,"enemies":"Book of Stabbing","floor":25,"turns":8}],"seed_played":"8126300979255585035","potions_obtained":[{"floor":2,"key":"SteroidPotion"},{"floor":2,"key":"FocusPotion"},{"floor":8,"key":"sneckomod:MuddlingPotion"},{"floor":10,"key":"EssenceOfSteel"},{"floor":14,"key":"Doom Potion"},{"floor":16,"key":"Elixir"},{"floor":21,"key":"PowerPotion"}],"is_trial":false,"path_per_floor":["M","?","$","?","$","E","$","E","T","E","R","M","M","M","R_BF","B",null,"M","?","$","M","M","R","$","E"],"character_chosen":"DEFECT","items_purchased":["Melter","Replay:Frozen Program","Heatsinks"],"campfire_rested":1,"item_purchase_floors":[3,20,24],"current_hp_per_floor":[75,75,75,68,68,68,68,68,68,62,62,58,59,61,61,57,90,82,64,64,64,30,59,62,0,0],"gold":38,"neow_bonus":"THREE_ENEMY_KILL","is_daily":false,"chose_seed":false,"campfire_upgraded":1,"win_rate":0.0,"timestamp":1613956517,"path_taken":["M","?","$","?","$","E","?","E","T","E","R","M","M","M","R_BF","BOSS","M","?","$","M","M","R","$","E"],"items_purchased_type":["Card","Relic","Card"],"build_version":"2020-12-22","purchased_purges":2,"victory":false,"max_hp_per_floor":[75,75,75,75,75,75,75,75,75,78,78,81,84,87,87,90,90,93,98,98,98,98,98,101,101,101],"card_choices":[{"not_picked":["Cold Snap","Reprogram"],"picked":"Blizzard","floor":1},{"not_picked":["Barrage","Turbo"],"picked":"Conserve Battery","floor":2},{"not_picked":["Hyperbeam","Leap"],"picked":"Redo","floor":6},{"not_picked":["Recycle","Gash"],"picked":"Electrodynamics","floor":8},{"not_picked":["Sunder","Beam Cell"],"picked":"Force Field","floor":10},{"not_picked":["Time Bomb","Streamline"],"picked":"Redo","floor":12},{"not_picked":["Go for the Eyes","Recycle"],"picked":"Barrage","floor":13},{"not_picked":["Reinforced Body","Barrage"],"picked":"Force Field","floor":14},{"not_picked":["Machine Learning","Amplify"],"picked":"Creative AI","floor":16},{"not_picked":["Redo","Sweeping Beam+1"],"picked":"Cold Snap","floor":18},{"not_picked":["Gash","Steam","Ball Lightning+1"],"picked":"SKIP","floor":21},{"not_picked":["Panic Button+1","Lockon+1","Compile Driver"],"picked":"SKIP","floor":22}],"player_experience":237430,"relics_obtained":[{"floor":2,"key":"Replay:Baseball"},{"floor":6,"key":"Oddly Smooth Stone"},{"floor":8,"key":"White Beast Statue"},{"floor":9,"key":"Runesmith:Nanobots"},{"floor":10,"key":"Replay:Ringing Soul"},{"floor":15,"key":"HollowMod:LifeEnderRelic"}],"event_choices":[{"cards_removed":["Strike_B"],"damage_healed":0,"gold_gain":0,"player_choice":"Card Removal","damage_taken":7,"max_hp_gain":0,"max_hp_loss":0,"event_name":"Golden Wing","floor":4,"gold_loss":0},{"damage_healed":0,"gold_gain":0,"player_choice":"Shed Blood","damage_taken":23,"max_hp_gain":5,"max_hp_loss":0,"event_name":"Forgotten Altar","floor":19,"gold_loss":0}],"is_beta":false,"boss_relics":[{"not_picked":["Snecko Eye","Replay:Ancient Bell"],"picked":"Velvet Choker"}],"items_purged_floors":[3,20],"is_endless":false,"potions_floor_spawned":[8,10,12,13,14,16,18,21,22],"killed_by":"Book of Stabbing","ascension_level":1}}