{"host":"p7cjtxxrilhp4dw7","time":1613977156,"event":{"mods":["BaseMod","Block Reminder","Colored Map","Curses Come First","Downfall","Highlight Path","Minty Spire (QoL Compilation)","StSLib"],"gold_per_floor":[0,11,25,39,39,55,55,72,101,101,101,113,13,26,43,140,190,190,200,212,212,88,122,147,40,40,40,40,40,40,62,76,181,181,181,205,205,228,228,128,128,143,143,171,198,218,218,231,256,256],"floor_reached":51,"language":"ENG","playtime":7469,"items_purged":["Doubt","hexamod:Defend"],"score":705,"play_id":"608f7ab3-9522-4f5b-8d62-97d2948fa31a","local_time":"20210221235916","is_ascension_mode":true,"campfire_choices":[{"data":"hexamod:Float","floor":1,"key":"SMITH"},{"floor":10,"key":"RECALL"},{"data":"hexamod:Sear","floor":13,"key":"SMITH"},{"data":"hexamod:Rewind","floor":18,"key":"SMITH"},{"floor":30,"key":"REST"},{"data":"hexamod:FastForward","floor":35,"key":"SMITH"},{"data":"expansioncontent:GuardianWhirl","floor":40,"key":"SMITH"},{"floor":47,"key":"REST"}],"circlet_count":0,"master_deck":["hexamod:Strike","hexamod:Strike","hexamod:Defend+1","hexamod:Defend","hexamod:Sear+1","hexamod:Float+1","hexamod:BacktrackSmack","hexamod:Hexaguard","hexamod:StepThrough","hexamod:Rewind+1","hexamod:VolcanoVisage+1","hexamod:GhostOfSpirePast+1","hexamod:Firestarter","hexamod:FastForward+1","CurseOfTheBell","CurseOfTheBell","hexamod:HexaLevel+1","hexamod:GhostflameInferno+1","hexamod:SecondSeal","hexamod:GhostOfSpireFuture+1","hexamod:SoulSteal+1","hexamod:AdvancingGuard+1","hexamod:GiftsFromTheDead+1","hexamod:Again+1","hexamod:RetreatToShadows+1","hexamod:SkipABeat+1","expansioncontent:GuardianWhirl+1","hexamod:EtherealExpedition+1","hexamod:SpectersWail+1","hexamod:GhostflameInferno+1"],"relics":["hexamod:SpiritBrand","Thread and Needle","Mummified Hand","Frozen Egg 2","downfall:HeartBlessingRed","Tiny House","downfall:ExtraCursedBell","Orichalcum","Toxic Egg 2","Prayer Wheel","hexamod:MatchstickCase","Oddly Smooth Stone","Nilry\u0027s Codex","MutagenicStrength","Empty Cage","downfall:HeartBlessingBlue","Mango","Regal Pillow"],"acts_visited":["Exordium","TheCity","TheBeyond"],"potions_floor_usage":[9,20,23,33,33,38,42,50,50],"damage_taken":[{"damage":0,"enemies":"2 Louse","floor":2,"turns":3},{"damage":0,"enemies":"Cultist","floor":3,"turns":3},{"damage":0,"enemies":"Small Slimes","floor":4,"turns":3},{"damage":0,"enemies":"3 Louse","floor":6,"turns":3},{"damage":0,"enemies":"Large Slime","floor":8,"turns":3},{"damage":0,"enemies":"Lagavulin","floor":9,"turns":5},{"damage":1,"enemies":"downfall:LooterAlt","floor":12,"turns":3},{"damage":0,"enemies":"Blue Slaver","floor":14,"turns":3},{"damage":0,"enemies":"Exordium Wildlife","floor":15,"turns":3},{"damage":51,"enemies":"WA_ARCHETYPE_RETAIN","floor":16,"turns":8},{"damage":0,"enemies":"Chosen","floor":19,"turns":3},{"damage":0,"enemies":"3 Byrds","floor":20,"turns":3},{"damage":0,"enemies":"downfall:FleeingMerchant","floor":22,"turns":4},{"damage":14,"enemies":"Slavers","floor":23,"turns":6},{"damage":0,"enemies":"downfall:FleeingMerchant","floor":25,"turns":4},{"damage":5,"enemies":"Snecko","floor":31,"turns":4},{"damage":0,"enemies":"Snake Plant","floor":32,"turns":3},{"damage":47,"enemies":"DF_ARCHETYPE_CLAW","floor":33,"turns":9},{"damage":3,"enemies":"Orb Walker","floor":36,"turns":3},{"damage":6,"enemies":"3 Darklings","floor":38,"turns":4},{"damage":18,"enemies":"4 Shapes","floor":42,"turns":2},{"damage":0,"enemies":"Transient","floor":44,"turns":5},{"damage":12,"enemies":"Maw","floor":46,"turns":7},{"damage":13,"enemies":"Sphere and 2 Shapes","floor":48,"turns":7},{"damage":7,"enemies":"3 Darklings","floor":49,"turns":3},{"damage":7,"enemies":"IC_BLOCK_ARCHETYPE","floor":50,"turns":7}],"seed_played":"-3166795176521395344","potions_obtained":[{"floor":6,"key":"LiquidBronze"},{"floor":8,"key":"PowerPotion"},{"floor":12,"key":"Strength Potion"},{"floor":14,"key":"EssenceOfSteel"},{"floor":15,"key":"BlessingOfTheForge"},{"floor":20,"key":"EssenceOfSteel"},{"floor":32,"key":"GamblersBrew"},{"floor":33,"key":"Swift Potion"},{"floor":44,"key":"SpeedPotion"},{"floor":48,"key":"FearPotion"},{"floor":49,"key":"SkillPotion"}],"is_trial":false,"path_per_floor":["R","M","M","M","?","M","T","M","E","R","?","M","R","M","M","B",null,"R","M","M","?","$","E","T","$","?","?","?","?","R","M","M","B",null,"R","M","?","M","?","R","T","M","?","M","T","M","R","M","M","B",null],"character_chosen":"THE_SPIRIT","items_purchased":["hexamod:SecondSeal"],"campfire_rested":2,"item_purchase_floors":[22],"current_hp_per_floor":[70,70,70,70,70,70,70,70,70,70,70,69,69,69,69,18,75,75,75,75,75,75,61,61,61,45,45,45,45,67,62,62,15,75,75,72,72,66,66,76,90,72,72,72,72,60,99,86,79,72],"gold":256,"neow_bonus":"ONE_RARE_RELIC","is_daily":false,"chose_seed":false,"campfire_upgraded":5,"win_rate":0.0,"timestamp":1613977156,"path_taken":["R","M","M","M","?","M","T","M","E","R","?","?","R","M","M","BOSS","R","M","M","?","$","E","T","$","?","?","?","?","R","?","M","BOSS","R","M","?","M","?","R","T","?","?","M","?","M","R","M","M","BOSS"],"items_purchased_type":["Card"],"build_version":"2020-12-22","purchased_purges":2,"victory":true,"max_hp_per_floor":[70,70,70,70,70,70,70,70,70,70,70,70,70,70,70,70,75,75,75,75,75,75,75,75,75,75,75,75,75,75,75,75,75,75,75,75,75,75,75,85,99,99,99,99,99,99,99,99,99,99],"card_choices":[{"not_picked":["hexamod:InspiringFlames","hexamod:NightmareGuise","hexamod:NightmareStrike"],"picked":"SKIP","floor":2},{"not_picked":["hexamod:SpectralAdrenaline","hexamod:ThermalTransfer"],"picked":"hexamod:BacktrackSmack","floor":3},{"not_picked":["hexamod:SwordOfDarkness","hexamod:InspiringFlames"],"picked":"hexamod:Hexaguard","floor":4},{"not_picked":["hexamod:PowerFromBeyond","hexamod:HauntingEcho","hexamod:FourthSeal"],"picked":"SKIP","floor":6},{"not_picked":["hexamod:InspiringFlames","hexamod:RecurringNightmare","hexamod:PhantomCloak"],"picked":"SKIP","floor":8},{"not_picked":["hexamod:FourthSeal","hexamod:AdvancingGuard","hexamod:PhantomFireball"],"picked":"SKIP","floor":9},{"not_picked":["hexamod:AdvancingGuard","hexamod:InspiringFlames"],"picked":"hexamod:StepThrough","floor":12},{"not_picked":["hexamod:Hexaguard","hexamod:NightmareStrike","hexamod:BacktrackSmack"],"picked":"SKIP","floor":14},{"not_picked":["hexamod:HeatMetal","hexamod:BurningTouch"],"picked":"hexamod:Rewind","floor":15},{"not_picked":["hexamod:UnleashSpirits","hexamod:UnlimitedPower"],"picked":"hexamod:VolcanoVisage+1","floor":16},{"not_picked":["hexamod:StepThrough","hexamod:Firestarter"],"picked":"hexamod:GhostOfSpirePast+1","floor":17},{"not_picked":["hexamod:Hexaguard","hexamod:InspiringFlames+1"],"picked":"hexamod:Firestarter","floor":19},{"not_picked":["hexamod:ThermalTransfer+1","hexamod:ShieldOfDarkness"],"picked":"hexamod:FastForward","floor":20},{"not_picked":["hexamod:CatchUp+1","hexamod:FlamesFromBeyond+1"],"picked":"hexamod:GhostflameInferno+1","floor":22},{"not_picked":["hexamod:Hexaguard+1","hexamod:NightmareGuise+1"],"picked":"hexamod:GhostOfSpireFuture+1","floor":23},{"not_picked":["hexamod:InspiringFlames+1","hexamod:Hexaguard+1","hexamod:ShieldOfDarkness+1"],"picked":"SKIP","floor":25},{"not_picked":["hexamod:NightmareStrike+1","hexamod:SwordOfDarkness","hexamod:ThermalTransfer"],"picked":"SKIP","floor":31},{"not_picked":["hexamod:ShieldOfDarkness+1","hexamod:ThirdSeal","hexamod:Hexaguard+1"],"picked":"SKIP","floor":31},{"not_picked":["hexamod:GhostflameBarrier+1","hexamod:PhantomCloak+1"],"picked":"hexamod:SoulSteal+1","floor":32},{"not_picked":["hexamod:SwordOfDarkness+1","hexamod:GhostOfSpirePast+1"],"picked":"hexamod:AdvancingGuard+1","floor":32},{"not_picked":["hexamod:ParanormalForm+1","hexamod:TurnItUp+1"],"picked":"hexamod:GiftsFromTheDead+1","floor":33},{"not_picked":["hexamod:NightmareGuise+1","hexamod:HeatShield+1"],"picked":"hexamod:Again+1","floor":36},{"not_picked":["hexamod:GhostOfSpirePast+1","hexamod:BurningTouch+1","hexamod:HeatShield+1"],"picked":"SKIP","floor":36},{"not_picked":["hexamod:GhostShield+1","hexamod:ExtraCrispy+1"],"picked":"hexamod:RetreatToShadows+1","floor":38},{"not_picked":["hexamod:RecurringNightmare+1","hexamod:HauntingEcho"],"picked":"hexamod:SkipABeat+1","floor":38},{"not_picked":["expansioncontent:LastStand","expansioncontent:Chronoboost"],"picked":"expansioncontent:GuardianWhirl","floor":39},{"not_picked":["hexamod:NightmareStrike","hexamod:GhostOfSpireFuture+1"],"picked":"hexamod:EtherealExpedition+1","floor":42},{"not_picked":["hexamod:VolcanoVisage+1","hexamod:SwordOfDarkness+1","hexamod:GhostLash+1"],"picked":"SKIP","floor":42},{"not_picked":["hexamod:FourthSeal","hexamod:FlamesFromBeyond+1","hexamod:NecessarySacrifice+1"],"picked":"SKIP","floor":44},{"not_picked":["hexamod:BurningTouch+1","hexamod:BacktrackSmack+1","hexamod:Haunt+1"],"picked":"SKIP","floor":44},{"not_picked":["hexamod:ThermalTransfer+1","hexamod:InspiringFlames+1","hexamod:GhostShield+1"],"picked":"SKIP","floor":46},{"not_picked":["hexamod:StepThrough+1","hexamod:GhostOfSpirePast+1","hexamod:SecondSeal"],"picked":"SKIP","floor":46},{"not_picked":["hexamod:ShieldOfDarkness+1","hexamod:GhostflameBarrier+1"],"picked":"hexamod:SpectersWail+1","floor":48},{"not_picked":["hexamod:EtherealExpedition+1","hexamod:FastForward+1","hexamod:BurningTouch+1"],"picked":"SKIP","floor":48},{"not_picked":["hexamod:NightmareGuise+1","hexamod:FlamesFromBeyond+1"],"picked":"hexamod:GhostflameInferno+1","floor":49},{"not_picked":["hexamod:HeatMetal+1","hexamod:Again+1","hexamod:SwordOfDarkness"],"picked":"SKIP","floor":49}],"player_experience":862066,"relics_obtained":[{"floor":7,"key":"Mummified Hand"},{"floor":9,"key":"Frozen Egg 2"},{"floor":21,"key":"Orichalcum"},{"floor":21,"key":"Toxic Egg 2"},{"floor":21,"key":"Prayer Wheel"},{"floor":23,"key":"hexamod:MatchstickCase"},{"floor":24,"key":"Oddly Smooth Stone"},{"floor":26,"key":"Nilry\u0027s Codex"},{"floor":41,"key":"Mango"},{"floor":45,"key":"Regal Pillow"}],"event_choices":[{"cards_removed":["hexamod:Defend"],"damage_healed":0,"gold_gain":0,"player_choice":"Card Removal","damage_taken":0,"max_hp_gain":0,"max_hp_loss":0,"event_name":"The Cleric","floor":5,"gold_loss":0},{"damage_healed":0,"gold_gain":0,"player_choice":"Inject Mutagens","damage_taken":0,"relics_obtained":["MutagenicStrength"],"max_hp_gain":0,"max_hp_loss":0,"event_name":"Drug Dealer","floor":27,"gold_loss":0},{"damage_healed":0,"gold_gain":0,"player_choice":"Ignored","damage_taken":0,"max_hp_gain":0,"max_hp_loss":0,"event_name":"Vampires","floor":29,"gold_loss":0}],"is_beta":false,"boss_relics":[{"not_picked":["Cursed Key","bronze:MakeshiftBattery"],"picked":"Tiny House"},{"not_picked":["Fusion Hammer","Philosopher\u0027s Stone"],"picked":"Empty Cage"}],"items_purged_floors":[22,25],"is_endless":false,"potions_floor_spawned":[6,8,12,14,15,20,32,33,44,48,49],"ascension_level":1}}