{"host":"en4narc5947t7k9n","time":1613970696,"event":{"mods":["AchievementEnabler","BaseMod","Colored Map","Minty Spire (QoL Compilation)","SuperFastMode"],"gold_per_floor":[114,124,124,142,142,167,184,218,218,233,233,86,96,131,131,131,131],"floor_reached":16,"language":"KOR","playtime":677,"items_purged":[],"score":122,"play_id":"cfe55d4e-3e1e-4bf2-bfee-248269229715","local_time":"20210222141136","is_ascension_mode":false,"campfire_choices":[{"floor":11,"key":"RECALL"},{"data":"Crippling Poison","floor":15,"key":"SMITH"}],"circlet_count":0,"master_deck":["Strike_G","Strike_G","Strike_G","Strike_G","Strike_G","Defend_G","Defend_G","Defend_G","Defend_G","Defend_G","Survivor","Neutralize","Crippling Poison+1","Deadly Poison","Endless Agony","Injury","Neutralize","Grand Finale","Escape Plan","Predator","Bullet Time","Eviscerate","Acrobatics","Tactician"],"relics":["Ring of the Snake","NeowsBlessing","Lantern","Omamori","ClockworkSouvenir","Tough Bandages"],"acts_visited":["Exordium"],"potions_floor_usage":[14,14,16],"damage_taken":[{"damage":0,"enemies":"Small Slimes","floor":1,"turns":1},{"damage":0,"enemies":"Cultist","floor":2,"turns":1},{"damage":0,"enemies":"Jaw Worm","floor":4,"turns":1},{"damage":23,"enemies":"Gremlin Nob","floor":6,"turns":5},{"damage":0,"enemies":"2 Fungi Beasts","floor":7,"turns":4},{"damage":18,"enemies":"Lagavulin","floor":8,"turns":8},{"damage":3,"enemies":"Red Slaver","floor":10,"turns":3},{"damage":2,"enemies":"Looter","floor":13,"turns":2},{"damage":10,"enemies":"Gremlin Nob","floor":14,"turns":4},{"damage":16,"enemies":"Slime Boss","floor":16,"turns":6}],"seed_played":"1271370841010957391","potions_obtained":[{"floor":1,"key":"Strength Potion"},{"floor":8,"key":"Poison Potion"},{"floor":14,"key":"Fire Potion"}],"is_trial":false,"path_per_floor":["M","M","$","M","?","E","M","E","T","M","R","$","M","E","R","B"],"character_chosen":"THE_SILENT","items_purchased":["ClockworkSouvenir"],"campfire_rested":0,"item_purchase_floors":[12],"current_hp_per_floor":[70,70,70,70,70,47,47,29,29,26,26,26,24,14,14,0,0],"gold":131,"neow_bonus":"THREE_ENEMY_KILL","is_daily":false,"chose_seed":false,"campfire_upgraded":1,"win_rate":0.0,"timestamp":1613970696,"path_taken":["M","M","$","M","?","E","M","E","T","?","R","$","M","E","R","BOSS"],"items_purchased_type":["Relic"],"build_version":"2020-12-22","purchased_purges":0,"victory":false,"max_hp_per_floor":[70,70,70,70,70,70,70,70,70,70,70,70,70,70,70,70,70],"card_choices":[{"not_picked":["Skewer","Slice"],"picked":"Crippling Poison","floor":1},{"not_picked":["Tactician","Bane"],"picked":"Deadly Poison","floor":2},{"not_picked":["Slice","Flying Knee"],"picked":"Endless Agony","floor":4},{"not_picked":["Riddle With Holes","Backflip"],"picked":"Escape Plan","floor":6},{"not_picked":["Tactician","Dagger Spray"],"picked":"Predator","floor":7},{"not_picked":["Well Laid Plans","Caltrops"],"picked":"Bullet Time","floor":8},{"not_picked":["Blade Dance","Dagger Throw"],"picked":"Eviscerate","floor":10},{"not_picked":["Infinite Blades","Prepared"],"picked":"Acrobatics","floor":13},{"not_picked":["Blade Dance","Quick Slash"],"picked":"Tactician","floor":14}],"player_experience":143218,"relics_obtained":[{"floor":6,"key":"Lantern"},{"floor":8,"key":"Omamori"},{"floor":14,"key":"Tough Bandages"}],"event_choices":[{"damage_healed":0,"gold_gain":0,"player_choice":"3 cards matched","damage_taken":0,"max_hp_gain":0,"max_hp_loss":0,"event_name":"Match and Keep!","floor":5,"gold_loss":0,"cards_obtained":["Injury","Neutralize","Grand Finale"]},{"damage_healed":0,"gold_gain":0,"player_choice":"3 cards matched","damage_taken":0,"max_hp_gain":0,"max_hp_loss":0,"event_name":"Match and Keep!","floor":5,"gold_loss":0,"cards_obtained":["Injury","Neutralize","Grand Finale"]}],"is_beta":false,"boss_relics":[],"items_purged_floors":[],"is_endless":false,"potions_floor_spawned":[1,8,14],"killed_by":"Slime Boss","ascension_level":0}}