{"host":"o3b7ow6d1xe49css","time":1613977202,"event":{"mods":["Act Like it!","Aspiration","BaseMod","Bestiary","Better Altar","Better Match","Better Note","Better Sensory Stone","Better Skull","Better Third Choice","Colored Powertips","Conspire","Energized Spire","Force Act Four","GifTheSpireLib","Halation","Hermit","Hubris","Infinite Spire","Lobotomy","Minty Spire (QoL Compilation)","Quick Restart","Rare Cards Sparkle","Relic Filter Mod","Reliquary","Replay The Spire","Spicy Shops","Spikes Relics","StSLib","Stuff the Spire","The Blue Laboratory","The Hierophant","The Jungle","Wandering Minibosses"],"gold_per_floor":[116,126,138,138,63,92,92,127,127,127,161,161,196,229,229,330,330,342,352,352,352,54,123,152,167,191,270,270,365,216,306,306,411,411,489,489,489,567,32,109,109,183,183,261,261,329,329,495,495,595,595,595,34,72,240],"floor_reached":56,"language":"ENG","playtime":2610,"items_purged":["Strike_B","Strike_B","Strike_B","StuffTheSpire:GlassShard","StuffTheSpire:Coldhearted","hubris:Lust"],"score":2229,"play_id":"1b2b7e0d-1b61-49c5-9ff1-31258ab1f2ed","local_time":"20210221220002","daily_mods":["Heirloom","Flight"],"is_ascension_mode":true,"campfire_choices":[{"data":"Zap","floor":7,"key":"SMITH"},{"data":"BlessedFruit","floor":10,"key":"SMITH"},{"data":"BlessedFruit","floor":12,"key":"SMITH"},{"data":"StuffTheSpire:Synthwave","floor":15,"key":"SMITH"},{"floor":32,"key":"RECALL"},{"data":"Biased Cognition","floor":41,"key":"SMITH"},{"data":"Loop","floor":45,"key":"SMITH"},{"data":"Lockon","floor":49,"key":"SMITH"},{"data":"hubris:Greed","floor":52,"key":"SMITH"}],"circlet_count":0,"master_deck":["Zap+1","Dualcast","Ball Lightning","Leap","UniverseFragment","StuffTheSpire:Coldhearted","BlessedFruit+1","BlessedFruit+1","Biased Cognition+1","Hologram","StuffTheSpire:Synthwave+1","Core Surge","Loop+1","BlessedFruit+1","Cold Snap","Coolheaded+1","Thunder Strike","Melter","Lockon+1","Biased Cognition+1","Decay"],"relics":["Cracked Core","Ring of Chaos","StuffTheSpire:NeowsTribute","CogitoBucket","Replay:Rubber Ducky","HeavenlyBonsai","aspiration:HatOfInfinitePower","infinitespire:Bottled Soul","conspire:Boomerang","aspiration:FetidBarrel","Busted Crown","ChangeAnything","PreservedInsect","DollysMirror","reliquary:FeatherDuster","halation:PrussianBluePaint","halation:BlackBeret","halation:IllGainedPizza","Centennial Puzzle","Pandora\u0027s Box","SuspiciousGoo","wanderingMiniBosses:AbyssPearl","infinitespire:SolderingIron","Runic Capacitor","The Courier","hubris:SoftwareUpdate","reliquary:Firecrackers","MealTicket","ResearcherNote","Replay:Ancient Bell","halation:AfternoonTea","reliquary:LoveEmittingDiode","Gambling Chip","Ring of Chaos","infinitespire:Satchel","RollingBoulder","conspire:Dentures","hubris:ToyBattleship"],"acts_visited":["Exordium","TheCity","TheBeyond","Exordium","TheEnding"],"potions_floor_usage":[2,18,23,23,29,35,44,50,55,55,55],"damage_taken":[{"damage":0,"enemies":"conspire:RoseBush","floor":1,"turns":3},{"damage":4,"enemies":"infinitespire:Voidling","floor":2,"turns":2},{"damage":0,"enemies":"Small Slimes","floor":3,"turns":1},{"damage":7,"enemies":"Lagavulin","floor":6,"turns":7},{"damage":8,"enemies":"Replay:BlueRogue","floor":8,"turns":4},{"damage":0,"enemies":"Lagavulin","floor":11,"turns":5},{"damage":0,"enemies":"Gremlin Nob","floor":13,"turns":3},{"damage":0,"enemies":"Lagavulin","floor":14,"turns":4},{"damage":0,"enemies":"The Guardian","floor":16,"turns":6},{"damage":0,"enemies":"conspire:FuzzyDice","floor":18,"turns":5},{"damage":11,"enemies":"2 Thieves","floor":19,"turns":3},{"damage":3,"enemies":"Gremlin Leader","floor":23,"turns":4},{"damage":0,"enemies":"Slavers","floor":24,"turns":3},{"damage":13,"enemies":"Snake Plant","floor":25,"turns":4},{"damage":13,"enemies":"Book of Stabbing","floor":27,"turns":5},{"damage":17,"enemies":"Gremlin Leader","floor":29,"turns":4},{"damage":0,"enemies":"Nightmare","floor":31,"turns":7},{"damage":30,"enemies":"hubris:MusketHawk","floor":33,"turns":9},{"damage":2,"enemies":"3 Darklings","floor":35,"turns":5},{"damage":38,"enemies":"Orb Walker","floor":38,"turns":6},{"damage":1,"enemies":"R_Hoarder","floor":40,"turns":4},{"damage":0,"enemies":"Giant Head","floor":42,"turns":5},{"damage":10,"enemies":"Reptomancer","floor":44,"turns":4},{"damage":23,"enemies":"Nemesis","floor":46,"turns":3},{"damage":0,"enemies":"Jaw Worm Horde","floor":48,"turns":11},{"damage":0,"enemies":"hubris:GrandSnecko","floor":50,"turns":6},{"damage":8,"enemies":"Shield and Spear","floor":54,"turns":3},{"damage":0,"enemies":"The Heart","floor":55,"turns":7}],"seed_played":"-2918793485513864959","potions_obtained":[{"floor":1,"key":"Energy Potion"},{"floor":2,"key":"Adrenaline Potion"},{"floor":13,"key":"Fire Potion"},{"floor":16,"key":"Weak Potion"},{"floor":19,"key":"blueLaboratory:BubblePotion"},{"floor":25,"key":"AttackPotion"},{"floor":29,"key":"Flashbang"},{"floor":40,"key":"blueLaboratory:LouseDecoction"},{"floor":42,"key":"GamblersBrew"},{"floor":44,"key":"EssenceOfSteel"},{"floor":50,"key":"blueLaboratory:BottleOfVodka"},{"floor":54,"key":"blueLaboratory:RecallPotion"}],"is_trial":true,"path_per_floor":["M","M","M","?","$","E","R","E","T","R","E","R","E","E","R","B",null,"M","M","?","?","$","E","E","M","T","E","AVR","E","$","NM","R","B",null,"M","?","AVR","M","$","E","R","E","T","E","R","E","?","M","R","B",null,"R","$","E","B",null],"character_chosen":"DEFECT","items_purchased":["PreservedInsect","DollysMirror","Cold Snap","infinitespire:SolderingIron","Runic Capacitor","infinitespire:Satchel","RollingBoulder","conspire:Dentures"],"campfire_rested":0,"item_purchase_floors":[22,22,30,39,39,53,53,53],"current_hp_per_floor":[75,71,71,71,71,64,64,56,56,56,59,59,63,69,69,75,89,95,86,86,96,96,99,107,104,104,97,97,90,90,100,100,88,150,160,160,160,132,132,139,139,149,149,151,151,134,134,154,154,166,254,254,260,256,266],"gold":240,"neow_bonus":"","is_daily":false,"chose_seed":false,"campfire_upgraded":8,"win_rate":0.0,"timestamp":1613977202,"path_taken":["M","M","M","?","$","E","R","E","T","R","E","R","E","E","R","BOSS","M","M","?","?","$","E","E","?","T","E","AVR","E","$","NM","R","BOSS","M","?","AVR","M","$","E","R","E","T","E","R","E","?","?","R","BOSS","R","$","E","BOSS"],"items_purchased_type":["Relic","Relic","Card","Relic","Relic","Relic","Relic","Relic"],"build_version":"2020-12-22","purchased_purges":6,"victory":true,"max_hp_per_floor":[75,75,75,75,75,75,75,75,75,75,78,78,82,88,88,94,94,100,102,102,102,102,108,116,126,126,132,132,142,142,152,152,170,170,182,182,182,192,192,200,200,210,210,222,222,228,228,248,248,260,260,260,260,264,274],"card_choices":[{"not_picked":["Compile Driver","Conserve Battery"],"picked":"Ball Lightning","floor":1},{"not_picked":["CrumblingArmor","Wellcheers","BeautyBeast"],"picked":"Singing Bowl","floor":1},{"not_picked":["HeroicMonk","OldLady"],"picked":"Scorched","floor":1},{"not_picked":["Panic Button","StuffTheSpire:Purify"],"picked":"Leap","floor":2},{"not_picked":["Scarecrow","OldLady","PunishingBird"],"picked":"Singing Bowl","floor":2},{"not_picked":["OldLady","Bloodbath"],"picked":"UniverseFragment","floor":2},{"not_picked":["Stack","Ball Lightning"],"picked":"StuffTheSpire:Coldhearted","floor":3},{"not_picked":["Barrage","BasicCrystalCard","Leap"],"picked":"SKIP","floor":6},{"not_picked":["Defragment","Loop"],"picked":"Biased Cognition","floor":8},{"not_picked":["SpiderBud","MeatLantern","Porccubus"],"picked":"Singing Bowl","floor":8},{"not_picked":["Steam","Beam Cell"],"picked":"Core Surge","floor":11},{"not_picked":["RefreshScreen","StuffTheSpire:Coldhearted"],"picked":"Hologram","floor":13},{"not_picked":["Redo","Turbo"],"picked":"StuffTheSpire:Synthwave","floor":14},{"not_picked":["Multi-Cast","StuffTheSpire:EventHorizon"],"picked":"Core Surge","floor":16},{"not_picked":["Wellcheers","ShyLook","VoidDream"],"picked":"Singing Bowl","floor":16},{"not_picked":[],"picked":"Loop","floor":18},{"not_picked":["Chill"],"picked":"SKIP","floor":19},{"not_picked":["FTL"],"picked":"SKIP","floor":23},{"not_picked":["Steam"],"picked":"SKIP","floor":24},{"not_picked":["Scrape"],"picked":"SKIP","floor":25},{"not_picked":["Steam"],"picked":"SKIP","floor":27},{"not_picked":["Cold Snap"],"picked":"SKIP","floor":29},{"not_picked":[],"picked":"Coolheaded+1","floor":31},{"not_picked":["Recycle+1"],"picked":"SKIP","floor":35},{"not_picked":["Gash+1"],"picked":"SKIP","floor":38},{"not_picked":["Coolheaded"],"picked":"SKIP","floor":40},{"not_picked":["Turbo"],"picked":"SKIP","floor":42},{"not_picked":["Reprogram"],"picked":"SKIP","floor":44},{"not_picked":[],"picked":"Lockon","floor":46},{"not_picked":["Stack"],"picked":"SKIP","floor":48},{"not_picked":[],"picked":"Biased Cognition","floor":50},{"not_picked":[],"picked":"hubris:Lust","floor":51},{"not_picked":[],"picked":"hubris:Greed","floor":51},{"not_picked":[],"picked":"Decay","floor":51},{"not_picked":["Rebound"],"picked":"SKIP","floor":54}],"player_experience":1451767,"relics_obtained":[{"floor":6,"key":"Replay:Rubber Ducky"},{"floor":8,"key":"HeavenlyBonsai"},{"floor":9,"key":"aspiration:HatOfInfinitePower"},{"floor":11,"key":"infinitespire:Bottled Soul"},{"floor":13,"key":"conspire:Boomerang"},{"floor":14,"key":"aspiration:FetidBarrel"},{"floor":23,"key":"reliquary:FeatherDuster"},{"floor":24,"key":"halation:PrussianBluePaint"},{"floor":27,"key":"halation:BlackBeret"},{"floor":31,"key":"Centennial Puzzle"},{"floor":38,"key":"wanderingMiniBosses:AbyssPearl"},{"floor":40,"key":"The Courier"},{"floor":42,"key":"hubris:SoftwareUpdate"},{"floor":43,"key":"reliquary:Firecrackers"},{"floor":44,"key":"MealTicket"},{"floor":54,"key":"hubris:ToyBattleship"}],"event_choices":[{"damage_healed":0,"gold_gain":0,"player_choice":"Bought 0 Potions","damage_taken":0,"max_hp_gain":0,"max_hp_loss":0,"event_name":"The Woman in Blue","floor":4,"gold_loss":0},{"damage_healed":0,"gold_gain":0,"player_choice":"Ignored","damage_taken":0,"max_hp_gain":0,"max_hp_loss":0,"event_name":"betterNote:BetterNote","floor":20,"gold_loss":0,"cards_obtained":["Strike_R"]},{"damage_healed":0,"gold_gain":0,"player_choice":"Ignored","damage_taken":0,"max_hp_gain":0,"max_hp_loss":0,"event_name":"Tomb of Lord Red Mask","floor":36,"gold_loss":0},{"damage_healed":0,"gold_gain":0,"player_choice":"Leave","damage_taken":0,"max_hp_gain":0,"max_hp_loss":0,"event_name":"conspire:Investor","floor":47,"gold_loss":0}],"is_beta":false,"boss_relics":[{"not_picked":["aspiration:WatcherSkillbook","hubris:CrackedHourglass"],"picked":"Busted Crown"},{"not_picked":["Replay:Bronze Core","Velvet Choker"],"picked":"Pandora\u0027s Box"},{"not_picked":["Empty Cage","energizedSpire:OldTV"],"picked":"Replay:Ancient Bell"},{"not_picked":["StuffTheSpire:Barrel","StuffTheSpire:GrapeVine"],"picked":"halation:AfternoonTea"},{"not_picked":["Iron Hammer","Onion Ring"],"picked":"reliquary:LoveEmittingDiode"},{"not_picked":["reliquary:OuijaBoard","Old Coin"],"picked":"Gambling Chip"}],"items_purged_floors":[5,28,30,37,39,53],"is_endless":true,"potions_floor_spawned":[1,2,13,16,19,25,29,40,42,44,50,54,55],"ascension_level":5}}