{"host":"i0m6ffz3lpe3z1ky","time":1613986583,"event":{"mods":["Aspiration","BaseMod","Bestiary","BetterRewards","Colored Map","Conspire","Energized Spire","Highlight Path","Hubris","Ironclad Rager","Minty Spire (QoL Compilation)","Quick Restart","Reliquary","Shop Mod","Spicy Shops","StSLib","Thieving Mod"],"gold_per_floor":[116,116,66,76,96,130,130,159,159,159,159,177,177,196,196,269,269,287,287,287,301,125,151,168,168,168,187,207,207,232,243,243,322,322,337,352,379,379,399,399,433,43,69,69,69,86,114,127,127,127,127],"floor_reached":50,"language":"KOR","playtime":3077,"items_purged":["Pain","Strike_R"],"score":1126,"play_id":"c7798df7-77b5-4562-8a03-a297d4d2c736","local_time":"20210222183623","is_ascension_mode":true,"campfire_choices":[{"data":"Melter","floor":7.0,"key":"SMITH"},{"data":"Noxious Fumes","floor":11.0,"key":"SMITH"},{"data":"Bash","floor":15.0,"key":"SMITH"},{"data":"Inflame","floor":25.0,"key":"SMITH"},{"floor":29.0,"key":"RECALL"},{"data":"Footwork","floor":32.0,"key":"SMITH"},{"floor":40,"key":"REST"},{"floor":49,"key":"REST"}],"circlet_count":0,"master_deck":["AscendersBane","Strike_R","Strike_R","Defend_R","Defend_R","Defend_R","Defend_R+1","Bash+1","Master of Strategy+1","Melter+1","Sanctity+1","Noxious Fumes+1","Offering+1","Flame Barrier+1","DeusExMachina+1","Escape Plan+1","Discovery+1","Inflame+1","Genetic Algorithm+1","Panacea+1","Footwork+1","Outmaneuver+1","Night Terror+1","Crescendo+1","Demon Form","Madness+1"],"relics":["Burning Blood","aspiration:Nostalgia","PureWater","Toxic Egg 2","reliquary:NewFriend","hubris:ChampionShield","ClockworkSouvenir","reliquary:SilkGlove","Torii","hubris:64BitClover","PrismaticShard","Lantern","Chemical X","reliquary:PorcupineQuills","StoneCalendar","reliquary:FingerTrap","Tiny Chest","Frozen Eye","reliquary:GummyVitamins","reliquary:Boomerang","Sundial","conspire:SpecialSausage","aspiration:StickyExplosives_weak","WarpedTongs","Ice Cream","TheAbacus","reliquary:PartyBalloon","HornCleat","aspiration:VileToxins","hubris:Teleporter","reliquary:TuningFork","SlaversCollar","InkBottle","Happy Flower","Letter Opener","hubris:Potato","Centennial Puzzle","Bag of Marbles"],"acts_visited":["Exordium","TheCity","TheBeyond"],"potions_floor_usage":[48],"damage_taken":[{"damage":2.0,"enemies":"Jaw Worm","floor":1.0,"turns":3.0},{"damage":0.0,"enemies":"2 Louse","floor":4.0,"turns":3.0},{"damage":1.0,"enemies":"Small Slimes","floor":5.0,"turns":4.0},{"damage":8.0,"enemies":"Gremlin Nob","floor":6.0,"turns":4.0},{"damage":16.0,"enemies":"3 Sentries","floor":8.0,"turns":7.0},{"damage":0.0,"enemies":"Exordium Thugs","floor":12.0,"turns":3.0},{"damage":0.0,"enemies":"2 Fungi Beasts","floor":14.0,"turns":2.0},{"damage":1.0,"enemies":"Hexaghost","floor":16.0,"turns":7.0},{"damage":1.0,"enemies":"Shell Parasite","floor":18.0,"turns":4.0},{"damage":0.0,"enemies":"Spheric Guardian","floor":21.0,"turns":1.0},{"damage":0.0,"enemies":"conspire:SneckoGhost","floor":23.0,"turns":4.0},{"damage":0.0,"enemies":"Shelled Parasite and Fungi","floor":24.0,"turns":3.0},{"damage":0.0,"enemies":"Snake Plant","floor":27.0,"turns":4.0},{"damage":0.0,"enemies":"3 Cultists","floor":28.0,"turns":4.0},{"damage":0.0,"enemies":"conspire:Head Lice","floor":30.0,"turns":4.0},{"damage":0.0,"enemies":"Sentry and Sphere","floor":31.0,"turns":3.0},{"damage":2.0,"enemies":"Champ","floor":33.0,"turns":12.0},{"damage":0.0,"enemies":"Orb Walker","floor":35.0,"turns":4.0},{"damage":34,"enemies":"3 Darklings","floor":36,"turns":3},{"damage":14,"enemies":"Jaw Worm Horde","floor":39,"turns":4},{"damage":28,"enemies":"Giant Head","floor":41,"turns":7},{"damage":36,"enemies":"Transient","floor":46,"turns":5},{"damage":2,"enemies":"Nemesis","floor":47,"turns":5},{"damage":0,"enemies":"Sphere and 2 Shapes","floor":48,"turns":3},{"damage":55,"enemies":"conspire:OrnateMirror","floor":50,"turns":6}],"seed_played":"5934749155069385274","potions_obtained":[{"floor":5.0,"key":"Block Potion"},{"floor":8.0,"key":"DistilledChaos"},{"floor":12.0,"key":"SpeedPotion"},{"floor":21.0,"key":"PowerPotion"},{"floor":24.0,"key":"DistilledChaos"}],"is_trial":false,"path_per_floor":["M","?","?","M","M","E","R","E","T","?","R","M","T","M","R","B",null,"M","?","?","M","$","E","M","R","T","M","M","R","E","M","R","B",null,"M","M","T","?","M","R","E","$","T","?","?","M","E","M","R","B"],"character_chosen":"IRONCLAD","items_purchased":["ThievingMod:ThievingPotion","hubris:Potato"],"campfire_rested":2,"item_purchase_floors":[22,42],"current_hp_per_floor":[20,20,20,26,31,29,29,19,19,19,19,25,25,31,31,36,69,74,74,74,80,80,80,80,80,80,80,80,80,80,80,80,80,80,80,52,52,52,44,68,46,46,46,46,46,16,20,26,50,0,0],"gold":127,"neow_bonus":"","is_daily":false,"chose_seed":false,"campfire_upgraded":5,"win_rate":0.0,"timestamp":1613986583,"path_taken":["M","?","?","M","M","E","R","E","T","?","R","M","?","M","R","BOSS","M","?","?","M","$","E","?","R","T","M","M","R","E","M","R","BOSS","M","M","?","?","M","R","E","$","T","?","?","M","E","M","R","BOSS"],"items_purchased_type":["Potion","Relic"],"build_version":"2020-12-22","purchased_purges":2,"victory":false,"max_hp_per_floor":[80,80,80,80,80,80,80,80,80,80,80,80,80,80,80,80,80,80,80,80,80,80,80,80,80,80,80,80,80,80,80,80,80,80,80,80,80,80,80,80,80,80,80,80,80,80,80,80,80,80,80],"card_choices":[{"not_picked":["Hello World","Bane","Blind+1"],"picked":"SKIP","floor":1.0},{"not_picked":["Scrape","Consecrate","SashWhip"],"picked":"SKIP","floor":4.0},{"not_picked":["Warcry+1","Corruption"],"picked":"Melter","floor":5.0},{"not_picked":["Fasting2","PathToVictory+1"],"picked":"Sanctity+1","floor":6.0},{"not_picked":["Beam Cell","conspire:ExplosiveBarrier+1"],"picked":"Noxious Fumes","floor":8.0},{"not_picked":["CarveReality","Deadly Poison+1","Burning Pact+1"],"picked":"SKIP","floor":12.0},{"not_picked":["Headbutt","WheelKick","conspire:PoisonWeapons+1"],"picked":"SKIP","floor":14.0},{"not_picked":["Scrawl+1","Night Terror+1"],"picked":"DeusExMachina+1","floor":16.0},{"not_picked":["Chaos+1","hubris:SlightOfHand+1","Slice"],"picked":"SKIP","floor":18.0},{"not_picked":["Chaos+1","hubris:SlightOfHand+1","Slice"],"picked":"SKIP","floor":18.0},{"not_picked":["Outmaneuver+1","Discovery+1"],"picked":"Escape Plan+1","floor":21.0},{"not_picked":["Redo+1","Iron Wave"],"picked":"Genetic Algorithm+1","floor":23.0},{"not_picked":["Sucker Punch","Turbo+1","Thunderclap"],"picked":"SKIP","floor":24.0},{"not_picked":["Evolve","Dagger Throw+1","Pommel Strike"],"picked":"SKIP","floor":27.0},{"not_picked":["Infernal Blade+1","Slice+1"],"picked":"Panacea+1","floor":28.0},{"not_picked":["Twin Strike","Consecrate"],"picked":"Footwork","floor":30.0},{"not_picked":["Rebound","Flex+1"],"picked":"Outmaneuver+1","floor":31.0},{"not_picked":["Corpse Explosion+1","Meteor Strike"],"picked":"Night Terror+1","floor":33.0},{"not_picked":["ClearTheMind+1","Conserve Battery+1"],"picked":"Crescendo+1","floor":35.0},{"not_picked":["Coolheaded+1","Stack+1","Crescendo+1"],"picked":"SKIP","floor":36},{"not_picked":["Reprogram+1","InnerPeace+1","TalkToTheHand"],"picked":"SKIP","floor":39},{"not_picked":["Sword Boomerang+1","Second Wind+1"],"picked":"Demon Form","floor":41},{"not_picked":["Thinking Ahead+1","Trip+1"],"picked":"Madness+1","floor":44},{"not_picked":["Streamline","True Grit+1","Bane"],"picked":"SKIP","floor":46},{"not_picked":["DeceiveReality+1","Gash+1","True Grit+1"],"picked":"SKIP","floor":47},{"not_picked":["Flechettes","EmptyBody+1","Dagger Spray"],"picked":"SKIP","floor":48}],"player_experience":427012,"relics_obtained":[{"floor":6.0,"key":"reliquary:GummyVitamins"},{"floor":8.0,"key":"reliquary:Boomerang"},{"floor":9.0,"key":"Sundial"},{"floor":18.0,"key":"aspiration:StickyExplosives_weak"},{"floor":23.0,"key":"aspiration:VileToxins"},{"floor":26.0,"key":"hubris:Teleporter"},{"floor":30.0,"key":"reliquary:TuningFork"},{"floor":35.0,"key":"InkBottle"},{"floor":37,"key":"Happy Flower"},{"floor":41,"key":"Letter Opener"},{"floor":43,"key":"Centennial Puzzle"},{"floor":47,"key":"Bag of Marbles"}],"event_choices":[{"damage_healed":0.0,"max_hp_gain":0.0,"max_hp_loss":0.0,"gold_gain":0.0,"event_name":"Liars Game","player_choice":"Ignored","floor":2.0,"gold_loss":0.0,"damage_taken":0.0},{"cards_removed":["Strike_R"],"damage_healed":0.0,"max_hp_gain":0.0,"max_hp_loss":0.0,"gold_gain":0.0,"event_name":"The Cleric","player_choice":"Card Removal","floor":3.0,"gold_loss":50.0,"damage_taken":0.0},{"damage_healed":0.0,"max_hp_gain":0.0,"max_hp_loss":0.0,"gold_gain":0.0,"event_name":"Match and Keep!","player_choice":"2 cards matched","floor":10.0,"gold_loss":0.0,"damage_taken":0.0,"cards_obtained":["Offering","Flame Barrier"]},{"damage_healed":0.0,"max_hp_gain":0.0,"max_hp_loss":0.0,"gold_gain":0.0,"event_name":"Accursed Blacksmith","player_choice":"Rummage","floor":20.0,"gold_loss":0.0,"damage_taken":0.0,"relics_obtained":["WarpedTongs"],"cards_obtained":["Pain"]},{"damage_healed":0,"gold_gain":0,"player_choice":"Leave","damage_taken":0,"max_hp_gain":0,"max_hp_loss":0,"event_name":"conspire:Investor","floor":38,"gold_loss":0},{"damage_healed":0,"gold_gain":0,"player_choice":"Memory 1","damage_taken":0,"max_hp_gain":0,"max_hp_loss":0,"event_name":"SensoryStone","floor":44,"gold_loss":0},{"cards_removed":["Strike_R"],"damage_healed":0,"gold_gain":0,"player_choice":"Removed Attack","damage_taken":0,"max_hp_gain":0,"max_hp_loss":0,"event_name":"Falling","floor":45,"gold_loss":0}],"is_beta":false,"boss_relics":[{"not_picked":["SacredBark","Calling Bell"],"picked":"conspire:SpecialSausage"},{"not_picked":["Black Blood","Pandora\u0027s Box"],"picked":"SlaversCollar"}],"items_purged_floors":[22,42],"is_endless":false,"potions_floor_spawned":[5,8,12,21,24,27,33,39],"killed_by":"conspire:OrnateMirror","ascension_level":13}}