{"host":"8d3fefv2347kqkpz","time":1613958017,"event":{"mods":["AchievementEnabler","BaseMod","Better Vampires","BetterRewards","Colored Map","Colored Powertips","Downfall","Emptier Cage","Highlight Path","Marked Mod","Minty Spire (QoL Compilation)","Permanent Neow","Quick Restart","Rare Cards Sparkle","Relic Stats","Say the Spire","Spicy Shops","StSLib","Waifu the Spire"],"gold_per_floor":[113,113,61,61,11,38,51,69,69,103,103,117,117,134,134,236,236,256,256,273,20,33,33,33],"floor_reached":23,"language":"ZHS","playtime":817,"items_purged":["Strike_B","Defend_B"],"score":201,"play_id":"090aa2bd-3145-44df-a93d-71fc0b537796","local_time":"20210222094017","is_ascension_mode":false,"campfire_choices":[{"data":"Meteor Strike","floor":11,"key":"SMITH"},{"floor":15,"key":"REST"}],"circlet_count":0,"master_deck":["Strike_B","Strike_B","Defend_B","Defend_B","Defend_B","Zap","Dualcast","Meteor Strike+1","Streamline","Turbo","Steam","Reprogram+1","Reinforced Body","Self Repair","Steam Power"],"relics":["Cracked Core","Pocketwatch","Matryoshka","Black Star"],"acts_visited":["Exordium","TheCity"],"potions_floor_usage":[22],"damage_taken":[{"damage":0.0,"enemies":"Small Slimes","floor":1.0,"turns":3.0},{"damage":24.0,"enemies":"Gremlin Nob","floor":6.0,"turns":5.0},{"damage":1.0,"enemies":"Jaw Worm","floor":7.0,"turns":3.0},{"damage":1.0,"enemies":"Cultist","floor":8.0,"turns":3.0},{"damage":10,"enemies":"Lagavulin","floor":10,"turns":5},{"damage":10,"enemies":"Exordium Wildlife","floor":12,"turns":4},{"damage":13,"enemies":"Exordium Thugs","floor":14,"turns":4},{"damage":43,"enemies":"Hexaghost","floor":16,"turns":12},{"damage":19,"enemies":"2 Thieves","floor":18,"turns":4},{"damage":1,"enemies":"Shell Parasite","floor":20,"turns":8},{"damage":13,"enemies":"Cultist and Chosen","floor":22,"turns":8},{"damage":55,"enemies":"Book of Stabbing","floor":23,"turns":7}],"seed_played":"-2219423987052076074","potions_obtained":[{"floor":1.0,"key":"Block Potion"},{"floor":8.0,"key":"FearPotion"},{"floor":20,"key":"Weak Potion"}],"is_trial":false,"path_per_floor":["M","?","$","?","?","E","M","M","T","E","R","M","?","M","R","B",null,"M","?","M","$","M","E"],"character_chosen":"DEFECT","items_purchased":["Streamline","Self Repair"],"campfire_rested":1,"item_purchase_floors":[3,21],"current_hp_per_floor":[75,80,80,80,80,56,55,54,54,44,44,34,34,21,45,2,80,61,61,60,60,54,0,0],"gold":33,"neow_bonus":"THREE_RARE_CARDS","is_daily":false,"chose_seed":false,"campfire_upgraded":1,"win_rate":0.0,"timestamp":1613958017,"path_taken":["M","?","?","?","?","E","M","M","T","E","R","M","?","M","R","BOSS","M","?","M","$","M","E"],"items_purchased_type":["Card","Card"],"build_version":"2020-12-22","purchased_purges":2,"victory":false,"max_hp_per_floor":[75,80,80,80,80,80,80,80,80,80,80,80,80,80,80,80,80,80,80,80,80,80,80,80],"relic_stats":{"counters":[12,66],"Black Star":0,"obtain_stats":[{"Matryoshka":10,"Black Star":17,"Cracked Core":0,"Pocketwatch":6},{"Matryoshka":5,"Black Star":8,"Cracked Core":0,"Pocketwatch":2},{"Matryoshka":19,"Black Star":39,"Cracked Core":0,"Pocketwatch":8}],"Pocketwatch":[99]},"card_choices":[{"not_picked":["All For One","Thunder Strike"],"picked":"Meteor Strike","floor":0.0},{"not_picked":["Doom and Gloom","Genetic Algorithm","Beam Cell"],"picked":"SKIP","floor":1.0},{"not_picked":["Genetic Algorithm","Go for the Eyes","Turbo"],"picked":"SKIP","floor":6.0},{"not_picked":["Genetic Algorithm","Go for the Eyes"],"picked":"Turbo","floor":6.0},{"not_picked":["Go for the Eyes","Ball Lightning","Stack"],"picked":"SKIP","floor":7.0},{"not_picked":["Stack","Auto Shields"],"picked":"Steam","floor":8.0},{"not_picked":["Hologram","Darkness","Storm"],"picked":"SKIP","floor":10},{"not_picked":["Cold Snap","Conserve Battery"],"picked":"Reprogram","floor":12},{"not_picked":["Gash","Beam Cell","Streamline"],"picked":"SKIP","floor":14},{"not_picked":["Force Field","Glacier+1"],"picked":"Reinforced Body","floor":18},{"not_picked":["Cold Snap","Steam Power","Streamline"],"picked":"SKIP","floor":20},{"not_picked":["Melter","Ball Lightning+1"],"picked":"Steam Power","floor":22}],"player_experience":507482,"relics_obtained":[{"floor":6.0,"key":"Pocketwatch"},{"floor":10,"key":"Matryoshka"}],"event_choices":[{"damage_healed":0.0,"max_hp_gain":5.0,"max_hp_loss":0.0,"gold_gain":0.0,"event_name":"Big Fish","player_choice":"Donut","floor":2.0,"gold_loss":0.0,"damage_taken":0.0},{"cards_removed":["Injury"],"damage_healed":0.0,"max_hp_gain":0.0,"max_hp_loss":0.0,"gold_gain":0.0,"event_name":"Living Wall","player_choice":"Forget","floor":4.0,"gold_loss":0.0,"damage_taken":0.0},{"cards_removed":["Strike_B"],"damage_healed":0.0,"max_hp_gain":0.0,"max_hp_loss":0.0,"gold_gain":0.0,"event_name":"The Cleric","player_choice":"Card Removal","floor":5.0,"gold_loss":50.0,"damage_taken":0.0},{"damage_healed":0,"gold_gain":0,"player_choice":"Ignored","damage_taken":0,"max_hp_gain":0,"max_hp_loss":0,"event_name":"Liars Game","floor":13,"gold_loss":0},{"damage_healed":0,"gold_gain":0,"player_choice":"Upgraded","damage_taken":0,"max_hp_gain":0,"max_hp_loss":0,"event_name":"Upgrade Shrine","floor":19,"gold_loss":0,"cards_upgraded":["Reprogram"]}],"is_beta":false,"boss_relics":[{"not_picked":["Coffee Dripper","Philosopher\u0027s Stone"],"picked":"Black Star"}],"items_purged_floors":[21,21],"is_endless":false,"potions_floor_spawned":[1,8,20],"killed_by":"Book of Stabbing","ascension_level":0}}