{"host":"3vooxnyv2lwdr2a7","time":1613994996,"event":{"mods":["BaseMod","Marisa£®ÏF”Í°°ƒß¿Ì…≥£©","Minty Spire (QoL Compilation)","Remilia£®¿Ÿ√◊¿Ú—«£©","Shapeshifter Mod","StSLib","The Cursed","The Servant 0.9.4","Youmu£®ªÍ∆«—˝√Œ£©"],"gold_per_floor":[109,123,143,155,155,155,168,188,235,282,312,499,549,584,596,741,753,796,808,857,365,365,442,492,534,582,582,641,641,659,722,722,896,896,956,1008,238,238,324,324,377,430,430,48,109,169,169,272,272,274,274,274,32,66,80,80],"floor_reached":55,"language":"ZHS","playtime":5061,"items_purged":["Doubt"],"score":1288,"play_id":"6e0d6bff-1339-4d40-8300-2d7b48eceea0","local_time":"20210222195636","is_ascension_mode":false,"campfire_choices":[{"data":"MagicChant","floor":15.0,"key":"SMITH"},{"data":"MagicChant","floor":29.0,"key":"SMITH"},{"floor":32.0,"key":"RECALL"},{"data":"DC","floor":40.0,"key":"SMITH"},{"data":"LuminesStrike","floor":47.0,"key":"SMITH"},{"data":"GravityBeat","floor":49.0,"key":"SMITH"},{"data":"EventHorizon","floor":52.0,"key":"SMITH"}],"circlet_count":0,"master_deck":["Strike_MRS+1","Strike_MRS+1","Strike_MRS+1","Strike_MRS+1","Defend_MRS+1","Defend_MRS+1","Defend_MRS+1","Defend_MRS+1","MasterSpark","UpSweep+1","DC+1","MagicChant+1","StarBarrage","GalacticHalo","UnstableBomb","GravityBeat+1","GrandCross","MagicChant+1","AbsoluteMagnitude","Robbery","TreasureHunter+1","Acceleration+1","IllusionStar+1","SprinkleStarSeal+1","WitchOfGreed","LuminesStrike+1","Parasite","EarthLightRay+1","PropBag+1","SporeBomb+1","OrrerysSun+1","BinaryStars+1","ChargeUpSpray","PulseMagic+1","EventHorizon+1","AlicesGift+1","MagicChant+1"],"relics":["MiniHakkero","NeowsBlessing","Golden Idol","MawBank","Toy Ornithopter","Toxic Egg 2","Busted Crown","Bag of Marbles","Sling","ShroomBag","ScarletDevilRocket","BreadOfAWashokuLover","Dream Catcher","FossilizedHelix","Black Star","ClockworkSouvenir","Bag of Preparation","Mercury Hourglass","Centennial Puzzle","Ancient Tea Set","Nunchaku","Molten Egg 2","Whetstone","Medical Kit","HandmadeGrimoire","Anchor","Strawberry","Gremlin Horn","StoneCalendar","Singing Bowl","Bottled Tornado","White Beast Statue","Lantern","Thread and Needle","Kunai","Meat on the Bone"],"acts_visited":["Exordium","TheCity","TheBeyond","TheEnding"],"potions_floor_usage":[55,55],"damage_taken":[{"damage":0.0,"enemies":"Jaw Worm","floor":1.0,"turns":1.0},{"damage":0.0,"enemies":"2 Louse","floor":2.0,"turns":1.0},{"damage":0.0,"enemies":"Small Slimes","floor":3.0,"turns":1.0},{"damage":4.0,"enemies":"2 Fungi Beasts","floor":4.0,"turns":2.0},{"damage":0.0,"enemies":"Blue Slaver","floor":7.0,"turns":2.0},{"damage":23.0,"enemies":"Large Slime","floor":8.0,"turns":5.0},{"damage":8.0,"enemies":"Lagavulin","floor":10.0,"turns":7.0},{"damage":0.0,"enemies":"2 Fungi Beasts","floor":11.0,"turns":3.0},{"damage":14.0,"enemies":"Gremlin Nob","floor":13.0,"turns":3.0},{"damage":11.0,"enemies":"Lots of Slimes","floor":14.0,"turns":3.0},{"damage":0.0,"enemies":"Slime Boss","floor":16.0,"turns":4.0},{"damage":3.0,"enemies":"3 Byrds","floor":18.0,"turns":5.0},{"damage":20.0,"enemies":"Shell Parasite","floor":20.0,"turns":5.0},{"damage":19.0,"enemies":"Slavers","floor":23.0,"turns":7.0},{"damage":3.0,"enemies":"Snecko","floor":24.0,"turns":3.0},{"damage":0.0,"enemies":"Shelled Parasite and Fungi","floor":25.0,"turns":4.0},{"damage":12.0,"enemies":"Centurion and Healer","floor":28.0,"turns":6.0},{"damage":15.0,"enemies":"Snake Plant","floor":30.0,"turns":2.0},{"damage":18.0,"enemies":"Gremlin Leader","floor":31.0,"turns":4.0},{"damage":53.0,"enemies":"Champ","floor":33.0,"turns":10.0},{"damage":40.0,"enemies":"3 Darklings","floor":35.0,"turns":6.0},{"damage":0.0,"enemies":"Orb Walker","floor":36.0,"turns":4.0},{"damage":0.0,"enemies":"Sphere and 2 Shapes","floor":39.0,"turns":4.0},{"damage":0.0,"enemies":"Giant Head","floor":41.0,"turns":5.0},{"damage":26.0,"enemies":"4 Shapes","floor":42.0,"turns":5.0},{"damage":0.0,"enemies":"Nemesis","floor":45.0,"turns":5.0},{"damage":0.0,"enemies":"Transient","floor":46.0,"turns":5.0},{"damage":0.0,"enemies":"Giant Head","floor":48.0,"turns":6.0},{"damage":33.0,"enemies":"Donu and Deca","floor":50.0,"turns":8.0},{"damage":0.0,"enemies":"Shield and Spear","floor":54.0,"turns":2.0}],"seed_played":"9067391210135074085","potions_obtained":[{"floor":1.0,"key":"Energy Potion"},{"floor":3.0,"key":"SpeedPotion"},{"floor":4.0,"key":"Fire Potion"},{"floor":8.0,"key":"FearPotion"},{"floor":14.0,"key":"ColorlessPotion"},{"floor":23.0,"key":"DuplicationPotion"},{"floor":25.0,"key":"AttackPotion"},{"floor":28.0,"key":"Fire Potion"},{"floor":28.0,"key":"GamblersBrew"},{"floor":30.0,"key":"SteroidPotion"},{"floor":31.0,"key":"EssenceOfSteel"},{"floor":35.0,"key":"BlessingOfTheForge"},{"floor":36.0,"key":"SkillPotion"},{"floor":36.0,"key":"Weak Potion"},{"floor":39.0,"key":"SkillPotion"},{"floor":39.0,"key":"BottledSpark"},{"floor":41.0,"key":"EssenceOfSteel"},{"floor":42.0,"key":"DuplicationPotion"},{"floor":45.0,"key":"Regen Potion"},{"floor":46.0,"key":"Weak Potion"},{"floor":48.0,"key":"DuplicationPotion"}],"is_trial":false,"path_per_floor":["M","M","M","M","?","?","M","M","T","E","M","?","E","M","R","B",null,"M","?","M","$","?","E","M","M","T","?","M","R","M","E","R","B",null,"M","M","$","?","M","R","E","M","T","$","E","M","R","E","R","B",null,"R","$","E","B"],"character_chosen":"MARISA","items_purchased":["Bag of Marbles","Sling","SprinkleStarSeal+1","WitchOfGreed","ClockworkSouvenir","Bag of Preparation","PulseMagic+1","EventHorizon","Mercury Hourglass","DistilledChaos","Whetstone","Medical Kit","MagicChant+1","Bottled Tornado"],"campfire_rested":0,"item_purchase_floors":[21,21,21,21,37,37,37,37,37,37,44,44,44,53],"current_hp_per_floor":[75,75,75,71,69,69,69,46,46,38,38,38,24,13,13,18,69,66,66,46,46,46,27,24,39,39,39,41,41,37,38,38,7,69,38,41,41,41,55,55,66,51,51,51,77,86,86,88,88,61,88,88,88,90,0,0],"gold":80,"neow_bonus":"THREE_ENEMY_KILL","is_daily":false,"chose_seed":false,"campfire_upgraded":6,"win_rate":0.0,"timestamp":1613994996,"path_taken":["M","M","M","M","?","?","M","M","T","E","M","?","E","M","R","BOSS","M","?","M","$","?","E","M","M","T","?","M","R","M","E","R","BOSS","M","?","$","?","M","R","E","M","T","?","E","M","R","E","R","BOSS","R","$","E","BOSS"],"items_purchased_type":["Relic","Relic","Card","Card","Relic","Relic","Card","Card","Relic","Potion","Relic","Relic","Card","Relic"],"build_version":"2020-12-22","purchased_purges":1,"victory":false,"max_hp_per_floor":[75,75,75,75,69,69,69,69,69,69,69,69,69,69,69,69,69,69,69,69,69,69,69,69,69,69,69,69,69,69,69,69,69,69,69,69,69,66,66,66,66,66,66,66,86,86,86,88,88,88,88,88,88,90,90,90],"card_choices":[{"not_picked":["DarkMatter","WitchLeyline"],"picked":"DC","floor":1.0},{"not_picked":["SporeBomb","SuperPerseids"],"picked":"MagicChant","floor":2.0},{"not_picked":["AsteroidBelt","ShootingEcho"],"picked":"StarBarrage","floor":3.0},{"not_picked":["GrandCross","GravityBeat"],"picked":"GalacticHalo","floor":4.0},{"not_picked":["FinalSpark","DoubleSpark"],"picked":"UnstableBomb","floor":7.0},{"not_picked":["MysteriousBeam","AsteroidBelt"],"picked":"GravityBeat","floor":8.0},{"not_picked":["GalacticHalo","ShootingEcho"],"picked":"GrandCross","floor":10.0},{"not_picked":["SporeBomb","6A"],"picked":"MagicChant","floor":11.0},{"not_picked":["AsteroidBelt+1","GravityBeat"],"picked":"AbsoluteMagnitude","floor":13.0},{"not_picked":["ShootingEcho","MysteriousBeam"],"picked":"Robbery","floor":14.0},{"not_picked":["SatelliteIllusion","JA"],"picked":"TreasureHunter","floor":16.0},{"not_picked":[],"picked":"Acceleration+1","floor":18.0},{"not_picked":[],"picked":"IllusionStar+1","floor":20.0},{"not_picked":[],"picked":"EarthLightRay+1","floor":23.0},{"not_picked":["MachineGunSpark"],"picked":"SKIP","floor":24.0},{"not_picked":[],"picked":"PropBag+1","floor":25.0},{"not_picked":[],"picked":"SporeBomb+1","floor":28.0},{"not_picked":[],"picked":"OrrerysSun+1","floor":30.0},{"not_picked":["WitchOfGreed"],"picked":"SKIP","floor":31.0},{"not_picked":[],"picked":"BinaryStars+1","floor":33.0},{"not_picked":["LuminesStrike"],"picked":"SKIP","floor":35.0},{"not_picked":[],"picked":"ChargeUpSpray","floor":36.0},{"not_picked":["GrandCross"],"picked":"SKIP","floor":39.0},{"not_picked":["PropBag+1"],"picked":"SKIP","floor":41.0},{"not_picked":[],"picked":"AlicesGift+1","floor":42.0},{"not_picked":["GravityBeat+1"],"picked":"SKIP","floor":45.0},{"not_picked":["BlazeAway+1"],"picked":"SKIP","floor":46.0},{"not_picked":["OneTimeOff+1"],"picked":"Singing Bowl","floor":48.0},{"not_picked":["SuperPerseids+1"],"picked":"Singing Bowl","floor":54.0}],"player_experience":929947,"relics_obtained":[{"floor":9.0,"key":"MawBank"},{"floor":10.0,"key":"Toy Ornithopter"},{"floor":13.0,"key":"Toxic Egg 2"},{"floor":23.0,"key":"ShroomBag"},{"floor":23.0,"key":"ScarletDevilRocket"},{"floor":31.0,"key":"Dream Catcher"},{"floor":33.0,"key":"FossilizedHelix"},{"floor":41.0,"key":"Centennial Puzzle"},{"floor":41.0,"key":"Ancient Tea Set"},{"floor":41.0,"key":"Nunchaku"},{"floor":43.0,"key":"Molten Egg 2"},{"floor":45.0,"key":"HandmadeGrimoire"},{"floor":45.0,"key":"Anchor"},{"floor":45.0,"key":"Strawberry"},{"floor":48.0,"key":"Gremlin Horn"},{"floor":48.0,"key":"StoneCalendar"},{"floor":48.0,"key":"Singing Bowl"},{"floor":54.0,"key":"White Beast Statue"},{"floor":54.0,"key":"Lantern"},{"floor":54.0,"key":"Thread and Needle"}],"event_choices":[{"damage_healed":0.0,"max_hp_gain":0.0,"max_hp_loss":6.0,"gold_gain":0.0,"event_name":"Golden Idol","player_choice":"Lose Max HP","floor":5.0,"gold_loss":0.0,"damage_taken":0.0,"relics_obtained":["Golden Idol"]},{"damage_healed":0.0,"max_hp_gain":0.0,"max_hp_loss":0.0,"gold_gain":0.0,"event_name":"Golden Wing","player_choice":"Ignored","floor":6.0,"gold_loss":0.0,"damage_taken":0.0},{"damage_healed":0.0,"max_hp_gain":0.0,"max_hp_loss":0.0,"gold_gain":175.0,"event_name":"Liars Game","player_choice":"AGREE","floor":12.0,"gold_loss":0.0,"damage_taken":0.0,"cards_obtained":["Doubt"]},{"damage_healed":0.0,"max_hp_gain":0.0,"max_hp_loss":0.0,"gold_gain":0.0,"event_name":"Back to Basics","player_choice":"Simplicity","floor":19.0,"gold_loss":0.0,"damage_taken":0.0,"cards_upgraded":["Strike_MRS","Strike_MRS","Strike_MRS","Strike_MRS","Defend_MRS","Defend_MRS","Defend_MRS","Defend_MRS"]},{"damage_healed":0.0,"max_hp_gain":0.0,"max_hp_loss":0.0,"gold_gain":0.0,"event_name":"The Library","player_choice":"Read","floor":22.0,"gold_loss":0.0,"damage_taken":0.0,"cards_obtained":["LuminesStrike"]},{"damage_healed":0.0,"max_hp_gain":0.0,"max_hp_loss":0.0,"gold_gain":0.0,"event_name":"WeMeetAgain","player_choice":"Gave Potion","floor":27.0,"gold_loss":0.0,"damage_taken":0.0,"relics_obtained":["BreadOfAWashokuLover"]},{"cards_removed":["Parasite"],"damage_healed":0.0,"max_hp_gain":0.0,"max_hp_loss":0.0,"gold_gain":0.0,"event_name":"Purifier","player_choice":"Purged","floor":38.0,"gold_loss":0.0,"damage_taken":0.0}],"is_beta":false,"boss_relics":[{"not_picked":["Calling Bell","RampagingMagicTools"],"picked":"Busted Crown"},{"not_picked":["Pandora\u0027s Box","BewitchedHakkero"],"picked":"Black Star"}],"items_purged_floors":[21],"is_endless":false,"potions_floor_spawned":[1,3,4,8,14,23,28,30,36,39],"killed_by":"The Heart","ascension_level":0}}