{"host":"sw6p9u0oh417cx03","time":1613996628,"event":{"mods":["AchievementEnabler","Act Like it!","BaseMod","CapriCore","DeckTracker","Highlight Path","Minty Spire (QoL Compilation)","Quick Restart","StSLib"],"gold_per_floor":[116,116,191,116,116,144,144,172,246,246,246,264,281,281,281,281,281],"floor_reached":16,"language":"ZHS","playtime":195,"items_purged":["Strike_G"],"score":257,"play_id":"02b3ec6c-5e55-40e6-9a94-5304df3b3b24","local_time":"20210222202348","is_ascension_mode":true,"campfire_choices":[{"data":"Footwork","floor":7.0,"key":"SMITH"},{"data":"Neutralize","floor":10.0,"key":"SMITH"},{"data":"Choke","floor":15.0,"key":"SMITH"}],"circlet_count":0,"master_deck":["AscendersBane","Strike_G","Strike_G","Strike_G","Defend_G","Defend_G","Defend_G","Defend_G","Defend_G","Survivor","Neutralize+1","Footwork+1","Accuracy","Choke+1","Backflip"],"relics":["Ring of the Snake","NeowsBlessing","Bag of Marbles","Incense Burner","InkBottle"],"acts_visited":["Exordium"],"potions_floor_usage":[],"damage_taken":[{"damage":0.0,"enemies":"2 Louse","floor":1.0,"turns":1.0},{"damage":0.0,"enemies":"Lagavulin","floor":6.0,"turns":1.0},{"damage":0.0,"enemies":"Gremlin Nob","floor":8.0,"turns":1.0},{"damage":4.0,"enemies":"Small Slimes","floor":12.0,"turns":5.0},{"damage":1.0,"enemies":"Jaw Worm","floor":13.0,"turns":3.0},{"damage":0,"enemies":"Hexaghost","floor":16,"turns":1}],"seed_played":"6644877716199001343","potions_obtained":[{"floor":1.0,"key":"Block Potion"},{"floor":8.0,"key":"Ancient Potion"}],"is_trial":false,"path_per_floor":["M","?","?","$","?","E","R","E","T","R","?","M","M","?","R","B"],"character_chosen":"THE_SILENT","items_purchased":[],"campfire_rested":0,"item_purchase_floors":[],"current_hp_per_floor":[63,56,45,45,45,45,45,45,45,45,68,64,63,63,63,63,63],"gold":281,"neow_bonus":"THREE_ENEMY_KILL","is_daily":false,"chose_seed":false,"campfire_upgraded":3,"win_rate":0.0,"timestamp":1613996628,"path_taken":["M","?","?","$","?","E","R","E","T","R","?","M","M","?","R","BOSS"],"items_purchased_type":[],"build_version":"2020-12-22","purchased_purges":1,"victory":false,"max_hp_per_floor":[70,70,70,70,70,70,70,70,70,70,70,70,70,70,70,70,70],"card_choices":[{"not_picked":["Poisoned Stab","Infinite Blades","Finisher"],"picked":"SKIP","floor":1.0},{"not_picked":["Dash","Leg Sweep"],"picked":"Footwork","floor":6.0},{"not_picked":["Predator","Backflip"],"picked":"Accuracy","floor":8.0},{"not_picked":["Poisoned Stab","Terror"],"picked":"Choke","floor":12.0},{"not_picked":["Leg Sweep","Underhanded Strike"],"picked":"Backflip","floor":13.0}],"player_experience":315058,"relics_obtained":[{"floor":6.0,"key":"Bag of Marbles"},{"floor":8.0,"key":"Incense Burner"},{"floor":9.0,"key":"InkBottle"}],"event_choices":[{"cards_removed":["Strike_G"],"damage_healed":0.0,"max_hp_gain":0.0,"max_hp_loss":0.0,"gold_gain":0.0,"event_name":"Golden Wing","player_choice":"Card Removal","floor":2.0,"gold_loss":0.0,"damage_taken":7.0},{"damage_healed":0.0,"max_hp_gain":0.0,"max_hp_loss":0.0,"gold_gain":75.0,"event_name":"World of Goop","player_choice":"Gather Gold","floor":3.0,"gold_loss":0.0,"damage_taken":11.0},{"damage_healed":0.0,"max_hp_gain":0.0,"max_hp_loss":0.0,"gold_gain":0.0,"event_name":"Shining Light","player_choice":"Ignored","floor":5.0,"gold_loss":0.0,"damage_taken":0.0},{"damage_healed":23.0,"max_hp_gain":0.0,"max_hp_loss":0.0,"gold_gain":0.0,"event_name":"Big Fish","player_choice":"Banana","floor":11.0,"gold_loss":0.0,"damage_taken":0.0},{"damage_healed":0.0,"max_hp_gain":0.0,"max_hp_loss":0.0,"gold_gain":0.0,"event_name":"Liars Game","player_choice":"Ignored","floor":14.0,"gold_loss":0.0,"damage_taken":0.0}],"is_beta":false,"boss_relics":[],"items_purged_floors":[4],"is_endless":false,"potions_floor_spawned":[1,8],"killed_by":"Hexaghost","ascension_level":13}}