{"host":"jsd6g3c2vo13e69c","time":1613979826,"event":{"mods":["2.2 Compatiblity","Act Like it!","BaseMod","Better Altar","Better Match","Better Note","Better Sensory Stone","Better Third Choice","BetterRewards","Colored Map","Colored Powertips","Curses Come First","Downfall","Friendly Minions","GifTheSpireLib","Googly Eyes","Gremlin Mod","Hermit","Hubris","Infinite Spire","Melee Mod","Minty Spire (QoL Compilation)","Permanent Neow","Quick Restart","Random Character Button","Replay The Spire","Shop Mod","Spire Arcade","StSLib","SuperFastMode","The Cursed","The Disciple","The Forsaken","The Jungle","The Spell Scribe","thorton"],"gold_per_floor":[111,319,479,495,570,570,589,589,638,654,654,665,615,634,634,730,730,748,748,758,772,24,24,24,38,64,64,64],"floor_reached":27,"language":"ENG","playtime":1609,"items_purged":["meleeMod_Jab"],"score":205,"play_id":"9045fea1-4b08-4f81-ad07-7c5c7f56c91b","local_time":"20210222024346","is_ascension_mode":false,"campfire_choices":[{"data":"meleeMod_GetUpAttack","floor":6,"key":"SMITH"},{"data":"meleeMod_CrouchCancel","floor":8,"key":"SMITH"},{"data":"meleeMod_Taunt","floor":11,"key":"SMITH"},{"floor":15,"key":"REST"},{"data":"meleeMod_BlueFalcon","floor":24,"key":"SMITH"}],"circlet_count":0,"master_deck":["meleeMod_Jab","meleeMod_Shield","meleeMod_Shield","meleeMod_Shield","meleeMod_NeutralAir","meleeMod_BackAir","meleeMod_GetUpAttack+1","meleeMod_BabActivated","meleeMod_Taunt+1","meleeMod_Cautious","meleeMod_CrouchCancel+1","meleeMod_WallJump","meleeMod_SoftKnee","meleeMod_NippleSpike","meleeMod_SomebodyClipThat","meleeMod_BackAir","meleeMod_UpAir+1","meleeMod_DashDance+1","meleeMod_BlueFalcon+1","meleeMod_CrouchCancel","meleeMod_Gentleman","Dramatic Entrance","meleeMod_DashDance","meleeMod_FalconKick"],"relics":["meleeMod_LosersMang0","hubris:ToyBattleship","Blood Vial","Toolbox"],"acts_visited":["Exordium","TheCity"],"potions_floor_usage":[16,20],"damage_taken":[{"damage":0,"enemies":"Cultist","floor":1,"turns":2},{"damage":13,"enemies":"Small Slimes","floor":4,"turns":2},{"damage":0,"enemies":"2 Louse","floor":7,"turns":1},{"damage":9,"enemies":"Blue Slaver","floor":10,"turns":4},{"damage":8,"enemies":"Looter","floor":12,"turns":3},{"damage":17,"enemies":"Lots of Slimes","floor":14,"turns":4},{"damage":14,"enemies":"Hexaghost","floor":16,"turns":4},{"damage":12,"enemies":"Chosen","floor":18,"turns":2},{"damage":5,"enemies":"3 Byrds","floor":20,"turns":4},{"damage":14,"enemies":"3 Cultists","floor":21,"turns":5},{"damage":18,"enemies":"Shelled Parasite and Fungi","floor":25,"turns":2},{"damage":42,"enemies":"Cultist and Chosen","floor":27,"turns":5}],"seed_played":"-5751561664390014099","potions_obtained":[{"floor":1,"key":"hexamod:SoulburnPotion"},{"floor":3,"key":"Dexterity Potion"},{"floor":10,"key":"CultistPotion"},{"floor":12,"key":"Strength Potion"},{"floor":14,"key":"Strength Potion"},{"floor":16,"key":"Fire Potion"}],"is_trial":false,"path_per_floor":["M","?","?","M","?","R","M","R","T","M","R","M","?","M","R","B",null,"M","?","M","M","$","?","R","M","T","M"],"character_chosen":"FALCON","items_purchased":["meleeMod_BlueFalcon","meleeMod_CrouchCancel","meleeMod_Gentleman","Blood Vial","Dramatic Entrance","meleeMod_DashDance","Toolbox"],"campfire_rested":1,"item_purchase_floors":[22,22,22,22,22,22,22],"current_hp_per_floor":[85,64,64,51,40,40,40,40,40,31,31,23,23,6,31,17,85,73,73,68,54,54,54,54,38,38,0,0],"gold":64,"neow_bonus":"RANDOM_EVENT","is_daily":false,"chose_seed":false,"campfire_upgraded":4,"win_rate":0.0,"timestamp":1613979826,"path_taken":["M","?","?","M","?","R","M","R","T","M","R","M","?","?","R","BOSS","M","?","M","?","$","?","R","M","T","M"],"items_purchased_type":["Card","Card","Card","Relic","Card","Card","Relic"],"build_version":"2020-12-22","purchased_purges":1,"victory":false,"max_hp_per_floor":[85,85,85,85,85,85,85,85,85,85,85,85,85,85,85,85,85,85,85,85,85,85,85,85,85,85,85,85],"card_choices":[{"not_picked":["meleeMod_RaptorBoost","meleeMod_HaxDash"],"picked":"meleeMod_BabActivated","floor":1},{"not_picked":["meleeMod_AirDodge","meleeMod_ShieldDrop"],"picked":"meleeMod_Taunt","floor":2},{"not_picked":["meleeMod_SweetSpot","meleeMod_CommandGrab"],"picked":"meleeMod_Cautious","floor":4},{"not_picked":["meleeMod_RaptorBoost","meleeMod_DownTilt"],"picked":"meleeMod_CrouchCancel","floor":7},{"not_picked":["meleeMod_HaxDash","meleeMod_FalconDive"],"picked":"meleeMod_WallJump","floor":10},{"not_picked":["meleeMod_FalconDive","meleeMod_CommandGrab"],"picked":"meleeMod_SoftKnee","floor":12},{"not_picked":["meleeMod_BackAir","meleeMod_FireFlower"],"picked":"meleeMod_NippleSpike","floor":14},{"not_picked":["meleeMod_WeTechThose","meleeMod_EdgeGuard"],"picked":"meleeMod_SomebodyClipThat","floor":16},{"not_picked":["meleeMod_CommandGrab","meleeMod_DownSmash"],"picked":"meleeMod_BackAir","floor":18},{"not_picked":["meleeMod_WallJump","meleeMod_SuperSpicyCurry"],"picked":"meleeMod_UpAir+1","floor":20},{"not_picked":["meleeMod_FalconDive","meleeMod_PowerShield"],"picked":"meleeMod_DashDance+1","floor":21},{"not_picked":["meleeMod_AirDodge","meleeMod_UnclePunch+1"],"picked":"meleeMod_FalconKick","floor":25}],"player_experience":395773,"relics_obtained":[{"floor":9,"key":"hubris:ToyBattleship"}],"event_choices":[{"damage_healed":0,"gold_gain":0,"cards_transformed":["meleeMod_Jab"],"player_choice":"Change","damage_taken":0,"max_hp_gain":0,"max_hp_loss":0,"event_name":"Living Wall","floor":0,"gold_loss":0,"cards_obtained":["meleeMod_GetUpAttack"]},{"damage_healed":0,"gold_gain":75,"player_choice":"Gold","damage_taken":11,"max_hp_gain":0,"max_hp_loss":0,"event_name":"betterThird:BetterGoop","floor":5,"gold_loss":0},{"cards_removed":["meleeMod_Shield"],"damage_healed":0,"gold_gain":0,"player_choice":"Card Removal","damage_taken":0,"max_hp_gain":0,"max_hp_loss":0,"event_name":"The Cleric","floor":13,"gold_loss":50},{"cards_removed":["meleeMod_Jab"],"damage_healed":0,"gold_gain":0,"player_choice":"Offered Basic","damage_taken":0,"max_hp_gain":0,"max_hp_loss":0,"event_name":"Bonfire Elementals","floor":19,"gold_loss":0},{"damage_healed":0,"gold_gain":0,"player_choice":"Ignored","damage_taken":0,"max_hp_gain":0,"max_hp_loss":0,"event_name":"betterNote:BetterNote","floor":23,"gold_loss":0,"cards_obtained":["thethorton:CreditCard"]}],"is_beta":false,"boss_relics":[{"not_picked":["Replay:Wanted Poster","Kintsugi","infinitespire:Cupcake"]}],"items_purged_floors":[22],"is_endless":false,"potions_floor_spawned":[1,10,12,14,16,18],"killed_by":"Cultist and Chosen","ascension_level":0}}