{"host":"p9t7qd83igtcp2bh","time":1613978836,"event":{"mods":["2.2 Compatiblity","AchievementEnabler","BaseMod","Colored Map","Colored Powertips","Custom Start","DeckTracker","Keyboard Shortcuts","Minty Spire (QoL Compilation)","Permanent Neow","StSLib","SuperFastMode","everything is the same but u backflip on backflip"],"gold_per_floor":[118,140,168,191,210,248,273,309,355,355,355,355,378,378,378,462,462,487,487,687,716,740,740,740,740],"floor_reached":24,"language":"KOR","playtime":508,"items_purged":[],"score":420,"play_id":"34e9dad3-4444-4981-b9e0-e55907c01cfc","local_time":"20210222162716","is_ascension_mode":true,"campfire_choices":[{"data":"Sunder","floor":10.0,"key":"SMITH"},{"data":"Aggregate","floor":12.0,"key":"SMITH"},{"data":"Double Energy","floor":15.0,"key":"SMITH"},{"data":"Consume","floor":23,"key":"SMITH"}],"circlet_count":0,"master_deck":["AscendersBane","Strike_B","Strike_B","Strike_B","Strike_B","Defend_B","Defend_B","Defend_B","Defend_B","Zap","Dualcast","CurseOfTheBell","Sunder+1","Consume+1","Rip and Tear","Aggregate+1","Rainbow","Coolheaded+1","Ball Lightning","Genetic Algorithm","Double Energy+1","Electrodynamics","Defragment","Loop","Chaos+1"],"relics":["Calling Bell","CeramicFish","Mercury Hourglass","Thread and Needle","Eternal Feather","Bronze Scales","Orichalcum","Philosopher\u0027s Stone","Enchiridion"],"acts_visited":["Exordium","TheCity"],"potions_floor_usage":[16,21,21],"damage_taken":[{"damage":6.0,"enemies":"Small Slimes","floor":1.0,"turns":4.0},{"damage":0.0,"enemies":"Cultist","floor":2.0,"turns":3.0},{"damage":7.0,"enemies":"Jaw Worm","floor":3.0,"turns":4.0},{"damage":7.0,"enemies":"Looter","floor":4.0,"turns":2.0},{"damage":13.0,"enemies":"Large Slime","floor":5.0,"turns":4.0},{"damage":19.0,"enemies":"3 Sentries","floor":6.0,"turns":7.0},{"damage":2.0,"enemies":"Gremlin Gang","floor":7.0,"turns":4.0},{"damage":2.0,"enemies":"Gremlin Nob","floor":8.0,"turns":3.0},{"damage":2.0,"enemies":"Exordium Wildlife","floor":13.0,"turns":2.0},{"damage":24,"enemies":"The Guardian","floor":16,"turns":9},{"damage":3,"enemies":"Spheric Guardian","floor":18,"turns":3},{"damage":8,"enemies":"Shell Parasite","floor":21,"turns":4},{"damage":8,"enemies":"Chosen and Byrds","floor":22,"turns":4},{"damage":31,"enemies":"Shelled Parasite and Fungi","floor":24,"turns":3}],"seed_played":"7990677442314099074","potions_obtained":[{"floor":2.0,"key":"ColorlessPotion"},{"floor":5.0,"key":"LiquidMemories"},{"floor":7.0,"key":"DuplicationPotion"},{"floor":8.0,"key":"Block Potion"},{"floor":13.0,"key":"SkillPotion"},{"floor":16,"key":"Weak Potion"}],"is_trial":false,"path_per_floor":["M","M","M","M","M","E","M","E","T","R","?","R","M","?","R","B",null,"M","?","?","M","M","R","M"],"character_chosen":"DEFECT","items_purchased":[],"campfire_rested":0,"item_purchase_floors":[],"current_hp_per_floor":[58,58,51,44,31,12,10,8,8,20,20,32,30,35,47,23,63,60,39,39,31,23,38,7,7],"gold":740,"neow_bonus":"BOSS_RELIC","is_daily":false,"chose_seed":false,"campfire_upgraded":4,"win_rate":0.0,"timestamp":1613978836,"path_taken":["M","M","M","M","M","E","M","E","T","R","?","R","?","?","R","BOSS","M","?","?","M","M","R","M"],"items_purchased_type":[],"build_version":"2020-12-22","purchased_purges":0,"victory":false,"max_hp_per_floor":[71,71,71,71,71,71,71,71,71,71,71,71,71,76,76,76,76,76,76,76,76,76,76,76,76],"card_choices":[{"not_picked":["Beam Cell","Fusion"],"picked":"Sunder","floor":1.0},{"not_picked":["Aggregate","Go for the Eyes"],"picked":"Consume","floor":2.0},{"not_picked":["Turbo","Compile Driver"],"picked":"Rip and Tear","floor":3.0},{"not_picked":["Rip and Tear","Sweeping Beam"],"picked":"Aggregate","floor":4.0},{"not_picked":["Beam Cell","Ball Lightning"],"picked":"Rainbow","floor":5.0},{"not_picked":["FTL","Stack"],"picked":"Coolheaded","floor":6.0},{"not_picked":["Redo","Steam"],"picked":"Ball Lightning","floor":7.0},{"not_picked":["Conserve Battery","Compile Driver"],"picked":"Genetic Algorithm","floor":8.0},{"not_picked":["Tempest","Consume"],"picked":"Double Energy","floor":13.0},{"not_picked":["Biased Cognition","Core Surge"],"picked":"Electrodynamics","floor":16},{"not_picked":["Beam Cell","Barrage"],"picked":"Defragment","floor":18},{"not_picked":["Barrage","Consume+1"],"picked":"Loop","floor":21},{"not_picked":["Hello World","Streamline"],"picked":"Chaos+1","floor":22}],"player_experience":742823,"relics_obtained":[{"floor":0.0,"key":"CeramicFish"},{"floor":0.0,"key":"Mercury Hourglass"},{"floor":0.0,"key":"Thread and Needle"},{"floor":6.0,"key":"Eternal Feather"},{"floor":8.0,"key":"Bronze Scales"},{"floor":9.0,"key":"Orichalcum"},{"floor":19,"key":"Enchiridion"}],"event_choices":[{"damage_healed":0.0,"max_hp_gain":0.0,"max_hp_loss":0.0,"gold_gain":0.0,"event_name":"Upgrade Shrine","player_choice":"Upgraded","floor":11.0,"gold_loss":0.0,"damage_taken":0.0,"cards_upgraded":["Coolheaded"]},{"damage_healed":0.0,"max_hp_gain":5.0,"max_hp_loss":0.0,"gold_gain":0.0,"event_name":"Big Fish","player_choice":"Donut","floor":14.0,"gold_loss":0.0,"damage_taken":0.0},{"damage_healed":0,"gold_gain":0,"player_choice":"Obtained Book","damage_taken":21,"max_hp_gain":0,"max_hp_loss":0,"event_name":"Cursed Tome","floor":19,"gold_loss":0},{"damage_healed":0,"gold_gain":250,"player_choice":"Bet on Owner","damage_taken":0,"max_hp_gain":0,"max_hp_loss":0,"event_name":"The Joust","floor":20,"gold_loss":50}],"is_beta":false,"boss_relics":[{"not_picked":["SacredBark","Busted Crown"],"picked":"Philosopher\u0027s Stone"}],"items_purged_floors":[],"is_endless":false,"potions_floor_spawned":[2,5,7,8,13,16],"killed_by":"Shelled Parasite and Fungi","ascension_level":20}}