{"host":"hqvh779b89tfrjxy","time":1613997527,"event":{"mods":["Act Like it!","BaseMod","Better Third Choice","Filter the Spire","GifTheSpireLib","Minty Spire (QoL Compilation)","Replay The Spire","Spicy Shops","StSLib"],"gold_per_floor":[118,131,131,143,159,159,171,171,224,259,277,309,321,366,378,486,498,524,636,668,680,705,289,308,342,366,385,285,303,338,352,352,454,454,464,475,492,543,543,543,543,543,843,874,874,903,903,934,934,934,934],"floor_reached":50,"language":"ENG","playtime":2301,"items_purged":["Strike_G","Strike_G"],"score":1044,"play_id":"4d5e3fad-4370-42c6-9b55-7a9735332008","local_time":"20210222133847","is_ascension_mode":true,"campfire_choices":[{"data":"Caltrops","floor":6.0,"key":"SMITH"},{"data":"Hidden Blade","floor":8.0,"key":"SMITH"},{"data":"Survivor","floor":13.0,"key":"SMITH"},{"floor":15.0,"key":"DIG"},{"data":"Caltrops","floor":32,"key":"SMITH"},{"floor":40,"key":"RECALL"},{"data":"Replay:BasicMightCard","floor":42,"key":"SMITH"},{"floor":47,"key":"REST"},{"data":"ReplayTheSpireMod:Scrap Shanks","floor":49,"key":"SMITH"}],"circlet_count":0,"master_deck":["Strike_G","Strike_G","Defend_G+1","Defend_G+1","Defend_G+1","Defend_G+1","Defend_G+1","Survivor+1","Neutralize","ReplayTheSpireMod:Scrap Shanks+1","Blade Dance+1","Poisoned Stab","Caltrops+1","Hidden Blade+1","Blade Dance","Corpse Explosion","Dodge and Roll+1","Footwork","Accuracy+1","PiercingWail","Caltrops+1","Replay:BasicMightCard+1"],"relics":["WristBlade","Replay:Bottled Eggs","MawBank","Bronze Scales","Singing Bowl","Snecko Scales","HandDrill","Letter Opener","Basket Of Snakes","Omamori","Gremlin Horn","ChewingGum","CaptainsWheel","Old Coin","Replay:Towering Pillar of Hats","Ice Cream","Pear"],"acts_visited":["Exordium","TheCity","TheBeyond"],"potions_floor_usage":[25,50],"damage_taken":[{"damage":0.0,"enemies":"Cultist","floor":1.0,"turns":4.0},{"damage":0.0,"enemies":"Small Slimes","floor":2.0,"turns":4.0},{"damage":0.0,"enemies":"Jaw Worm","floor":4.0,"turns":3.0},{"damage":6.0,"enemies":"2 Fungi Beasts","floor":5.0,"turns":2.0},{"damage":1.0,"enemies":"Large Slime","floor":7.0,"turns":5.0},{"damage":9.0,"enemies":"Lagavulin","floor":10.0,"turns":5.0},{"damage":2.0,"enemies":"Red Slaver","floor":11.0,"turns":2.0},{"damage":2.0,"enemies":"Gremlin Nob","floor":12.0,"turns":4.0},{"damage":14.0,"enemies":"Lagavulin","floor":14.0,"turns":6.0},{"damage":8.0,"enemies":"Slime Boss","floor":16.0,"turns":7.0},{"damage":0.0,"enemies":"Spheric Guardian","floor":18.0,"turns":2.0},{"damage":6.0,"enemies":"Shell Parasite","floor":20.0,"turns":2.0},{"damage":7,"enemies":"Snake Plant","floor":22,"turns":3},{"damage":0,"enemies":"3 Cultists","floor":24,"turns":2},{"damage":6,"enemies":"Gremlin Leader","floor":25,"turns":3},{"damage":0,"enemies":"Centurion and Healer","floor":27,"turns":2},{"damage":0,"enemies":"Sentry and Sphere","floor":29,"turns":2},{"damage":1,"enemies":"Replay:Snechameleon","floor":30,"turns":3},{"damage":0,"enemies":"Shelled Parasite and Fungi","floor":31,"turns":3},{"damage":0,"enemies":"Automaton","floor":33,"turns":4},{"damage":0,"enemies":"3 Shapes","floor":35,"turns":2},{"damage":5,"enemies":"Orb Walker","floor":36,"turns":3},{"damage":15,"enemies":"Transient","floor":37,"turns":5},{"damage":10,"enemies":"2 Orb Walkers","floor":38,"turns":3},{"damage":0,"enemies":"R_Hoarder","floor":44,"turns":3},{"damage":16,"enemies":"Nemesis","floor":46,"turns":3},{"damage":15,"enemies":"Reptomancer","floor":48,"turns":3},{"damage":71,"enemies":"Awakened One","floor":50,"turns":5}],"seed_played":"236179895133867453","potions_obtained":[{"floor":1.0,"key":"Dexterity Potion"},{"floor":4.0,"key":"ColorlessPotion"},{"floor":14.0,"key":"CultistPotion"},{"floor":16.0,"key":"SkillPotion"},{"floor":18.0,"key":"Toxic Potion"},{"floor":27,"key":"EntropicBrew"},{"floor":29,"key":"Poison Potion"},{"floor":35,"key":"PowerPotion"}],"is_trial":false,"path_per_floor":["M","M","?","M","M","R","M","R","T","E","M","E","R","E","R","B",null,"M","?","M","?","M","$","M","E","T","M","$","M","E","M","R","B",null,"M","M","M","?","?","R","?","R","T","E","?","E","R","E","R","B"],"character_chosen":"THE_SILENT","items_purchased":["Footwork","HandDrill","Letter Opener"],"campfire_rested":1,"item_purchase_floors":[23,23,23],"current_hp_per_floor":[63,63,63,63,57,57,56,56,56,47,45,43,43,29,29,23,60,62,62,58,58,51,51,51,45,45,47,47,49,48,50,50,52,76,78,75,62,54,54,54,54,54,54,56,56,42,70,67,67,0,0],"gold":934,"neow_bonus":"BOSS_RELIC","is_daily":false,"chose_seed":false,"campfire_upgraded":6,"win_rate":0.0,"timestamp":1613997527,"path_taken":["M","?","?","M","M","R","M","R","T","E","M","E","R","E","R","BOSS","M","?","?","?","M","$","?","E","T","M","?","M","E","M","R","BOSS","M","M","M","?","?","R","?","R","T","E","?","E","R","E","R","BOSS"],"items_purchased_type":["Card","Relic","Relic"],"build_version":"2020-12-22","purchased_purges":2,"victory":false,"max_hp_per_floor":[70,70,70,70,70,70,70,70,70,70,70,70,70,70,70,72,72,74,74,76,76,76,76,76,76,76,78,78,80,80,82,82,84,84,86,88,90,92,92,92,92,92,92,94,94,96,96,108,108,108,108],"card_choices":[{"not_picked":["Expertise","ReplayTheSpireMod:Shiv Toss"],"picked":"ReplayTheSpireMod:Scrap Shanks","floor":1.0},{"not_picked":["Deadly Poison","Acrobatics"],"picked":"Blade Dance","floor":2.0},{"not_picked":["Dagger Throw","Acrobatics"],"picked":"Poisoned Stab","floor":4.0},{"not_picked":["Deadly Poison","Dodge and Roll"],"picked":"Caltrops","floor":5.0},{"not_picked":["Endless Agony","Poisoned Stab"],"picked":"Hidden Blade","floor":7.0},{"not_picked":["Bane","Riddle With Holes","Predator"],"picked":"SKIP","floor":10.0},{"not_picked":["Bane","Riddle With Holes","Predator"],"picked":"SKIP","floor":10.0},{"not_picked":["Deflect","Acrobatics","ReplayTheSpireMod:From All Sides"],"picked":"SKIP","floor":11.0},{"not_picked":["Dodge and Roll","Atom Bomb"],"picked":"Blade Dance","floor":12.0},{"not_picked":["Cloak And Dagger","Blur"],"picked":"Corpse Explosion","floor":14.0},{"not_picked":["ReplayTheSpireMod:From All Sides","Storm of Steel","Phantasmal Killer"],"picked":"Singing Bowl","floor":16.0},{"not_picked":["Dagger Throw+1","Bane","Deflect"],"picked":"Singing Bowl","floor":18.0},{"not_picked":["Sucker Punch","Noxious Fumes+1","Dagger Throw+1"],"picked":"Singing Bowl","floor":20.0},{"not_picked":["Sucker Punch","Backflip"],"picked":"Dodge and Roll+1","floor":22},{"not_picked":["Distraction+1","Well Laid Plans"],"picked":"Accuracy+1","floor":24},{"not_picked":["Dodge and Roll+1","Glass Knife"],"picked":"PiercingWail","floor":25},{"not_picked":["Expertise","Underhanded Strike","Acrobatics"],"picked":"Singing Bowl","floor":27},{"not_picked":["Backflip","ReplayTheSpireMod:Tripwire+1","Catalyst+1"],"picked":"Singing Bowl","floor":29},{"not_picked":["ReplayTheSpireMod:Necrosis","Poisoned Stab+1"],"picked":"Caltrops","floor":30},{"not_picked":["Outmaneuver","Toxin Wave","Quick Slash"],"picked":"Singing Bowl","floor":31},{"not_picked":["Unload","Atom Bomb","Bullet Time"],"picked":"Singing Bowl","floor":33},{"not_picked":["Flying Knee+1","Hidden Blade+1","PiercingWail"],"picked":"Singing Bowl","floor":35},{"not_picked":["Slice","Well Laid Plans+1","Prepared+1"],"picked":"Singing Bowl","floor":36},{"not_picked":["Flechettes+1","Noxious Fumes+1","Malaise"],"picked":"Singing Bowl","floor":37},{"not_picked":["Dodge and Roll","ReplayTheSpireMod:Tripwire","Underhanded Strike"],"picked":"Singing Bowl","floor":38},{"not_picked":["Trip","Sadistic Nature"],"picked":"Replay:BasicMightCard","floor":41},{"not_picked":["Flying Knee","Sneak Up+1","Leg Sweep"],"picked":"Singing Bowl","floor":44},{"not_picked":["Sneak Up","Concentrate+1","Poison Darts"],"picked":"Singing Bowl","floor":46},{"not_picked":["Leg Sweep","Underhanded Strike","Blade Dance+1"],"picked":"Singing Bowl","floor":48}],"player_experience":210223,"relics_obtained":[{"floor":10.0,"key":"Replay:Bottled Eggs"},{"floor":12.0,"key":"MawBank"},{"floor":14.0,"key":"Bronze Scales"},{"floor":15.0,"key":"Singing Bowl"},{"floor":25,"key":"Basket Of Snakes"},{"floor":26,"key":"Omamori"},{"floor":30,"key":"Gremlin Horn"},{"floor":38,"key":"CaptainsWheel"},{"floor":43,"key":"Old Coin"},{"floor":44,"key":"Replay:Towering Pillar of Hats"},{"floor":46,"key":"Ice Cream"},{"floor":48,"key":"Pear"}],"event_choices":[{"damage_healed":0.0,"max_hp_gain":0.0,"max_hp_loss":0.0,"gold_gain":0.0,"event_name":"Upgrade Shrine","player_choice":"Upgraded","floor":3.0,"gold_loss":0.0,"damage_taken":0.0,"cards_upgraded":["Blade Dance"]},{"damage_healed":0.0,"max_hp_gain":0.0,"max_hp_loss":0.0,"gold_gain":100.0,"event_name":"Golden Shrine","player_choice":"Pray","floor":19.0,"gold_loss":0.0,"damage_taken":0.0},{"cards_removed":["Strike_G"],"damage_healed":0,"gold_gain":0,"player_choice":"Purged","damage_taken":0,"max_hp_gain":0,"max_hp_loss":0,"event_name":"Purifier","floor":21,"gold_loss":0},{"damage_healed":0,"gold_gain":0,"player_choice":"Fight","damage_taken":0,"max_hp_gain":0,"max_hp_loss":0,"event_name":"Mysterious Sphere","floor":38,"gold_loss":0},{"damage_healed":0,"gold_gain":0,"player_choice":"Memory 1","damage_taken":0,"max_hp_gain":0,"max_hp_loss":0,"event_name":"SensoryStone","floor":41,"gold_loss":0},{"damage_healed":0,"gold_gain":0,"player_choice":"Bought 0 Potions","damage_taken":0,"max_hp_gain":0,"max_hp_loss":0,"event_name":"The Woman in Blue","floor":45,"gold_loss":0}],"is_beta":false,"boss_relics":[{"not_picked":["Coffee Dripper","Busted Crown"],"picked":"Snecko Scales"},{"not_picked":["Empty Cage","Replay:Bronze Core"],"picked":"ChewingGum"}],"items_purged_floors":[23,28],"is_endless":false,"potions_floor_spawned":[1,4,14,16,18,27,29,31,35,36,37,46],"killed_by":"Awakened One","ascension_level":8}}