{"host":"blhqr6uo32maonpv","time":1613977229,"event":{"mods":["BaseMod","Downfall","Minty Spire (QoL Compilation)","Replay The Spire","StSLib","The Bug Knight","The Marked"],"gold_per_floor":[211,211,229,75,93,93,118,118,118,144,157,157,157,157,157,255,255,237,74,74,74,74],"floor_reached":21,"language":"ENG","playtime":858,"items_purged":[],"score":185,"play_id":"55111ca3-83e4-42f4-a398-41cbc9c8e280","local_time":"20210222030029","is_ascension_mode":false,"campfire_choices":[{"data":"HollowMod:NewJinnsSoul","floor":6,"key":"SMITH"},{"floor":8,"key":"REST"},{"data":"HollowMod:NewJinnsSoul","floor":12,"key":"SMITH"},{"floor":15,"key":"REST"}],"circlet_count":0,"master_deck":["HollowMod:NailStrikeStart","HollowMod:NailStrikeStart","HollowMod:NailStrikeStart","HollowMod:NailStrikeStart","HollowMod:QuickDashStart","HollowMod:QuickDashStart+1","HollowMod:QuickDashStart","HollowMod:QuickDashStart","HollowMod:FocusHealStart","HollowMod:PogoStrike","HollowMod:NewJinnsSoul+1","HollowMod:SoulStrike+1","HollowMod:LifebloodCocoon","HollowMod:Grubsong","HollowMod:SoulStrike+1","HollowMod:SoulStrike+1","HollowMod:MantisMark","HollowMod:CornifersMapStart","HollowMod:VengefulSpirit","HollowMod:NewJinnsSoul+1","HollowMod:LifebloodCore","HollowMod:SoulEater","HollowMod:QuirrelsAssistance","Apotheosis","Specialist","Dramatic Entrance","HollowMod:LifebloodCocoon"],"relics":["HollowMod:VesselMask","Ancient Tea Set","Kunai","Replay:Bottled Eggs","Sundial","Ring of Chaos","ReplayTheSpireMod:ShopPack"],"acts_visited":["Exordium","TheCity"],"potions_floor_usage":[7,10,16,18,21],"damage_taken":[{"damage":1,"enemies":"Jaw Worm","floor":1,"turns":3},{"damage":4,"enemies":"2 Louse","floor":3,"turns":3},{"damage":18,"enemies":"Cultist","floor":5,"turns":5},{"damage":29,"enemies":"3 Sentries","floor":7,"turns":7},{"damage":8,"enemies":"Gremlin Nob","floor":10,"turns":4},{"damage":6,"enemies":"3 Louse","floor":11,"turns":4},{"damage":53,"enemies":"Slime Boss","floor":16,"turns":13},{"damage":30,"enemies":"2 Thieves","floor":18,"turns":4},{"damage":0,"enemies":"3 Byrds","floor":21,"turns":2}],"seed_played":"4988623612358922504","potions_obtained":[{"floor":3,"key":"SteroidPotion"},{"floor":5,"key":"ColorlessPotion"},{"floor":7,"key":"AttackPotion"},{"floor":16,"key":"AttackPotion"},{"floor":18,"key":"DuplicationPotion"}],"is_trial":false,"path_per_floor":["M","?","M","$","M","R","E","R","T","E","M","R","?","T","R","B",null,"M","$","?","M"],"character_chosen":"THE_BUGKNIGHT","items_purchased":["HollowMod:LifebloodCocoon","HollowMod:Grubsong","HollowMod:SoulStrike","HollowMod:QuirrelsAssistance","ReplayTheSpireMod:ShopPack"],"campfire_rested":2,"item_purchase_floors":[4,4,4,19,19],"current_hp_per_floor":[75,75,71,71,59,59,30,52,52,44,38,38,38,38,60,19,75,45,45,45,45,45],"gold":74,"neow_bonus":"HUNDRED_GOLD","is_daily":false,"chose_seed":false,"campfire_upgraded":2,"win_rate":0.0,"timestamp":1613977229,"path_taken":["M","?","M","$","M","R","E","R","T","E","M","R","?","?","R","BOSS","M","$","?","M"],"items_purchased_type":["Card","Card","Card","Card","Relic"],"build_version":"2020-12-22","purchased_purges":0,"victory":false,"max_hp_per_floor":[75,75,75,75,75,75,75,75,75,75,75,75,75,75,75,75,75,75,75,75,75,75],"card_choices":[{"not_picked":["HollowMod:DoubleDash","HollowMod:GoodIntentions"],"picked":"HollowMod:NewJinnsSoul","floor":1},{"not_picked":["HollowMod:ChannelNail","HollowMod:SoulShaman"],"picked":"HollowMod:SoulStrike","floor":3},{"not_picked":["HollowMod:GrimmsGift","HollowMod:CrystalDash"],"picked":"HollowMod:MantisMark","floor":5},{"not_picked":["HollowMod:ShadowDash","HollowMod:MantisMark"],"picked":"HollowMod:CornifersMapStart","floor":7},{"not_picked":["HollowMod:theNailsmith","HollowMod:ShapeofUnn"],"picked":"HollowMod:VengefulSpirit","floor":10},{"not_picked":["HollowMod:BaldurShell","HollowMod:FallenFury"],"picked":"HollowMod:NewJinnsSoul","floor":11},{"not_picked":["HollowMod:Hiveblood","HollowMod:PureVessel"],"picked":"HollowMod:LifebloodCore","floor":16},{"not_picked":["HollowMod:WraithStrike","HollowMod:HowlingWraiths"],"picked":"HollowMod:SoulEater","floor":18},{"not_picked":["Mayhem","Transmutation"],"picked":"Apotheosis","floor":19},{"not_picked":["ReplayTheSpireMod:Uncanny Aura","Midas Touch"],"picked":"Specialist","floor":19},{"not_picked":["Replay:Sssssssssstrike","Master of Strategy"],"picked":"Dramatic Entrance","floor":19}],"player_experience":55322,"relics_obtained":[{"floor":7,"key":"Ancient Tea Set"},{"floor":9,"key":"Kunai"},{"floor":10,"key":"Replay:Bottled Eggs"},{"floor":14,"key":"Sundial"}],"event_choices":[{"damage_healed":0,"gold_gain":0,"player_choice":"Leave","damage_taken":0,"max_hp_gain":0,"max_hp_loss":0,"event_name":"The Cleric","floor":2,"gold_loss":0},{"damage_healed":0,"gold_gain":0,"player_choice":"Copied","damage_taken":0,"max_hp_gain":0,"max_hp_loss":0,"event_name":"Duplicator","floor":20,"gold_loss":0,"cards_obtained":["HollowMod:LifebloodCocoon"]}],"is_beta":false,"boss_relics":[{"not_picked":["SacredBark","bronze:MakeshiftBattery"],"picked":"Ring of Chaos"}],"items_purged_floors":[],"is_endless":false,"potions_floor_spawned":[3,5,7,16,18],"killed_by":"3 Byrds","ascension_level":0}}