{"host":"wbn3xdfsa5pc2kse","time":1613996936,"event":{"mods":["AchievementEnabler","BaseMod","Bestiary","Colored Map","Colored Powertips","Curses Come First","Highlight Path","Minty Spire (QoL Compilation)","Permanent Neow","Rare Cards Sparkle","Relic Stats","StSLib"],"gold_per_floor":[110,120,120,120,137,137,154,182,231,231,259,16,35,55,55,133,133,143,158,158,170,180,180,208,208,231,231,262,87,87,131,131,131,131],"floor_reached":33,"language":"ZHT","playtime":1064,"items_purged":["Strike_R","Strike_R"],"score":612,"play_id":"2acca84b-82c6-4983-851a-ac77535ac0c3","local_time":"20210222202856","is_ascension_mode":true,"campfire_choices":[{"data":"Carnage","floor":6.0,"key":"SMITH"},{"data":"True Grit","floor":10,"key":"SMITH"},{"data":"True Grit","floor":15,"key":"SMITH"},{"data":"Corruption","floor":23,"key":"SMITH"},{"data":"Burning Pact","floor":25,"key":"SMITH"},{"data":"Metallicize","floor":27,"key":"SMITH"},{"floor":32,"key":"REST"}],"circlet_count":0,"master_deck":["AscendersBane","Strike_R+1","Strike_R+1","Defend_R","Defend_R+1","Defend_R","Defend_R+1","Bash+1","Headbutt","Carnage+1","True Grit+1","True Grit+1","Dropkick","Corruption+1","Rampage+1","Metallicize+1","True Grit+1","Burning Pact+1","Doubt","Rupture+1","Flame Barrier","Fiend Fire"],"relics":["Burning Blood","Singing Bowl","Anchor","Potion Belt","Centennial Puzzle","HandDrill","Cursed Key","Prayer Wheel","Regal Pillow","War Paint","CeramicFish"],"acts_visited":["Exordium","TheCity"],"potions_floor_usage":[11,21,24,31,31,33,33],"damage_taken":[{"damage":1.0,"enemies":"Small Slimes","floor":1.0,"turns":4.0},{"damage":9.0,"enemies":"Jaw Worm","floor":2.0,"turns":5.0},{"damage":0.0,"enemies":"2 Louse","floor":5.0,"turns":2.0},{"damage":5,"enemies":"Gremlin Gang","floor":7,"turns":5},{"damage":20,"enemies":"3 Sentries","floor":8,"turns":8},{"damage":0,"enemies":"Gremlin Nob","floor":11,"turns":2},{"damage":0,"enemies":"Red Slaver","floor":13,"turns":3},{"damage":0,"enemies":"2 Fungi Beasts","floor":14,"turns":3},{"damage":50,"enemies":"The Guardian","floor":16,"turns":10},{"damage":2,"enemies":"Chosen","floor":18,"turns":3},{"damage":4,"enemies":"3 Byrds","floor":19,"turns":5},{"damage":14,"enemies":"Snake Plant","floor":21,"turns":4},{"damage":3,"enemies":"Chosen and Byrds","floor":22,"turns":6},{"damage":20,"enemies":"Gremlin Leader","floor":24,"turns":5},{"damage":23,"enemies":"Book of Stabbing","floor":28,"turns":5},{"damage":14,"enemies":"Slavers","floor":31,"turns":7},{"damage":69,"enemies":"Collector","floor":33,"turns":7}],"seed_played":"-3483371029745348787","potions_obtained":[{"floor":8,"key":"DuplicationPotion"},{"floor":11,"key":"CultistPotion"},{"floor":14,"key":"Swift Potion"},{"floor":19,"key":"Swift Potion"},{"floor":22,"key":"Dexterity Potion"},{"floor":24,"key":"LiquidMemories"},{"floor":28,"key":"Explosive Potion"}],"is_trial":false,"path_per_floor":["M","M","?","?","M","R","M","E","T","R","E","$","M","M","R","B",null,"M","M","?","M","M","R","E","R","T","R","E","$","$","E","R","B"],"character_chosen":"IRONCLAD","items_purchased":["HandDrill","Flame Barrier"],"campfire_rested":1,"item_purchase_floors":[12,29],"current_hp_per_floor":[73,70,47,42,50,50,53,39,39,39,45,45,53,59,59,15,65,69,73,73,65,68,68,54,54,54,54,37,37,37,29,68,0,0],"gold":131,"neow_bonus":"UPGRADE_CARD","is_daily":false,"chose_seed":false,"campfire_upgraded":6,"win_rate":0.0,"timestamp":1613996936,"path_taken":["M","M","?","?","M","R","M","E","T","R","E","$","M","M","R","BOSS","M","M","?","?","M","R","E","R","T","R","E","?","$","E","R","BOSS"],"items_purchased_type":["Relic","Card"],"build_version":"2020-12-22","purchased_purges":2,"victory":false,"max_hp_per_floor":[75,75,75,75,77,77,79,79,79,79,79,79,81,81,81,81,81,81,83,83,83,83,83,83,83,83,83,83,83,83,83,83,83,83],"relic_stats":{"Centennial Puzzle":[27],"Regal Pillow":15,"Singing Bowl":8,"counters":[17,84],"CeramicFish":9,"Prayer Wheel":0,"HandDrill":[10],"War Paint":["Defend_R","Defend_R"],"Cursed Key":1,"obtain_stats":[{"Potion Belt":9,"Anchor":8,"Centennial Puzzle":11,"Regal Pillow":26,"Singing Bowl":4,"CeramicFish":31,"Prayer Wheel":24,"HandDrill":12,"War Paint":28,"Cursed Key":17,"Burning Blood":0},{"Potion Belt":5,"Anchor":5,"Centennial Puzzle":6,"Regal Pillow":14,"Singing Bowl":2,"CeramicFish":16,"Prayer Wheel":14,"HandDrill":6,"War Paint":15,"Cursed Key":9,"Burning Blood":0},{"Potion Belt":24,"Anchor":24,"Centennial Puzzle":26,"Regal Pillow":65,"Singing Bowl":9,"CeramicFish":77,"Prayer Wheel":65,"HandDrill":26,"War Paint":70,"Cursed Key":42,"Burning Blood":0}],"Burning Blood":96},"card_choices":[{"not_picked":["Twin Strike","Heavy Blade"],"picked":"Headbutt","floor":1.0},{"not_picked":["Dropkick","Power Through"],"picked":"Carnage","floor":2.0},{"not_picked":["Clothesline","Armaments","Thunderclap"],"picked":"Singing Bowl","floor":5.0},{"not_picked":["Body Slam","Headbutt","Twin Strike"],"picked":"Singing Bowl","floor":7},{"not_picked":["Entrench","Limit Break"],"picked":"True Grit","floor":8},{"not_picked":["Fire Breathing","Pummel"],"picked":"True Grit","floor":11},{"not_picked":["Bloodletting","Rampage","Iron Wave"],"picked":"Singing Bowl","floor":13},{"not_picked":["Headbutt","Anger"],"picked":"Dropkick","floor":14},{"not_picked":["Berserk","Demon Form"],"picked":"Corruption","floor":16},{"not_picked":["Havoc","Heavy Blade"],"picked":"Rampage+1","floor":18},{"not_picked":["Heavy Blade","Clash","Blood for Blood"],"picked":"Singing Bowl","floor":19},{"not_picked":["Twin Strike","Heavy Blade"],"picked":"Metallicize","floor":21},{"not_picked":["Flame Barrier","Clothesline"],"picked":"True Grit+1","floor":22},{"not_picked":["Evolve","Anger"],"picked":"Burning Pact","floor":24},{"not_picked":["Clash","Body Slam"],"picked":"Rupture+1","floor":28},{"not_picked":["Flex","Warcry"],"picked":"Fiend Fire","floor":31}],"player_experience":853332,"relics_obtained":[{"floor":8,"key":"Anchor"},{"floor":9,"key":"Potion Belt"},{"floor":11,"key":"Centennial Puzzle"},{"floor":24,"key":"Prayer Wheel"},{"floor":26,"key":"Regal Pillow"},{"floor":28,"key":"War Paint"},{"floor":31,"key":"CeramicFish"}],"event_choices":[{"damage_healed":0.0,"max_hp_gain":0.0,"max_hp_loss":0.0,"gold_gain":0.0,"event_name":"Shining Light","player_choice":"Entered Light","floor":3.0,"gold_loss":0.0,"damage_taken":23.0,"cards_upgraded":["Strike_R","Strike_R"]},{"damage_healed":0.0,"max_hp_gain":0.0,"max_hp_loss":0.0,"gold_gain":0.0,"event_name":"Scrap Ooze","player_choice":"Success","floor":4.0,"gold_loss":0.0,"damage_taken":5.0,"relics_obtained":["Singing Bowl"]},{"cards_removed":["Strike_R"],"damage_healed":0,"gold_gain":0,"player_choice":"Offered Basic","damage_taken":0,"max_hp_gain":0,"max_hp_loss":0,"event_name":"Bonfire Elementals","floor":20,"gold_loss":0}],"is_beta":false,"boss_relics":[{"not_picked":["Tiny House","Black Star"],"picked":"Cursed Key"}],"items_purged_floors":[12,29],"is_endless":false,"potions_floor_spawned":[8,11,14,19,22,24,28],"killed_by":"Collector","ascension_level":16}}