{"host":"61r95uy0hn86b9iu","time":1613970110,"event":{"mods":["AchievementEnabler","BaseMod","Better Vampires","BetterRewards","Colored Powertips","Hubris","Minty Spire (QoL Compilation)","Shop Mod","StSLib"],"gold_per_floor":[116,58,73,85,85,85,65,78,78,78,94,122,122,83,83,157,157,177,195,120,130,130,130,130,130,130,142,154,182,194,226,238,328,340,365,377,389,412,309,309,334,352,425,443,443,443,443],"floor_reached":46,"language":"ENG","playtime":2333,"items_purged":["Echo Form+1"],"score":1108,"play_id":"42e7a7ec-ba0b-4313-ac6c-5603b912b51c","local_time":"20210221230150","is_ascension_mode":true,"campfire_choices":[{"floor":6.0,"key":"REST"},{"floor":10.0,"key":"REST"},{"data":"Apotheosis","floor":13.0,"key":"SMITH"},{"floor":15.0,"key":"REST"},{"floor":23.0,"key":"REST"},{"data":"Capacitor","floor":25.0,"key":"SMITH"},{"floor":27.0,"key":"REST"},{"floor":30.0,"key":"REST"},{"floor":32.0,"key":"REST"},{"floor":40,"key":"REST"}],"circlet_count":0,"master_deck":["AscendersBane","Echo Form+1","Strike_B","Strike_B","Strike_B","Defend_B","Defend_B","Defend_B","Defend_B","Zap","Dualcast","Apotheosis+1","Gash","All For One","White Noise","Electrodynamics","Undo","Capacitor+1","Ball Lightning","Reinforced Body+1","Conserve Battery+1","Conserve Battery","Cold Snap+1","Flash of Steel"],"relics":["Cracked Core","OrangePellets","Bird Faced Urn","Omamori","hubris:Stopwatch","hubris:RunicObelisk","Dream Catcher","MerchantsRug","Thread and Needle","hubris:CrystalStatue"],"acts_visited":["Exordium","TheCity","TheBeyond"],"potions_floor_usage":[33,44],"damage_taken":[{"damage":0.0,"enemies":"Cultist","floor":1.0,"turns":3.0},{"damage":16.0,"enemies":"Jaw Worm","floor":3.0,"turns":4.0},{"damage":7.0,"enemies":"2 Louse","floor":4.0,"turns":3.0},{"damage":13.0,"enemies":"Large Slime","floor":8.0,"turns":6.0},{"damage":4.0,"enemies":"2 Fungi Beasts","floor":11.0,"turns":4.0},{"damage":10.0,"enemies":"Lagavulin","floor":12.0,"turns":6.0},{"damage":28.0,"enemies":"Slime Boss","floor":16.0,"turns":7.0},{"damage":20.0,"enemies":"2 Thieves","floor":18.0,"turns":4.0},{"damage":33.0,"enemies":"Spheric Guardian","floor":19.0,"turns":4.0},{"damage":1.0,"enemies":"Centurion and Healer","floor":21.0,"turns":6.0},{"damage":37.0,"enemies":"Shelled Parasite and Fungi","floor":29.0,"turns":5.0},{"damage":15.0,"enemies":"Snecko","floor":31.0,"turns":5.0},{"damage":97,"enemies":"Collector","floor":33,"turns":11},{"damage":12,"enemies":"3 Shapes","floor":35,"turns":5},{"damage":19,"enemies":"Orb Walker","floor":38,"turns":5},{"damage":16,"enemies":"Mind Bloom Boss Battle","floor":41,"turns":7},{"damage":63,"enemies":"Maw","floor":42,"turns":10},{"damage":24,"enemies":"Transient","floor":44,"turns":7},{"damage":11,"enemies":"Sphere and 2 Shapes","floor":46,"turns":1}],"seed_played":"-4914038368542874073","potions_obtained":[{"floor":1.0,"key":"EssenceOfSteel"},{"floor":4.0,"key":"FearPotion"},{"floor":7.0,"key":"DuplicationPotion"},{"floor":11.0,"key":"FairyPotion"},{"floor":16.0,"key":"Fruit Juice"},{"floor":18.0,"key":"FocusPotion"},{"floor":29.0,"key":"DistilledChaos"}],"is_trial":false,"path_per_floor":["M","$","M","M","?","R","?","M","T","R","M","E","R","$","R","B",null,"M","M","?","M","?","R","?","R","T","R","$","M","R","M","R","B",null,"M","?","?","M","$","R","?","M","T","M","?","M"],"character_chosen":"DEFECT","items_purchased":["OrangePellets","Apotheosis","Gash","White Noise","MerchantsRug"],"campfire_rested":8,"item_purchase_floors":[0,0,2,14,39],"current_hp_per_floor":[43,43,29,22,22,43,43,32,32,53,49,41,41,41,62,49,69,53,28,28,31,31,53,53,53,53,75,75,46,68,63,76,22,63,57,57,57,42,42,64,56,21,21,1,1,0,0],"gold":443,"neow_bonus":"","is_daily":false,"chose_seed":false,"campfire_upgraded":2,"win_rate":0.0,"timestamp":1613970110,"path_taken":["M","$","?","M","?","R","?","M","T","R","M","E","R","$","R","BOSS","M","?","?","M","?","R","?","R","T","R","$","?","R","M","R","BOSS","M","?","?","?","$","R","?","M","T","M","?","M"],"items_purchased_type":["Relic","Card","Card","Card","Relic"],"build_version":"2020-12-22","purchased_purges":1,"victory":false,"max_hp_per_floor":[71,71,71,71,71,71,71,71,71,71,71,71,71,71,71,76,76,76,76,76,76,76,76,76,76,76,76,76,76,76,76,76,76,76,76,76,76,76,76,76,76,76,76,76,76,76,76],"card_choices":[{"not_picked":["Aggregate","Stack","Sweeping Beam"],"picked":"SKIP","floor":1.0},{"not_picked":["Coolheaded","Genetic Algorithm","Heatsinks"],"picked":"SKIP","floor":3.0},{"not_picked":["Recycle","Reprogram","Fusion"],"picked":"SKIP","floor":4.0},{"not_picked":["Chaos","Reprogram","hubris:Ukulele"],"picked":"SKIP","floor":8.0},{"not_picked":["Compile Driver","Tempest"],"picked":"All For One","floor":11.0},{"not_picked":["Steam","Blizzard","Ball Lightning"],"picked":"SKIP","floor":12.0},{"not_picked":["Multi-Cast","Echo Form"],"picked":"Electrodynamics","floor":16.0},{"not_picked":["hubris:PowerSurge","Compile Driver","Beam Cell+1"],"picked":"SKIP","floor":18.0},{"not_picked":["Compile Driver","Tempest","Stack"],"picked":"SKIP","floor":19.0},{"not_picked":["Compile Driver","Chill"],"picked":"Undo","floor":21.0},{"not_picked":["Tempest","Leap+1","Ball Lightning"],"picked":"SKIP","floor":29.0},{"not_picked":["Tempest","Leap+1"],"picked":"Ball Lightning","floor":29.0},{"not_picked":["Barrage","Ball Lightning"],"picked":"Reinforced Body+1","floor":31.0},{"not_picked":["Sweeping Beam","Compile Driver"],"picked":"Conserve Battery+1","floor":35},{"not_picked":["Auto Shields","Melter","Ball Lightning"],"picked":"SKIP","floor":38},{"not_picked":["Undo","Go for the Eyes"],"picked":"Cold Snap+1","floor":41},{"not_picked":["Streamline","Reinforced Body","Sunder"],"picked":"SKIP","floor":42},{"not_picked":["hubris:SpecializedCircuitry","Stack","Gash"],"picked":"SKIP","floor":44},{"not_picked":["Madness","Impatience"],"picked":"Flash of Steel","floor":45}],"player_experience":3381186,"relics_obtained":[{"floor":9.0,"key":"Potion Belt"},{"floor":12.0,"key":"Omamori"},{"floor":26.0,"key":"MawBank"},{"floor":37,"key":"Dream Catcher"},{"floor":41,"key":"Thread and Needle"},{"floor":43,"key":"hubris:CrystalStatue"}],"event_choices":[{"damage_healed":0.0,"max_hp_gain":0.0,"max_hp_loss":0.0,"gold_gain":0.0,"event_name":"Golden Wing","player_choice":"Ignored","floor":5.0,"gold_loss":0.0,"damage_taken":0.0},{"damage_healed":0.0,"max_hp_gain":0.0,"max_hp_loss":0.0,"gold_gain":0.0,"event_name":"The Woman in Blue","player_choice":"Bought 1 Potion","floor":7.0,"gold_loss":0.0,"damage_taken":0.0},{"cards_removed":["Strike_B"],"damage_healed":0.0,"max_hp_gain":0.0,"max_hp_loss":0.0,"gold_gain":0.0,"event_name":"Beggar","player_choice":"Gave Gold","floor":20.0,"gold_loss":75.0,"damage_taken":0.0},{"damage_healed":0.0,"max_hp_gain":0.0,"max_hp_loss":0.0,"gold_gain":0.0,"event_name":"Forgotten Altar","player_choice":"Smashed Altar","floor":22.0,"gold_loss":0.0,"damage_taken":0.0,"cards_obtained":["Decay"]},{"damage_healed":0.0,"max_hp_gain":0.0,"max_hp_loss":0.0,"gold_gain":0.0,"event_name":"The Library","player_choice":"Read","floor":24.0,"gold_loss":0.0,"damage_taken":0.0,"cards_obtained":["Capacitor"]},{"damage_healed":0,"gold_gain":0,"player_choice":"Relic","damage_taken":0,"max_hp_gain":0,"max_hp_loss":0,"event_name":"Wheel of Change","floor":37,"gold_loss":0},{"damage_healed":0,"gold_gain":0,"player_choice":"Fight","damage_taken":0,"max_hp_gain":0,"max_hp_loss":0,"event_name":"MindBloom","floor":41,"gold_loss":0},{"damage_healed":0,"gold_gain":0,"player_choice":"Memory 1","damage_taken":0,"max_hp_gain":0,"max_hp_loss":0,"event_name":"SensoryStone","floor":45,"gold_loss":0}],"is_beta":false,"boss_relics":[{"not_picked":["Pandora\u0027s Box","Busted Crown"],"picked":"hubris:Stopwatch"},{"not_picked":["SlaversCollar","Fusion Hammer"],"picked":"hubris:RunicObelisk"}],"items_purged_floors":[0],"is_endless":false,"potions_floor_spawned":[1,4,11,16,18,29],"killed_by":"Sphere and 2 Shapes","ascension_level":19}}