{"host":"9ywz5nv8iwwl28k0","time":1613955257,"event":{"mods":["BaseMod","Block Reminder","Colored Map","Downfall","Highlight Path","Minty Spire (QoL Compilation)","Relic Stats","StSLib"],"gold_per_floor":[99,109,129,149,168,179,179,179,194,220,220,235,235,510,530,530,530,530],"floor_reached":16,"language":"ENG","playtime":747,"items_purged":[],"score":127,"play_id":"ee8aa185-584e-4477-888c-84f5316d86a7","local_time":"20210222015417","is_ascension_mode":true,"campfire_choices":[{"data":"bronze:Replicate","floor":1,"key":"SMITH"},{"data":"bronze:BronzeOrb","floor":11,"key":"SMITH"},{"data":"bronze:AlphaBuild","floor":13,"key":"SMITH"}],"circlet_count":0,"master_deck":["bronze:Strike","bronze:Strike","bronze:Strike","bronze:Strike","bronze:Defend+1","bronze:Defend","bronze:Defend","bronze:Defend+1","bronze:Replicate+1","bronze:Goto","bronze:Frontload","bronze:WhirlingStrike","bronze:ChildClass","bronze:FineTuning","bronze:AlphaBuild+1","bronze:Spike","bronze:Explode","bronze:BronzeOrb+1","bronze:Fortify","bronze:Backtrace","Regret","bronze:Refactor"],"relics":["Runic Pyramid","Orichalcum","War Paint"],"acts_visited":["Exordium"],"potions_floor_usage":[8,16,16,16],"damage_taken":[{"damage":12,"enemies":"Small Slimes","floor":2,"turns":2},{"damage":0,"enemies":"Jaw Worm","floor":3,"turns":3},{"damage":0,"enemies":"Cultist","floor":4,"turns":4},{"damage":3,"enemies":"Blue Slaver","floor":5,"turns":4},{"damage":6,"enemies":"2 Fungi Beasts","floor":6,"turns":4},{"damage":3,"enemies":"2 Fungi Beasts","floor":8,"turns":9},{"damage":6,"enemies":"Exordium Wildlife","floor":9,"turns":3},{"damage":10,"enemies":"Gremlin Nob","floor":10,"turns":4},{"damage":0,"enemies":"Lots of Slimes","floor":12,"turns":3},{"damage":3,"enemies":"Large Slime","floor":15,"turns":3},{"damage":33,"enemies":"DF_ARCHETYPE_STREAMLINE","floor":16,"turns":9}],"seed_played":"-8268246708446975656","potions_obtained":[{"floor":3,"key":"LiquidMemories"},{"floor":5,"key":"PowerPotion"},{"floor":10,"key":"FearPotion"},{"floor":15,"key":"SkillPotion"}],"is_trial":false,"path_per_floor":["R","M","M","M","M","M","T","?","M","E","R","M","R","?","M","B"],"character_chosen":"THE_AUTOMATON","items_purchased":[],"campfire_rested":0,"item_purchase_floors":[],"current_hp_per_floor":[70,58,58,58,55,49,49,46,40,30,30,30,30,30,27,0,0,0],"gold":530,"neow_bonus":"BOSS_RELIC","is_daily":false,"chose_seed":false,"campfire_upgraded":3,"win_rate":0.0,"timestamp":1613955257,"path_taken":["R","M","M","M","M","M","T","?","M","E","R","M","R","?","M","BOSS"],"items_purchased_type":[],"build_version":"2020-12-22","purchased_purges":0,"victory":false,"max_hp_per_floor":[70,70,70,70,70,70,70,70,70,70,70,70,70,70,70,70,70,70],"relic_stats":{"counters":[11,48],"Orichalcum":[48],"War Paint":["bronze:Defend","bronze:Defend"],"obtain_stats":[{"bronze:BronzeCore":0,"Orichalcum":7,"War Paint":10,"Runic Pyramid":0},{"bronze:BronzeCore":0,"Orichalcum":5,"War Paint":8,"Runic Pyramid":0},{"bronze:BronzeCore":0,"Orichalcum":17,"War Paint":33,"Runic Pyramid":0}]},"card_choices":[{"not_picked":["bronze:Branch","bronze:Iterate"],"picked":"bronze:Frontload","floor":2},{"not_picked":["bronze:ItsAFeature","bronze:Philosophize"],"picked":"bronze:WhirlingStrike","floor":3},{"not_picked":["bronze:WhirlingStrike","bronze:GetLatest"],"picked":"bronze:ChildClass","floor":4},{"not_picked":["bronze:InfiniteBeams","bronze:ClassDefault"],"picked":"bronze:FineTuning","floor":5},{"not_picked":["bronze:Repair","bronze:Turbo"],"picked":"bronze:AlphaBuild","floor":6},{"not_picked":[],"picked":"bronze:Spike","floor":8},{"not_picked":[],"picked":"bronze:Explode","floor":8},{"not_picked":["bronze:BronzeArmor","bronze:Separator"],"picked":"bronze:BronzeOrb","floor":8},{"not_picked":["bronze:Allocate","bronze:CutThrough"],"picked":"bronze:Fortify","floor":9},{"not_picked":["bronze:Flail","bronze:DelayedSlice"],"picked":"bronze:Backtrace","floor":10},{"not_picked":["bronze:GetLatest","bronze:Branch","bronze:BurnOut"],"picked":"SKIP","floor":12},{"not_picked":["bronze:Turbo","bronze:Overheat"],"picked":"bronze:Refactor","floor":15}],"player_experience":1585410,"relics_obtained":[{"floor":7,"key":"Orichalcum"},{"floor":10,"key":"War Paint"}],"event_choices":[],"is_beta":false,"boss_relics":[],"items_purged_floors":[],"is_endless":false,"potions_floor_spawned":[3,5,10,15],"killed_by":"DF_ARCHETYPE_STREAMLINE","ascension_level":4}}