{"host":"siu98xj5u8nq6xdu","time":1613970028,"event":{"mods":["AchievementEnabler","BaseMod","Colored Map","Colored Powertips","Minty Spire (QoL Compilation)"],"gold_per_floor":[110,110,110,128,11,11,37,50,130,30,30,55,55,85,85,162,162,172,192,212,87,97,97,116,116,116,131,143,143,174,184,184,261,261,275,275,275,286,305,305,305,305,305,322,322,356,375,385,385,385],"floor_reached":51,"language":"ENG","playtime":4323,"items_purged":["Regret","Strike_G","Well Laid Plans+1"],"score":1339,"play_id":"b11a8293-1c8e-433e-8de6-f6b3a2af515f","local_time":"20210222000028","is_ascension_mode":true,"campfire_choices":[{"data":"Neutralize","floor":6.0,"key":"SMITH"},{"data":"Terror","floor":11.0,"key":"SMITH"},{"data":"Eviscerate","floor":13.0,"key":"SMITH"},{"data":"Well Laid Plans","floor":15.0,"key":"SMITH"},{"data":"Footwork","floor":23.0,"key":"SMITH"},{"data":"Calculated Gamble","floor":25.0,"key":"SMITH"},{"data":"Tools of the Trade","floor":32.0,"key":"SMITH"},{"data":"Phantasmal Killer","floor":40.0,"key":"SMITH"},{"data":"Tools of the Trade","floor":42.0,"key":"SMITH"},{"data":"Secret Weapon","floor":45.0,"key":"SMITH"},{"floor":49.0,"key":"REST"}],"circlet_count":0,"master_deck":["AscendersBane","Strike_G","Defend_G+1","Defend_G+1","Defend_G","Survivor","Neutralize+1","Dagger Throw","PiercingWail","Heel Hook","Terror+1","Eviscerate+1","Tools of the Trade+1","Footwork+1","Calculated Gamble+1","Dagger Throw","Tools of the Trade+1","Phantasmal Killer+1","Dodge and Roll+1","Grand Finale+1","Blur+1","Underhanded Strike","Secret Weapon+1","Tactician+1"],"relics":["Ring of the Snake","NeowsBlessing","War Paint","Torii","Meat on the Bone","Pen Nib","Sundial","Runic Pyramid","InkBottle","Oddly Smooth Stone","Astrolabe","Nunchaku","The Courier","Singing Bowl"],"acts_visited":["Exordium","TheCity","TheBeyond"],"potions_floor_usage":[50],"damage_taken":[{"damage":0.0,"enemies":"2 Louse","floor":1.0,"turns":1.0},{"damage":0.0,"enemies":"Jaw Worm","floor":4.0,"turns":1.0},{"damage":0.0,"enemies":"Gremlin Nob","floor":7.0,"turns":1.0},{"damage":0.0,"enemies":"Cultist","floor":8.0,"turns":4.0},{"damage":2.0,"enemies":"Lagavulin","floor":12.0,"turns":9.0},{"damage":12.0,"enemies":"Gremlin Nob","floor":14.0,"turns":3.0},{"damage":7.0,"enemies":"Slime Boss","floor":16.0,"turns":9.0},{"damage":6.0,"enemies":"Shell Parasite","floor":18.0,"turns":4.0},{"damage":12.0,"enemies":"Spheric Guardian","floor":19.0,"turns":4.0},{"damage":8.0,"enemies":"Shelled Parasite and Fungi","floor":20.0,"turns":5.0},{"damage":3.0,"enemies":"Centurion and Healer","floor":22.0,"turns":6.0},{"damage":7.0,"enemies":"Snecko","floor":24.0,"turns":5.0},{"damage":0.0,"enemies":"Snake Plant","floor":27.0,"turns":3.0},{"damage":1.0,"enemies":"Centurion and Healer","floor":28.0,"turns":5.0},{"damage":1.0,"enemies":"Gremlin Leader","floor":30.0,"turns":5.0},{"damage":9.0,"enemies":"Shelled Parasite and Fungi","floor":31.0,"turns":5.0},{"damage":21.0,"enemies":"Collector","floor":33.0,"turns":9.0},{"damage":6.0,"enemies":"3 Shapes","floor":35.0,"turns":5.0},{"damage":0.0,"enemies":"Orb Walker","floor":38.0,"turns":3.0},{"damage":7.0,"enemies":"3 Darklings","floor":39.0,"turns":7.0},{"damage":7.0,"enemies":"Maw","floor":44.0,"turns":4.0},{"damage":0.0,"enemies":"Giant Head","floor":46.0,"turns":6.0},{"damage":16.0,"enemies":"Jaw Worm Horde","floor":47.0,"turns":4.0},{"damage":10.0,"enemies":"Writhing Mass","floor":48.0,"turns":3.0},{"damage":27,"enemies":"Awakened One","floor":50,"turns":8}],"seed_played":"-826729089499066463","potions_obtained":[{"floor":7.0,"key":"Poison Potion"},{"floor":14.0,"key":"Poison Potion"},{"floor":16.0,"key":"Explosive Potion"},{"floor":18.0,"key":"ColorlessPotion"},{"floor":22.0,"key":"BlessingOfTheForge"},{"floor":33.0,"key":"SteroidPotion"},{"floor":46.0,"key":"Energy Potion"},{"floor":48.0,"key":"CultistPotion"}],"is_trial":false,"path_per_floor":["M","?","?","M","$","R","E","M","T","$","R","E","R","E","R","B",null,"M","M","M","$","M","R","M","R","T","M","M","?","E","M","R","B",null,"M","?","?","M","M","R","T","R","T","M","R","E","M","M","R","B",null],"character_chosen":"THE_SILENT","items_purchased":["Heel Hook"],"campfire_rested":1,"item_purchase_floors":[5],"current_hp_per_floor":[59,59,59,59,59,59,59,59,59,59,59,57,57,45,45,38,59,53,41,45,45,42,42,35,35,35,35,34,34,45,36,36,27,56,50,50,50,50,43,43,43,43,43,36,36,38,36,40,61,46],"gold":385,"neow_bonus":"THREE_ENEMY_KILL","is_daily":false,"chose_seed":false,"campfire_upgraded":10,"win_rate":0.0,"timestamp":1613970028,"path_taken":["M","?","?","M","$","R","E","M","T","?","R","E","R","E","R","BOSS","M","M","?","$","M","R","M","R","T","M","M","?","E","M","R","BOSS","M","?","?","M","M","R","?","R","T","M","R","E","M","?","R","BOSS"],"items_purchased_type":["Card"],"build_version":"2020-12-22","purchased_purges":3,"victory":true,"max_hp_per_floor":[66,66,66,66,66,66,66,66,66,66,66,66,66,66,66,66,66,66,66,66,66,66,66,66,66,66,66,66,66,66,66,66,66,66,66,66,66,66,66,66,66,66,66,66,66,68,70,72,72,72],"card_choices":[{"not_picked":["Flying Knee","Dagger Spray"],"picked":"Dagger Throw","floor":1.0},{"not_picked":["Slice","Reflex"],"picked":"PiercingWail","floor":4.0},{"not_picked":["Dagger Spray","Flechettes"],"picked":"Well Laid Plans","floor":7.0},{"not_picked":["Outmaneuver","All Out Attack"],"picked":"Terror","floor":8.0},{"not_picked":["Acrobatics","Slice"],"picked":"Eviscerate","floor":12.0},{"not_picked":["Bane","Deadly Poison","Poisoned Stab"],"picked":"SKIP","floor":14.0},{"not_picked":["After Image","Envenom"],"picked":"Tools of the Trade","floor":16.0},{"not_picked":["Catalyst","Poisoned Stab+1","Quick Slash"],"picked":"SKIP","floor":18.0},{"not_picked":["Catalyst","Deflect","Blade Dance+1"],"picked":"SKIP","floor":19.0},{"not_picked":["Deflect+1","Cloak And Dagger"],"picked":"Footwork","floor":20.0},{"not_picked":["Accuracy","Dagger Spray","Deflect"],"picked":"SKIP","floor":22.0},{"not_picked":["Storm of Steel","Deadly Poison"],"picked":"Calculated Gamble","floor":24.0},{"not_picked":["Acrobatics","Reflex"],"picked":"Dagger Throw","floor":27.0},{"not_picked":["Quick Slash","Choke","Deflect"],"picked":"SKIP","floor":28.0},{"not_picked":["Dodge and Roll","Reflex"],"picked":"Tools of the Trade","floor":30.0},{"not_picked":["PiercingWail","Cloak And Dagger","Poisoned Stab"],"picked":"SKIP","floor":31.0},{"not_picked":["Grand Finale","Venomology"],"picked":"Phantasmal Killer","floor":33.0},{"not_picked":["Acrobatics","PiercingWail"],"picked":"Underhanded Strike","floor":35.0},{"not_picked":["Magnetism","Trip"],"picked":"Secret Weapon","floor":37.0},{"not_picked":["Accuracy+1","Flying Knee","All Out Attack"],"picked":"SKIP","floor":38.0},{"not_picked":["Choke+1","Masterful Stab+1"],"picked":"Tactician+1","floor":39.0},{"not_picked":["Predator","PiercingWail","Noxious Fumes"],"picked":"SKIP","floor":44.0},{"not_picked":["Blade Dance","PiercingWail+1","Masterful Stab+1"],"picked":"Singing Bowl","floor":46.0},{"not_picked":["Expertise","Crippling Poison","Poisoned Stab"],"picked":"Singing Bowl","floor":47.0},{"not_picked":["Underhanded Strike","Slice","Blur"],"picked":"Singing Bowl","floor":48.0}],"player_experience":765315,"relics_obtained":[{"floor":7.0,"key":"Torii"},{"floor":9.0,"key":"Meat on the Bone"},{"floor":12.0,"key":"Pen Nib"},{"floor":14.0,"key":"Sundial"},{"floor":26.0,"key":"InkBottle"},{"floor":30.0,"key":"Oddly Smooth Stone"},{"floor":41.0,"key":"Nunchaku"},{"floor":43.0,"key":"The Courier"},{"floor":46.0,"key":"Singing Bowl"}],"event_choices":[{"damage_healed":0.0,"max_hp_gain":0.0,"max_hp_loss":0.0,"gold_gain":0.0,"event_name":"Big Fish","player_choice":"Box","floor":2.0,"gold_loss":0.0,"damage_taken":0.0,"relics_obtained":["War Paint"],"cards_obtained":["Regret"]},{"cards_removed":["Strike_G"],"damage_healed":0.0,"max_hp_gain":0.0,"max_hp_loss":0.0,"gold_gain":0.0,"event_name":"Living Wall","player_choice":"Forget","floor":3.0,"gold_loss":0.0,"damage_taken":0.0},{"damage_healed":0.0,"max_hp_gain":0.0,"max_hp_loss":0.0,"gold_gain":0.0,"event_name":"Vampires","player_choice":"Ignored","floor":29.0,"gold_loss":0.0,"damage_taken":0.0},{"cards_removed":["Strike_G"],"damage_healed":0.0,"max_hp_gain":0.0,"max_hp_loss":0.0,"gold_gain":0.0,"event_name":"Falling","player_choice":"Removed Attack","floor":36.0,"gold_loss":0.0,"damage_taken":0.0},{"damage_healed":0.0,"max_hp_gain":0.0,"max_hp_loss":0.0,"gold_gain":0.0,"event_name":"SensoryStone","player_choice":"Memory 1","floor":37.0,"gold_loss":0.0,"damage_taken":0.0}],"is_beta":false,"boss_relics":[{"not_picked":["Ring of the Serpent","Coffee Dripper"],"picked":"Runic Pyramid"},{"not_picked":["SacredBark","Fusion Hammer"],"picked":"Astrolabe"}],"items_purged_floors":[5,10,21],"is_endless":false,"potions_floor_spawned":[7,14,16,18,22,33,46,47,48],"ascension_level":16}}