{"host":"szp1d6dso4pv7ddl","time":1613961655,"event":{"mods":["AchievementEnabler","Alarm Clock","BaseMod","Bestiary","Block Reminder","Colored Map","Colored Powertips","Curses Come First","Dark Map","Displayed Cursed Tome","Highlight Path","Minty Spire (QoL Compilation)","Permanent Neow","Quick Restart","Relic Sorter","Relic Stats","StSLib","Synergy Search"],"gold_per_floor":[112,187,187,197,216,242,153,172,172,172,172,205,40,51,51,124,124,143,68,0,14,14,14,45,45,45,45,45,76,76,76,76,76,76],"floor_reached":33,"language":"ENG","playtime":1485,"items_purged":["Strike_B"],"score":560,"play_id":"e25312ed-f4c1-482b-84bb-3acf190bfae6","local_time":"20210221184055","is_ascension_mode":true,"campfire_choices":[{"floor":10,"key":"REST"},{"data":"Zap","floor":15,"key":"SMITH"},{"floor":23,"key":"REST"},{"floor":25,"key":"REST"},{"data":"Beam Cell","floor":27,"key":"SMITH"},{"floor":32,"key":"REST"}],"circlet_count":0,"master_deck":["AscendersBane","Strike_B","Strike_B+1","Defend_B","Defend_B","Defend_B","Zap+1","Dualcast","Reinforced Body","Beam Cell+1","Sweeping Beam","Ball Lightning","Melter+1","Conserve Battery","Genetic Algorithm","Thunder Strike","Cold Snap","Coolheaded","Undo","Turbo"],"relics":["Cracked Core","Toy Ornithopter","Whetstone","StrikeDummy","Lee\u0027s Waffle","Sozu","Juzu Bracelet","Mango","Anchor"],"acts_visited":["Exordium","TheCity"],"potions_floor_usage":[12,12,24,24],"damage_taken":[{"damage":4,"enemies":"Small Slimes","floor":1,"turns":3},{"damage":0,"enemies":"Cultist","floor":4,"turns":3},{"damage":8,"enemies":"2 Louse","floor":5,"turns":2},{"damage":32,"enemies":"Gremlin Nob","floor":6,"turns":4},{"damage":4,"enemies":"Looter","floor":8,"turns":2},{"damage":13,"enemies":"Lagavulin","floor":12,"turns":5},{"damage":0,"enemies":"2 Fungi Beasts","floor":14,"turns":3},{"damage":13,"enemies":"Slime Boss","floor":16,"turns":8},{"damage":27,"enemies":"3 Byrds","floor":18,"turns":4},{"damage":30,"enemies":"2 Thieves","floor":21,"turns":4},{"damage":40,"enemies":"Book of Stabbing","floor":24,"turns":6},{"damage":16,"enemies":"Gremlin Leader","floor":29,"turns":6},{"damage":97,"enemies":"Automaton","floor":33,"turns":12}],"seed_played":"6154280723861370043","potions_obtained":[{"floor":5,"key":"SpeedPotion"},{"floor":6,"key":"SteroidPotion"},{"floor":8,"key":"Strength Potion"},{"floor":12,"key":"Block Potion"},{"floor":16,"key":"Block Potion"}],"is_trial":false,"path_per_floor":["M","?","?","M","M","E","$","M","T","R","?","E","$","M","R","B",null,"M","$","?","M","?","R","E","R","T","R","?","E","$","?","R","B"],"character_chosen":"DEFECT","items_purchased":["Melter","Lee\u0027s Waffle"],"campfire_rested":4,"item_purchase_floors":[7,13],"current_hp_per_floor":[60,49,49,49,41,9,9,5,5,26,26,23,78,78,78,65,75,48,48,48,18,18,41,11,34,48,48,48,32,32,32,59,0,0],"gold":76,"neow_bonus":"TRANSFORM_CARD","is_daily":false,"chose_seed":false,"campfire_upgraded":2,"win_rate":0.0,"timestamp":1613961655,"path_taken":["M","?","?","M","?","E","$","M","T","R","?","E","$","M","R","BOSS","M","$","?","M","?","R","E","R","T","R","?","E","?","?","R","BOSS"],"items_purchased_type":["Card","Relic"],"build_version":"2020-12-22","purchased_purges":1,"victory":false,"max_hp_per_floor":[71,71,71,71,71,71,71,71,71,71,71,71,78,78,78,78,78,78,78,78,78,78,78,78,78,92,92,92,92,92,92,92,92,92],"relic_stats":{"Sozu":3,"Lee\u0027s Waffle":55,"counters":[13,62],"Juzu Bracelet":1,"Whetstone":["Strike_B","Melter"],"obtain_stats":[{"Sozu":17,"Lee\u0027s Waffle":13,"Anchor":29,"Mango":26,"Juzu Bracelet":24,"Whetstone":9,"Cracked Core":0,"StrikeDummy":12,"Toy Ornithopter":6},{"Sozu":8,"Lee\u0027s Waffle":6,"Anchor":12,"Mango":11,"Juzu Bracelet":11,"Whetstone":5,"Cracked Core":0,"StrikeDummy":6,"Toy Ornithopter":4},{"Sozu":30,"Lee\u0027s Waffle":19,"Anchor":50,"Mango":44,"Juzu Bracelet":44,"Whetstone":14,"Cracked Core":0,"StrikeDummy":19,"Toy Ornithopter":12}],"Toy Ornithopter":20},"card_choices":[{"not_picked":["Conserve Battery","Hologram"],"picked":"Beam Cell","floor":1},{"not_picked":["Beam Cell","Cold Snap","Compile Driver"],"picked":"SKIP","floor":4},{"not_picked":["BootSequence","Skim"],"picked":"Sweeping Beam","floor":5},{"not_picked":["Cold Snap","Recycle"],"picked":"Ball Lightning","floor":6},{"not_picked":["All For One","Ball Lightning"],"picked":"Conserve Battery","floor":8},{"not_picked":["Sweeping Beam","Aggregate","Recycle"],"picked":"SKIP","floor":12},{"not_picked":["Hologram","Rebound"],"picked":"Genetic Algorithm","floor":14},{"not_picked":["Meteor Strike","Creative AI"],"picked":"Thunder Strike","floor":16},{"not_picked":["Beam Cell","Steam"],"picked":"Cold Snap","floor":18},{"not_picked":["Ball Lightning","Buffer"],"picked":"Coolheaded","floor":21},{"not_picked":["Amplify","Blizzard"],"picked":"Undo","floor":24},{"not_picked":["Chill","Leap"],"picked":"Turbo","floor":29}],"player_experience":1625368,"relics_obtained":[{"floor":6,"key":"Toy Ornithopter"},{"floor":9,"key":"Whetstone"},{"floor":12,"key":"StrikeDummy"},{"floor":24,"key":"Juzu Bracelet"},{"floor":26,"key":"Mango"},{"floor":29,"key":"Anchor"}],"event_choices":[{"damage_healed":0,"gold_gain":75,"player_choice":"Gather Gold","damage_taken":11,"max_hp_gain":0,"max_hp_loss":0,"event_name":"World of Goop","floor":2,"gold_loss":0},{"cards_removed":["Defend_B"],"damage_healed":0,"gold_gain":0,"player_choice":"Offered Basic","damage_taken":0,"max_hp_gain":0,"max_hp_loss":0,"event_name":"Bonfire Elementals","floor":3,"gold_loss":0},{"damage_healed":0,"gold_gain":0,"player_choice":"Fled","damage_taken":0,"max_hp_gain":0,"max_hp_loss":0,"event_name":"Scrap Ooze","floor":11,"gold_loss":0},{"damage_healed":0,"gold_gain":0,"player_choice":"Paid Fearfully","damage_taken":0,"max_hp_gain":0,"max_hp_loss":0,"event_name":"Masked Bandits","floor":20,"gold_loss":68},{"damage_healed":0,"gold_gain":0,"player_choice":"Smashed Altar","damage_taken":0,"max_hp_gain":0,"max_hp_loss":0,"event_name":"Forgotten Altar","floor":22,"gold_loss":0,"cards_obtained":["Decay"]},{"cards_removed":["Decay"],"damage_healed":0,"gold_gain":0,"player_choice":"Removed Curses","damage_taken":0,"max_hp_gain":0,"max_hp_loss":0,"event_name":"Fountain of Cleansing","floor":28,"gold_loss":0},{"damage_healed":0,"gold_gain":0,"player_choice":"Ignored","damage_taken":0,"max_hp_gain":0,"max_hp_loss":0,"event_name":"Cursed Tome","floor":31,"gold_loss":0}],"is_beta":false,"boss_relics":[{"not_picked":["Calling Bell","Philosopher\u0027s Stone"],"picked":"Sozu"}],"items_purged_floors":[19],"is_endless":false,"potions_floor_spawned":[5,6,8,12,16,21,24,29],"killed_by":"Automaton","ascension_level":17}}