{"host":"6a9c3xws62y7efyw","time":1613967390,"event":{"mods":["BaseMod","Colored Map","Minty Spire (QoL Compilation)","Relic Stats","StSLib"],"gold_per_floor":[114,63,63,28,39,65,81,81,81,81,104,130,150,175,175,251,251,261,261,151,170,183,183,214,3,29,46,46,226,226,252,252,330,330,345,345,359,375,375,375],"floor_reached":39,"language":"ENG","playtime":2225,"items_purged":[],"score":924,"play_id":"54f3e1a2-5224-4d2c-9832-443cddaac6c7","local_time":"20210221201630","is_ascension_mode":true,"campfire_choices":[{"data":"Dagger Spray","floor":8.0,"key":"SMITH"},{"data":"Burst","floor":10.0,"key":"SMITH"},{"data":"Well Laid Plans","floor":15.0,"key":"SMITH"},{"floor":23.0,"key":"REST"},{"data":"Leg Sweep","floor":28.0,"key":"SMITH"},{"floor":30.0,"key":"REST"},{"floor":32.0,"key":"REST"}],"circlet_count":0,"master_deck":["AscendersBane","Strike_G","Strike_G","Strike_G","Strike_G","Defend_G","Defend_G","Defend_G","Defend_G","Defend_G","Survivor+1","Neutralize","Sucker Punch","Dagger Throw","Dagger Spray+1","Burst+1","Dash","Well Laid Plans+1","Dagger Throw","Leg Sweep+1","Envenom","Quick Slash","Necronomicurse","Underhanded Strike","Catalyst+1","All Out Attack","Skewer","Reflex+1","Wraith Form v2","CurseOfTheBell","Predator+1"],"relics":["Ring of the Snake","Ninja Scroll","Bottled Lightning","Regal Pillow","Happy Flower","Bag of Preparation","Snecko Eye","Necronomicon","Anchor","Bronze Scales","Ancient Tea Set","Darkstone Periapt","Calling Bell","Boot","Singing Bowl","Tingsha"],"acts_visited":["Exordium","TheCity","TheBeyond"],"potions_floor_usage":[39],"damage_taken":[{"damage":3.0,"enemies":"Cultist","floor":1.0,"turns":4.0},{"damage":0.0,"enemies":"2 Louse","floor":5.0,"turns":3.0},{"damage":29.0,"enemies":"3 Sentries","floor":6.0,"turns":11.0},{"damage":0.0,"enemies":"Jaw Worm","floor":7.0,"turns":4.0},{"damage":0.0,"enemies":"Gremlin Nob","floor":12.0,"turns":3.0},{"damage":1.0,"enemies":"Looter","floor":13.0,"turns":3.0},{"damage":5.0,"enemies":"Lagavulin","floor":14.0,"turns":4.0},{"damage":14.0,"enemies":"The Guardian","floor":16.0,"turns":19.0},{"damage":1.0,"enemies":"Chosen","floor":18.0,"turns":5.0},{"damage":8.0,"enemies":"Spheric Guardian","floor":21.0,"turns":4.0},{"damage":10.0,"enemies":"Snecko","floor":22.0,"turns":5.0},{"damage":21.0,"enemies":"Gremlin Leader","floor":24.0,"turns":11.0},{"damage":4.0,"enemies":"Snake Plant","floor":27.0,"turns":3.0},{"damage":16.0,"enemies":"Slavers","floor":31.0,"turns":4.0},{"damage":34,"enemies":"Champ","floor":33,"turns":8},{"damage":5,"enemies":"3 Darklings","floor":35,"turns":4},{"damage":4,"enemies":"Orb Walker","floor":37,"turns":3},{"damage":0,"enemies":"Jaw Worm Horde","floor":38,"turns":4},{"damage":78,"enemies":"Writhing Mass","floor":39,"turns":6}],"seed_played":"-5309563827072039559","potions_obtained":[{"floor":0.0,"key":"AttackPotion"},{"floor":0.0,"key":"CunningPotion"},{"floor":7.0,"key":"EssenceOfSteel"},{"floor":12.0,"key":"AttackPotion"},{"floor":14.0,"key":"FearPotion"},{"floor":16.0,"key":"Energy Potion"},{"floor":27.0,"key":"ColorlessPotion"},{"floor":33,"key":"SpeedPotion"}],"is_trial":false,"path_per_floor":["M","$","?","?","M","E","M","R","T","R","T","E","M","E","R","B",null,"M","?","?","M","M","R","E","$","T","M","R","?","R","E","R","B",null,"M","?","M","M","M"],"character_chosen":"THE_SILENT","items_purchased":["Dagger Throw","Bronze Scales","All Out Attack"],"campfire_rested":3,"item_purchase_floors":[2,25,25],"current_hp_per_floor":[56,56,61,71,71,42,42,42,42,42,42,42,41,36,36,22,59,58,37,37,29,19,55,34,34,34,30,30,11,47,31,67,33,68,65,65,61,63,0,0],"gold":375,"neow_bonus":"THREE_SMALL_POTIONS","is_daily":false,"chose_seed":false,"campfire_upgraded":4,"win_rate":0.0,"timestamp":1613967390,"path_taken":["M","$","?","?","M","E","M","R","T","R","?","E","M","E","R","BOSS","M","?","?","?","?","R","E","$","T","M","R","?","R","E","R","BOSS","M","?","M","M","M"],"items_purchased_type":["Card","Relic","Card"],"build_version":"2020-12-22","purchased_purges":0,"victory":false,"max_hp_per_floor":[66,66,71,71,71,71,71,71,71,71,71,71,71,71,71,71,71,71,71,71,71,71,71,71,71,71,71,71,71,71,71,71,71,77,79,79,79,81,81,81],"relic_stats":{"Darkstone Periapt":6,"Regal Pillow":45,"Happy Flower":[27],"Singing Bowl":4,"counters":[19,108],"Tingsha":[19],"Bag of Preparation":[0],"Boot":[35],"Bronze Scales":[99],"Snecko Eye":[89,89,117,104],"Necronomicon":[30],"obtain_stats":[{"Darkstone Periapt":31,"Regal Pillow":11,"Happy Flower":12,"Singing Bowl":34,"Tingsha":34,"Bag of Preparation":14,"Ancient Tea Set":26,"Boot":34,"Calling Bell":34,"Anchor":24,"Ninja Scroll":6,"Bronze Scales":25,"Snecko Eye":17,"Necronomicon":19,"Bottled Lightning":9,"Ring of the Snake":0},{"Darkstone Periapt":14,"Regal Pillow":4,"Happy Flower":5,"Singing Bowl":15,"Tingsha":15,"Bag of Preparation":7,"Ancient Tea Set":12,"Boot":15,"Calling Bell":15,"Anchor":12,"Ninja Scroll":3,"Bronze Scales":12,"Snecko Eye":8,"Necronomicon":9,"Bottled Lightning":4,"Ring of the Snake":0},{"Darkstone Periapt":83,"Regal Pillow":22,"Happy Flower":25,"Singing Bowl":91,"Tingsha":91,"Bag of Preparation":32,"Ancient Tea Set":76,"Boot":91,"Calling Bell":91,"Anchor":76,"Ninja Scroll":18,"Bronze Scales":76,"Snecko Eye":51,"Necronomicon":56,"Bottled Lightning":22,"Ring of the Snake":0}],"Ring of the Snake":[16]},"card_choices":[{"not_picked":["Underhanded Strike","Caltrops"],"picked":"Sucker Punch","floor":1.0},{"not_picked":["Acrobatics","Dodge and Roll"],"picked":"Dagger Spray","floor":5.0},{"not_picked":["Grand Finale","Flying Knee"],"picked":"Burst","floor":6.0},{"not_picked":["Underhanded Strike","Flying Knee"],"picked":"Dash","floor":7.0},{"not_picked":["Heel Hook","Reflex"],"picked":"Well Laid Plans","floor":12.0},{"not_picked":["Quick Slash","Slice"],"picked":"Dagger Throw","floor":13.0},{"not_picked":["Bane","Setup"],"picked":"Leg Sweep","floor":14.0},{"not_picked":["Grand Finale","Glass Knife"],"picked":"Envenom","floor":16.0},{"not_picked":["PiercingWail","Outmaneuver"],"picked":"Quick Slash","floor":18.0},{"not_picked":["Dodge and Roll","Terror"],"picked":"Underhanded Strike","floor":21.0},{"not_picked":["Deadly Poison","Dagger Throw","Noxious Fumes"],"picked":"SKIP","floor":22.0},{"not_picked":["Calculated Gamble","Prepared"],"picked":"Catalyst+1","floor":24.0},{"not_picked":["Tactician","Dagger Spray"],"picked":"Skewer","floor":27.0},{"not_picked":["Grand Finale","Expertise"],"picked":"Reflex+1","floor":31.0},{"not_picked":["Venomology","Bullet Time"],"picked":"Wraith Form v2","floor":33},{"not_picked":["Accuracy","Quick Slash","Sucker Punch"],"picked":"Singing Bowl","floor":35},{"not_picked":["Blade Dance","Bane"],"picked":"Predator+1","floor":37},{"not_picked":["PiercingWail+1","Dagger Throw","Bane"],"picked":"Singing Bowl","floor":38}],"player_experience":1571796,"relics_obtained":[{"floor":6.0,"key":"Ninja Scroll"},{"floor":9.0,"key":"Bottled Lightning"},{"floor":11.0,"key":"Regal Pillow"},{"floor":12.0,"key":"Happy Flower"},{"floor":14.0,"key":"Bag of Preparation"},{"floor":19.0,"key":"Necronomicon"},{"floor":24.0,"key":"Anchor"},{"floor":26.0,"key":"Ancient Tea Set"},{"floor":31.0,"key":"Darkstone Periapt"},{"floor":34,"key":"Boot"},{"floor":34,"key":"Singing Bowl"},{"floor":34,"key":"Tingsha"}],"event_choices":[{"damage_healed":0.0,"max_hp_gain":5.0,"max_hp_loss":0.0,"gold_gain":0.0,"event_name":"Big Fish","player_choice":"Donut","floor":3.0,"gold_loss":0.0,"damage_taken":0.0},{"damage_healed":17.0,"max_hp_gain":0.0,"max_hp_loss":0.0,"gold_gain":0.0,"event_name":"The Cleric","player_choice":"Healed","floor":4.0,"gold_loss":35.0,"damage_taken":0.0},{"damage_healed":0.0,"max_hp_gain":0.0,"max_hp_loss":0.0,"gold_gain":0.0,"event_name":"Cursed Tome","player_choice":"Obtained Book","floor":19.0,"gold_loss":0.0,"damage_taken":21.0},{"cards_removed":["Strike_G"],"damage_healed":0.0,"max_hp_gain":0.0,"max_hp_loss":0.0,"gold_gain":0.0,"event_name":"Designer","player_choice":"Upgrade and Remove","floor":20.0,"gold_loss":110.0,"damage_taken":0.0,"cards_upgraded":["Survivor"]},{"damage_healed":0.0,"max_hp_gain":0.0,"max_hp_loss":0.0,"gold_gain":180.0,"event_name":"Knowing Skull","player_choice":"GOLD GOLD ","floor":29.0,"potions_obtained":[],"gold_loss":0.0,"damage_taken":19.0,"cards_obtained":[]},{"damage_healed":0,"gold_gain":0,"player_choice":"Ignored","damage_taken":0,"max_hp_gain":0,"max_hp_loss":0,"event_name":"Tomb of Lord Red Mask","floor":36,"gold_loss":0}],"is_beta":false,"boss_relics":[{"not_picked":["SacredBark","Black Star"],"picked":"Snecko Eye"},{"not_picked":["Runic Pyramid","WristBlade"],"picked":"Calling Bell"}],"items_purged_floors":[],"is_endless":false,"potions_floor_spawned":[7,12,14,16,21,27,33,37],"killed_by":"Writhing Mass","ascension_level":20}}