{"host":"9kesdg97wkrx2bva","time":1613981124,"event":{"mods":["AchievementEnabler","BaseMod","Colored Map","GifTheSpireLib","Infinite Spire","Minty Spire (QoL Compilation)","Replay The Spire","StSLib"],"gold_per_floor":[112,129,129,129,54,54,85,99,99,99,99,99,109,109,122,132,132,211,211,182,182,198,212,212,212,212],"floor_reached":25,"language":"ENG","playtime":611,"items_purged":["Strike_G","Strike_G"],"score":376,"play_id":"b2b36d1d-5dea-4b80-9699-9085f362e5fc","local_time":"20210222020524","is_ascension_mode":true,"campfire_choices":[{"data":"Deadly Poison","floor":6,"key":"SMITH"},{"data":"Bouncing Flask","floor":10,"key":"SMITH"},{"floor":14,"key":"REST"}],"circlet_count":0,"master_deck":["AscendersBane","Strike_G","Strike_G","Defend_G","Defend_G","Defend_G","Defend_G","Defend_G","Survivor","Neutralize","Venomology","Deadly Poison+1","Deadly Poison+1","Footwork","Bouncing Flask+1","Crippling Poison","Leg Sweep","Replay:Bag of Tricks","Deadly Poison","infinitespire:SevenWalls"],"relics":["Ring of the Snake","Tingsha","BranchBurnRelic","infinitespire:Cupcake","Matryoshka"],"acts_visited":["Exordium","TheCity"],"potions_floor_usage":[1,2,7,15,16,16,18,18,22,23,25],"damage_taken":[{"damage":1,"enemies":"Cultist","floor":1,"turns":4},{"damage":5,"enemies":"2 Louse","floor":2,"turns":3},{"damage":29,"enemies":"Lagavulin","floor":7,"turns":7},{"damage":8,"enemies":"Small Slimes","floor":8,"turns":5},{"damage":1,"enemies":"3 Louse","floor":13,"turns":2},{"damage":4,"enemies":"Blue Slaver","floor":15,"turns":4},{"damage":16,"enemies":"Exordium Thugs","floor":16,"turns":6},{"damage":10,"enemies":"The Guardian","floor":18,"turns":7},{"damage":6,"enemies":"2 Thieves","floor":20,"turns":4},{"damage":4,"enemies":"Shell Parasite","floor":22,"turns":4},{"damage":14,"enemies":"Snake Plant","floor":23,"turns":5},{"damage":27,"enemies":"Gremlin Leader","floor":25,"turns":3}],"seed_played":"-3835313344308776530","potions_obtained":[{"floor":7,"key":"Swift Potion"},{"floor":8,"key":"Languid Potion"},{"floor":16,"key":"Strength Potion"},{"floor":22,"key":"Block Potion"}],"is_trial":false,"path_per_floor":["M","M","?","?","$","R","E","M","T","R","PTL","PTL","M","R","M","M","R_BF","B",null,"M","?","M","M","AVR","E"],"character_chosen":"THE_SILENT","items_purchased":[],"campfire_rested":1,"item_purchase_floors":[],"current_hp_per_floor":[58,53,58,58,58,58,29,21,21,21,21,21,20,39,49,33,33,38,58,52,34,30,16,16,0,0],"gold":212,"neow_bonus":"THREE_RARE_CARDS","is_daily":false,"chose_seed":false,"campfire_upgraded":2,"win_rate":0.0,"timestamp":1613981124,"path_taken":["M","M","?","?","$","R","E","M","T","R","PTL","PTL","M","R","?","M","R_BF","BOSS","M","?","M","M","AVR","E"],"items_purchased_type":[],"build_version":"2020-12-22","purchased_purges":2,"victory":false,"max_hp_per_floor":[60,60,65,65,65,65,65,65,65,65,65,65,65,65,65,65,65,65,65,65,70,70,70,70,70,70],"card_choices":[{"not_picked":["Grand Finale","Storm of Steel"],"picked":"Venomology","floor":0},{"not_picked":["Calculated Gamble","Distraction"],"picked":"Deadly Poison","floor":1},{"not_picked":["Underhanded Strike","Acrobatics"],"picked":"Deadly Poison","floor":2},{"not_picked":["Sucker Punch","Quick Slash"],"picked":"Footwork","floor":7},{"not_picked":["Calculated Gamble","Underhanded Strike"],"picked":"Bouncing Flask","floor":8},{"not_picked":["Distraction","Dagger Spray"],"picked":"Crippling Poison","floor":13},{"not_picked":["Hidden Blade","Choke"],"picked":"Leg Sweep","floor":15},{"not_picked":["Hidden Blade","Quick Slash","Dodge and Roll"],"picked":"SKIP","floor":16},{"not_picked":["Phantasmal Killer","Atom Bomb"],"picked":"Replay:Bag of Tricks","floor":18},{"not_picked":["Endless Agony","Backflip","Dagger Throw"],"picked":"SKIP","floor":20},{"not_picked":["Caltrops","Dagger Throw"],"picked":"Deadly Poison","floor":22},{"not_picked":["Bane","Outmaneuver","Dagger Throw"],"picked":"SKIP","floor":23}],"player_experience":1038788,"relics_obtained":[{"floor":7,"key":"Dead Branch"},{"floor":9,"key":"Tingsha"}],"event_choices":[{"damage_healed":0,"gold_gain":0,"player_choice":"Donut","damage_taken":0,"max_hp_gain":5,"max_hp_loss":0,"event_name":"Big Fish","floor":3,"gold_loss":0},{"cards_removed":["Strike_G"],"damage_healed":0,"gold_gain":0,"player_choice":"Purged","damage_taken":0,"max_hp_gain":0,"max_hp_loss":0,"event_name":"Purifier","floor":4,"gold_loss":0},{"damage_healed":0,"gold_gain":0,"player_choice":"Shed Blood","damage_taken":23,"max_hp_gain":5,"max_hp_loss":0,"event_name":"Forgotten Altar","floor":21,"gold_loss":0}],"is_beta":false,"boss_relics":[{"not_picked":["Ring of the Serpent","Calling Bell"],"picked":"infinitespire:Cupcake"}],"items_purged_floors":[5,24],"is_endless":false,"potions_floor_spawned":[7,8,16,22],"killed_by":"Gremlin Leader","ascension_level":17}}