{"host":"11728qvdvolffudn","time":1613998971,"event":{"mods":["BaseMod","Block Reminder","Colored Powertips","Curses Come First","Custom Start","Displayed Cursed Tome","Highlight Path","Minty Spire (QoL Compilation)","Permanent Neow","Quick Restart","Rare Cards Sparkle","Relic Stats","StSLib","Weighted Paths"],"gold_per_floor":[112,112,41,6,6,6,24,43,43,43,73,73,38,53,53,151,151,166,166,166,179,29,29,29,54,80,80,95,130,130,142,142,245,295,306,231,247,247,261,261,280,280,280,280,298,327,337,160,160,160],"floor_reached":51,"language":"ENG","playtime":4780,"items_purged":["Strike_R","Inflame"],"score":1035,"play_id":"4c792239-e5bf-4001-9bfe-e0d03f494194","local_time":"20210222130251","is_ascension_mode":true,"campfire_choices":[{"data":"Defend_R","floor":6,"key":"SMITH"},{"data":"Defend_R","floor":10,"key":"SMITH"},{"data":"Limit Break","floor":12,"key":"SMITH"},{"data":"Whirlwind","floor":15,"key":"SMITH"},{"floor":23,"key":"REST"},{"floor":27,"key":"REST"},{"data":"Whirlwind","floor":32,"key":"SMITH"},{"data":"Limit Break","floor":40,"key":"SMITH"},{"data":"Defend_R","floor":42,"key":"SMITH"},{"data":"Bash","floor":44,"key":"SMITH"},{"floor":49,"key":"REST"}],"circlet_count":0,"master_deck":["Strike_R","Strike_R","Strike_R","Defend_R+1","Defend_R+1","Defend_R+1","Defend_R+1","Bash+1","Limit Break+1","Cleave+1","Limit Break+1","Whirlwind+1","CurseOfTheBell","Limit Break+1","Whirlwind+1","Limit Break+1","Pummel+1","Battle Trance+1"],"relics":["Burning Blood","Paper Frog","PreservedInsect","Calling Bell","Dream Catcher","White Beast Statue","TungstenRod","MutagenicStrength","Brimstone","Frozen Egg 2","Pear","Bronze Scales","Juzu Bracelet","Darkstone Periapt","Tiny House","Gremlin Horn","War Paint"],"acts_visited":["Exordium","TheCity","TheBeyond"],"potions_floor_usage":[11,25,29,29,31,37,41,45,45,50,50,50],"damage_taken":[{"damage":10,"enemies":"2 Louse","floor":1,"turns":3},{"damage":0,"enemies":"Small Slimes","floor":7,"turns":3},{"damage":7,"enemies":"Jaw Worm","floor":8,"turns":3},{"damage":0,"enemies":"Gremlin Nob","floor":11,"turns":2},{"damage":10,"enemies":"Exordium Thugs","floor":14,"turns":5},{"damage":0,"enemies":"Slime Boss","floor":16,"turns":5},{"damage":37,"enemies":"Chosen","floor":18,"turns":6},{"damage":30,"enemies":"Spheric Guardian","floor":21,"turns":6},{"damage":29,"enemies":"Book of Stabbing","floor":25,"turns":4},{"damage":21,"enemies":"Snake Plant","floor":28,"turns":3},{"damage":0,"enemies":"Gremlin Leader","floor":29,"turns":3},{"damage":6,"enemies":"Centurion and Healer","floor":31,"turns":2},{"damage":22,"enemies":"Collector","floor":33,"turns":3},{"damage":0,"enemies":"3 Shapes","floor":35,"turns":1},{"damage":15,"enemies":"3 Darklings","floor":37,"turns":3},{"damage":16,"enemies":"Sphere and 2 Shapes","floor":39,"turns":3},{"damage":0,"enemies":"Jaw Worm Horde","floor":41,"turns":1},{"damage":31,"enemies":"Maw","floor":45,"turns":3},{"damage":1,"enemies":"Reptomancer","floor":46,"turns":2},{"damage":20,"enemies":"3 Darklings","floor":47,"turns":2},{"damage":53,"enemies":"Awakened One","floor":50,"turns":4}],"seed_played":"3645528813540006433","potions_obtained":[{"floor":1,"key":"DistilledChaos"},{"floor":11,"key":"Explosive Potion"},{"floor":18,"key":"Block Potion"},{"floor":21,"key":"FearPotion"},{"floor":25,"key":"Explosive Potion"},{"floor":29,"key":"SkillPotion"},{"floor":31,"key":"SneckoOil"},{"floor":33,"key":"SkillPotion"},{"floor":34,"key":"Energy Potion"},{"floor":37,"key":"Dexterity Potion"},{"floor":39,"key":"DistilledChaos"},{"floor":41,"key":"GamblersBrew"},{"floor":45,"key":"Explosive Potion"},{"floor":46,"key":"AttackPotion"}],"is_trial":false,"path_per_floor":["M","?","$","?","?","R","M","M","T","R","E","R","$","M","R","B",null,"M","?","?","M","$","R","?","E","T","R","M","E","T","M","R","B",null,"M","$","M","?","M","R","M","R","T","R","M","E","M","$","R","B",null],"character_chosen":"IRONCLAD","items_purchased":["Inflame","Whirlwind","Brimstone","EssenceOfSteel"],"campfire_rested":3,"item_purchase_floors":[3,13,22,48],"current_hp_per_floor":[76,76,76,80,64,64,70,69,69,69,75,75,75,71,71,77,79,48,48,48,24,24,48,48,35,35,62,47,53,53,53,53,37,82,88,88,79,79,69,69,75,75,75,75,50,55,41,41,69,22],"gold":160,"neow_bonus":"ONE_RANDOM_RARE_CARD","is_daily":false,"chose_seed":false,"campfire_upgraded":8,"win_rate":0.0,"timestamp":1613998971,"path_taken":["M","?","$","?","?","R","M","M","T","R","E","R","$","?","R","BOSS","M","?","?","M","$","R","?","E","T","R","M","E","?","M","R","BOSS","M","$","M","?","M","R","M","R","T","R","M","E","M","$","R","BOSS"],"items_purchased_type":["Card","Card","Relic","Potion"],"build_version":"2020-12-22","purchased_purges":2,"victory":true,"max_hp_per_floor":[80,80,80,80,80,80,80,80,80,80,80,80,80,80,80,80,80,80,80,80,80,80,80,80,90,90,90,90,90,90,90,90,90,95,95,95,95,95,95,95,95,95,95,95,95,95,95,95,95,95],"relic_stats":{"Darkstone Periapt":0,"Dream Catcher":3,"Gremlin Horn":[6,7],"counters":[21,67],"Bronze Scales":[60],"PreservedInsect":145,"Juzu Bracelet":0,"War Paint":[],"obtain_stats":[{"Darkstone Periapt":30,"Pear":25,"Tiny House":34,"Gremlin Horn":43,"PreservedInsect":11,"Juzu Bracelet":29,"Frozen Egg 2":24,"War Paint":46,"Burning Blood":0,"White Beast Statue":17,"Calling Bell":17,"Dream Catcher":17,"Brimstone":22,"MutagenicStrength":19,"Bronze Scales":26,"TungstenRod":17,"Paper Frog":9},{"Darkstone Periapt":11,"Pear":9,"Tiny House":13,"Gremlin Horn":17,"PreservedInsect":4,"Juzu Bracelet":11,"Frozen Egg 2":8,"War Paint":19,"Burning Blood":0,"White Beast Statue":6,"Calling Bell":6,"Dream Catcher":6,"Brimstone":8,"MutagenicStrength":7,"Bronze Scales":9,"TungstenRod":6,"Paper Frog":3},{"Darkstone Periapt":43,"Pear":37,"Tiny House":48,"Gremlin Horn":56,"PreservedInsect":11,"Juzu Bracelet":43,"Frozen Egg 2":33,"War Paint":61,"Burning Blood":0,"White Beast Statue":21,"Calling Bell":21,"Dream Catcher":21,"Brimstone":33,"MutagenicStrength":27,"Bronze Scales":37,"TungstenRod":21,"Paper Frog":9}],"Burning Blood":126,"TungstenRod":33},"card_choices":[{"not_picked":["Rupture","Sword Boomerang"],"picked":"Cleave","floor":1},{"not_picked":["True Grit","Anger","Pommel Strike"],"picked":"SKIP","floor":7},{"not_picked":["Seeing Red","Cleave","Armaments"],"picked":"SKIP","floor":8},{"not_picked":["Disarm","Rupture"],"picked":"Limit Break","floor":11},{"not_picked":["True Grit","Headbutt","Perfected Strike"],"picked":"SKIP","floor":14},{"not_picked":["True Grit","Armaments+1","Entrench+1"],"picked":"SKIP","floor":18},{"not_picked":["Anger","Rage","Iron Wave"],"picked":"SKIP","floor":21},{"not_picked":["Evolve+1","Armaments+1","Dark Embrace+1"],"picked":"SKIP","floor":25},{"not_picked":["Infernal Blade","Rage"],"picked":"Limit Break","floor":27},{"not_picked":["Carnage","Dropkick","Ghostly Armor+1"],"picked":"SKIP","floor":28},{"not_picked":["Warcry","Thunderclap","Anger"],"picked":"SKIP","floor":29},{"not_picked":["Shrug It Off","Intimidate"],"picked":"Whirlwind","floor":31},{"not_picked":["Feed","Exhume"],"picked":"Limit Break","floor":33},{"not_picked":["Shrug It Off+1","Armaments","Pommel Strike+1"],"picked":"SKIP","floor":35},{"not_picked":["Sword Boomerang+1","Demon Form+1"],"picked":"Pummel+1","floor":37},{"not_picked":["Body Slam+1","Thunderclap+1","Pommel Strike+1"],"picked":"SKIP","floor":39},{"not_picked":["Inflame+1","Shrug It Off+1","Perfected Strike+1"],"picked":"SKIP","floor":41},{"not_picked":["Anger","Dark Embrace+1","Power Through+1"],"picked":"SKIP","floor":45},{"not_picked":["Ghostly Armor+1","Pommel Strike"],"picked":"Battle Trance+1","floor":46},{"not_picked":["Bloodletting","Battle Trance","Feel No Pain+1"],"picked":"SKIP","floor":47}],"player_experience":228326,"relics_obtained":[{"floor":9,"key":"Paper Frog"},{"floor":11,"key":"PreservedInsect"},{"floor":17,"key":"Dream Catcher"},{"floor":17,"key":"White Beast Statue"},{"floor":17,"key":"TungstenRod"},{"floor":25,"key":"Pear"},{"floor":26,"key":"Bronze Scales"},{"floor":29,"key":"Juzu Bracelet"},{"floor":30,"key":"Darkstone Periapt"},{"floor":43,"key":"Gremlin Horn"},{"floor":46,"key":"War Paint"}],"event_choices":[{"damage_healed":0,"gold_gain":0,"player_choice":"Grow","damage_taken":0,"max_hp_gain":0,"max_hp_loss":0,"event_name":"Living Wall","floor":2,"gold_loss":0,"cards_upgraded":["Cleave"]},{"damage_healed":20,"gold_gain":0,"player_choice":"Healed","damage_taken":0,"max_hp_gain":0,"max_hp_loss":0,"event_name":"The Cleric","floor":4,"gold_loss":35},{"damage_healed":0,"gold_gain":0,"player_choice":"Entered Light","damage_taken":16,"max_hp_gain":0,"max_hp_loss":0,"event_name":"Shining Light","floor":5,"gold_loss":0,"cards_upgraded":["Defend_R","Limit Break"]},{"damage_healed":0,"gold_gain":0,"player_choice":"Inject Mutagens","damage_taken":0,"relics_obtained":["MutagenicStrength"],"max_hp_gain":0,"max_hp_loss":0,"event_name":"Drug Dealer","floor":19,"gold_loss":0},{"damage_healed":0,"gold_gain":0,"player_choice":"Ignored","damage_taken":0,"max_hp_gain":0,"max_hp_loss":0,"event_name":"Ghosts","floor":20,"gold_loss":0},{"damage_healed":0,"gold_gain":0,"player_choice":"Opened","damage_taken":0,"relics_obtained":["Frozen Egg 2"],"max_hp_gain":0,"max_hp_loss":0,"event_name":"The Mausoleum","floor":24,"gold_loss":0},{"cards_removed":["Strike_R"],"damage_healed":0,"gold_gain":0,"player_choice":"Removed Attack","damage_taken":0,"max_hp_gain":0,"max_hp_loss":0,"event_name":"Falling","floor":38,"gold_loss":0}],"is_beta":false,"boss_relics":[{"not_picked":["Runic Cube","Mark of Pain"],"picked":"Calling Bell"},{"not_picked":["Fusion Hammer","Runic Dome"],"picked":"Tiny House"}],"items_purged_floors":[36,48],"is_endless":false,"potions_floor_spawned":[1,11,18,21,25,28,29,31,33,35,37,39,41,45,46,47],"ascension_level":5}}