{"host":"72n3jwtrlpjobydj","time":1613985984,"event":{"mods":["AchievementEnabler","Act Like it!","Arknights","BaseMod","CapriCore","DeckTracker","Hermit","Koishi","Lobotomy","Marisa£¨Ùöéë¡¡Øª×âÞÞ£©","Minty Spire (QoL Compilation)","Permanent Neow","StSLib","SuperFastMode","The Cursed","The Gatherer","The Hierophant","The Immortal"],"gold_per_floor":[114,128,143,157,157,157,157,157],"floor_reached":7,"language":"KOR","playtime":229,"items_purged":[],"score":43,"play_id":"a530f271-a134-4335-a9b7-bd5ba8230f50","local_time":"20210222182624","is_ascension_mode":false,"campfire_choices":[{"floor":6,"key":"REST"}],"circlet_count":0,"master_deck":["ats:Strike C","ats:Strike G","ats:Strike S","ats:Strike V","ats:Armor Crushing Shot","ats:Defend","ats:Defend","ats:Defend","ats:Defend","ats:Emotion Absorption","ats:Rat Pack","ats:Shadow Raid"],"relics":["ats:Sanity"],"acts_visited":["Exordium"],"potions_floor_usage":[7],"damage_taken":[{"damage":12,"enemies":"Cultist","floor":1,"turns":5},{"damage":2,"enemies":"2 Louse","floor":2,"turns":3},{"damage":5,"enemies":"Small Slimes","floor":3,"turns":4},{"damage":28,"enemies":"Exordium Thugs","floor":4,"turns":8},{"damage":68,"enemies":"Lagavulin","floor":7,"turns":12}],"seed_played":"-4809729890368454715","potions_obtained":[{"floor":3,"key":"Regen Potion"},{"floor":4,"key":"GamblersBrew"}],"is_trial":false,"path_per_floor":["M","M","M","M","?","R","E"],"character_chosen":"DOCTOR_CLASS","items_purchased":[],"campfire_rested":1,"item_purchase_floors":[],"current_hp_per_floor":[60,58,53,25,25,46,0,0],"gold":157,"neow_bonus":"ONE_RANDOM_RARE_CARD","is_daily":false,"chose_seed":false,"campfire_upgraded":0,"win_rate":0.0,"timestamp":1613985984,"path_taken":["M","?","M","?","?","R","E"],"items_purchased_type":[],"build_version":"2020-12-22","purchased_purges":0,"victory":false,"max_hp_per_floor":[72,72,72,72,72,72,72,72],"card_choices":[{"not_picked":["ats:Poison Spread","ats:Blood Oath","ats:Guard Mode"],"picked":"SKIP","floor":1},{"not_picked":["ats:Consecutive Shot Auto","ats:Mental Burst","ats:Blood Oath"],"picked":"SKIP","floor":2},{"not_picked":["ats:Shell Defense","ats:Cat Scratch"],"picked":"ats:Shadow Raid","floor":3},{"not_picked":["ats:Cat Scratch","ats:Thermite Blade","ats:Soul Rend"],"picked":"SKIP","floor":4}],"player_experience":123636,"relics_obtained":[],"event_choices":[{"damage_healed":0,"gold_gain":0,"player_choice":"Ignored","damage_taken":0,"max_hp_gain":0,"max_hp_loss":0,"event_name":"Shining Light","floor":5,"gold_loss":0}],"is_beta":false,"boss_relics":[],"items_purged_floors":[],"is_endless":false,"potions_floor_spawned":[3,4],"killed_by":"Lagavulin","ascension_level":0}}