{"host":"5td1gsj4mnrioltg","time":1613988477,"event":{"mods":["2.2 Compatiblity","AchievementEnabler","Act Like it!","Aspiration","BaseMod","Beaked The Cultist","Better Altar","Better Match","Better Note","Better Sensory Stone","Better Silent Start","Better Skull","Better Third Choice","Better Vampires","BetterRewards","Bossed Relics","Colored Map","Colored Powertips","Displayed Cursed Tome","Downfall","Emptier Cage","Evolution","Friendly Minions","GifTheSpireLib","Highlight Path","Ironclad Rager","Jedi Mod","JesterMod","Mad Scientist","Menagerie","Minty Spire (QoL Compilation)","Permanent Neow","Quick Restart","Reliquary","Replay The Spire","Reworked Bosses","Shade Mod","Shapeshifter Mod","Spicy Shops","StSLib","The Blue Laboratory","The Dragon Tamer","The Dragonkin","The Druid","The Elementalist","The Marked","The Necromancer","The Runesmith","Thieving Mod","Transform Curses","Wandering Minibosses"],"gold_per_floor":[113,124,124,141,161,161,161,172,172,172,185,211,136,153,251,347,347,364,24,41,41,41,66,78,120,132,144,156,168,193,205,217,240,252,368,380,411,423,453,484,496,508,548,329,329,347,410,112,122,133,133,133],"floor_reached":53,"language":"ENG","playtime":2171,"items_purged":["StSShapeShifter:ShapeShifter_Strike","StSShapeShifter:ShapeShifter_Strike","StSShapeShifter:ShapeShifter_Strike+1","StSShapeShifter:ShapeShifter_Defend+1"],"score":1024,"play_id":"45ff33af-d732-481f-8ced-8e9afb56ad0f","local_time":"20210222020757","is_ascension_mode":true,"campfire_choices":[{"data":"StSShapeShifter:MysticalSeed","floor":6.0,"key":"SMITH"},{"data":"StSShapeShifter:DeepWound","floor":10.0,"key":"SMITH"},{"floor":24.0,"key":"RECALL"},{"data":"StSShapeShifter:BaskInBloom","floor":27.0,"key":"SMITH"},{"data":"StSShapeShifter:ShapeShifter_Strike","floor":34.0,"key":"PURGE"},{"data":"StSShapeShifter:ShapeShifter_Strike","floor":42.0,"key":"SMITH"},{"data":"StSShapeShifter:BaskInBloom","floor":51,"key":"SMITH"}],"circlet_count":0,"master_deck":["StSShapeShifter:ShapeShifter_Defend+1","StSShapeShifter:ShapeShifter_Defend+1","StSShapeShifter:ShapeShifter_Defend+1","StSShapeShifter:ShapeShifter_Defend+1","StSShapeShifter:ReplenishingNectar+1","StSShapeShifter:MysticalSeed+1","StSShapeShifter:MysticalSeed+1","StSShapeShifter:BaskInBloom+1","StSShapeShifter:BaskInBloom","StSShapeShifter:Synchronicity+1","StSShapeShifter:BaskInBloom+1","StSShapeShifter:HydraForm"],"relics":["StSShapeShifter:AnimalHeart","StSShapeShifter:TheShapeShiftersMagnolia","EVO:Axolotl","CaptainsWheel","Replay:Towering Pillar of Hats","reliquary:FeatherDuster","MawBank","reliquary:PartyBalloon","Replay:Bottled Eggs","Velvet Choker","StSShapeShifter:EmeraldPantherFigurine","jedi:cryingmask","Thread and Needle","wanderingMiniBosses:CarrionFlame","Oddly Smooth Stone"],"acts_visited":["Exordium","TheCity","TheBeyond"],"potions_floor_usage":[50,52,52],"damage_taken":[{"damage":0.0,"enemies":"Jaw Worm","floor":1.0,"turns":3.0},{"damage":0.0,"enemies":"Cultist","floor":2.0,"turns":2.0},{"damage":9.0,"enemies":"Small Slimes","floor":4.0,"turns":5.0},{"damage":0.0,"enemies":"3 Louse","floor":5.0,"turns":3.0},{"damage":14.0,"enemies":"Exordium Thugs","floor":8.0,"turns":5.0},{"damage":12.0,"enemies":"Blue Slaver","floor":11.0,"turns":5.0},{"damage":10.0,"enemies":"Gremlin Nob","floor":12.0,"turns":4.0},{"damage":2.0,"enemies":"3 Louse","floor":14.0,"turns":3.0},{"damage":10.0,"enemies":"Slime Boss","floor":16.0,"turns":7.0},{"damage":19.0,"enemies":"Shell Parasite","floor":18.0,"turns":8.0},{"damage":1.0,"enemies":"3 Byrds","floor":20.0,"turns":8.0},{"damage":19.0,"enemies":"Replay:Snechameleon","floor":23.0,"turns":7.0},{"damage":18.0,"enemies":"Slavers","floor":25.0,"turns":5.0},{"damage":66.0,"enemies":"Snake Plant","floor":30.0,"turns":5.0},{"damage":4.0,"enemies":"Chosen and Byrds","floor":33.0,"turns":6.0},{"damage":0.0,"enemies":"bossMod:newChamp","floor":35.0,"turns":7.0},{"damage":9.0,"enemies":"3 Darklings","floor":37.0,"turns":6.0},{"damage":30.0,"enemies":"3 Shapes","floor":39.0,"turns":6.0},{"damage":12.0,"enemies":"Sphere and 2 Shapes","floor":40.0,"turns":7.0},{"damage":0.0,"enemies":"Giant Head","floor":43.0,"turns":5.0},{"damage":89.0,"enemies":"Transient","floor":46.0,"turns":5.0},{"damage":1,"enemies":"Spire Growth","floor":49,"turns":4},{"damage":38,"enemies":"Sphere and 2 Shapes","floor":50,"turns":4},{"damage":30,"enemies":"Time Eater","floor":52,"turns":7}],"seed_played":"1238893580705636030","potions_obtained":[{"floor":1.0,"key":"BlessingOfTheForge"},{"floor":8.0,"key":"CultistPotion"},{"floor":12.0,"key":"FearPotion"},{"floor":14.0,"key":"blueLaboratory:HorrorPotion"},{"floor":16.0,"key":"blueLaboratory:NullPotion"},{"floor":18.0,"key":"blueLaboratory:HorrorPotion"},{"floor":40.0,"key":"blueLaboratory:BottleOfRum"},{"floor":43.0,"key":"Reflective Coating"},{"floor":46.0,"key":"CultistPotion"},{"floor":47.0,"key":"DuplicationPotion"}],"is_trial":false,"path_per_floor":["M","M","?","M","M","R","?","M","T","R","M","E","$","M","R_BF","B",null,"M","$","M","?","$","E","R","E","T","R","PTL","PTL","M","?","?","M","R_BF","B",null,"M","?","M","M","?","R","E","$","T","M","?","$","M","M","R","B",null],"character_chosen":"SHAPESHIFTER","items_purchased":["reliquary:FeatherDuster","jedi:cryingmask","StSShapeShifter:BaskInBloom","blueLaboratory:BottleOfVodka"],"campfire_rested":0,"item_purchase_floors":[19,44,44,48],"current_hp_per_floor":[78,78,78,70,73,73,57,48,48,48,43,42,42,51,51,54,72,66,66,77,77,77,68,68,71,71,71,71,71,28,28,28,49,49,76,78,69,69,68,71,71,71,78,78,78,24,5,5,41,42,42,53],"gold":133,"neow_bonus":"ONE_RANDOM_RARE_CARD","is_daily":false,"chose_seed":false,"campfire_upgraded":5,"win_rate":0.0,"timestamp":1613988477,"path_taken":["M","M","?","?","?","R","?","M","T","R","M","E","$","M","R_BF","BOSS","M","$","M","?","$","E","R","E","T","R","PTL","PTL","?","?","?","?","R_BF","BOSS","M","?","M","M","?","R","E","?","T","M","?","$","M","M","R","BOSS"],"items_purchased_type":["Relic","Relic","Card","Potion"],"build_version":"2020-12-22","purchased_purges":4,"victory":true,"max_hp_per_floor":[78,78,78,78,78,78,78,78,78,78,78,78,78,78,78,78,78,78,78,78,78,78,78,78,78,78,78,78,78,78,78,78,78,78,78,78,78,78,78,78,78,78,78,78,78,78,78,78,78,78,78,78],"card_choices":[{"not_picked":["StSShapeShifter:WiltingWrath","StSShapeShifter:Maul"],"picked":"StSShapeShifter:ReplenishingNectar","floor":1.0},{"not_picked":["StSShapeShifter:Flourish","StSShapeShifter:GoldenBerries"],"picked":"StSShapeShifter:DeepWound","floor":2.0},{"not_picked":["StSShapeShifter:PoisonIvy","StSShapeShifter:EntForm","StSShapeShifter:Maul"],"picked":"SKIP","floor":4.0},{"not_picked":["StSShapeShifter:WiltingWrath","StSShapeShifter:Sapling"],"picked":"StSShapeShifter:MysticalSeed","floor":5.0},{"not_picked":["StSShapeShifter:Rest","StSShapeShifter:ThornToss","StSShapeShifter:EagleForm"],"picked":"SKIP","floor":8.0},{"not_picked":["StSShapeShifter:Rabid","StSShapeShifter:LeapingSlash","StSShapeShifter:FoxForm"],"picked":"SKIP","floor":11.0},{"not_picked":["StSShapeShifter:TopazSkin","StSShapeShifter:VineHandcuffs","StSShapeShifter:DeepWound"],"picked":"SKIP","floor":12.0},{"not_picked":["StSShapeShifter:MonkeyForm","StSShapeShifter:SquirrelForm","StSShapeShifter:Rabid"],"picked":"SKIP","floor":14.0},{"not_picked":["StSShapeShifter:BloomingSlash+1","StSShapeShifter:FesteringBite","StSShapeShifter:Mystical_Branch"],"picked":"SKIP","floor":18.0},{"not_picked":["StSShapeShifter:Guard+1","StSShapeShifter:RockSlide","StSShapeShifter:LeapingSlash"],"picked":"SKIP","floor":20.0},{"not_picked":["StSShapeShifter:Uproot_Redwood","StSShapeShifter:BearForm","StSShapeShifter:BulwarkOfDiscovery"],"picked":"SKIP","floor":23.0},{"not_picked":["StSShapeShifter:MultiSpiritedStrike","StSShapeShifter:TopazSkin"],"picked":"StSShapeShifter:BaskInBloom","floor":25.0},{"not_picked":["StSShapeShifter:IntimidatingAura+1","StSShapeShifter:ShiftingStrike","StSShapeShifter:SquirrelForm"],"picked":"SKIP","floor":30.0},{"not_picked":["StSShapeShifter:RockSlide","StSShapeShifter:ThornToss","StSShapeShifter:OakBlade+1"],"picked":"SKIP","floor":33.0},{"not_picked":["StSShapeShifter:VineHandcuffs","StSShapeShifter:MonkeyForm+1","StSShapeShifter:FallingLeaves"],"picked":"SKIP","floor":37.0},{"not_picked":["StSShapeShifter:PantherForm","StSShapeShifter:Garden+1","StSShapeShifter:Sapling"],"picked":"SKIP","floor":39.0},{"not_picked":["StSShapeShifter:BloomingSlash+1","StSShapeShifter:FoxForm+1","StSShapeShifter:Autumn"],"picked":"SKIP","floor":40.0},{"not_picked":["StSShapeShifter:SunflowerShuriken","StSShapeShifter:AdaptiveStrikes","StSShapeShifter:Rest+1"],"picked":"SKIP","floor":43.0},{"not_picked":["StSShapeShifter:SquirrelForm+1","StSShapeShifter:Sapling+1","StSShapeShifter:ThornedSkin"],"picked":"SKIP","floor":46.0},{"not_picked":["StSShapeShifter:SunflowerShuriken+1","StSShapeShifter:ThornToss+1"],"picked":"StSShapeShifter:Synchronicity+1","floor":47.0},{"not_picked":["StSShapeShifter:OpportuneSwoop","StSShapeShifter:OakBlade+1"],"picked":"StSShapeShifter:BaskInBloom","floor":47.0},{"not_picked":["StSShapeShifter:VineHandcuffs","StSShapeShifter:Ensconce+1","StSShapeShifter:Bonk+1"],"picked":"SKIP","floor":49},{"not_picked":["StSShapeShifter:BarkSkin+1","StSShapeShifter:Consume"],"picked":"StSShapeShifter:HydraForm","floor":50}],"player_experience":1393292,"relics_obtained":[{"floor":9.0,"key":"CaptainsWheel"},{"floor":12.0,"key":"Replay:Towering Pillar of Hats"},{"floor":23.0,"key":"MawBank"},{"floor":25.0,"key":"reliquary:PartyBalloon"},{"floor":26.0,"key":"Replay:Bottled Eggs"},{"floor":43.0,"key":"StSShapeShifter:EmeraldPantherFigurine"},{"floor":45.0,"key":"Thread and Needle"},{"floor":46.0,"key":"wanderingMiniBosses:CarrionFlame"},{"floor":47.0,"key":"Oddly Smooth Stone"}],"event_choices":[{"damage_healed":0.0,"max_hp_gain":0.0,"max_hp_loss":0.0,"gold_gain":0.0,"event_name":"Accursed Blacksmith","player_choice":"Forge","floor":3.0,"gold_loss":0.0,"damage_taken":0.0,"cards_upgraded":["StSShapeShifter:ReplenishingNectar"]},{"damage_healed":73.0,"max_hp_gain":0.0,"max_hp_loss":78.0,"gold_gain":0.0,"event_name":"betterThird:BetterShining","player_choice":"Upgrade","floor":7.0,"gold_loss":0.0,"damage_taken":16.0,"cards_upgraded":["StSShapeShifter:ShapeShifter_Defend","StSShapeShifter:Pounce"]},{"damage_healed":0.0,"max_hp_gain":0.0,"max_hp_loss":0.0,"gold_gain":0.0,"event_name":"Duplicator","player_choice":"Copied","floor":21.0,"gold_loss":0.0,"damage_taken":0.0,"cards_obtained":["StSShapeShifter:MysticalSeed"]},{"damage_healed":0.0,"max_hp_gain":0.0,"max_hp_loss":0.0,"gold_gain":0.0,"event_name":"Tomb of Lord Red Mask","player_choice":"Ignored","floor":38.0,"gold_loss":0.0,"damage_taken":0.0},{"cards_removed":["StSShapeShifter:ShapeShifter_Strike"],"damage_healed":0.0,"max_hp_gain":0.0,"max_hp_loss":0.0,"gold_gain":0.0,"event_name":"Falling","player_choice":"Removed Attack","floor":41.0,"gold_loss":0.0,"damage_taken":0.0}],"is_beta":false,"boss_relics":[{"not_picked":["Snecko Eye","reliquary:Ember","Replay:Ancient Bell"]},{"not_picked":["jedi:paperlyon","StSShapeShifter:LemurHeaddress"],"picked":"Velvet Choker"}],"items_purged_floors":[13,19,48,48],"is_endless":false,"potions_floor_spawned":[1,8,12,14,16,18,40,43,46],"ascension_level":5}}