{"host":"BK","time":1613961144,"event":{"mods":["BaseMod","Highlight Path","Minty Spire (QoL Compilation)","StSLib"],"gold_per_floor":[17,17,92,103,103,103,130,130,154,167,187,187,204,218,218,218,218],"floor_reached":16,"language":"ENG","playtime":687,"items_purged":[],"score":204,"play_id":"80a128e0-d955-4f5b-9ca6-6e131a77a7d5","local_time":"20210221193224","is_ascension_mode":true,"campfire_choices":[{"data":"Bash","floor":6,"key":"SMITH"},{"data":"Battle Trance","floor":8,"key":"SMITH"},{"data":"Whirlwind","floor":12,"key":"SMITH"},{"floor":15,"key":"REST"}],"circlet_count":0,"master_deck":["AscendersBane","Strike_R","Strike_R","Strike_R","Strike_R","Strike_R","Defend_R","Defend_R","Defend_R","Defend_R","Bash+1","Searing Blow+1","Anger","Sword Boomerang","Battle Trance+1","True Grit","Whirlwind+1","Armaments"],"relics":["Burning Blood","Charon\u0027s Ashes","White Beast Statue","Lantern"],"acts_visited":["Exordium"],"potions_floor_usage":[7,16,16],"damage_taken":[{"damage":5,"enemies":"Small Slimes","floor":1,"turns":3},{"damage":12,"enemies":"2 Louse","floor":4,"turns":3},{"damage":30,"enemies":"3 Sentries","floor":7,"turns":6},{"damage":0,"enemies":"Cultist","floor":10,"turns":2},{"damage":3,"enemies":"3 Louse","floor":11,"turns":3},{"damage":9,"enemies":"Exordium Wildlife","floor":13,"turns":4},{"damage":7,"enemies":"Looter","floor":14,"turns":3},{"damage":73,"enemies":"The Guardian","floor":16,"turns":16}],"seed_played":"1625873308187310433","potions_obtained":[{"floor":4,"key":"Strength Potion"},{"floor":10,"key":"Regen Potion"},{"floor":11,"key":"Explosive Potion"},{"floor":14,"key":"Strength Potion"}],"is_trial":false,"path_per_floor":["M","?","?","M","?","R","E","R","T","M","M","R","M","M","R","B"],"character_chosen":"IRONCLAD","items_purchased":[],"campfire_rested":1,"item_purchase_floors":[],"current_hp_per_floor":[69,69,58,52,52,52,28,28,28,34,37,37,34,33,55,0,0],"gold":218,"neow_bonus":"ONE_RARE_RELIC","is_daily":false,"chose_seed":false,"campfire_upgraded":3,"win_rate":0.0,"timestamp":1613961144,"path_taken":["M","?","?","M","?","R","E","R","T","M","?","R","M","M","R","BOSS"],"items_purchased_type":[],"build_version":"2020-12-18","purchased_purges":0,"victory":false,"max_hp_per_floor":[75,75,75,75,75,75,75,75,75,75,75,75,75,75,75,75,75],"card_choices":[{"not_picked":["Heavy Blade","Shrug It Off"],"picked":"Searing Blow","floor":1},{"not_picked":["Uppercut","Pommel Strike"],"picked":"Anger","floor":4},{"not_picked":["Anger","Feel No Pain"],"picked":"Battle Trance","floor":7},{"not_picked":["Heavy Blade","Dark Embrace"],"picked":"True Grit","floor":10},{"not_picked":["Iron Wave","Cleave"],"picked":"Whirlwind","floor":11},{"not_picked":["Carnage","Perfected Strike"],"picked":"Armaments","floor":13},{"not_picked":["True Grit","Warcry","Twin Strike"],"picked":"SKIP","floor":14}],"player_experience":2609181,"relics_obtained":[{"floor":7,"key":"White Beast Statue"},{"floor":9,"key":"Lantern"}],"event_choices":[{"damage_healed":0,"gold_gain":0,"player_choice":"Grow","damage_taken":0,"max_hp_gain":0,"max_hp_loss":0,"event_name":"Living Wall","floor":2,"gold_loss":0,"cards_upgraded":["Searing Blow"]},{"damage_healed":0,"gold_gain":75,"player_choice":"Gather Gold","damage_taken":11,"max_hp_gain":0,"max_hp_loss":0,"event_name":"World of Goop","floor":3,"gold_loss":0},{"damage_healed":0,"gold_gain":0,"player_choice":"1 cards matched","damage_taken":0,"max_hp_gain":0,"max_hp_loss":0,"event_name":"Match and Keep!","floor":5,"gold_loss":0,"cards_obtained":["Sword Boomerang"]}],"is_beta":true,"boss_relics":[],"items_purged_floors":[],"is_endless":false,"potions_floor_spawned":[4,10,11,13,14],"killed_by":"The Guardian","ascension_level":20}}