{"host":"birdoosa9v9yfc1w","time":1613973991,"event":{"mods":["2.2 Compatiblity","BaseMod","Bestiary","Bossed Relics","Colored Map","Colored Powertips","Dark Map","Halation","Highlight Path","Hyrulean Relics","Minty Spire (QoL Compilation)","Relic Filter","SacredBarkPlus","StSLib","Thrall Mod"],"gold_per_floor":[116,116,131,141,141,141,155,187,238,238,238,21,196,146,146,251,251,262,262,282,282,299,299,327,343,343,343,20,20,46,76,76,175,175,190,190,190,207,253,285,285,312,312,13,45,45,62,80,80,80,80,80,8,34,34],"floor_reached":56,"language":"ENG","playtime":3621,"items_purged":["Pain"],"score":1599,"play_id":"7c709f2f-84c1-4c82-9d24-727870446b9f","local_time":"20210222010631","is_ascension_mode":true,"campfire_choices":[{"floor":6,"key":"RECALL"},{"data":"Vitalitytotem","floor":10,"key":"SMITH"},{"data":"Doomhammer","floor":15,"key":"SMITH"},{"floor":23,"key":"REST"},{"floor":27,"key":"REST"},{"floor":29,"key":"REST"},{"data":"Airelemental","floor":32,"key":"SMITH"},{"data":"Hallazeal","floor":41,"key":"SMITH"},{"data":"Maelstromportal","floor":46,"key":"SMITH"},{"data":"Manatidetotem","floor":49,"key":"SMITH"},{"data":"Earthshock","floor":52,"key":"SMITH"}],"circlet_count":0,"master_deck":["Strike_Thrall+1","Strike_Thrall","Strike_Thrall+1","Strike_Thrall","Defend_Thrall","Defend_Thrall","Defend_Thrall","Defend_Thrall","Defend_Thrall+1","Lightningbolt+1","Thecoin","Witchsapprentice+1","Thingfrombelow+1","Vitalitytotem+1","Volcano","Doomhammer+1","Shudderwock+1","Witchsapprentice+1","Airelemental+1","Jadelightning+1","Thestormbringer+1","Beakeredlightning","Hex+1","Beakeredlightning","Hallazeal+1","Airelemental","Madness+1","Madness+1","Earthshock+1","Manatidetotem+1","Maelstromportal+1","Earthshock+1"],"relics":["Totem","NeowsBlessing","Toxic Egg 2","Mummified Hand","Bottled Lightning","Membership Card","Ice Cream","WarpedTongs","Bag of Preparation","Letter Opener","Pantograph","Whetstone","halation:LostSnail","Nunchaku","Juzu Bracelet","Sozu","StoneCalendar","Potion Belt","InkBottle","Blood Vial","Singing Bowl","Gremlin Horn","halation:SelfBoilingWater","Medical Kit","Orichalcum"],"acts_visited":["Exordium","TheCity","TheBeyond","TheEnding"],"potions_floor_usage":[8,16,24,24,39,55,55],"damage_taken":[{"damage":0,"enemies":"2 Louse","floor":1,"turns":1},{"damage":0,"enemies":"Cultist","floor":3,"turns":1},{"damage":0,"enemies":"Jaw Worm","floor":4,"turns":1},{"damage":20,"enemies":"Gremlin Gang","floor":7,"turns":5},{"damage":2,"enemies":"3 Sentries","floor":8,"turns":4},{"damage":32,"enemies":"The Guardian","floor":16,"turns":11},{"damage":39,"enemies":"2 Thieves","floor":18,"turns":4},{"damage":14,"enemies":"Spheric Guardian","floor":20,"turns":4},{"damage":20,"enemies":"Chosen and Byrds","floor":22,"turns":7},{"damage":58,"enemies":"Slavers","floor":24,"turns":10},{"damage":22,"enemies":"Snake Plant","floor":25,"turns":4},{"damage":20,"enemies":"Book of Stabbing","floor":31,"turns":5},{"damage":57,"enemies":"Collector","floor":33,"turns":10},{"damage":10,"enemies":"Orb Walker","floor":35,"turns":3},{"damage":19,"enemies":"3 Shapes","floor":38,"turns":4},{"damage":105,"enemies":"2 Orb Walkers","floor":39,"turns":7},{"damage":48,"enemies":"Nemesis","floor":40,"turns":5},{"damage":14,"enemies":"Reptomancer","floor":42,"turns":6},{"damage":27,"enemies":"Nemesis","floor":45,"turns":5},{"damage":0,"enemies":"Jaw Worm Horde","floor":47,"turns":1},{"damage":0,"enemies":"3 Darklings","floor":48,"turns":1},{"damage":18,"enemies":"Time Eater","floor":50,"turns":4},{"damage":55,"enemies":"Shield and Spear","floor":54,"turns":5},{"damage":141,"enemies":"The Heart","floor":55,"turns":8}],"seed_played":"4446111519565575796","potions_obtained":[{"floor":4,"key":"FearPotion"},{"floor":7,"key":"SkillPotion"},{"floor":20,"key":"SpeedPotion"},{"floor":22,"key":"Keypotion"},{"floor":24,"key":"Explosive Potion"},{"floor":25,"key":"LiquidBronze"},{"floor":33,"key":"Regen Potion"}],"is_trial":false,"path_per_floor":["M","?","M","M","T","R","M","E","T","R","?","$","?","?","R","B",null,"M","?","M","?","M","R","E","M","T","R","$","R","T","E","R","B",null,"M","?","?","M","?","E","R","E","T","$","E","R","M","M","R","B",null,"R","$","E","B",null],"character_chosen":"THRALL","items_purchased":["Membership Card","Volcano","Doomhammer","Pantograph","Whetstone","halation:LostSnail","Hex+1","Manatidetotem","Maelstromportal","Singing Bowl","Gremlin Horn","Medical Kit"],"campfire_rested":3,"item_purchase_floors":[12,12,12,28,28,28,28,44,44,44,44,53],"current_hp_per_floor":[63,63,63,63,63,63,43,41,41,41,27,27,27,27,27,35,61,22,22,24,24,26,47,23,13,13,34,34,55,55,39,39,33,61,60,60,51,70,47,70,70,70,70,70,72,72,74,76,76,76,76,76,76,76,76],"gold":34,"neow_bonus":"THREE_ENEMY_KILL","is_daily":false,"chose_seed":false,"campfire_upgraded":7,"win_rate":0.0,"timestamp":1613973991,"path_taken":["M","?","?","?","?","R","?","E","T","R","?","?","?","?","R","BOSS","M","?","?","?","?","R","E","M","T","R","$","R","?","E","R","BOSS","M","?","?","M","?","E","R","E","T","$","E","R","M","M","R","BOSS","R","$","E","BOSS"],"items_purchased_type":["Relic","Card","Card","Relic","Relic","Relic","Card","Card","Card","Relic","Relic","Relic"],"build_version":"2020-12-22","purchased_purges":1,"victory":true,"max_hp_per_floor":[70,70,70,70,70,70,70,70,70,70,70,70,70,70,70,70,70,70,70,70,70,70,70,70,70,70,70,70,70,70,70,70,70,70,70,70,70,70,70,70,70,70,70,70,72,72,74,76,76,76,76,76,76,76,76],"card_choices":[{"not_picked":["Drakkaridefender","Reincarnate"],"picked":"Totemicsmash","floor":1},{"not_picked":["Forkedlightning","Unstable+1"],"picked":"Witchsapprentice+1","floor":3},{"not_picked":["Forkedlightning","Rockbiter+1","Zap"],"picked":"SKIP","floor":4},{"not_picked":["Fireelemental","Jadecheiftain+1"],"picked":"Thingfrombelow+1","floor":7},{"not_picked":["Blazing+1","Healingwave+1"],"picked":"Vitalitytotem","floor":8},{"not_picked":["Whiteeyes","Eternalsentinel+1"],"picked":"Shudderwock+1","floor":16},{"not_picked":["Jinyu+1","Forkedlightning"],"picked":"Witchsapprentice+1","floor":18},{"not_picked":["Healingrain+1","Eureka+1"],"picked":"Airelemental","floor":20},{"not_picked":["Forkedlightning","Snowfurygiant"],"picked":"Jadelightning+1","floor":22},{"not_picked":["Jadecheiftain+1","Drakkaridefender+1"],"picked":"Thestormbringer+1","floor":24},{"not_picked":["Tidalsurge","Thingfrombelow+1"],"picked":"Beakeredlightning","floor":25},{"not_picked":["Crackle","Earthshock"],"picked":"Beakeredlightning","floor":31},{"not_picked":["Whiteeyes","Unstable+1"],"picked":"Hallazeal","floor":33},{"not_picked":["Jinyu+1","Menacingnimbus+1"],"picked":"Airelemental","floor":35},{"not_picked":["Healingwave+1","Earthelemental+1","Elementaryreaction+1"],"picked":"SKIP","floor":38},{"not_picked":["Zap+1","Jinyu+1","Rockbiter+1"],"picked":"SKIP","floor":40},{"not_picked":["Dunemaul+1","Hex+1"],"picked":"Earthshock","floor":42},{"not_picked":["Healingrain+1","Tidalsurge+1","Whiteeyes"],"picked":"Singing Bowl","floor":45},{"not_picked":["Beakeredlightning+1","Thecoin+1","Fireguard+1"],"picked":"Singing Bowl","floor":47},{"not_picked":["Evolve+1","Eureka+1","Jinyu+1"],"picked":"Singing Bowl","floor":48},{"not_picked":["Eureka+1","Fireelemental+1"],"picked":"Earthshock+1","floor":54}],"player_experience":642276,"relics_obtained":[{"floor":5,"key":"Mummified Hand"},{"floor":8,"key":"Bottled Lightning"},{"floor":24,"key":"Bag of Preparation"},{"floor":26,"key":"Letter Opener"},{"floor":30,"key":"Nunchaku"},{"floor":31,"key":"Juzu Bracelet"},{"floor":39,"key":"StoneCalendar"},{"floor":40,"key":"Potion Belt"},{"floor":42,"key":"InkBottle"},{"floor":43,"key":"Blood Vial"},{"floor":45,"key":"halation:SelfBoilingWater"},{"floor":54,"key":"Orichalcum"}],"event_choices":[{"cards_removed":["Totemicsmash"],"damage_healed":0,"gold_gain":0,"player_choice":"Gave Card","damage_taken":0,"relics_obtained":["Toxic Egg 2"],"max_hp_gain":0,"max_hp_loss":0,"event_name":"WeMeetAgain","floor":2,"gold_loss":0},{"damage_healed":0,"gold_gain":0,"player_choice":"Entered Light","damage_taken":14,"max_hp_gain":0,"max_hp_loss":0,"event_name":"Shining Light","floor":11,"gold_loss":0,"cards_upgraded":["Defend_Thrall","Strike_Thrall"]},{"damage_healed":0,"gold_gain":175,"player_choice":"AGREE","damage_taken":0,"max_hp_gain":0,"max_hp_loss":0,"event_name":"Liars Game","floor":13,"gold_loss":0,"cards_obtained":["Doubt"]},{"cards_removed":["Doubt"],"damage_healed":0,"gold_gain":0,"player_choice":"Card Removal","damage_taken":0,"max_hp_gain":0,"max_hp_loss":0,"event_name":"The Cleric","floor":14,"gold_loss":50},{"damage_healed":0,"gold_gain":0,"player_choice":"Rummage","damage_taken":0,"relics_obtained":["WarpedTongs"],"max_hp_gain":0,"max_hp_loss":0,"event_name":"Accursed Blacksmith","floor":19,"gold_loss":0,"cards_obtained":["Pain"]},{"damage_healed":0,"gold_gain":0,"player_choice":"0 cards matched","damage_taken":0,"max_hp_gain":0,"max_hp_loss":0,"event_name":"Match and Keep!","floor":21,"gold_loss":0,"cards_obtained":[]},{"cards_removed":["Strike_Thrall"],"damage_healed":0,"gold_gain":0,"player_choice":"Removed Attack","damage_taken":0,"max_hp_gain":0,"max_hp_loss":0,"event_name":"Falling","floor":36,"gold_loss":0},{"damage_healed":0,"gold_gain":0,"player_choice":"Embrace Madness","damage_taken":9,"max_hp_gain":0,"max_hp_loss":0,"event_name":"Winding Halls","floor":37,"gold_loss":0,"cards_obtained":["Madness","Madness"]},{"damage_healed":0,"gold_gain":0,"player_choice":"Fight","damage_taken":0,"max_hp_gain":0,"max_hp_loss":0,"event_name":"Mysterious Sphere","floor":39,"gold_loss":0}],"is_beta":false,"boss_relics":[{"not_picked":["halation:PinkAlligatorPlush","Velvet Choker"],"picked":"Ice Cream"},{"not_picked":["halation:MonkeysPaw","Calling Bell"],"picked":"Sozu"}],"items_purged_floors":[28],"is_endless":false,"potions_floor_spawned":[4,7,20,22,24,25,33,35,38,39,45,54],"ascension_level":7}}