{"host":"kdt6w7ix8lwe69i9","time":1613962764,"event":{"mods":["100% Spire Juice","BaseMod","ChefMod","Evolution","Koishi","Minty Spire (QoL Compilation)","Poor People Problems","Reimu（博丽灵梦）","Robot Space Explorer","Shade Mod","Shapeshifter Mod","StSLib","The Druid","The Gatherer","The Poker Player","The Servant 0.9.4","TheSurvivalist"],"gold_per_floor":[219,219,295,311,329,642,642,633,633,422,437,437,470,483,483,581,581,597,613,633,349,349,349,380,380,407,415,303,332,411,430,430,533,533,547,507,523,523,537,563,578,646,727,727,724,724],"floor_reached":45,"language":"ENG","playtime":4510,"items_purged":["Poor:ReiMu"],"score":695,"play_id":"fe4f896a-c157-46be-96ff-162680f78e99","local_time":"20210221215924","is_ascension_mode":false,"campfire_choices":[{"data":"StSShapeShifter:SquirrelForm","floor":7,"key":"SMITH"},{"floor":15,"key":"REST"},{"data":"StSShapeShifter:Flourish","floor":23,"key":"SMITH"},{"data":"StSShapeShifter:PoisonIvy","floor":32,"key":"SMITH"},{"floor":44,"key":"RECALL"}],"circlet_count":0,"master_deck":["StSShapeShifter:RockSlide","StSShapeShifter:RockSlide","StSShapeShifter:RockSlide","StSShapeShifter:RockSlide","StSShapeShifter:RockSlide","StSShapeShifter:FallingLeaves","StSShapeShifter:FallingLeaves","StSShapeShifter:FallingLeaves","StSShapeShifter:FallingLeaves","StSShapeShifter:Tortoise_Form","StSShapeShifter:Lynx_Form","StSShapeShifter:OwlForm","StSShapeShifter:Maul","StSShapeShifter:BurstingSpore","StSShapeShifter:SquirrelForm+1","StSShapeShifter:PantherForm+1","StSShapeShifter:Maul","StSShapeShifter:SpiritOfTheEarth+1","StSShapeShifter:SpiritOfTheEarth+1","StSShapeShifter:Flourish+1","StSShapeShifter:RhinoCalfForm+1","StSShapeShifter:VineHandcuffs+1","StSShapeShifter:ShiftingStrike+1","StSShapeShifter:VineHandcuffs","StSShapeShifter:Garden+1","StSShapeShifter:UnicornForm","StSShapeShifter:WolfsBane+1","StSShapeShifter:ReplenishingNectar","StSShapeShifter:SpiritOfTheEarth+1","StSShapeShifter:EntForm+1","StSShapeShifter:BloomingSlash","StSShapeShifter:PoisonIvy+1","StSShapeShifter:Pounce","StSShapeShifter:Mystical_Branch+1","StSShapeShifter:ThornedSkin","StSShapeShifter:WolfForm+1","StSShapeShifter:BarkSkin","StSShapeShifter:PoisonIvy"],"relics":["StSShapeShifter:AnimalHeart","StSShapeShifter:TheShapeShiftersMagnolia","EVO:Axolotl","YidongShenshe:ReiMu","Frozen Egg 2","Old Coin","Pen Nib","Membership Card","Bag of Marbles","SacredBark","StSShapeShifter:ThornsOfSummi","StSShapeShifter:BeastkeepersGift","Toy Ornithopter","NlothsMask","Nunchaku","Kunai","StSShapeShifter:LemurHeaddress","Letter Opener","StSShapeShifter:LoyalLobster"],"acts_visited":["Exordium","TheCity","TheBeyond"],"potions_floor_usage":[6,13,13,16,18,20,20,21,29,29,29,33,33,33,39,40],"damage_taken":[{"damage":2,"enemies":"Jaw Worm","floor":1,"turns":3},{"damage":7,"enemies":"2 Louse","floor":4,"turns":2},{"damage":0,"enemies":"Cultist","floor":5,"turns":2},{"damage":16,"enemies":"Lagavulin","floor":6,"turns":5},{"damage":0,"enemies":"Exordium Thugs","floor":8,"turns":4},{"damage":0,"enemies":"2 Fungi Beasts","floor":11,"turns":3},{"damage":28,"enemies":"Gremlin Nob","floor":13,"turns":4},{"damage":0,"enemies":"Lots of Slimes","floor":14,"turns":1},{"damage":39,"enemies":"Hexaghost","floor":16,"turns":11},{"damage":10,"enemies":"2 Thieves","floor":18,"turns":4},{"damage":11,"enemies":"Chosen","floor":19,"turns":4},{"damage":5,"enemies":"Centurion and Healer","floor":20,"turns":6},{"damage":40,"enemies":"Slavers","floor":24,"turns":7},{"damage":14,"enemies":"Shelled Parasite and Fungi","floor":27,"turns":7},{"damage":7,"enemies":"Book of Stabbing","floor":29,"turns":5},{"damage":5,"enemies":"Snecko","floor":31,"turns":8},{"damage":0,"enemies":"Automaton","floor":33,"turns":10},{"damage":1,"enemies":"Orb Walker","floor":35,"turns":2},{"damage":29,"enemies":"3 Shapes","floor":37,"turns":5},{"damage":21,"enemies":"Spire Growth","floor":39,"turns":8},{"damage":21,"enemies":"Nemesis","floor":40,"turns":7},{"damage":19,"enemies":"Transient","floor":41,"turns":5},{"damage":68,"enemies":"2 Orb Walkers","floor":45,"turns":4}],"seed_played":"-6011284181339359675","potions_obtained":[{"floor":5,"key":"DistilledChaos"},{"floor":8,"key":"SkillPotion"},{"floor":12,"key":"SpeedPotion"},{"floor":12,"key":"Swift Potion"},{"floor":13,"key":"Fruit Juice"},{"floor":16,"key":"Explosive Potion"},{"floor":19,"key":"BlessingOfTheForge"},{"floor":27,"key":"PowerPotion"},{"floor":29,"key":"EssenceOfSteel"},{"floor":31,"key":"EssenceOfSteel"},{"floor":37,"key":"EssenceOfSteel"},{"floor":39,"key":"LiquidMemories"}],"is_trial":false,"path_per_floor":["M","?","T","M","M","E","R","M","T","$","M","?","E","M","R","B",null,"M","M","M","$","?","R","E","?","T","M","$","E","T","M","R","B",null,"M","?","M","?","M","E","M","T","T","R","?"],"character_chosen":"SHAPESHIFTER","items_purchased":["Membership Card","StSShapeShifter:Maul","StSShapeShifter:ThornsOfSummi","StSShapeShifter:BeastkeepersGift","Fruit Juice","StSShapeShifter:Garden+1","StSShapeShifter:SpiritOfTheEarth+1","StSShapeShifter:EntForm","EntropicBrew"],"campfire_rested":1,"item_purchase_floors":[10,10,21,21,21,21,28,28,28],"current_hp_per_floor":[81,81,81,74,74,58,58,58,58,58,58,58,35,35,61,22,88,78,67,62,72,72,72,32,32,32,18,18,41,41,50,50,82,98,97,97,72,72,76,66,47,47,47,47,0,0],"gold":724,"neow_bonus":"HUNDRED_GOLD","is_daily":false,"chose_seed":false,"campfire_upgraded":3,"win_rate":0.0,"timestamp":1613962764,"path_taken":["M","?","?","?","M","E","R","M","T","$","M","?","E","M","R","BOSS","M","M","?","$","?","R","E","?","T","?","?","E","?","M","R","BOSS","M","?","?","?","M","E","M","?","T","R","?"],"items_purchased_type":["Relic","Card","Relic","Relic","Potion","Card","Card","Card","Potion"],"build_version":"2020-12-22","purchased_purges":1,"victory":false,"max_hp_per_floor":[83,83,83,83,83,83,83,83,83,83,83,83,88,88,88,88,88,88,88,88,98,98,98,98,98,98,98,98,98,98,98,98,98,98,98,98,98,98,98,98,98,98,98,98,98,98],"card_choices":[{"not_picked":["StSShapeShifter:ShiftingStrike","StSShapeShifter:Guard"],"picked":"StSShapeShifter:OwlForm","floor":1},{"not_picked":["StSShapeShifter:MagicMushrooms","StSShapeShifter:OpportuneSwoop"],"picked":"StSShapeShifter:Maul","floor":4},{"not_picked":["StSShapeShifter:FesteringBite","StSShapeShifter:FallingLeaves"],"picked":"StSShapeShifter:BurstingSpore","floor":5},{"not_picked":["StSShapeShifter:RockSlide","StSShapeShifter:Sapling"],"picked":"StSShapeShifter:SquirrelForm","floor":6},{"not_picked":["StSShapeShifter:SunflowerShuriken","StSShapeShifter:OakBlade"],"picked":"StSShapeShifter:PantherForm","floor":8},{"not_picked":["StSShapeShifter:Summon_Mountains","StSShapeShifter:Synchronicity+1"],"picked":"StSShapeShifter:SpiritOfTheEarth+1","floor":11},{"not_picked":["StSShapeShifter:MagicMushrooms","StSShapeShifter:Rest"],"picked":"StSShapeShifter:SpiritOfTheEarth+1","floor":13},{"not_picked":["StSShapeShifter:VineHandcuffs","StSShapeShifter:BladeOfGrass"],"picked":"StSShapeShifter:Flourish","floor":14},{"not_picked":["StSShapeShifter:Autumn+1","StSShapeShifter:RitualOfTheExtinct"],"picked":"StSShapeShifter:RhinoCalfForm","floor":16},{"not_picked":["StSShapeShifter:BladeOfGrass+1","StSShapeShifter:Rest+1"],"picked":"StSShapeShifter:VineHandcuffs+1","floor":18},{"not_picked":["StSShapeShifter:OakBlade","StSShapeShifter:RatForm"],"picked":"StSShapeShifter:ShiftingStrike+1","floor":19},{"not_picked":["StSShapeShifter:LeapingSlash","StSShapeShifter:FesteringBite"],"picked":"StSShapeShifter:VineHandcuffs","floor":20},{"not_picked":["StSShapeShifter:Maul","StSShapeShifter:BladeOfGrass"],"picked":"StSShapeShifter:WolfsBane+1","floor":24},{"not_picked":["StSShapeShifter:Bonk","StSShapeShifter:Roar"],"picked":"StSShapeShifter:ReplenishingNectar","floor":27},{"not_picked":["StSShapeShifter:SquirrelForm","StSShapeShifter:SunflowerShuriken"],"picked":"StSShapeShifter:BloomingSlash","floor":29},{"not_picked":["StSShapeShifter:BladeOfGrass","StSShapeShifter:FesteringBite"],"picked":"StSShapeShifter:PoisonIvy","floor":31},{"not_picked":["StSShapeShifter:Tornado","StSShapeShifter:Winter+1"],"picked":"StSShapeShifter:Pounce","floor":33},{"not_picked":["StSShapeShifter:Roar","StSShapeShifter:SunflowerShuriken"],"picked":"StSShapeShifter:Mystical_Branch+1","floor":35},{"not_picked":["StSShapeShifter:MagicMushrooms+1","StSShapeShifter:WaspSwarmForm+1"],"picked":"StSShapeShifter:ThornedSkin","floor":37},{"not_picked":["StSShapeShifter:FruitBasket","StSShapeShifter:Bonk+1"],"picked":"StSShapeShifter:WolfForm+1","floor":39},{"not_picked":["StSShapeShifter:ThornToss+1","StSShapeShifter:BladeOfGrass+1"],"picked":"StSShapeShifter:BarkSkin","floor":40},{"not_picked":["StSShapeShifter:FlowerShield+1","StSShapeShifter:FesteringBite+1"],"picked":"StSShapeShifter:PoisonIvy","floor":41}],"player_experience":1748290,"relics_obtained":[{"floor":3,"key":"Frozen Egg 2"},{"floor":6,"key":"Old Coin"},{"floor":9,"key":"Pen Nib"},{"floor":13,"key":"Bag of Marbles"},{"floor":24,"key":"Toy Ornithopter"},{"floor":29,"key":"Nunchaku"},{"floor":30,"key":"Kunai"},{"floor":40,"key":"Letter Opener"},{"floor":43,"key":"StSShapeShifter:LoyalLobster"}],"event_choices":[{"damage_healed":0,"gold_gain":0,"player_choice":"Take Tiny Shrine away","damage_taken":0,"relics_obtained":["YidongShenshe:ReiMu"],"max_hp_gain":0,"max_hp_loss":0,"event_name":"yidonshenshe","floor":2,"gold_loss":0,"cards_obtained":["Poor:ReiMu"]},{"damage_healed":0,"gold_gain":0,"player_choice":"Got Potions","damage_taken":0,"max_hp_gain":0,"max_hp_loss":0,"event_name":"Lab","floor":12,"gold_loss":0},{"damage_healed":0,"gold_gain":0,"player_choice":"Trade","damage_taken":0,"relics_obtained":["NlothsMask"],"max_hp_gain":0,"max_hp_loss":0,"event_name":"FaceTrader","floor":25,"gold_loss":0},{"damage_healed":0,"gold_gain":0,"player_choice":"Upgrade","damage_taken":0,"max_hp_gain":0,"max_hp_loss":0,"event_name":"Designer","floor":36,"gold_loss":40,"cards_upgraded":["StSShapeShifter:EntForm"]},{"cards_removed":["StSShapeShifter:FallingLeaves"],"damage_healed":0,"gold_gain":0,"player_choice":"Removed Skill","damage_taken":0,"max_hp_gain":0,"max_hp_loss":0,"event_name":"Falling","floor":38,"gold_loss":0},{"damage_healed":0,"gold_gain":0,"player_choice":"Fight","damage_taken":0,"max_hp_gain":0,"max_hp_loss":0,"event_name":"Mysterious Sphere","floor":45,"gold_loss":0}],"is_beta":false,"boss_relics":[{"not_picked":["Black Star","Coffee Dripper"],"picked":"SacredBark"},{"not_picked":["Snecko Eye","Pandora\u0027s Box"],"picked":"StSShapeShifter:LemurHeaddress"}],"items_purged_floors":[10],"is_endless":false,"potions_floor_spawned":[5,8,13,16,19,27,29,31,37,39],"killed_by":"2 Orb Walkers","ascension_level":0}}