{"host":"en4narc5947t7k9n","time":1613981698,"event":{"mods":["AchievementEnabler","BaseMod","Colored Map","Minty Spire (QoL Compilation)","SuperFastMode"],"gold_per_floor":[114,189,189,34,50,50,50,60,110,110,137,137,137,157,157,256,256,274,255,255,255,205,205,60,73,73,73,90,90,124,138,138,138,138],"floor_reached":33,"language":"KOR","playtime":1320,"items_purged":[],"score":313,"play_id":"3574450b-9f94-4995-a461-c04e587758e3","local_time":"20210222171458","is_ascension_mode":false,"campfire_choices":[{"floor":6,"key":"RECALL"},{"data":"Neutralize","floor":10,"key":"SMITH"},{"data":"Bouncing Flask","floor":15,"key":"SMITH"},{"data":"After Image","floor":23,"key":"SMITH"},{"data":"Ghostly","floor":29,"key":"SMITH"},{"data":"Bane","floor":32,"key":"SMITH"}],"circlet_count":0,"master_deck":["Strike_G","Strike_G","Strike_G","Defend_G","Defend_G","Defend_G","Defend_G","Defend_G","Survivor","Neutralize+1","Endless Agony","Poisoned Stab","Terror","Bouncing Flask+1","Deflect","After Image+1","Bane","Terror","Ghostly","Ghostly","Ghostly","Ghostly","Ghostly+1","Bane+1","Defend_G","Dodge and Roll","Slice","Riddle With Holes"],"relics":["Ring of the Snake","Bag of Preparation","Lee\u0027s Waffle","InkBottle","Busted Crown","PreservedInsect","Paper Crane","HornCleat"],"acts_visited":["Exordium","TheCity"],"potions_floor_usage":[11,16,16,33],"damage_taken":[{"damage":3,"enemies":"2 Louse","floor":1,"turns":4},{"damage":0,"enemies":"Small Slimes","floor":5,"turns":4},{"damage":0,"enemies":"Cultist","floor":8,"turns":4},{"damage":24,"enemies":"3 Sentries","floor":11,"turns":12},{"damage":4,"enemies":"Blue Slaver","floor":14,"turns":3},{"damage":14,"enemies":"Hexaghost","floor":16,"turns":6},{"damage":22,"enemies":"3 Byrds","floor":18,"turns":6},{"damage":16,"enemies":"2 Thieves","floor":19,"turns":4},{"damage":9,"enemies":"Shelled Parasite and Fungi","floor":25,"turns":7},{"damage":0,"enemies":"Snake Plant","floor":28,"turns":4},{"damage":0,"enemies":"Slavers","floor":30,"turns":6},{"damage":0,"enemies":"Sentry and Sphere","floor":31,"turns":5},{"damage":34,"enemies":"Automaton","floor":33,"turns":10}],"seed_played":"7450175051320061080","potions_obtained":[{"floor":1,"key":"GamblersBrew"},{"floor":3,"key":"Swift Potion"},{"floor":3,"key":"SpeedPotion"},{"floor":3,"key":"PowerPotion"},{"floor":14,"key":"Energy Potion"},{"floor":16,"key":"Strength Potion"},{"floor":28,"key":"SteroidPotion"},{"floor":31,"key":"Fire Potion"}],"is_trial":false,"path_per_floor":["M","?","?","$","M","R","$","M","T","R","E","?","?","M","R","B",null,"M","M","?","?","?","R","$","M","T","?","M","R","E","M","R","B"],"character_chosen":"THE_SILENT","items_purchased":["Lee\u0027s Waffle","PreservedInsect"],"campfire_rested":0,"item_purchase_floors":[4,24],"current_hp_per_floor":[67,56,56,77,77,77,77,77,77,77,53,58,51,47,47,33,82,60,44,41,41,41,41,41,32,32,32,32,32,32,32,32,0,0],"gold":138,"neow_bonus":"RANDOM_COMMON_RELIC","is_daily":false,"chose_seed":false,"campfire_upgraded":5,"win_rate":0.0,"timestamp":1613981698,"path_taken":["M","?","?","$","?","R","$","M","T","R","E","?","?","M","R","BOSS","M","M","?","?","?","R","$","?","T","?","M","R","E","M","R","BOSS"],"items_purchased_type":["Relic","Relic"],"build_version":"2020-12-22","purchased_purges":0,"victory":false,"max_hp_per_floor":[70,70,70,77,77,77,77,77,77,77,77,82,82,82,82,82,82,82,82,41,41,41,41,41,41,41,41,41,41,41,41,41,41,41],"card_choices":[{"not_picked":["Caltrops","Finisher"],"picked":"Endless Agony","floor":1},{"not_picked":["Dagger Throw","Backflip"],"picked":"Poisoned Stab","floor":5},{"not_picked":["Cloak And Dagger","Dagger Spray"],"picked":"Terror","floor":8},{"not_picked":["Sucker Punch","Deflect"],"picked":"Bouncing Flask","floor":11},{"not_picked":["Dodge and Roll","Blade Dance"],"picked":"Deflect","floor":14},{"not_picked":["Die Die Die","Malaise"],"picked":"After Image","floor":16},{"not_picked":[],"picked":"Bane","floor":18},{"not_picked":[],"picked":"Terror","floor":19},{"not_picked":["Dagger Spray"],"picked":"SKIP","floor":25},{"not_picked":[],"picked":"Dodge and Roll","floor":28},{"not_picked":[],"picked":"Slice","floor":30},{"not_picked":[],"picked":"Riddle With Holes","floor":31}],"player_experience":150388,"relics_obtained":[{"floor":11,"key":"InkBottle"},{"floor":26,"key":"Paper Crane"},{"floor":30,"key":"HornCleat"}],"event_choices":[{"damage_healed":0,"gold_gain":75,"player_choice":"Gather Gold","damage_taken":11,"max_hp_gain":0,"max_hp_loss":0,"event_name":"World of Goop","floor":2,"gold_loss":0},{"damage_healed":0,"gold_gain":0,"player_choice":"Got Potions","damage_taken":0,"max_hp_gain":0,"max_hp_loss":0,"event_name":"Lab","floor":3,"gold_loss":0},{"damage_healed":0,"gold_gain":0,"player_choice":"Donut","damage_taken":0,"max_hp_gain":5,"max_hp_loss":0,"event_name":"Big Fish","floor":12,"gold_loss":0},{"cards_removed":["Strike_G"],"damage_healed":0,"gold_gain":0,"player_choice":"Card Removal","damage_taken":7,"max_hp_gain":0,"max_hp_loss":0,"event_name":"Golden Wing","floor":13,"gold_loss":0},{"damage_healed":0,"gold_gain":0,"player_choice":"Became a Ghost","damage_taken":0,"max_hp_gain":0,"max_hp_loss":41,"event_name":"Ghosts","floor":20,"gold_loss":0,"cards_obtained":["Ghostly","Ghostly","Ghostly","Ghostly","Ghostly"]},{"damage_healed":0,"gold_gain":0,"player_choice":"Read","damage_taken":0,"max_hp_gain":0,"max_hp_loss":0,"event_name":"The Library","floor":21,"gold_loss":0,"cards_obtained":["Bane"]},{"damage_healed":0,"gold_gain":0,"player_choice":"Bet on Murderer","damage_taken":0,"max_hp_gain":0,"max_hp_loss":0,"event_name":"The Joust","floor":22,"gold_loss":50},{"cards_removed":["Strike_G"],"damage_healed":0,"gold_gain":0,"player_choice":"Took Card","damage_taken":0,"max_hp_gain":0,"max_hp_loss":0,"event_name":"NoteForYourself","floor":27,"gold_loss":0,"cards_obtained":["Defend_G"]}],"is_beta":false,"boss_relics":[{"not_picked":["Sozu","Philosopher\u0027s Stone"],"picked":"Busted Crown"}],"items_purged_floors":[],"is_endless":false,"potions_floor_spawned":[1,14,16,28,31],"killed_by":"Automaton","ascension_level":0}}