{"host":"qg654vxoo1kzp6cj","time":1613959832,"event":{"mods":["100% Spire Juice","2.2 Compatiblity","Act Like it!","Aspiration","BaseMod","Better Altar","Better Skull","Better Third Choice","Better Vampires","Bossed Relics","Displayed Cursed Tome","Downfall","Elementarium","Gensokyo","GifTheSpireLib","Hallownest","HololiveMod","Hubris","Ironclad Rager","Menagerie","Minty Spire (QoL Compilation)","MostiFishMod","Pale of the Ancients","Replay The Spire","Ruina","Shapeshifter Mod","Spicy Shops","StSLib","Stuff the Spire","The Animator","The Bug Knight","The Runesmith","The Senshi","The Servant 0.9.4","TheHero","Wandering Minibosses","WarShipGirlsR/????R mod"],"gold_per_floor":[113,113,113,113,124,157,175,202,202,229,192,219,149,166,166,166,166],"floor_reached":16,"language":"ENG","playtime":1489,"items_purged":[],"score":132,"play_id":"61a5ed80-2aa7-4fca-81f7-b359a252ebbc","local_time":"20210221211032","is_ascension_mode":true,"campfire_choices":[],"circlet_count":0,"master_deck":["StSShapeShifter:ShapeShifter_Strike","StSShapeShifter:ShapeShifter_Strike","StSShapeShifter:ShapeShifter_Strike","StSShapeShifter:ShapeShifter_Strike","StSShapeShifter:ShapeShifter_Defend","StSShapeShifter:ShapeShifter_Defend","StSShapeShifter:ShapeShifter_Defend","StSShapeShifter:ShapeShifter_Defend","StSShapeShifter:Tortoise_Form","StSShapeShifter:Lynx_Form","StSShapeShifter:RockSlide","StSShapeShifter:HummingbirdForm","StSShapeShifter:EntForm","StSShapeShifter:DeepWound","StSShapeShifter:BurstOfLifeEscapeDeath","StSShapeShifter:BaskInBloom","StSShapeShifter:VineHandcuffs","StSShapeShifter:FlamingoForm","StSShapeShifter:CosmicShifter","StSShapeShifter:DeerForm","StSShapeShifter:WolfForm"],"relics":["StSShapeShifter:AnimalHeart","StSShapeShifter:TheShapeShiftersMagnolia","DaveBox","DaCapo","SynthV:TestCard","StuffTheSpire:MayFlowers","MealTicket","Blood Vial","Vajra","Hallownest:StagBellRelic1"],"acts_visited":["Exordium"],"potions_floor_usage":[8,8,10,12],"damage_taken":[{"damage":0,"enemies":"Hallownest:2_MossCreeps","floor":1,"turns":5},{"damage":6,"enemies":"Hallownest:monsterMarmu","floor":2,"turns":9},{"damage":0,"enemies":"2_ Uuma","floor":5,"turns":3},{"damage":18,"enemies":"Hallownest:eliteVengeflyKing","floor":6,"turns":11},{"damage":25,"enemies":"Hallownest:2_Tiktiks_and_1_Crawlid","floor":7,"turns":5},{"damage":31,"enemies":"Hallownest:eliteMossKnight","floor":8,"turns":11},{"damage":27,"enemies":"Hallownest:eliteVengeflyKing","floor":10,"turns":7},{"damage":18,"enemies":"Hallownest:eliteMossKnight","floor":12,"turns":12},{"damage":64,"enemies":"Hallownest:Guard_and_Warrior","floor":14,"turns":9},{"damage":11,"enemies":"Hallownest:BossHornet","floor":16,"turns":1}],"seed_played":"-5736267822199185019","potions_obtained":[{"floor":6,"key":"Weak Potion"},{"floor":7,"key":"BlessingOfTheForge"},{"floor":8,"key":"FearPotion"},{"floor":10,"key":"LiquidMemories"},{"floor":14,"key":"SneckoOil"}],"is_trial":false,"path_per_floor":["M","?","?","$","M","E","M","E","T","E","$","E","?","M","R","B"],"character_chosen":"SHAPESHIFTER","items_purchased":["StSShapeShifter:CosmicShifter"],"campfire_rested":0,"item_purchase_floors":[11],"current_hp_per_floor":[78,72,72,72,72,60,45,37,37,29,44,48,48,4,4,0,0],"gold":166,"neow_bonus":"THREE_CARDS","is_daily":false,"chose_seed":false,"campfire_upgraded":0,"win_rate":0.0,"timestamp":1613959832,"path_taken":["M","?","?","?","M","E","M","E","T","E","$","E","?","M","R","BOSS"],"items_purchased_type":["Card"],"build_version":"2020-12-22","purchased_purges":0,"victory":false,"max_hp_per_floor":[78,78,78,78,78,78,78,78,78,78,78,78,78,78,78,78,78],"card_choices":[{"not_picked":["StSShapeShifter:BurstingSpore","StSShapeShifter:Rest"],"picked":"StSShapeShifter:RockSlide","floor":0},{"not_picked":["StSShapeShifter:Sapling","StSShapeShifter:DiverseSpirit"],"picked":"StSShapeShifter:HummingbirdForm","floor":1},{"not_picked":[],"picked":"StSShapeShifter:EntForm","floor":3},{"not_picked":["StSShapeShifter:VineHandcuffs","StSShapeShifter:BarkSkin","StSShapeShifter:BurstingSpore","StSShapeShifter:FesteringBite"],"picked":"StSShapeShifter:DeepWound","floor":5},{"not_picked":["StSShapeShifter:PoisonIvy","StSShapeShifter:Roar","StSShapeShifter:IntimidatingAura","StSShapeShifter:BurstingSpore"],"picked":"StSShapeShifter:BurstOfLifeEscapeDeath","floor":6},{"not_picked":["StSShapeShifter:FoxForm","StSShapeShifter:BladeOfGrass","StSShapeShifter:BurstingSpore","StSShapeShifter:RaptorForm"],"picked":"StSShapeShifter:BaskInBloom","floor":7},{"not_picked":["StSShapeShifter:FesteringBite","StSShapeShifter:RockSlide","StSShapeShifter:HummingbirdForm","StSShapeShifter:LeapingSlash"],"picked":"StSShapeShifter:VineHandcuffs","floor":8},{"not_picked":["StSShapeShifter:Evolution","StSShapeShifter:Maul","StSShapeShifter:DeerForm","StSShapeShifter:OpportuneSwoop"],"picked":"StSShapeShifter:FlamingoForm","floor":10},{"not_picked":["StSShapeShifter:VileMushroom","StSShapeShifter:SkullBash","StSShapeShifter:FesteringBite","StSShapeShifter:PantherForm"],"picked":"StSShapeShifter:DeerForm","floor":12},{"not_picked":["StSShapeShifter:PoisonIvy","StSShapeShifter:FruitBasket","StSShapeShifter:SquirrelForm","StSShapeShifter:ThornToss"],"picked":"StSShapeShifter:WolfForm","floor":14}],"player_experience":862963,"relics_obtained":[{"floor":1,"key":"SynthV:TestCard"},{"floor":6,"key":"StuffTheSpire:MayFlowers"},{"floor":8,"key":"MealTicket"},{"floor":10,"key":"Blood Vial"},{"floor":12,"key":"Vajra"}],"event_choices":[],"is_beta":false,"boss_relics":[],"items_purged_floors":[],"is_endless":false,"potions_floor_spawned":[6,7,8,10,14],"killed_by":"Hallownest:BossHornet","ascension_level":1}}