{"host":"w8xisjf5mgmfjvmt","time":1613981096,"event":{"mods":["BaseMod","BetterRewards","Challenge The Spire","Conspire","Energized Spire","Filter the Spire","Minty Spire (QoL Compilation)","Quarter Circle Forward PUNCH!","Quick Restart","Relic Filter Mod","Relic Stats","Reliquary","Replay The Spire","Say the Spire","Shop Mod","Spicy Shops","StSLib","¡¾ÒÅÎï¿¨ÅÆ¡¿REMEMod","óô»ðÖ¸ÄÏ"],"gold_per_floor":[112,129,145,27,74,84,116,128,155,19,44,44,74,87,87,161,161,171,91,16,29,48,83,83,114,114,141,141,141,173,190,190,262,262,279,279,194,204,22,52,67,99,99,110,130,130,130,141,229,229,229,229,229,47,78,78],"floor_reached":57,"language":"ZHS","playtime":3128,"items_purged":["Strike_G"],"score":3549,"play_id":"7810ef88-6d53-495e-aebc-4401d0256f20","local_time":"20210222160456","is_ascension_mode":true,"campfire_choices":[{"data":"REME_ShadowForm","floor":12.0,"key":"SMITH"},{"data":"Well Laid Plans","floor":15.0,"key":"SMITH"},{"floor":28.0,"key":"RECALL"},{"data":"Strike_G","floor":32.0,"key":"PURGE"},{"data":"Strike_G","floor":53.0,"key":"PURGE"}],"circlet_count":0,"master_deck":["AscendersBane","Strike_G","Defend_G","Defend_G","Defend_G","Defend_G","Defend_G","Survivor","Neutralize","REME_ShadowForm+1","Quick Slash","Acrobatics","All Out Attack","Well Laid Plans+1","Choke+1","ReplayTheSpireMod:Tripwire","Dash","Underhanded Strike+1","Terror","Night Terror","Tactician+1","Crippling Poison+1","Dash","Dash+1","Predator","Bullet Time","Backflip","Footwork","Midas Touch","Burst","PiercingWail","After Image+1"],"relics":["REME_ComplimentaryCards","Snecko Eye","Replay:Rubber Ducky","Torii","reliquary:Spinner","Replay:Ringing Soul","Strawberry","Fusion Hammer","ReplayFunnel","reliquary:Buckler","qcfpunch:Black_Training_Shirt","Eternal Feather","Peace Pipe","Snecko Heart","The Specimen","Ginger","Oddly Smooth Stone","TungstenRod","Replay:Arrowhead"],"acts_visited":["Exordium","TheCity","TheBeyond","TheEnding"],"potions_floor_usage":[],"damage_taken":[{"damage":3.0,"enemies":"Cultist","floor":1.0,"turns":4.0},{"damage":0.0,"enemies":"Jaw Worm","floor":2.0,"turns":4.0},{"damage":0.0,"enemies":"Small Slimes","floor":3.0,"turns":4.0},{"damage":0.0,"enemies":"Blue Slaver","floor":6.0,"turns":3.0},{"damage":22.0,"enemies":"Gremlin Nob","floor":7.0,"turns":4.0},{"damage":8.0,"enemies":"Exordium Thugs","floor":8.0,"turns":5.0},{"damage":0.0,"enemies":"Lagavulin","floor":11.0,"turns":5.0},{"damage":0.0,"enemies":"Gremlin Nob","floor":13.0,"turns":2.0},{"damage":0.0,"enemies":"Lots of Slimes","floor":14.0,"turns":3.0},{"damage":0.0,"enemies":"Fading Forest","floor":16.0,"turns":13.0},{"damage":0.0,"enemies":"Chosen","floor":18.0,"turns":3.0},{"damage":0.0,"enemies":"Spheric Guardian","floor":21.0,"turns":3.0},{"damage":0.0,"enemies":"Snecko","floor":22.0,"turns":3.0},{"damage":6.0,"enemies":"Gremlin Leader","floor":23.0,"turns":3.0},{"damage":0.0,"enemies":"Book of Stabbing","floor":25.0,"turns":4.0},{"damage":0.0,"enemies":"Gremlin Leader","floor":27.0,"turns":4.0},{"damage":7.0,"enemies":"Slavers","floor":30.0,"turns":3.0},{"damage":0.0,"enemies":"Centurion and Healer","floor":31.0,"turns":3.0},{"damage":64.0,"enemies":"Automaton","floor":33.0,"turns":7.0},{"damage":0.0,"enemies":"Orb Walker","floor":35.0,"turns":2.0},{"damage":1.0,"enemies":"3 Darklings","floor":38.0,"turns":5.0},{"damage":0.0,"enemies":"Nemesis","floor":40.0,"turns":4.0},{"damage":0.0,"enemies":"Spire Growth","floor":41.0,"turns":3.0},{"damage":0.0,"enemies":"Giant Head","floor":42.0,"turns":8.0},{"damage":0.0,"enemies":"4 Shapes","floor":44.0,"turns":3.0},{"damage":0.0,"enemies":"Transient","floor":45.0,"turns":6.0},{"damage":0.0,"enemies":"3 Darklings","floor":48.0,"turns":3.0},{"damage":0.0,"enemies":"Donu and Deca","floor":50.0,"turns":8.0},{"damage":0.0,"enemies":"Awakened One","floor":51.0,"turns":10.0},{"damage":21,"enemies":"Shield and Spear","floor":55,"turns":9},{"damage":1,"enemies":"The Heart","floor":56,"turns":9}],"seed_played":"-1489387662376500045","potions_obtained":[{"floor":3.0,"key":"GamblersBrew"},{"floor":6.0,"key":"Doom Potion"},{"floor":13.0,"key":"Milkshake"},{"floor":16.0,"key":"Poison Potion"},{"floor":21.0,"key":"LifebloodPotion"},{"floor":25.0,"key":"SneckoOil"},{"floor":27.0,"key":"BlessingOfTheForge"},{"floor":31.0,"key":"Fruit Juice"},{"floor":40.0,"key":"DistilledChaos"},{"floor":42.0,"key":"Explosive Potion"},{"floor":44.0,"key":"Swift Potion"}],"is_trial":false,"path_per_floor":["M","M","M","$","T","M","E","M","T","$","E","R","E","M","R","B",null,"M","?","?","M","M","E","?","E","T","E","R","T","E","M","R","B",null,"M","?","$","M","$","E","M","E","T","M","M","?","T","M","R","B","B",null,"R","$","E","B",null],"character_chosen":"THE_SILENT","items_purchased":["Well Laid Plans","Choke","Underhanded Strike+1","Footwork","Midas Touch","After Image+1"],"campfire_rested":0,"item_purchase_floors":[4,4,10,37,39,54],"current_hp_per_floor":[56,56,56,56,56,56,34,26,26,26,29,29,36,36,36,47,71,71,71,71,74,74,71,46,49,49,52,52,52,48,48,68,7,82,85,85,88,87,90,90,90,93,93,96,96,96,96,96,114,114,114,120,122,125,104,103],"gold":78,"neow_bonus":"BOSS_RELIC","is_daily":false,"chose_seed":false,"campfire_upgraded":2,"win_rate":0.0,"timestamp":1613981096,"path_taken":["M","?","?","$","?","M","E","M","T","$","E","R","E","M","R","BOSS","M","?","?","M","?","E","?","E","T","E","R","?","E","?","R","BOSS","M","?","?","M","$","E","M","E","T","M","M","?","?","M","R","BOSS","BOSS","R","$","E","BOSS"],"items_purchased_type":["Card","Card","Card","Card","Card","Card"],"build_version":"2020-12-22","purchased_purges":1,"victory":true,"max_hp_per_floor":[66,66,66,66,66,66,66,66,66,66,69,69,76,76,76,79,79,79,79,79,82,82,85,90,93,93,96,96,96,99,99,104,107,107,110,110,113,113,116,116,116,119,119,122,122,122,122,122,122,122,122,122,122,125,125,125],"relic_stats":{"Peace Pipe":3,"Torii":13,"counters":[31,150],"Snecko Eye":[306,289,279,287],"Eternal Feather":35,"Ginger":[2],"obtain_stats":[{"ReplayFunnel":23,"Snecko Heart":34,"Torii":7,"The Specimen":40,"qcfpunch:Black_Training_Shirt":27,"Oddly Smooth Stone":43,"Eternal Feather":29,"reliquary:Spinner":9,"Ginger":42,"Replay:Arrowhead":55,"Replay:Rubber Ducky":5,"Peace Pipe":30,"Replay:Ringing Soul":11,"Strawberry":13,"Snecko Eye":0,"reliquary:Buckler":25,"Fusion Hammer":17,"TungstenRod":47,"Ring of the Snake":0,"REME_ComplimentaryCards":0},{"ReplayFunnel":14,"Snecko Heart":19,"Torii":5,"The Specimen":22,"qcfpunch:Black_Training_Shirt":16,"Oddly Smooth Stone":24,"Eternal Feather":16,"reliquary:Spinner":6,"Ginger":24,"Replay:Arrowhead":30,"Replay:Rubber Ducky":3,"Peace Pipe":17,"Replay:Ringing Soul":7,"Strawberry":8,"Snecko Eye":0,"reliquary:Buckler":15,"Fusion Hammer":10,"TungstenRod":26,"Ring of the Snake":0,"REME_ComplimentaryCards":0},{"ReplayFunnel":59,"Snecko Heart":80,"Torii":19,"The Specimen":91,"qcfpunch:Black_Training_Shirt":67,"Oddly Smooth Stone":102,"Eternal Feather":67,"reliquary:Spinner":24,"Ginger":102,"Replay:Arrowhead":141,"Replay:Rubber Ducky":12,"Peace Pipe":70,"Replay:Ringing Soul":29,"Strawberry":31,"Snecko Eye":0,"reliquary:Buckler":63,"Fusion Hammer":47,"TungstenRod":111,"Ring of the Snake":0,"REME_ComplimentaryCards":0}],"TungstenRod":7},"card_choices":[{"not_picked":["ReplayTheSpireMod:Shiv Toss","Deadly Poison"],"picked":"Quick Slash","floor":1.0},{"not_picked":["Poisoned Stab","Flying Knee"],"picked":"Acrobatics","floor":2.0},{"not_picked":["Sucker Punch","REME_LeechingPoison"],"picked":"All Out Attack","floor":3.0},{"not_picked":["Deadly Poison","Hidden Blade"],"picked":"ReplayTheSpireMod:Tripwire","floor":6.0},{"not_picked":["PiercingWail","Dodge and Roll","Dagger Spray"],"picked":"SKIP","floor":7.0},{"not_picked":["REME_ShadowStrike","Cloak And Dagger"],"picked":"Dash","floor":8.0},{"not_picked":["REME_GrazeFinale","Acrobatics"],"picked":"Terror","floor":11.0},{"not_picked":["Well Laid Plans","Dodge and Roll","ReplayTheSpireMod:Speed Training"],"picked":"SKIP","floor":13.0},{"not_picked":["Acrobatics","Escape Plan","Finisher"],"picked":"SKIP","floor":14.0},{"not_picked":["Burst","Unload"],"picked":"Night Terror","floor":16.0},{"not_picked":["Outmaneuver","Catalyst","Poisoned Stab"],"picked":"SKIP","floor":18.0},{"not_picked":["Slice","Noxious Fumes"],"picked":"Tactician","floor":21.0},{"not_picked":["Acrobatics+1","Catalyst","ReplayTheSpireMod:Exploit Weakness"],"picked":"SKIP","floor":22.0},{"not_picked":["Acrobatics+1","Catalyst","ReplayTheSpireMod:Exploit Weakness"],"picked":"SKIP","floor":22.0},{"not_picked":["Blade Dance+1","Calculated Gamble"],"picked":"Crippling Poison","floor":23.0},{"not_picked":["Hidden Blade","Blur"],"picked":"Dash","floor":25.0},{"not_picked":["Bane","Quick Slash"],"picked":"Dash+1","floor":27.0},{"not_picked":["Masterful Stab","Hidden Blade"],"picked":"Predator","floor":30.0},{"not_picked":["Masterful Stab","REME_GreenPollution+1","Bane"],"picked":"SKIP","floor":31.0},{"not_picked":["Corpse Explosion","Poison Darts"],"picked":"Bullet Time","floor":33.0},{"not_picked":["Accuracy","Flying Knee"],"picked":"Backflip","floor":35.0},{"not_picked":["Dodge and Roll+1","Outmaneuver","Dagger Spray"],"picked":"SKIP","floor":38.0},{"not_picked":["Outmaneuver","Acrobatics","Dodge and Roll"],"picked":"SKIP","floor":40.0},{"not_picked":["ReplayTheSpireMod:Shiv Toss+1","Infinite Blades","Slice"],"picked":"SKIP","floor":41.0},{"not_picked":["Caltrops+1","Slice"],"picked":"Burst","floor":42.0},{"not_picked":["Blade Dance+1","Poisoned Stab+1"],"picked":"PiercingWail","floor":44.0},{"not_picked":["Catalyst","Acrobatics","Slice"],"picked":"SKIP","floor":45.0},{"not_picked":["Sucker Punch","Dash+1","Skewer"],"picked":"SKIP","floor":48.0},{"not_picked":["Distraction","Skewer","Sucker Punch+1"],"picked":"SKIP","floor":55}],"player_experience":1391051,"relics_obtained":[{"floor":5.0,"key":"Replay:Rubber Ducky"},{"floor":7.0,"key":"Torii"},{"floor":9.0,"key":"reliquary:Spinner"},{"floor":11.0,"key":"Replay:Ringing Soul"},{"floor":13.0,"key":"Strawberry"},{"floor":23.0,"key":"ReplayFunnel"},{"floor":25.0,"key":"reliquary:Buckler"},{"floor":27.0,"key":"qcfpunch:Black_Training_Shirt"},{"floor":29.0,"key":"Eternal Feather"},{"floor":30.0,"key":"Peace Pipe"},{"floor":40.0,"key":"The Specimen"},{"floor":42.0,"key":"Ginger"},{"floor":43.0,"key":"Oddly Smooth Stone"},{"floor":47.0,"key":"TungstenRod"},{"floor":55,"key":"Replay:Arrowhead"}],"event_choices":[{"cards_removed":["Strike_G"],"damage_healed":0.0,"max_hp_gain":0.0,"max_hp_loss":0.0,"gold_gain":0.0,"event_name":"Designer","player_choice":"Single Remove","floor":20.0,"gold_loss":75.0,"damage_taken":0.0},{"damage_healed":0.0,"max_hp_gain":5.0,"max_hp_loss":0.0,"gold_gain":0.0,"event_name":"Forgotten Altar","player_choice":"Shed Blood","floor":24.0,"gold_loss":0.0,"damage_taken":30.0},{"damage_healed":0.0,"max_hp_gain":0.0,"max_hp_loss":0.0,"gold_gain":0.0,"event_name":"Upgrade Shrine","player_choice":"Upgraded","floor":36.0,"gold_loss":0.0,"damage_taken":0.0,"cards_upgraded":["Tactician"]},{"damage_healed":0.0,"max_hp_gain":0.0,"max_hp_loss":0.0,"gold_gain":0.0,"event_name":"Tomb of Lord Red Mask","player_choice":"Ignored","floor":46.0,"gold_loss":0.0,"damage_taken":0.0}],"is_beta":false,"boss_relics":[{"not_picked":["Kintsugi","Replay:Drink Me"],"picked":"Fusion Hammer"},{"not_picked":["reliquary:RedPaperclip","REME_ChargedStone"],"picked":"Snecko Heart"}],"items_purged_floors":[10],"is_endless":false,"potions_floor_spawned":[3,6,13,16,21,25,27,31,40,42,44],"ascension_level":20}}