{"host":"xauhhfeuacw2ajt1","time":1613979319,"event":{"mods":["BaseMod","GifTheSpireLib","KinomotoSakuraMod(????)","Minty Spire (QoL Compilation)","StSLib","The Senshi"],"gold_per_floor":[215,231,241,316,316,336,149,164,164,164,164,176,176,100,100,200,200,211,222,239,338,36,36,52,52,52],"floor_reached":25,"language":"ENG","playtime":1251,"items_purged":[],"score":195,"play_id":"0e5380da-afbf-4751-af2b-6c2b71899254","local_time":"20210222093519","is_ascension_mode":false,"campfire_choices":[{"floor":10,"key":"RECALL"},{"data":"Static Discharge","floor":13,"key":"SMITH"},{"data":"Genetic Algorithm","floor":15,"key":"SMITH"},{"floor":23,"key":"REST"}],"circlet_count":0,"master_deck":["Strike_B","Strike_B","Strike_B","Strike_B","Defend_B","Defend_B","Defend_B","Defend_B","Zap","Dualcast","Storm","Leap","Hologram","Recycle","Static Discharge+1","Conserve Battery","Cold Snap","Ball Lightning","Conserve Battery","Genetic Algorithm+1","Loop","Thunder Strike","Sunder","Stack+1","Beam Cell","Rebound"],"relics":["Cracked Core","Eternal Feather","Cursed Key","Ice Cream"],"acts_visited":["Exordium","TheCity"],"potions_floor_usage":[6,16,16,25],"damage_taken":[{"damage":5,"enemies":"Jaw Worm","floor":1,"turns":4},{"damage":4,"enemies":"2 Louse","floor":2,"turns":3},{"damage":2,"enemies":"Small Slimes","floor":3,"turns":3},{"damage":3,"enemies":"Exordium Thugs","floor":6,"turns":4},{"damage":0,"enemies":"3 Louse","floor":8,"turns":4},{"damage":9,"enemies":"Large Slime","floor":12,"turns":8},{"damage":20,"enemies":"Slime Boss","floor":16,"turns":9},{"damage":31,"enemies":"3 Byrds","floor":18,"turns":5},{"damage":0,"enemies":"Spheric Guardian","floor":19,"turns":3},{"damage":38,"enemies":"Cultist and Chosen","floor":20,"turns":6},{"damage":14,"enemies":"Snake Plant","floor":24,"turns":4},{"damage":37,"enemies":"Gremlin Leader","floor":25,"turns":6}],"seed_played":"1033581765109414018","potions_obtained":[{"floor":2,"key":"Fire Potion"},{"floor":6,"key":"DuplicationPotion"},{"floor":8,"key":"DuplicationPotion"},{"floor":12,"key":"AttackPotion"},{"floor":20,"key":"PotionOfCapacity"},{"floor":24,"key":"GamblersBrew"}],"is_trial":false,"path_per_floor":["M","M","M","?","?","M","$","M","T","R","?","M","R","$","R","B",null,"M","M","M","?","$","R","M","E"],"character_chosen":"DEFECT","items_purchased":["Static Discharge","Conserve Battery","Cold Snap","Ball Lightning","Loop","Ice Cream"],"campfire_rested":1,"item_purchase_floors":[7,7,7,7,14,22],"current_hp_per_floor":[70,66,64,53,53,50,50,50,50,59,64,55,67,67,79,59,80,49,49,11,11,11,50,36,0,0],"gold":52,"neow_bonus":"HUNDRED_GOLD","is_daily":false,"chose_seed":false,"campfire_upgraded":2,"win_rate":0.0,"timestamp":1613979319,"path_taken":["M","M","M","?","?","M","?","M","T","R","?","M","R","$","R","BOSS","M","M","M","?","$","R","M","E"],"items_purchased_type":["Card","Card","Card","Card","Card","Relic"],"build_version":"2020-12-22","purchased_purges":0,"victory":false,"max_hp_per_floor":[75,75,75,75,75,75,75,75,75,75,80,80,80,80,80,80,80,80,80,80,80,80,80,80,80,80],"card_choices":[{"not_picked":["Stack","Aggregate"],"picked":"Storm","floor":1},{"not_picked":["Redo","Turbo"],"picked":"Leap","floor":2},{"not_picked":["FTL","Compile Driver"],"picked":"Hologram","floor":3},{"not_picked":["Doom and Gloom","Turbo"],"picked":"Recycle","floor":6},{"not_picked":["Coolheaded","Double Energy"],"picked":"Conserve Battery","floor":8},{"not_picked":["Gash","Sweeping Beam"],"picked":"Genetic Algorithm","floor":12},{"not_picked":["Reboot","Seek"],"picked":"Thunder Strike","floor":16},{"not_picked":["Coolheaded","Stack"],"picked":"Sunder","floor":18},{"not_picked":["Rip and Tear","Aggregate"],"picked":"Stack+1","floor":19},{"not_picked":["Gash","Reinforced Body"],"picked":"Beam Cell","floor":20},{"not_picked":["Coolheaded+1","Heatsinks"],"picked":"Rebound","floor":24}],"player_experience":210897,"relics_obtained":[{"floor":9,"key":"Eternal Feather"}],"event_choices":[{"damage_healed":0,"gold_gain":75,"player_choice":"Gather Gold","damage_taken":11,"max_hp_gain":0,"max_hp_loss":0,"event_name":"World of Goop","floor":4,"gold_loss":0},{"damage_healed":0,"gold_gain":0,"player_choice":"Ignored","damage_taken":0,"max_hp_gain":0,"max_hp_loss":0,"event_name":"Golden Wing","floor":5,"gold_loss":0},{"damage_healed":0,"gold_gain":0,"player_choice":"Donut","damage_taken":0,"max_hp_gain":5,"max_hp_loss":0,"event_name":"Big Fish","floor":11,"gold_loss":0},{"damage_healed":0,"gold_gain":99,"player_choice":"Stole From Cult","damage_taken":0,"max_hp_gain":0,"max_hp_loss":0,"event_name":"Nest","floor":21,"gold_loss":0}],"is_beta":false,"boss_relics":[{"not_picked":["Busted Crown","Sozu"],"picked":"Cursed Key"}],"items_purged_floors":[],"is_endless":false,"potions_floor_spawned":[2,6,8,12,20,24],"killed_by":"Gremlin Leader","ascension_level":0}}