{"host":"aaqofma31c3gm2hj","time":1613982982,"event":{"mods":["BaseMod","GungeonMod","Minty Spire (QoL Compilation)","Replay The Spire","Spicy Shops","StSLib"],"gold_per_floor":[114,101,101,26,45,45,78,78,78,78,90,114,114,114,114,114,131,146,146,146,223,223,238,288,288,306,326,326,226,226,252,276,307,307,307],"floor_reached":34,"language":"ZHS","playtime":1223,"items_purged":["Strike_B","Strike_B"],"score":582,"play_id":"14e628e4-386b-4c55-9d63-ba7895f42217","local_time":"20210222163622","is_ascension_mode":true,"campfire_choices":[{"data":"ReplayTheSpireMod:Fabricate Wheel","floor":6.0,"key":"SMITH"},{"data":"Heatsinks","floor":8.0,"key":"SMITH"},{"floor":15.0,"key":"REST"},{"data":"Self Repair","floor":19.0,"key":"SMITH"},{"data":"Consume","floor":28.0,"key":"SMITH"},{"data":"Reboot","floor":30.0,"key":"SMITH"}],"circlet_count":0,"master_deck":["AscendersBane","Strike_B","Defend_B","Defend_B","Defend_B","Defend_B","Zap","Dualcast","Turbo+1","Heatsinks+1","Echo Form","Creative AI","Self Repair+1","Glacier","Reboot+1","Biased Cognition","Hologram","Consume+1","FIFO Queue","Sunder"],"relics":["Cracked Core","NeowsBlessing","Prayer Wheel","Prayer Wheel","Boot","Happy Flower","InkBottle","DemoMod:GundromedaStrain","Snecko Eye","Replay:Mystery Machine","Bottled Tornado"],"acts_visited":["Exordium","TheCity"],"potions_floor_usage":[],"damage_taken":[{"damage":0.0,"enemies":"Small Slimes","floor":1.0,"turns":1.0},{"damage":0.0,"enemies":"Cultist","floor":5.0,"turns":1.0},{"damage":0.0,"enemies":"Lagavulin","floor":7.0,"turns":4.0},{"damage":9.0,"enemies":"2 Louse","floor":11.0,"turns":3.0},{"damage":7.0,"enemies":"Looter","floor":17.0,"turns":4.0},{"damage":10.0,"enemies":"Exordium Thugs","floor":18.0,"turns":4.0},{"damage":1.0,"enemies":"Fading Forest","floor":21.0,"turns":13.0},{"damage":8.0,"enemies":"Chosen","floor":23.0,"turns":5.0},{"damage":36.0,"enemies":"Shell Parasite","floor":26.0,"turns":10.0},{"damage":15.0,"enemies":"Snecko","floor":27.0,"turns":5.0},{"damage":40.0,"enemies":"Book of Stabbing","floor":33.0,"turns":12.0}],"seed_played":"-4651305488193120947","potions_obtained":[{"floor":7.0,"key":"Strength Potion"},{"floor":17.0,"key":"Regen Potion"},{"floor":18.0,"key":"DemoMod:LeadSkinPotion"},{"floor":23.0,"key":"Swift Potion"}],"is_trial":false,"path_per_floor":["M","$","?","$","M","R","E","R","PTL","PTL","M","T","T","?","R","?","M","M","R","R","B",null,"M","?","?","M","M","R","$","R","T","T","E","?"],"character_chosen":"DEFECT","items_purchased":["ReplayTheSpireMod:Fabricate Wheel"],"campfire_rested":1,"item_purchase_floors":[2],"current_hp_per_floor":[64,64,64,64,64,64,64,64,64,64,55,55,55,20,41,41,34,36,36,36,53,67,69,69,69,53,58,58,58,58,58,58,18,0,0],"gold":307,"neow_bonus":"THREE_ENEMY_KILL","is_daily":false,"chose_seed":false,"campfire_upgraded":5,"win_rate":0.0,"timestamp":1613982982,"path_taken":["M","$","?","$","M","R","E","R","PTL","PTL","M","T","T","?","R","?","M","M","R","R","BOSS","M","?","?","?","M","R","$","R","T","T","E","?"],"items_purchased_type":["Card"],"build_version":"2020-12-22","purchased_purges":2,"victory":false,"max_hp_per_floor":[71,71,71,71,71,71,71,71,71,71,71,71,71,71,71,71,71,71,71,71,71,71,71,71,71,71,71,71,71,71,71,71,71,71,71],"card_choices":[{"not_picked":["Rebound","Steam Power"],"picked":"Turbo","floor":1.0},{"not_picked":["Streamline","Blizzard"],"picked":"Heatsinks","floor":5.0},{"not_picked":["Conserve Battery","Static Discharge","Rip and Tear"],"picked":"SKIP","floor":7.0},{"not_picked":["Steam","Gash","Undo"],"picked":"SKIP","floor":11.0},{"not_picked":["Genetic Algorithm","Turbo","Blizzard"],"picked":"SKIP","floor":11.0},{"not_picked":["Leap","Tempest","Panic Button"],"picked":"SKIP","floor":11.0},{"not_picked":["Recycle","ReplayTheSpireMod:System Scan"],"picked":"Creative AI","floor":17.0},{"not_picked":["Gash","Leap","Panic Button"],"picked":"SKIP","floor":17.0},{"not_picked":["Double Energy","Compile Driver","Fusion"],"picked":"SKIP","floor":17.0},{"not_picked":["ReplayTheSpireMod:GoodbyeWorld","Hello World"],"picked":"Self Repair","floor":18.0},{"not_picked":["ReplayTheSpireMod:Repulse","Rip and Tear","Redo"],"picked":"SKIP","floor":18.0},{"not_picked":["Turbo","Gash","Panic Button"],"picked":"SKIP","floor":18.0},{"not_picked":["ReplayTheSpireMod:Omega Cannon","Rainbow"],"picked":"Reboot","floor":21.0},{"not_picked":["Sweeping Beam","Force Field+1"],"picked":"Biased Cognition","floor":23.0},{"not_picked":["Redo","ReplaySort","Cold Snap"],"picked":"SKIP","floor":23.0},{"not_picked":["Stack","Scrape","Streamline"],"picked":"SKIP","floor":23.0},{"not_picked":["Sweeping Beam+1","Ball Lightning"],"picked":"Consume","floor":26.0},{"not_picked":["Turbo+1","Force Field","Sweeping Beam"],"picked":"SKIP","floor":26.0},{"not_picked":["Static Discharge","Panic Button","Conserve Battery"],"picked":"SKIP","floor":26.0},{"not_picked":["Stack","Hologram"],"picked":"FIFO Queue","floor":27.0},{"not_picked":["BasicCrystalCard","Stack","Compile Driver"],"picked":"SKIP","floor":27.0},{"not_picked":["Cold Snap","Conserve Battery","Gash"],"picked":"SKIP","floor":27.0},{"not_picked":["Streamline+1","Darkness"],"picked":"Sunder","floor":33}],"player_experience":691172,"relics_obtained":[{"floor":7.0,"key":"Boot"},{"floor":12.0,"key":"Happy Flower"},{"floor":13.0,"key":"InkBottle"},{"floor":32.0,"key":"Replay:Mystery Machine"},{"floor":33,"key":"Bottled Tornado"}],"event_choices":[{"damage_healed":0.0,"max_hp_gain":0.0,"max_hp_loss":0.0,"gold_gain":0.0,"event_name":"Upgrade Shrine","player_choice":"Upgraded","floor":3.0,"gold_loss":0.0,"damage_taken":0.0,"cards_upgraded":["Turbo"]},{"damage_healed":0.0,"max_hp_gain":0.0,"max_hp_loss":0.0,"gold_gain":0.0,"event_name":"Scrap Ooze","player_choice":"Success","floor":14.0,"gold_loss":0.0,"damage_taken":35.0,"relics_obtained":["DemoMod:GundromedaStrain"]},{"damage_healed":0.0,"max_hp_gain":0.0,"max_hp_loss":0.0,"gold_gain":50.0,"event_name":"Nest","player_choice":"Stole From Cult","floor":24.0,"gold_loss":0.0,"damage_taken":0.0},{"damage_healed":0.0,"max_hp_gain":0.0,"max_hp_loss":0.0,"gold_gain":0.0,"event_name":"The Library","player_choice":"Read","floor":25.0,"gold_loss":0.0,"damage_taken":0.0,"cards_obtained":["Hologram"]}],"is_beta":false,"boss_relics":[{"not_picked":["Replay:Ancient Bell","Ring of Chaos"],"picked":"Snecko Eye"}],"items_purged_floors":[4,29],"is_endless":false,"potions_floor_spawned":[7,17,18,23,27],"ascension_level":20}}