{"host":"lv7etzzgwahaenh9","time":1613974812,"event":{"mods":["AchievementEnabler","BaseMod","Colored Map","Colored Powertips","Highlight Path","Minty Spire (QoL Compilation)","Permanent Neow","Quick Restart","Random Character Button","StSLib"],"gold_per_floor":[18,28,38,55,130,156,156,197,197,197,240,265,265,293,293,379,379,400,59,79,79,105,131,175,175,200,200,234,234,260,73,73,154,154,183,193,193,193,212,245,274,274,323,342,355,355,355,355],"floor_reached":47,"language":"ENG","playtime":2390,"items_purged":["Strike_R","Defend_R"],"score":925,"play_id":"d0cbb759-fbfc-45a3-a42f-007fb21f3039","local_time":"20210221222012","is_ascension_mode":true,"campfire_choices":[{"data":"Armaments","floor":7.0,"key":"SMITH"},{"data":"Spot Weakness","floor":10.0,"key":"SMITH"},{"data":"Feel No Pain","floor":15.0,"key":"SMITH"},{"data":"Whirlwind","floor":25.0,"key":"SMITH"},{"data":"Demon Form","floor":27.0,"key":"SMITH"},{"data":"CrushJoints","floor":29.0,"key":"SMITH"},{"data":"True Grit","floor":32.0,"key":"SMITH"},{"data":"Secret Weapon","floor":42,"key":"SMITH"},{"floor":46,"key":"RECALL"}],"circlet_count":0,"master_deck":["AscendersBane","Strike_R","Strike_R","Strike_R","Defend_R","Defend_R+1","Defend_R+1","Bash","Feel No Pain+1","Reckless Charge","Wild Strike","Inflame","Armaments+1","Spot Weakness+1","Clothesline","Whirlwind+1","Iron Wave","Demon Form+1","Fire Breathing","Evolve","JustLucky","Wallop","CrushJoints+1","Fire Breathing+1","True Grit+1","Swift Strike","Secret Weapon+1","TalkToTheHand","Endless Agony","Parasite","Perseverance","Ball Lightning"],"relics":["Burning Blood","CaptainsWheel","Eternal Feather","CeramicFish","Gremlin Horn","Bird Faced Urn","SlaversCollar","PrismaticShard","Question Card","Centennial Puzzle","Lantern","Busted Crown","Unceasing Top","War Paint"],"acts_visited":["Exordium","TheCity","TheBeyond"],"potions_floor_usage":[41,47],"damage_taken":[{"damage":6.0,"enemies":"2 Louse","floor":1.0,"turns":3.0},{"damage":0.0,"enemies":"Small Slimes","floor":2.0,"turns":3.0},{"damage":0.0,"enemies":"Cultist","floor":3.0,"turns":4.0},{"damage":0.0,"enemies":"Large Slime","floor":4.0,"turns":5.0},{"damage":22.0,"enemies":"Lagavulin","floor":6.0,"turns":5.0},{"damage":24.0,"enemies":"3 Sentries","floor":8.0,"turns":9.0},{"damage":19.0,"enemies":"Gremlin Nob","floor":11.0,"turns":5.0},{"damage":4.0,"enemies":"Exordium Wildlife","floor":12.0,"turns":4.0},{"damage":0.0,"enemies":"Red Slaver","floor":14.0,"turns":1.0},{"damage":49.0,"enemies":"The Guardian","floor":16.0,"turns":15.0},{"damage":20.0,"enemies":"Chosen","floor":18.0,"turns":5.0},{"damage":7.0,"enemies":"Spheric Guardian","floor":20.0,"turns":4.0},{"damage":5.0,"enemies":"Centurion and Healer","floor":22.0,"turns":8.0},{"damage":47.0,"enemies":"Sentry and Sphere","floor":23.0,"turns":6.0},{"damage":0.0,"enemies":"Gremlin Leader","floor":24.0,"turns":7.0},{"damage":40.0,"enemies":"Book of Stabbing","floor":28.0,"turns":6.0},{"damage":10.0,"enemies":"Chosen and Byrds","floor":30.0,"turns":5.0},{"damage":55.0,"enemies":"Champ","floor":33.0,"turns":8.0},{"damage":6.0,"enemies":"3 Shapes","floor":35.0,"turns":4.0},{"damage":56,"enemies":"3 Darklings","floor":36,"turns":5},{"damage":6,"enemies":"Sphere and 2 Shapes","floor":39,"turns":4},{"damage":23,"enemies":"Reptomancer","floor":40,"turns":4},{"damage":33,"enemies":"Writhing Mass","floor":41,"turns":6},{"damage":34,"enemies":"Transient","floor":44,"turns":5},{"damage":27,"enemies":"3 Darklings","floor":45,"turns":5},{"damage":60,"enemies":"Nemesis","floor":47,"turns":5}],"seed_played":"-3647869217652396967","potions_obtained":[{"floor":2.0,"key":"AttackPotion"},{"floor":4.0,"key":"Fruit Juice"},{"floor":11.0,"key":"AttackPotion"},{"floor":12.0,"key":"Regen Potion"},{"floor":16.0,"key":"GamblersBrew"},{"floor":21.0,"key":"BloodPotion"},{"floor":21.0,"key":"BlessingOfTheForge"},{"floor":22.0,"key":"SpeedPotion"},{"floor":28.0,"key":"ElixirPotion"},{"floor":36,"key":"Dexterity Potion"},{"floor":39,"key":"Regen Potion"},{"floor":44,"key":"CultistPotion"}],"is_trial":false,"path_per_floor":["M","M","M","M","?","E","R","E","T","R","E","M","?","M","R","B",null,"M","$","M","?","M","M","E","R","T","R","E","R","M","$","R","B",null,"M","M","?","T","M","E","M","R","T","M","M","R","E"],"character_chosen":"IRONCLAD","items_purchased":["PrismaticShard","Evolve","Fire Potion","Swift Strike"],"campfire_rested":0,"item_purchase_floors":[19,19,19,31],"current_hp_per_floor":[68,74,75,75,64,48,57,39,39,48,35,46,39,45,54,15,64,52,52,57,73,80,45,61,76,76,80,54,69,75,75,80,37,69,75,33,70,70,70,55,55,70,70,43,28,46,0,0],"gold":355,"neow_bonus":"ONE_RARE_RELIC","is_daily":false,"chose_seed":false,"campfire_upgraded":8,"win_rate":0.0,"timestamp":1613974812,"path_taken":["M","M","M","M","?","E","R","E","T","R","E","M","?","M","R","BOSS","M","$","M","?","M","M","E","R","T","R","E","R","?","$","R","BOSS","M","M","?","?","M","E","M","R","T","M","?","R","E"],"items_purchased_type":["Relic","Card","Potion","Card"],"build_version":"2020-12-22","purchased_purges":2,"victory":false,"max_hp_per_floor":[75,75,75,75,75,75,75,75,75,75,75,80,80,80,80,80,80,80,80,80,80,80,80,80,80,80,80,80,80,80,80,80,80,80,80,80,70,70,70,70,70,70,70,70,70,70,70,70],"card_choices":[{"not_picked":["Sword Boomerang","Blood for Blood"],"picked":"Feel No Pain","floor":1.0},{"not_picked":["Anger","Disarm"],"picked":"Reckless Charge","floor":2.0},{"not_picked":["Shockwave","Infernal Blade"],"picked":"Wild Strike","floor":3.0},{"not_picked":["Bloodletting","Flex"],"picked":"Inflame","floor":4.0},{"not_picked":["Cleave","Warcry"],"picked":"Armaments","floor":6.0},{"not_picked":["Clothesline","Ghostly Armor"],"picked":"Spot Weakness","floor":8.0},{"not_picked":["Twin Strike","Clothesline","Heavy Blade"],"picked":"SKIP","floor":11.0},{"not_picked":["Twin Strike","Heavy Blade"],"picked":"Clothesline","floor":11.0},{"not_picked":["Anger","Perfected Strike"],"picked":"Whirlwind","floor":12.0},{"not_picked":["Seeing Red","Uppercut"],"picked":"Iron Wave","floor":14.0},{"not_picked":["Fiend Fire","Exhume"],"picked":"Demon Form","floor":16.0},{"not_picked":["Wild Strike","Rupture+1"],"picked":"Fire Breathing","floor":18.0},{"not_picked":["Eviscerate","FearNoEvil"],"picked":"JustLucky","floor":20.0},{"not_picked":["Turbo","CutThroughFate"],"picked":"Wallop","floor":22.0},{"not_picked":["Go for the Eyes","Prepared"],"picked":"CrushJoints","floor":23.0},{"not_picked":["Loop","Crescendo"],"picked":"Fire Breathing+1","floor":24.0},{"not_picked":["Panache","Headbutt","FollowUp","Eviscerate"],"picked":"SKIP","floor":28.0},{"not_picked":["Hologram","Flex","Prepared"],"picked":"True Grit","floor":30.0},{"not_picked":["Immolate","Offering","The Bomb"],"picked":"Secret Weapon","floor":33.0},{"not_picked":["Shrug It Off"],"picked":"TalkToTheHand","floor":35.0},{"not_picked":["Crippling Poison","ClearTheMind"],"picked":"SKIP","floor":36},{"not_picked":["CarveReality"],"picked":"Endless Agony","floor":39},{"not_picked":["Slice","Dramatic Entrance"],"picked":"SKIP","floor":40},{"not_picked":["Recycle"],"picked":"Perseverance","floor":41},{"not_picked":["Flying Knee"],"picked":"Ball Lightning","floor":44},{"not_picked":["Sucker Punch","Thunderclap"],"picked":"SKIP","floor":45}],"player_experience":503566,"relics_obtained":[{"floor":6.0,"key":"Eternal Feather"},{"floor":8.0,"key":"CeramicFish"},{"floor":9.0,"key":"Gremlin Horn"},{"floor":11.0,"key":"Bird Faced Urn"},{"floor":24.0,"key":"Question Card"},{"floor":26.0,"key":"Centennial Puzzle"},{"floor":28.0,"key":"Lantern"},{"floor":40,"key":"Unceasing Top"},{"floor":43,"key":"War Paint"}],"event_choices":[{"damage_healed":0.0,"max_hp_gain":0.0,"max_hp_loss":0.0,"gold_gain":75.0,"event_name":"World of Goop","player_choice":"Gather Gold","floor":5.0,"gold_loss":0.0,"damage_taken":11.0},{"cards_removed":["Strike_R"],"damage_healed":0.0,"max_hp_gain":0.0,"max_hp_loss":0.0,"gold_gain":0.0,"event_name":"Golden Wing","player_choice":"Card Removal","floor":13.0,"gold_loss":0.0,"damage_taken":7.0},{"damage_healed":0.0,"max_hp_gain":0.0,"max_hp_loss":0.0,"gold_gain":0.0,"event_name":"Lab","player_choice":"Got Potions","floor":21.0,"gold_loss":0.0,"damage_taken":0.0},{"damage_healed":70,"gold_gain":0,"player_choice":"Heal","damage_taken":0,"max_hp_gain":0,"max_hp_loss":10,"event_name":"The Moai Head","floor":37,"gold_loss":0}],"is_beta":false,"boss_relics":[{"not_picked":["Sozu","Runic Dome"],"picked":"SlaversCollar"},{"not_picked":["Coffee Dripper","Runic Pyramid"],"picked":"Busted Crown"}],"items_purged_floors":[19,31],"is_endless":false,"potions_floor_spawned":[2,4,11,12,16,22,28,36,39,40,44],"killed_by":"Nemesis","ascension_level":14}}