{"host":"jpqwruqnh1dd5q7l","time":1613957833,"event":{"mods":["AchievementEnabler","Act Like it!","Alarm Clock","BaseMod","Better Altar","Better Match","Better Note","Better Sensory Stone","Better Skull","Chat Monstrosity","ChefMod","Colored Powertips","Curses Come First","Hermit","Marisa????????","Minty Spire (QoL Compilation)","Rare Cards Sparkle","Relic Sorter","Reliquary","Robot Space Explorer","Ruina","Shop Mod","Spire Birthday Party","StSLib","The Disciple","The Exalted","slay the spire mod where everything is the same but ironclad has a cowboy hat"],"gold_per_floor":[114,114,129,129,129,159,159,189,189,204,219,69,84,84,84,184,184,199,214,229,244,244,274,274,274,274,289,289,304,319,349,349,349,349],"floor_reached":33,"language":"ENG","playtime":2358,"items_purged":[],"score":324,"play_id":"dc5bb4ba-e2fa-4e80-ba6e-a3633e9b4e3e","local_time":"20210221203713","daily_mods":["Shiny","Hoarder","Binary"],"is_ascension_mode":false,"campfire_choices":[{"data":"Ticked:CubicMayhem","floor":7,"key":"SMITH"},{"data":"Ticked:BodyBlast","floor":15,"key":"SMITH"},{"floor":25,"key":"REST"},{"floor":32,"key":"REST"}],"circlet_count":0,"master_deck":["Ticked:SheerHeartAttack+1","Ticked:CubicMayhem+1","Ticked:SadisticMind","Ticked:BodyBlast+1","Ticked:RightHandBlade+1","Ticked:RightHandBlade","Ticked:RightHandBlade","Ticked:ReactiveArmor","Ticked:ReactiveArmor","Ticked:ReactiveArmor","Ticked:CatchOffGuard","Ticked:CatchOffGuard+1","Ticked:CatchOffGuard","Ticked:OverlyLongBoard+1","Ticked:OverlyLongBoard+1","Ticked:OverlyLongBoard+1","Ticked:Cauterize+1","Ticked:Cauterize+1","Ticked:Cauterize+1","Ticked:BurdenedStrike+1","Ticked:BurdenedStrike+1","Ticked:BurdenedStrike+1","Ticked:OverlyLongBoard+1","Ticked:OverlyLongBoard+1","Ticked:OverlyLongBoard+1"],"relics":["Ticked:SpyCamera","Molten Egg 2","Bromod:ArcaneConsequence","Bromod:ArcaneGuardian","Regal Pillow","Black Star","reliquary:Boomerang","reliquary:Buckler","CaptainsWheel","MealTicket","Question Card"],"acts_visited":["Exordium","TheCity"],"potions_floor_usage":[16,16,19,19,20,27,31,33],"damage_taken":[{"damage":5,"enemies":"2 Louse","floor":1,"turns":2},{"damage":10,"enemies":"Small Slimes","floor":3,"turns":3},{"damage":6,"enemies":"Gremlin Nob","floor":6,"turns":3},{"damage":26,"enemies":"Lagavulin","floor":8,"turns":4},{"damage":11,"enemies":"Jaw Worm","floor":10,"turns":2},{"damage":0,"enemies":"2 Fungi Beasts","floor":11,"turns":2},{"damage":3,"enemies":"Gremlin Gang","floor":13,"turns":2},{"damage":11,"enemies":"Slime Boss","floor":16,"turns":6},{"damage":5,"enemies":"2 Thieves","floor":18,"turns":2},{"damage":0,"enemies":"Spheric Guardian","floor":19,"turns":3},{"damage":10,"enemies":"Centurion and Healer","floor":20,"turns":4},{"damage":15,"enemies":"Chosen and Byrds","floor":21,"turns":3},{"damage":29,"enemies":"Gremlin Leader","floor":23,"turns":4},{"damage":15,"enemies":"Snake Plant","floor":27,"turns":2},{"damage":18,"enemies":"Shelled Parasite and Fungi","floor":29,"turns":4},{"damage":9,"enemies":"Centurion and Healer","floor":30,"turns":3},{"damage":25,"enemies":"Book of Stabbing","floor":31,"turns":4},{"damage":67,"enemies":"Automaton","floor":33,"turns":6}],"seed_played":"-9004314451342404475","potions_obtained":[{"floor":10,"key":"Fire Potion"},{"floor":11,"key":"Energy Potion"},{"floor":13,"key":"FearPotion"},{"floor":16,"key":"Swift Potion"},{"floor":18,"key":"Block Potion"},{"floor":19,"key":"ColorlessPotion"},{"floor":23,"key":"BlessingOfTheForge"},{"floor":30,"key":"GamblersBrew"}],"is_trial":false,"path_per_floor":["M","?","M","?","?","E","R","E","T","M","M","$","M","?","R","B",null,"M","M","M","M","?","E","?","R","T","M","?","M","M","E","R","B"],"character_chosen":"TICKED","items_purchased":["Regal Pillow"],"campfire_rested":2,"item_purchase_floors":[12],"current_hp_per_floor":[70,70,60,60,60,54,54,28,28,17,17,17,14,85,85,74,85,80,80,70,55,55,26,26,66,66,51,56,38,29,4,44,0,0],"gold":349,"neow_bonus":"","is_daily":true,"chose_seed":false,"campfire_upgraded":2,"win_rate":0.0,"timestamp":1613957833,"path_taken":["M","?","M","?","?","E","R","E","T","M","?","$","M","?","R","BOSS","M","M","?","M","?","E","?","R","T","M","?","M","?","E","R","BOSS"],"items_purchased_type":["Relic"],"build_version":"2020-12-22","purchased_purges":0,"victory":false,"max_hp_per_floor":[75,75,75,75,75,75,75,75,75,75,75,75,75,85,85,85,85,85,85,85,85,85,85,85,85,85,85,85,85,85,85,85,85,85],"card_choices":[{"not_picked":["Ticked:BodyShield"],"picked":"Ticked:RightHandBlade","floor":1},{"not_picked":["Ticked:LeftHandBlade"],"picked":"Ticked:ReactiveArmor","floor":3},{"not_picked":["Ticked:Twingebane+1"],"picked":"Ticked:CatchOffGuard","floor":6},{"not_picked":["Ticked:FuzzyPlans"],"picked":"Ticked:OverlyLongBoard+1","floor":8},{"not_picked":["Ticked:Gamble+1","Ticked:Twingebane+1"],"picked":"SKIP","floor":10},{"not_picked":["Ticked:LeftHandBlade+1","Ticked:MemoryLoss+1"],"picked":"SKIP","floor":11},{"not_picked":["Ticked:LeftHandBlade+1","Ticked:BodyShield"],"picked":"SKIP","floor":13},{"not_picked":["Ticked:Gamble+1"],"picked":"Ticked:Cauterize+1","floor":18},{"not_picked":["Ticked:BodyShield","Ticked:LeftHandBlade+1"],"picked":"SKIP","floor":19},{"not_picked":["Ticked:LeftHandBlade+1","Ticked:Gamble+1"],"picked":"SKIP","floor":20},{"not_picked":["Ticked:Cauterize+1"],"picked":"Ticked:BurdenedStrike+1","floor":21},{"not_picked":["Ticked:CatchOffGuard","Ticked:WhirlingBlades+1"],"picked":"SKIP","floor":23},{"not_picked":["Ticked:RightHandBlade+1"],"picked":"Ticked:OverlyLongBoard+1","floor":27},{"not_picked":["Ticked:CatchOffGuard","Ticked:ReactiveArmor+1"],"picked":"SKIP","floor":29},{"not_picked":["Ticked:ReactiveArmor","Ticked:OverlyLongBoard+1"],"picked":"SKIP","floor":30},{"not_picked":["Ticked:MemoryLoss+1","Ticked:RightHandBlade+1"],"picked":"SKIP","floor":31}],"player_experience":203347,"relics_obtained":[{"floor":6,"key":"Molten Egg 2"},{"floor":8,"key":"Bromod:ArcaneConsequence"},{"floor":9,"key":"Bromod:ArcaneGuardian"},{"floor":23,"key":"reliquary:Boomerang"},{"floor":23,"key":"reliquary:Buckler"},{"floor":26,"key":"CaptainsWheel"},{"floor":31,"key":"MealTicket"},{"floor":31,"key":"Question Card"}],"event_choices":[{"damage_healed":0,"gold_gain":0,"player_choice":"Ignored","damage_taken":0,"max_hp_gain":0,"max_hp_loss":0,"event_name":"Golden Wing","floor":2,"gold_loss":0},{"damage_healed":0,"gold_gain":0,"player_choice":"Ignored","damage_taken":0,"max_hp_gain":0,"max_hp_loss":0,"event_name":"Liars Game","floor":4,"gold_loss":0},{"damage_healed":0,"gold_gain":0,"player_choice":"Grow","damage_taken":0,"max_hp_gain":0,"max_hp_loss":0,"event_name":"Living Wall","floor":5,"gold_loss":0,"cards_upgraded":["Ticked:SheerHeartAttack"]},{"cards_removed":["Ticked:CasualLoss"],"damage_healed":61,"gold_gain":0,"player_choice":"Offered Rare","damage_taken":0,"max_hp_gain":10,"max_hp_loss":0,"event_name":"Bonfire Elementals","floor":14,"gold_loss":0},{"damage_healed":0,"gold_gain":0,"player_choice":"Ignored","damage_taken":0,"max_hp_gain":0,"max_hp_loss":0,"event_name":"Beggar","floor":22,"gold_loss":0},{"damage_healed":0,"gold_gain":0,"player_choice":"Ignored","damage_taken":0,"max_hp_gain":0,"max_hp_loss":0,"event_name":"Ghosts","floor":24,"gold_loss":0},{"damage_healed":5,"gold_gain":0,"player_choice":"LEAVE ","damage_taken":0,"relics_obtained":[],"max_hp_gain":0,"max_hp_loss":0,"event_name":"betterSkull:BetterSkull","floor":28,"gold_loss":0,"cards_upgraded":[]}],"is_beta":false,"boss_relics":[{"not_picked":["reliquary:Ember","Tiny House"],"picked":"Black Star"}],"items_purged_floors":[],"is_endless":false,"potions_floor_spawned":[10,11,13,16,18,19,23,30],"killed_by":"Automaton","ascension_level":0}}