{"host":"c0rqchpxu0yjpthq","time":1613985418,"event":{"mods":["100% Spire Juice","ATMod(阿瑾Mod)","BaseMod","Challenge The Spire","Conspire","Downfall","HololiveMod","Minty Spire (QoL Compilation)","MostiFishMod","Prisma Mod","Reimu（博丽灵梦）","Relic Stats","Reliquary","Replay The Spire","Spicy Shops","StSLib","The Alterego","The Hierophant","WarShipGirlsR/战舰少女R mod","Wide Potions","Yakumo Yukari mod","[GremlinLeader]The Maniac","【功能Mod】聪明的最终Boss","【遗物卡牌】REMEMod"],"gold_per_floor":[113,127,165,175,796614,796614,796614,796627,796676,795773,795764,795764,795779,795790,795790,795893,795993,796005,796016,796042,796053,796068,796097,796097,796117,796142,796142,796142,796142,796156,793955,793955,794056,794056,794071,794121,791453,791472,791491,791501,791501,791530,791530,790335,790348,790361,790493,790509,790509,790709,790709,790709,789613,789841,789781],"floor_reached":56,"language":"ZHS","playtime":3891,"items_purged":["alterego_mod:Defend","Doubt","Shame","alterego_mod:Strike","alterego_mod:Defend","Pain"],"score":1653,"play_id":"113f7472-2fe0-4820-9978-11a69983cce2","local_time":"20210222171658","is_ascension_mode":false,"campfire_choices":[{"floor":6.0,"key":"RECALL"},{"data":"AT_FamilyPortrait","floor":15.0,"key":"SMITH"},{"data":"Iron Wave","floor":24.0,"key":"SMITH"},{"data":"alterego_mod:BrynhildrsRune","floor":27.0,"key":"SMITH"},{"data":"alterego_mod:BigMeatyClaws","floor":29.0,"key":"SMITH"},{"data":"alterego_mod:Strike","floor":41.0,"key":"PURGE"},{"data":"alterego_mod:Defend","floor":49.0,"key":"PURGE"},{"data":"alterego_mod:Strike","floor":52.0,"key":"PURGE"}],"circlet_count":0,"master_deck":["alterego_mod:Impale+1","alterego_mod:BigMeatyClaws+1","alterego_mod:BrynhildrsRune+1","AT_FamilyPortrait+1","Die Die Die+1","Iron Wave+1","alterego_mod:Lift+1","MostiFishMod:BrokenBlackCloak+1","alterego_mod:BigMeatyClaws+1","alterego_mod:SideboobHour+1","alterego_mod:Weigh+1","alterego_mod:Schoolgirl+1","alterego_mod:Tantrum+1","alterego_mod:BrynhildrRomantia+1","alterego_mod:BrynhildrRomantia+1","alterego_mod:DiscoLights"],"relics":["alterego_mod:MasochisticConstitution","AT_ATBox","DaveBox","REME_ComplimentaryCards","NeowsBlessing","FeatherPendant","SynthV:TestCard","CaptainsWheel","Medical Kit","ReplayTheSpireMod:Lightbulb","SentryEyes","reliquary:GummyVitamins","conspire:DeflatedDodgeball","TimeFreeze","AT_ChloranthyRing","Pondfish Scales","Bird Faced Urn","Potion Belt","BrkXgEgg","REME_OnlineShoppingPlatform","Replay:Wanted Poster","REME_PuzzleBoxRelic","reliquary:TatteredRug","Nunchaku","Orichalcum","Toxic Egg 2","AT_ImmortalShieldbow","MetatronsCube","Sling","conspire:Flyswatter","Peace Pipe","reliquary:WritOfMandamus","Ice Cream","AT_PhaseBoots","Tea:ReiMu","Ying","Letter Opener","SynthV:MejaisSoulstealer","Replay:Mystery Machine","Bag of Preparation","conspire:DecoderRing","reliquary:BallBearing","CombinedTypeHook","ChiLing","Chi","Ling","reliquary:Aerogel","HornCleat","Orrery","AT_TheCollector","Eternal Feather","Bronze Scales","reliquary:Firecrackers","reliquary:Spinner","Mastiff:ReiMu","OrangePellets","Guide Book","Mercury Hourglass"],"acts_visited":["Exordium","TheCity","TheBeyond","TheEnding"],"potions_floor_usage":[55,55,55,55,55,55,55,55],"damage_taken":[{"damage":3.0,"enemies":"Jaw Worm","floor":1.0,"turns":8.0},{"damage":2.0,"enemies":"conspire:RoseBush","floor":2.0,"turns":1.0},{"damage":4.0,"enemies":"Cultist","floor":4.0,"turns":7.0},{"damage":2.0,"enemies":"2 Fungi Beasts","floor":8.0,"turns":2.0},{"damage":3.0,"enemies":"Red Slaver","floor":11.0,"turns":2.0},{"damage":2.0,"enemies":"Blue Slaver","floor":13.0,"turns":2.0},{"damage":6.0,"enemies":"Exordium Thugs","floor":14.0,"turns":3.0},{"damage":0.0,"enemies":"Fading Forest","floor":16.0,"turns":4.0},{"damage":0.0,"enemies":"Shell Parasite","floor":18.0,"turns":3.0},{"damage":0.0,"enemies":"3 Byrds","floor":19.0,"turns":2.0},{"damage":15.0,"enemies":"Snake Plant","floor":21.0,"turns":3.0},{"damage":6.0,"enemies":"Centurion and Healer","floor":22.0,"turns":3.0},{"damage":25.0,"enemies":"Gremlin Leader","floor":23.0,"turns":3.0},{"damage":0.0,"enemies":"conspire:HollyBat","floor":25.0,"turns":5.0},{"damage":1.0,"enemies":"Snecko","floor":30.0,"turns":3.0},{"damage":0.0,"enemies":"Collector","floor":33.0,"turns":2.0},{"damage":16.0,"enemies":"3 Shapes","floor":35.0,"turns":1.0},{"damage":0.0,"enemies":"Mind Bloom Boss Battle","floor":36.0,"turns":2.0},{"damage":0.0,"enemies":"Orb Walker","floor":38.0,"turns":2.0},{"damage":0.0,"enemies":"Transient","floor":39.0,"turns":5.0},{"damage":0.0,"enemies":"R_Hoarder","floor":40.0,"turns":2.0},{"damage":0.0,"enemies":"Giant Head","floor":42.0,"turns":2.0},{"damage":0.0,"enemies":"Writhing Mass","floor":45.0,"turns":1.0},{"damage":10.0,"enemies":"4 Shapes","floor":46.0,"turns":2.0},{"damage":0.0,"enemies":"Reptomancer","floor":47.0,"turns":2.0},{"damage":12.0,"enemies":"3 Darklings","floor":48.0,"turns":2.0},{"damage":0.0,"enemies":"Donu and Deca","floor":50.0,"turns":1.0},{"damage":2.0,"enemies":"Shield and Spear","floor":54.0,"turns":1.0},{"damage":3,"enemies":"The Heart","floor":55,"turns":3}],"seed_played":"-4095492429779596420","potions_obtained":[{"floor":40.0,"key":"Dexterity Potion"}],"is_trial":false,"path_per_floor":["M","M","?","M","$","R","?","M","T","$","M","?","M","M","R","B",null,"M","M","T","M","M","E","R","M","T","R","?","R","M","$","R","B",null,"M","?","$","M","M","E","R","E","T","$","M","M","E","M","R","B",null,"R","$","E","B",null],"character_chosen":"The_Alterego","items_purchased":["Fruit Juice","Medical Kit","ReplayTheSpireMod:Lightbulb","SentryEyes","reliquary:GummyVitamins","conspire:DeflatedDodgeball","TimeFreeze","AT_ChloranthyRing","Pondfish Scales","Bird Faced Urn","Potion Belt","BrkXgEgg","REME_OnlineShoppingPlatform","Toxic Egg 2","AT_ImmortalShieldbow","MetatronsCube","Sling","conspire:Flyswatter","Peace Pipe","MostiFishMod:BrokenBlackCloak+1","AT_SpeedBoots","Tea:ReiMu","Ying","Letter Opener","SynthV:MejaisSoulstealer","Replay:Mystery Machine","CombinedTypeHook","ChiLing","reliquary:Aerogel","HornCleat","alterego_mod:Weigh+1","alterego_mod:Schoolgirl+1","Orrery","AT_TheCollector","Bronze Scales","reliquary:Firecrackers","reliquary:Spinner","Mastiff:ReiMu","OrangePellets","Guide Book","alterego_mod:DiscoLights"],"campfire_rested":0,"item_purchase_floors":[5,5,5,5,5,5,5,10,10,10,10,10,10,31,31,31,31,31,31,31,37,37,37,37,37,37,44,44,44,44,44,44,44,44,53,53,53,53,53,53,53],"current_hp_per_floor":[68,67,39,36,41,41,41,40,40,40,38,38,37,32,32,40,82,82,82,82,68,74,56,56,68,68,68,68,68,72,72,72,80,86,71,75,75,87,87,92,92,92,92,92,96,87,91,80,89,91,98,98,98,103,109],"gold":789781,"neow_bonus":"THREE_ENEMY_KILL","is_daily":false,"chose_seed":false,"campfire_upgraded":4,"win_rate":0.0,"timestamp":1613985418,"path_taken":["M","M","?","M","$","R","?","?","T","$","M","?","M","M","R","BOSS","M","M","?","M","M","E","R","M","T","R","?","R","M","$","R","BOSS","M","?","$","M","M","E","R","E","T","$","M","M","E","M","R","BOSS","R","$","E","BOSS"],"items_purchased_type":["Potion","Relic","Relic","Relic","Relic","Relic","Relic","Relic","Relic","Relic","Relic","Relic","Relic","Relic","Relic","Relic","Relic","Relic","Relic","Card","Relic","Relic","Relic","Relic","Relic","Relic","Relic","Relic","Relic","Relic","Card","Card","Relic","Relic","Relic","Relic","Relic","Relic","Relic","Relic","Card"],"build_version":"2020-12-22","purchased_purges":6,"victory":true,"max_hp_per_floor":[71,72,72,73,78,78,78,79,79,79,80,80,81,82,82,82,82,82,82,82,83,84,85,85,85,85,85,85,85,86,86,86,86,86,87,87,87,87,87,92,92,92,92,92,96,97,97,98,98,98,98,98,98,103,109],"relic_stats":{"counters":[29,72],"Eternal Feather":9,"Bag of Preparation":[15],"Letter Opener":[138],"Orichalcum":[12],"Medical Kit":[8],"Mercury Hourglass":[3],"Peace Pipe":3,"OrangePellets":[0],"Nunchaku":[38],"Bird Faced Urn":[53],"Bronze Scales":[36],"obtain_stats":[{"Ice Cream":36,"CombinedTypeHook":44,"AT_ATBox":0,"Chi":44,"Tea:ReiMu":37,"Sling":31,"Replay:Wanted Poster":17,"HornCleat":44,"Mastiff:ReiMu":53,"conspire:DecoderRing":42,"Toxic Egg 2":31,"REME_OnlineShoppingPlatform":10,"alterego_mod:MasochisticConstitution":0,"SynthV:MejaisSoulstealer":37,"Eternal Feather":47,"reliquary:TatteredRug":23,"AT_PhaseBoots":39,"Letter Opener":37,"TimeFreeze":5,"OrangePellets":53,"AT_SpeedBoots":37,"Ling":44,"AT_TheCollector":44,"Bird Faced Urn":10,"Bronze Scales":53,"SentryEyes":5,"reliquary:GummyVitamins":5,"reliquary:BallBearing":43,"reliquary:WritOfMandamus":34,"MetatronsCube":31,"conspire:Flyswatter":31,"ChiLing":44,"Ying":37,"DaveBox":0,"reliquary:Aerogel":44,"reliquary:Firecrackers":53,"Bag of Preparation":40,"Replay:Mystery Machine":37,"Nunchaku":26,"AT_ChloranthyRing":10,"Potion Belt":10,"NeowsBlessing":0,"Guide Book":53,"BrkXgEgg":10,"reliquary:Spinner":53,"Orichalcum":28,"Medical Kit":5,"Mercury Hourglass":54,"AT_ImmortalShieldbow":31,"Peace Pipe":31,"CaptainsWheel":3,"Pondfish Scales":10,"SynthV:TestCard":1,"FeatherPendant":0,"Orrery":44,"conspire:DeflatedDodgeball":5,"REME_PuzzleBoxRelic":20,"ReplayTheSpireMod:Lightbulb":5,"REME_ComplimentaryCards":0},{"Ice Cream":18,"CombinedTypeHook":22,"AT_ATBox":0,"Chi":22,"Tea:ReiMu":18,"Sling":15,"Replay:Wanted Poster":8,"HornCleat":22,"Mastiff:ReiMu":27,"conspire:DecoderRing":22,"Toxic Egg 2":15,"REME_OnlineShoppingPlatform":4,"alterego_mod:MasochisticConstitution":0,"SynthV:MejaisSoulstealer":18,"Eternal Feather":25,"reliquary:TatteredRug":13,"AT_PhaseBoots":20,"Letter Opener":18,"TimeFreeze":3,"OrangePellets":27,"AT_SpeedBoots":18,"Ling":22,"AT_TheCollector":22,"Bird Faced Urn":4,"Bronze Scales":27,"SentryEyes":3,"reliquary:GummyVitamins":3,"reliquary:BallBearing":22,"reliquary:WritOfMandamus":16,"MetatronsCube":15,"conspire:Flyswatter":15,"ChiLing":22,"Ying":18,"DaveBox":0,"reliquary:Aerogel":22,"reliquary:Firecrackers":27,"Bag of Preparation":21,"Replay:Mystery Machine":18,"Nunchaku":14,"AT_ChloranthyRing":4,"Potion Belt":4,"NeowsBlessing":0,"Guide Book":27,"BrkXgEgg":4,"reliquary:Spinner":27,"Orichalcum":14,"Medical Kit":3,"Mercury Hourglass":28,"AT_ImmortalShieldbow":15,"Peace Pipe":15,"CaptainsWheel":2,"Pondfish Scales":4,"SynthV:TestCard":1,"FeatherPendant":0,"Orrery":22,"conspire:DeflatedDodgeball":3,"REME_PuzzleBoxRelic":10,"ReplayTheSpireMod:Lightbulb":3,"REME_ComplimentaryCards":0},{"Ice Cream":53,"CombinedTypeHook":64,"AT_ATBox":0,"Chi":64,"Tea:ReiMu":53,"Sling":48,"Replay:Wanted Poster":28,"HornCleat":64,"Mastiff:ReiMu":69,"conspire:DecoderRing":64,"Toxic Egg 2":48,"REME_OnlineShoppingPlatform":17,"alterego_mod:MasochisticConstitution":0,"SynthV:MejaisSoulstealer":53,"Eternal Feather":67,"reliquary:TatteredRug":40,"AT_PhaseBoots":59,"Letter Opener":53,"TimeFreeze":16,"OrangePellets":69,"AT_SpeedBoots":53,"Ling":64,"AT_TheCollector":64,"Bird Faced Urn":17,"Bronze Scales":69,"SentryEyes":16,"reliquary:GummyVitamins":16,"reliquary:BallBearing":64,"reliquary:WritOfMandamus":50,"MetatronsCube":48,"conspire:Flyswatter":48,"ChiLing":64,"Ying":53,"DaveBox":0,"reliquary:Aerogel":64,"reliquary:Firecrackers":69,"Bag of Preparation":62,"Replay:Mystery Machine":53,"Nunchaku":45,"AT_ChloranthyRing":17,"Potion Belt":17,"NeowsBlessing":0,"Guide Book":69,"BrkXgEgg":17,"reliquary:Spinner":69,"Orichalcum":45,"Medical Kit":16,"Mercury Hourglass":70,"AT_ImmortalShieldbow":48,"Peace Pipe":48,"CaptainsWheel":9,"Pondfish Scales":17,"SynthV:TestCard":8,"FeatherPendant":0,"Orrery":64,"conspire:DeflatedDodgeball":16,"REME_PuzzleBoxRelic":32,"ReplayTheSpireMod:Lightbulb":16,"REME_ComplimentaryCards":0}]},"card_choices":[{"not_picked":["alterego_mod:HighServant","alterego_mod:Mirror","alterego_mod:Pet"],"picked":"SKIP","floor":1.0},{"not_picked":["alterego_mod:BiFurious","alterego_mod:Pet","alterego_mod:Cooking","alterego_mod:Punishment","alterego_mod:SideboobHour"],"picked":"SKIP","floor":2.0},{"not_picked":["alterego_mod:Table","alterego_mod:BiFurious","alterego_mod:Punishment","alterego_mod:Maid","alterego_mod:BusterCard"],"picked":"SKIP","floor":4.0},{"not_picked":["alterego_mod:Santa","alterego_mod:Complex","alterego_mod:HighServant","alterego_mod:Birthday","alterego_mod:Punishment"],"picked":"SKIP","floor":8.0},{"not_picked":["alterego_mod:Jiggle","alterego_mod:Pet","alterego_mod:Maid","alterego_mod:Cycle","alterego_mod:PerceptionDisorder"],"picked":"SKIP","floor":11.0},{"not_picked":["alterego_mod:Bunnysuit","alterego_mod:BiFurious","alterego_mod:1TonWallop","alterego_mod:Skirt","alterego_mod:BreastValley"],"picked":"SKIP","floor":13.0},{"not_picked":["alterego_mod:Crossover","alterego_mod:DestructionOfProperty","alterego_mod:DeftHands","alterego_mod:Cycle"],"picked":"alterego_mod:Lift+1","floor":14.0},{"not_picked":["alterego_mod:TrashNCrash","alterego_mod:Complex","alterego_mod:Skirt","alterego_mod:Bloomers","alterego_mod:Cycle+1"],"picked":"SKIP","floor":18.0},{"not_picked":["alterego_mod:Table","alterego_mod:DeftHands","alterego_mod:Maid+1","alterego_mod:Crossover","alterego_mod:GoddessCore+1"],"picked":"SKIP","floor":19.0},{"not_picked":["alterego_mod:Rip+1","alterego_mod:DeftHands+1","alterego_mod:Bunnysuit","alterego_mod:BiFurious+1","alterego_mod:BeGentle"],"picked":"SKIP","floor":21.0},{"not_picked":["alterego_mod:Stockings","alterego_mod:MagicResistance","alterego_mod:Punishment","alterego_mod:PainIsPleasure+1","alterego_mod:Swimsuit"],"picked":"SKIP","floor":22.0},{"not_picked":["alterego_mod:Rip","alterego_mod:ChallengeComplete+1","alterego_mod:Lingerie+1","alterego_mod:Vow+1","alterego_mod:Complex"],"picked":"SKIP","floor":23.0},{"not_picked":["alterego_mod:Pet+1","alterego_mod:Support","alterego_mod:SakuraFive","alterego_mod:TrashNCrash","alterego_mod:Lingerie+1"],"picked":"SKIP","floor":25.0},{"not_picked":["alterego_mod:Bounce+1","alterego_mod:RidiculouslyBig+1","alterego_mod:Punishment","alterego_mod:Cycle","alterego_mod:Pet"],"picked":"SKIP","floor":30.0},{"not_picked":["alterego_mod:Antipathy+1","alterego_mod:IdEs+1","alterego_mod:RingBreak+1","alterego_mod:ClassAdvantage+1"],"picked":"alterego_mod:SideboobHour+1","floor":33.0},{"not_picked":["alterego_mod:1TonWallop","alterego_mod:MagicResistance+1","alterego_mod:DeftHands+1","alterego_mod:Undulate+1","alterego_mod:GoddessCore+1"],"picked":"SKIP","floor":35.0},{"not_picked":["alterego_mod:Clones+1","alterego_mod:DiscoLights+1","alterego_mod:Bounce","alterego_mod:Cycle+1","alterego_mod:DeftHands+1"],"picked":"SKIP","floor":38.0},{"not_picked":["alterego_mod:Birthday+1","alterego_mod:Belle","alterego_mod:1TonWallop+1","alterego_mod:HighServant+1","alterego_mod:Cycle+1"],"picked":"SKIP","floor":39.0},{"not_picked":["alterego_mod:Belts","alterego_mod:HighServant+1","alterego_mod:DiscoLights","alterego_mod:Jiggle+1","alterego_mod:AlterEgo+1"],"picked":"SKIP","floor":40.0},{"not_picked":["alterego_mod:RocketPunch","alterego_mod:DiscoLights","alterego_mod:Maid+1","alterego_mod:Bunnysuit+1","alterego_mod:Clap+1"],"picked":"SKIP","floor":42.0},{"not_picked":["alterego_mod:PerceptionDisorder","alterego_mod:TrashNCrash+1","alterego_mod:Jiggle+1","alterego_mod:DiscoLights+1"],"picked":"alterego_mod:Tantrum+1","floor":44.0},{"not_picked":["alterego_mod:BeGentle+1","alterego_mod:Rip","alterego_mod:Birthday+1","alterego_mod:Bounce+1"],"picked":"alterego_mod:BrynhildrRomantia+1","floor":44.0},{"not_picked":["alterego_mod:BeGentle+1","alterego_mod:Complex","alterego_mod:TrashNCrash+1","alterego_mod:PresenceConcealment+1","alterego_mod:BreastValley"],"picked":"SKIP","floor":45.0},{"not_picked":["alterego_mod:Maid","alterego_mod:1TonWallop+1","alterego_mod:Bounce","alterego_mod:Complex","alterego_mod:Cooking+1"],"picked":"SKIP","floor":46.0},{"not_picked":["alterego_mod:Birthday+1","alterego_mod:Cycle+1","alterego_mod:MagicResistance+1","alterego_mod:AlterEgo+1"],"picked":"alterego_mod:BrynhildrRomantia+1","floor":47.0},{"not_picked":["alterego_mod:Cooking+1","alterego_mod:TrashNCrash+1","alterego_mod:DeftHands","alterego_mod:Stockings","alterego_mod:Jiggle+1"],"picked":"SKIP","floor":48.0},{"not_picked":["alterego_mod:GoddessCore","alterego_mod:Nekomimi+1","alterego_mod:DeftHands+1","alterego_mod:Complex","alterego_mod:PurpleHair+1"],"picked":"SKIP","floor":54.0}],"player_experience":103408,"relics_obtained":[{"floor":1.0,"key":"SynthV:TestCard"},{"floor":3.0,"key":"CaptainsWheel"},{"floor":20.0,"key":"REME_PuzzleBoxRelic"},{"floor":23.0,"key":"reliquary:TatteredRug"},{"floor":26.0,"key":"Nunchaku"},{"floor":36.0,"key":"Ice Cream"},{"floor":40.0,"key":"Bag of Preparation"},{"floor":42.0,"key":"conspire:DecoderRing"},{"floor":43.0,"key":"reliquary:BallBearing"},{"floor":47.0,"key":"Eternal Feather"},{"floor":54.0,"key":"Mercury Hourglass"}],"event_choices":[{"cards_removed":["alterego_mod:Strike"],"damage_healed":0.0,"max_hp_gain":0.0,"max_hp_loss":0.0,"gold_gain":0.0,"event_name":"NoteForYourself","player_choice":"Took Card","floor":7.0,"gold_loss":0.0,"damage_taken":0.0,"cards_obtained":["Iron Wave"]},{"cards_removed":["alterego_mod:Defend"],"damage_healed":0.0,"max_hp_gain":0.0,"max_hp_loss":0.0,"gold_gain":0.0,"event_name":"Purifier","player_choice":"Purged","floor":12.0,"gold_loss":0.0,"damage_taken":0.0},{"damage_healed":0.0,"max_hp_gain":0.0,"max_hp_loss":0.0,"gold_gain":0.0,"event_name":"WeMeetAgain","player_choice":"Gave Potion","floor":28.0,"gold_loss":0.0,"damage_taken":0.0,"relics_obtained":["Orichalcum"]},{"damage_healed":0.0,"max_hp_gain":0.0,"max_hp_loss":0.0,"gold_gain":0.0,"event_name":"Duplicator","player_choice":"Copied","floor":32.0,"gold_loss":0.0,"damage_taken":0.0,"cards_obtained":["alterego_mod:BigMeatyClaws"]},{"damage_healed":0.0,"max_hp_gain":0.0,"max_hp_loss":0.0,"gold_gain":0.0,"event_name":"MindBloom","player_choice":"Fight","floor":36.0,"gold_loss":0.0,"damage_taken":0.0}],"is_beta":false,"boss_relics":[{"not_picked":["Hololive_TopUpMoneyS","REME_ChargedStone"],"picked":"Replay:Wanted Poster"},{"not_picked":["REME_LowDesire","RhineFirstAidKit"],"picked":"reliquary:WritOfMandamus"}],"items_purged_floors":[5,10,31,37,37,53],"is_endless":false,"potions_floor_spawned":[11,13,14,16,21,22,30,38,40,42,46],"ascension_level":0}}