{"host":"arn2jcql7xd3a3xg","time":1613959676,"event":{"mods":["AchievementEnabler","Act Like it!","AlwaysNeverKeys","BaseMod","Better Third Choice","Colored Map","Colored Powertips","Downfall","GifTheSpireLib","Hallownest","Highlight Path","Infinite Spire","Minty Spire (QoL Compilation)","Permanent Neow","Quick Restart","Rare Cards Sparkle","Replay The Spire","StSLib","SuperFastMode","The Bug Knight"],"gold_per_floor":[144,197,197,197,56,146,146,146],"floor_reached":6,"language":"ENG","playtime":122,"items_purged":[],"score":42,"play_id":"c2e09f6a-eba4-4a08-8953-48a5949f2af6","local_time":"20210221180756","daily_mods":["Cursed Run","Purple Cards","Midas"],"is_ascension_mode":false,"campfire_choices":[],"circlet_count":0,"master_deck":["sneckomod:Strike","sneckomod:Strike","sneckomod:Strike","sneckomod:Defend","sneckomod:Defend","sneckomod:Defend","sneckomod:TailWhip","sneckomod:SnekBite","sneckomod:Unknown","sneckomod:Unknown","sneckomod:RainOfDice","sneckomod:UnknownDexterity","sneckomod:SlitherStrike"],"relics":["Cursed Key","Darkstone Periapt","Du-Vu Doll","infinitespire:Cubic Diamond","Smiling Mask"],"acts_visited":["Exordium"],"potions_floor_usage":[],"damage_taken":[{"damage":4,"enemies":"2 Louse","floor":1,"turns":3},{"damage":47,"enemies":"Gremlin Nob","floor":6,"turns":5}],"seed_played":"-9004314451342404475","potions_obtained":[],"is_trial":false,"path_per_floor":["M","?","?","?","$","E"],"character_chosen":"THE_SNECKO","items_purchased":["sneckomod:UnknownDexterity","sneckomod:SlitherStrike"],"campfire_rested":0,"item_purchase_floors":[5,5],"current_hp_per_floor":[86,86,86,86,86,39,39,39],"gold":146,"neow_bonus":"","is_daily":true,"chose_seed":false,"campfire_upgraded":0,"win_rate":0.0,"timestamp":1613959676,"path_taken":["M","?","?","?","$","E"],"items_purchased_type":["Card","Card"],"build_version":"2020-12-22","purchased_purges":0,"victory":false,"max_hp_per_floor":[90,90,90,90,90,90,90,90],"card_choices":[{"not_picked":["Study","sneckomod:SoulDraw"],"picked":"sneckomod:RainOfDice","floor":1}],"player_experience":103106,"relics_obtained":[{"floor":6,"key":"Smiling Mask"}],"event_choices":[{"damage_healed":0,"gold_gain":53,"player_choice":"Gained Gold","damage_taken":0,"max_hp_gain":0,"max_hp_loss":0,"event_name":"Golden Wing","floor":2,"gold_loss":0},{"damage_healed":0,"gold_gain":0,"player_choice":"Leave","damage_taken":0,"max_hp_gain":0,"max_hp_loss":0,"event_name":"The Cleric","floor":3,"gold_loss":0}],"is_beta":false,"boss_relics":[],"items_purged_floors":[],"is_endless":false,"potions_floor_spawned":[6],"killed_by":"Gremlin Nob","ascension_level":0}}