{"host":"hfxahm4y1ssattqc","time":1613955798,"event":{"mods":["2.2 Compatiblity","Act Like it!","Aspiration","BaseMod","Beaked The Cultist","Better Third Choice","BetterRewards","Colored Map","Colored Powertips","Custom Start","Downfall","Googly Eyes","Halation","Hallownest","Hermit","Highlight Path","Hubris","Infinite Spire","Mimic Mod","Minty Spire (QoL Compilation)","Reorder Act Four","Replay The Spire","Shop Mod","Spikes Relics","StSLib","The Bug Knight","The IronCluck","The Jungle","Unknown Chances","slay the spire mod where everything is the same but ironclad has a cowboy hat"],"gold_per_floor":[109,70,70,85,95,120,120,149,149,149,149,149,149,149,149,254,354,365,305,257,257,257,257],"floor_reached":22,"language":"ENG","playtime":791,"items_purged":[],"score":188,"play_id":"0c1284f5-3a38-4f78-8a8c-291a36477780","local_time":"20210221170318","is_ascension_mode":false,"campfire_choices":[{"floor":7,"key":"REST"},{"data":"beaked:BraceForImpact","floor":11,"key":"SMITH"},{"data":"beaked:Foresight","floor":13,"key":"SMITH"},{"floor":15,"key":"REST"}],"circlet_count":0,"master_deck":["beaked:Strike_Y","beaked:Strike_Y","beaked:Strike_Y","beaked:Strike_Y","beaked:Strike_Y","beaked:Strike_Y","beaked:Defend_Y","beaked:Defend_Y","beaked:Defend_Y","beaked:Defend_Y","beaked:Ceremony","beaked:Ceremony","beaked:Ceremony","beaked:Recite","beaked:Insight+1","beaked:FeelMyPain","beaked:Foresight+1","beaked:BraceForImpact+1","infinitespire:UltimateForm","beaked:Sacrifice","beaked:Insight"],"relics":["beaked:MendingPlumage","aspiration:Nostalgia","Burning Blood","infinitespire:Lucky Rock","aspiration:SeaSaltIceCream","Ring of the Snake","hubris:PeanutButter","hubris:BundleOfHerbs","Replay:Wanted Poster","MutagenicStrength"],"acts_visited":["Exordium","TheCity"],"potions_floor_usage":[22,22],"damage_taken":[{"damage":6,"enemies":"Jaw Worm","floor":1,"turns":5},{"damage":12,"enemies":"Cultist","floor":4,"turns":5},{"damage":23,"enemies":"2 Louse","floor":5,"turns":4},{"damage":39,"enemies":"Lagavulin","floor":6,"turns":7},{"damage":42,"enemies":"3 Sentries","floor":8,"turns":7},{"damage":19,"enemies":"Hexaghost","floor":16,"turns":9},{"damage":65,"enemies":"Spheric Guardian","floor":18,"turns":12},{"damage":20,"enemies":"2 Thieves","floor":19,"turns":4},{"damage":48,"enemies":"Shelled Parasite and Fungi","floor":22,"turns":3}],"seed_played":"-279820263658822082","potions_obtained":[{"floor":1,"key":"Strength Potion"},{"floor":5,"key":"SpeedPotion"},{"floor":8,"key":"hexamod:SoulburnPotion"}],"is_trial":false,"path_per_floor":["M","$","?","M","M","E","R","E","T","$","R","?","R","?","R","B",null,"M","M","$","?","M"],"character_chosen":"BEAKED_THE_CULTIST","items_purchased":["beaked:Insight+1","beaked:Insight"],"campfire_rested":2,"item_purchase_floors":[2,20],"current_hp_per_floor":[50,50,50,50,40,29,44,28,28,28,28,17,17,17,32,50,50,21,23,23,23,0,0],"gold":257,"neow_bonus":"NOSTALGIA","is_daily":false,"chose_seed":false,"campfire_upgraded":2,"win_rate":0.0,"timestamp":1613955798,"path_taken":["M","$","?","?","M","E","R","E","T","$","R","?","R","?","R","BOSS","M","?","$","?","M"],"items_purchased_type":["Card","Card"],"build_version":"2020-12-22","purchased_purges":0,"victory":false,"max_hp_per_floor":[50,50,50,50,50,50,50,50,50,50,50,50,50,50,50,50,50,50,50,50,50,50,50],"card_choices":[{"not_picked":["beaked:Brace","beaked:SacrificialAttack"],"picked":"beaked:Recite","floor":1},{"not_picked":["beaked:Foresight","beaked:VigorBurst"],"picked":"beaked:FeelMyPain","floor":4},{"not_picked":["beaked:Flinch","beaked:Windmill"],"picked":"beaked:Foresight","floor":5},{"not_picked":["beaked:Recite","beaked:MimicHuntress","beaked:WarriorEssence"],"picked":"SKIP","floor":6},{"not_picked":["beaked:WarriorEssence","beaked:DarkPact"],"picked":"beaked:BraceForImpact","floor":8},{"not_picked":["infinitespire:TheBestDefense","infinitespire:DeathsTouch"],"picked":"infinitespire:UltimateForm","floor":12},{"not_picked":["beaked:ShadowFade","beaked:VolatileMisfortune"],"picked":"beaked:Sacrifice","floor":16},{"not_picked":["beaked:Poke","beaked:HuntressEssence","beaked:Mantra"],"picked":"SKIP","floor":18},{"not_picked":["beaked:Poke","beaked:HuntressEssence","beaked:Mantra"],"picked":"SKIP","floor":18},{"not_picked":["beaked:Redirect","beaked:Hexing","beaked:MimicHuntress"],"picked":"SKIP","floor":19}],"player_experience":971027,"relics_obtained":[{"floor":3,"key":"infinitespire:Lucky Rock"},{"floor":6,"key":"aspiration:SeaSaltIceCream"},{"floor":8,"key":"hubris:PeanutButter"},{"floor":9,"key":"hubris:BundleOfHerbs"}],"event_choices":[{"damage_healed":0,"gold_gain":0,"player_choice":"Relic","damage_taken":0,"max_hp_gain":0,"max_hp_loss":0,"event_name":"Wheel of Change","floor":3,"gold_loss":0},{"damage_healed":0,"gold_gain":0,"player_choice":"Ignored","damage_taken":0,"max_hp_gain":0,"max_hp_loss":0,"event_name":"Transmorgrifier","floor":14,"gold_loss":0},{"damage_healed":0,"gold_gain":0,"player_choice":"Inject Mutagens","damage_taken":0,"relics_obtained":["MutagenicStrength"],"max_hp_gain":0,"max_hp_loss":0,"event_name":"Drug Dealer","floor":21,"gold_loss":0}],"is_beta":false,"boss_relics":[{"not_picked":["hubris:TerracottaHorce","Runic Pyramid"],"picked":"Replay:Wanted Poster"}],"items_purged_floors":[],"is_endless":false,"potions_floor_spawned":[1,5,8],"killed_by":"Shelled Parasite and Fungi","ascension_level":0}}