{"host":"pvi1ua0l3an81qfu","time":1613995780,"event":{"mods":["AchievementEnabler","BaseMod","Curses Come First","Highlight Path","Infinite Spire","Minty Spire (QoL Compilation)","Quick Restart","Replay The Spire","Shop Mod","StSLib"],"gold_per_floor":[111,211,222,242,242,272,272,303,327,358,370,370,389,160,160,262,262,273,67,84,103,115,146,146,173,173,204,217,217,228,255,255,358,358,393,393,434,434,482,482,547,547,547,608,176,207,231,272,324,447,447,484,509,550,595,644,706,706,706,754,823,885,963,963,757,757,884,884,947,1147,1147,1221,943,1019,1019,1108,1108,1108,1108,1182,1274,1367,1367,1540,1540,1649,1682,1797,1797,1520,1639,1744,1877,1901,2041,2041,2041,2197,2349,2401,2635,2635,2635],"floor_reached":102,"language":"ENG","playtime":4843,"items_purged":["Strike_B","Strike_B","Sickly","CommonCold","Defend_B+3"],"score":2906,"play_id":"112af9d7-b648-4125-b4de-13fa15bcba3a","local_time":"20210222140940","is_ascension_mode":true,"campfire_choices":[{"data":"Zap","floor":7,"key":"SMITH"},{"floor":15,"key":"REST"},{"floor":29,"key":"REST"},{"data":"infinitespire:Collect","floor":40,"key":"SMITH"},{"data":"Scrape","floor":42,"key":"SMITH"},{"data":"Buffer","floor":59,"key":"SMITH"},{"data":"Defend_B+1","floor":66,"key":"SMITH"},{"data":"Defend_B+2","floor":75,"key":"SMITH"},{"data":"Defend_B+3","floor":78,"key":"SMITH"},{"data":"Defend_B+4","floor":83,"key":"SMITH"},{"data":"Defend_B+5","floor":96,"key":"SMITH"},{"data":"Defend_B+6","floor":97,"key":"SMITH"}],"circlet_count":0,"master_deck":["Defend_B+7","Defend_B+3","Gash+1","Gash+1","Gash+1","Gash+1","Gash+1","Scrape+1","infinitespire:Collect+1","ReplaySort+1","Gash+1","Scrape+1","Gash+1","Gash+1","Buffer+1"],"relics":["Cracked Core","ReplayFunnel","Bronze Scales","Strawberry","Prayer Wheel","MerchantsRug","Black Star","Membership Card","ReplayTheSpireMod:CursedCoin","Pen Nib","Simple Rune","Replay:Baseball","infinitespire:EmpoweringShard","ReplayTheSpireMod:Lightbulb","Meat on the Bone","Ancient Tea Set","Thread and Needle","infinitespire:CheckeredPen","Matryoshka","infinitespire:EvilPickle","Empty Cage","Blue Doll","Replay:Bottled Steam","infinitespire:Beetle Shell","infinitespire:Broken Mirror","infinitespire:PuzzleCube","Replay:Rubber Ducky","Replay:Bottled Eggs","ReplayTheSpireMod:Ninjato","Guide Book","Quantum Egg","Dream Catcher","SacredBark","infinitespire:Satchel","Potion Belt","Art of War","Vajra","Omamori","Tiny Chest","Lantern","PreservedInsect","DataDisk","Replay:Bottled Snecko","Boot","infinitespire:Eraser","Busted Crown","infinitespire:Midas Blood","Orichalcum","Ornamental Fan","ClockworkSouvenir","Nunchaku","ReplayTheSpireMod:TigerMarble","Geode","Bag of Preparation","Pear","Divine Protection","Coffee Dripper","Bag of Marbles","Smiling Mask","Sozu","Incense Burner","FossilizedHelix","Frozen Eye","Mummified Hand","Happy Flower","Onion Ring","Oddly Smooth Stone","Regal Pillow","WingedGreaves","Replay:Mystery Machine","Toy Ornithopter","infinitespire:FocusingShard"],"acts_visited":["Exordium","TheCity","TheBeyond","Exordium","TheCity","TheBeyond","Exordium"],"potions_floor_usage":[10,10,16,25,27],"damage_taken":[{"damage":0,"enemies":"Small Slimes","floor":1,"turns":3},{"damage":1,"enemies":"Cultist","floor":3,"turns":3},{"damage":3,"enemies":"Jaw Worm","floor":4,"turns":3},{"damage":25,"enemies":"3 Sentries","floor":6,"turns":9},{"damage":16,"enemies":"Lagavulin","floor":8,"turns":8},{"damage":8,"enemies":"Gremlin Nob","floor":10,"turns":3},{"damage":0,"enemies":"3 Louse","floor":11,"turns":3},{"damage":0,"enemies":"Large Slime","floor":13,"turns":4},{"damage":24,"enemies":"Slime Boss","floor":16,"turns":9},{"damage":9,"enemies":"2 Thieves","floor":18,"turns":4},{"damage":8,"enemies":"Chosen","floor":20,"turns":5},{"damage":12,"enemies":"Centurion and Healer","floor":21,"turns":5},{"damage":23,"enemies":"Slavers","floor":23,"turns":5},{"damage":15,"enemies":"Replay:Snechameleon","floor":25,"turns":3},{"damage":14,"enemies":"Gremlin Leader","floor":27,"turns":4},{"damage":0,"enemies":"Snecko","floor":28,"turns":4},{"damage":0,"enemies":"Snake Plant","floor":30,"turns":2},{"damage":2,"enemies":"Nightmare","floor":31,"turns":5},{"damage":0,"enemies":"Pondfish","floor":33,"turns":4},{"damage":0,"enemies":"3 Darklings","floor":35,"turns":2},{"damage":0,"enemies":"Orb Walker","floor":37,"turns":2},{"damage":0,"enemies":"Sphere and 2 Shapes","floor":39,"turns":3},{"damage":0,"enemies":"Nemesis","floor":41,"turns":3},{"damage":0,"enemies":"Giant Head","floor":44,"turns":2},{"damage":0,"enemies":"Maw","floor":46,"turns":1},{"damage":0,"enemies":"3 Darklings","floor":47,"turns":1},{"damage":0,"enemies":"R_Hoarder","floor":48,"turns":3},{"damage":0,"enemies":"Awakened One","floor":50,"turns":2},{"damage":0,"enemies":"Jaw Worm","floor":52,"turns":1},{"damage":0,"enemies":"Cultist","floor":54,"turns":1},{"damage":0,"enemies":"2 Louse","floor":55,"turns":1},{"damage":0,"enemies":"Looter","floor":56,"turns":1},{"damage":0,"enemies":"Lagavulin","floor":57,"turns":2},{"damage":0,"enemies":"Gremlin Nob","floor":61,"turns":1},{"damage":0,"enemies":"2 Fungi Beasts","floor":62,"turns":2},{"damage":0,"enemies":"Replay:BlueRogue","floor":63,"turns":1},{"damage":0,"enemies":"Hexaghost","floor":67,"turns":1},{"damage":0,"enemies":"3 Byrds","floor":69,"turns":1},{"damage":0,"enemies":"Shell Parasite","floor":72,"turns":1},{"damage":0,"enemies":"Gremlin Leader","floor":74,"turns":1},{"damage":0,"enemies":"Replay:Snechameleon","floor":76,"turns":1},{"damage":0,"enemies":"Centurion and Healer","floor":80,"turns":1},{"damage":0,"enemies":"Gremlin Leader","floor":81,"turns":1},{"damage":0,"enemies":"Shelled Parasite and Fungi","floor":82,"turns":1},{"damage":0,"enemies":"Collector","floor":84,"turns":1},{"damage":0,"enemies":"3 Shapes","floor":86,"turns":1},{"damage":0,"enemies":"2 Orb Walkers","floor":87,"turns":1},{"damage":0,"enemies":"Orb Walker","floor":88,"turns":1},{"damage":0,"enemies":"Nightmare","floor":91,"turns":1},{"damage":0,"enemies":"Maw","floor":92,"turns":1},{"damage":0,"enemies":"Reptomancer","floor":93,"turns":1},{"damage":0,"enemies":"Nemesis","floor":95,"turns":1},{"damage":0,"enemies":"R_Hoarder","floor":98,"turns":1},{"damage":0,"enemies":"Spire Growth","floor":99,"turns":1},{"damage":0,"enemies":"Replay:Hell Engine","floor":101,"turns":1}],"seed_played":"4430551114674046099","potions_obtained":[{"floor":1,"key":"ColorlessPotion"},{"floor":3,"key":"Explosive Potion"},{"floor":8,"key":"AttackPotion"},{"floor":16,"key":"EssenceOfDarkness"},{"floor":18,"key":"Explosive Potion"},{"floor":20,"key":"FocusPotion"},{"floor":30,"key":"LifebloodPotion"},{"floor":31,"key":"Death Potion"},{"floor":37,"key":"PowerPotion"},{"floor":41,"key":"AttackPotion"},{"floor":54,"key":"Adrenaline Potion"},{"floor":56,"key":"Regen Potion"}],"is_trial":false,"path_per_floor":["M","?","M","M","?","E","R","E","T","E","M","?","M","$","R","B",null,"M","$","M","M","$","E","?","E","T","E","M","R","M","NM","R","B",null,"M","?","M","?","M","R","E","R","T","E","$","M","M","E","R","B",null,"M","T","M","M","M","E","?","R","T","E","M","E","?","$","R","B",null,"M","?","T","M","$","E","R","E","T","R","AVR","M","E","M","R","B",null,"M","?","M","?","$","NM","M","E","T","E","R","R","E","M","R","B",null],"character_chosen":"DEFECT","items_purchased":["MerchantsRug","Membership Card","ReplayTheSpireMod:CursedCoin","Pen Nib","Replay:Bottled Eggs","ReplayTheSpireMod:Ninjato","Scrape+1","Guide Book","Boot","infinitespire:Eraser","Orichalcum","Ornamental Fan","ClockworkSouvenir","FossilizedHelix","Frozen Eye"],"campfire_rested":2,"item_purchase_floors":[14,19,22,22,45,45,45,45,65,65,73,73,73,90,90],"current_hp_per_floor":[75,75,74,71,56,31,31,15,15,14,14,14,14,14,38,14,82,73,73,65,53,53,30,30,15,15,13,25,49,49,47,47,47,82,82,78,78,78,78,78,78,78,78,78,78,78,78,78,78,78,78,78,78,78,78,78,78,66,66,66,66,66,66,50,50,50,50,78,78,78,78,78,78,78,78,78,88,88,88,88,88,88,88,88,88,88,88,88,88,88,88,88,88,88,88,88,88,88,88,88,88,88,88],"gold":2635,"neow_bonus":"REMOVE_CARD","is_daily":false,"chose_seed":false,"campfire_upgraded":10,"win_rate":0.0,"timestamp":1613995780,"path_taken":["M","?","?","M","?","E","R","E","T","E","M","?","M","$","R","BOSS","M","$","M","M","$","E","?","E","T","E","M","R","M","NM","R","BOSS","M","?","M","?","M","R","E","R","T","E","$","M","?","E","R","BOSS","M","?","M","M","M","E","?","R","T","E","?","E","?","$","R","BOSS","M","?","?","M","$","E","R","E","T","R","AVR","M","E","M","R","BOSS","M","?","M","?","$","NM","M","E","T","E","R","R","E","M","R","BOSS"],"items_purchased_type":["Relic","Relic","Relic","Relic","Relic","Relic","Card","Relic","Relic","Relic","Relic","Relic","Relic","Relic","Relic"],"build_version":"2020-12-22","purchased_purges":5,"victory":false,"max_hp_per_floor":[75,75,75,75,75,75,75,75,75,82,82,82,82,82,82,82,82,82,82,82,82,82,82,82,82,82,82,82,82,82,82,82,82,82,82,78,78,78,78,78,78,78,78,78,78,78,78,78,78,78,78,78,78,78,78,78,78,78,78,78,78,78,78,78,78,78,78,78,78,78,78,78,78,78,78,78,88,88,88,88,88,88,88,88,88,88,88,88,88,88,88,88,88,88,88,88,88,88,88,88,88,88,88],"card_choices":[{"not_picked":["Reprogram","Beam Cell","Heatsinks"],"picked":"SKIP","floor":1},{"not_picked":["Compile Driver","Genetic Algorithm"],"picked":"Gash","floor":3},{"not_picked":["Redo","Sweeping Beam","Conserve Battery"],"picked":"SKIP","floor":4},{"not_picked":["BasicCrystalCard","Rebound","Lockon"],"picked":"SKIP","floor":6},{"not_picked":["Glacier","Force Field","ReplayTheSpireMod:Calculation Training"],"picked":"SKIP","floor":8},{"not_picked":["Leap","Hyperbeam"],"picked":"ReplayTheSpireMod:Fabricate Wheel","floor":10},{"not_picked":["Stack","ReplayTheSpireMod:Calculation Training"],"picked":"Gash","floor":11},{"not_picked":["White Noise","ReplayTheSpireMod:Reroute Power","Go for the Eyes"],"picked":"SKIP","floor":11},{"not_picked":["Streamline","Storm"],"picked":"Gash","floor":13},{"not_picked":["ReplayTheSpireMod:Repulse","Panic Button","Storm"],"picked":"SKIP","floor":13},{"not_picked":["ReplayTheSpireMod:Repulse","Panic Button","Storm"],"picked":"SKIP","floor":13},{"not_picked":["Go for the Eyes","Ball Lightning+1","Crystallizer"],"picked":"SKIP","floor":18},{"not_picked":["Undo","Compile Driver","Turbo"],"picked":"SKIP","floor":18},{"not_picked":["Fusion","Leap","Turbo"],"picked":"SKIP","floor":20},{"not_picked":["Steam","Panic Button","Compile Driver"],"picked":"SKIP","floor":20},{"not_picked":["Barrage","Beam Cell+1"],"picked":"Gash","floor":21},{"not_picked":["Barrage","Sweeping Beam+1","Chill"],"picked":"SKIP","floor":21},{"not_picked":["Stack","Rebound+1"],"picked":"Gash","floor":23},{"not_picked":["BasicCrystalCard","Darkness","Echo Form"],"picked":"SKIP","floor":25},{"not_picked":["ReplayTheSpireMod:Calculation Training","Steam"],"picked":"Scrape","floor":27},{"not_picked":["Steam","Rip and Tear","Darkness"],"picked":"SKIP","floor":28},{"not_picked":["BootSequence","Hologram","ReplayTheSpireMod:Reroute Power"],"picked":"SKIP","floor":28},{"not_picked":["ReplaySort+1","Turbo","Aggregate"],"picked":"SKIP","floor":30},{"not_picked":["Sweeping Beam","Panic Button+1","ReplayTheSpireMod:Omega Cannon"],"picked":"SKIP","floor":30},{"not_picked":["infinitespire:Starlight","infinitespire:DeathsTouch"],"picked":"infinitespire:Collect","floor":31},{"not_picked":["Hologram","Rip and Tear","Rebound"],"picked":"SKIP","floor":31},{"not_picked":["Hologram","Rip and Tear","Rebound"],"picked":"SKIP","floor":31},{"not_picked":["Stack+1","Cold Snap","Rebound"],"picked":"SKIP","floor":35},{"not_picked":["Go for the Eyes+1","Lockon+1","Ball Lightning"],"picked":"SKIP","floor":35},{"not_picked":["FIFO Queue+1","BootSequence","Stack+1"],"picked":"SKIP","floor":37},{"not_picked":["Rebound","Beam Cell+1","Barrage"],"picked":"SKIP","floor":37},{"not_picked":["Chill+1","BasicCrystalCard+1","Capacitor"],"picked":"SKIP","floor":39},{"not_picked":["Capacitor+1","Undo+1","FIFO Queue+1"],"picked":"SKIP","floor":39},{"not_picked":["Steam+1","Rip and Tear+1"],"picked":"Gash+1","floor":41},{"not_picked":["Ball Lightning+1","Defragment+1","Beam Cell"],"picked":"SKIP","floor":44},{"not_picked":["Core Surge","BasicCrystalCard+1"],"picked":"Gash+1","floor":46},{"not_picked":["Sweeping Beam+1","Force Field+1","Coolheaded"],"picked":"SKIP","floor":46},{"not_picked":["Multi-Cast","Genetic Algorithm","Rebound"],"picked":"SKIP","floor":47},{"not_picked":["Hello World+1","ReplayTheSpireMod:Calculation Training+1","Steam+1"],"picked":"SKIP","floor":47},{"not_picked":["Capacitor","Hologram+1"],"picked":"Gash+1","floor":48},{"not_picked":["All For One","Mirror Shield"],"picked":"Buffer","floor":50},{"not_picked":["Coolheaded","ReplayTheSpireMod:Repulse","Sweeping Beam"],"picked":"SKIP","floor":52},{"not_picked":["Double Energy","BasicCrystalCard","Turbo"],"picked":"SKIP","floor":52},{"not_picked":["Panic Button","BasicCrystalCard","ReplayTheSpireMod:Calculation Training"],"picked":"SKIP","floor":54},{"not_picked":["Panic Button","Stack","Hologram"],"picked":"SKIP","floor":54},{"not_picked":["Reinforced Body","Panic Button","Turbo"],"picked":"SKIP","floor":55},{"not_picked":["Double Energy","Steam","Panic Button"],"picked":"SKIP","floor":55},{"not_picked":["Beam Cell","Seek","Barrage"],"picked":"SKIP","floor":56},{"not_picked":["Gash","Sweeping Beam","Skim"],"picked":"SKIP","floor":56},{"not_picked":["Defragment","Lockon","Go for the Eyes"],"picked":"SKIP","floor":57},{"not_picked":["Panic Button","Leap","BasicCrystalCard"],"picked":"SKIP","floor":61},{"not_picked":["Aggregate","Beam Cell","Barrage"],"picked":"SKIP","floor":62},{"not_picked":["Reprogram","Turbo","Leap"],"picked":"SKIP","floor":62},{"not_picked":["Beam Cell","Capacitor","Go for the Eyes"],"picked":"SKIP","floor":63},{"not_picked":["Darkness"],"picked":"SKIP","floor":69},{"not_picked":["Rip and Tear+1"],"picked":"SKIP","floor":69},{"not_picked":["Hologram+1"],"picked":"SKIP","floor":72},{"not_picked":["Conserve Battery+1"],"picked":"SKIP","floor":72},{"not_picked":["BasicCrystalCard"],"picked":"SKIP","floor":74},{"not_picked":["Recycle"],"picked":"SKIP","floor":76},{"not_picked":["Redo+1"],"picked":"SKIP","floor":80},{"not_picked":["Sweeping Beam+1"],"picked":"SKIP","floor":80},{"not_picked":["Crystallizer+1"],"picked":"SKIP","floor":81},{"not_picked":["Compile Driver+1"],"picked":"SKIP","floor":82},{"not_picked":["ReplayTheSpireMod:System Scan"],"picked":"SKIP","floor":82},{"not_picked":["BasicCrystalCard"],"picked":"SKIP","floor":86},{"not_picked":["Capacitor"],"picked":"SKIP","floor":86},{"not_picked":["Recycle"],"picked":"SKIP","floor":88},{"not_picked":["Conserve Battery+1"],"picked":"SKIP","floor":88},{"not_picked":["FTL+1"],"picked":"SKIP","floor":91},{"not_picked":["ReplayTheSpireMod:System Scan+1"],"picked":"SKIP","floor":92},{"not_picked":["Sweeping Beam+1"],"picked":"SKIP","floor":92},{"not_picked":["FTL+1"],"picked":"SKIP","floor":93},{"not_picked":["Ball Lightning+1"],"picked":"SKIP","floor":95},{"not_picked":["ReplayGash+1"],"picked":"SKIP","floor":98},{"not_picked":["Hologram"],"picked":"SKIP","floor":99},{"not_picked":["Conserve Battery"],"picked":"SKIP","floor":99}],"player_experience":207733,"relics_obtained":[{"floor":6,"key":"ReplayFunnel"},{"floor":8,"key":"Pet Ghost"},{"floor":9,"key":"Bronze Scales"},{"floor":10,"key":"Strawberry"},{"floor":23,"key":"Simple Rune"},{"floor":23,"key":"Replay:Baseball"},{"floor":25,"key":"infinitespire:EmpoweringShard"},{"floor":25,"key":"ReplayTheSpireMod:Lightbulb"},{"floor":26,"key":"Meat on the Bone"},{"floor":27,"key":"Ancient Tea Set"},{"floor":27,"key":"Thread and Needle"},{"floor":31,"key":"infinitespire:CheckeredPen"},{"floor":31,"key":"Matryoshka"},{"floor":41,"key":"Blue Doll"},{"floor":41,"key":"Replay:Bottled Steam"},{"floor":43,"key":"infinitespire:Beetle Shell"},{"floor":43,"key":"infinitespire:Broken Mirror"},{"floor":44,"key":"infinitespire:PuzzleCube"},{"floor":44,"key":"Replay:Rubber Ducky"},{"floor":48,"key":"Quantum Egg"},{"floor":48,"key":"Dream Catcher"},{"floor":53,"key":"infinitespire:Satchel"},{"floor":53,"key":"Potion Belt"},{"floor":57,"key":"Art of War"},{"floor":57,"key":"Vajra"},{"floor":60,"key":"Tiny Chest"},{"floor":61,"key":"Lantern"},{"floor":61,"key":"PreservedInsect"},{"floor":63,"key":"DataDisk"},{"floor":63,"key":"Replay:Bottled Snecko"},{"floor":71,"key":"infinitespire:Midas Blood"},{"floor":74,"key":"Nunchaku"},{"floor":74,"key":"ReplayTheSpireMod:TigerMarble"},{"floor":76,"key":"Geode"},{"floor":76,"key":"Bag of Preparation"},{"floor":77,"key":"Pear"},{"floor":81,"key":"Bag of Marbles"},{"floor":81,"key":"Smiling Mask"},{"floor":87,"key":"Incense Burner"},{"floor":91,"key":"Mummified Hand"},{"floor":91,"key":"Happy Flower"},{"floor":93,"key":"Onion Ring"},{"floor":93,"key":"Oddly Smooth Stone"},{"floor":94,"key":"Regal Pillow"},{"floor":95,"key":"WingedGreaves"},{"floor":95,"key":"Replay:Mystery Machine"},{"floor":98,"key":"Toy Ornithopter"},{"floor":98,"key":"infinitespire:FocusingShard"}],"event_choices":[{"damage_healed":0,"gold_gain":100,"player_choice":"Pray","damage_taken":0,"max_hp_gain":0,"max_hp_loss":0,"event_name":"Golden Shrine","floor":2,"gold_loss":0},{"damage_healed":0,"gold_gain":0,"player_choice":"Entered Light","damage_taken":15,"max_hp_gain":0,"max_hp_loss":0,"event_name":"Shining Light","floor":5,"gold_loss":0,"cards_upgraded":["Defend_B","Defend_B"]},{"damage_healed":0,"gold_gain":0,"player_choice":"Ignored","damage_taken":0,"max_hp_gain":0,"max_hp_loss":0,"event_name":"Liars Game","floor":12,"gold_loss":0},{"damage_healed":0,"gold_gain":0,"player_choice":"Max HP","damage_taken":0,"max_hp_gain":0,"max_hp_loss":4,"event_name":"Winding Halls","floor":36,"gold_loss":0},{"damage_healed":0,"gold_gain":0,"player_choice":"Success","damage_taken":12,"relics_obtained":["Omamori"],"max_hp_gain":0,"max_hp_loss":0,"event_name":"Scrap Ooze","floor":58,"gold_loss":0},{"damage_healed":0,"gold_gain":0,"player_choice":"Entered Light","damage_taken":16,"max_hp_gain":0,"max_hp_loss":0,"event_name":"Shining Light","floor":64,"gold_loss":0,"cards_upgraded":["Defend_B","Defend_B"]},{"damage_healed":0,"gold_gain":0,"player_choice":"Fight","damage_taken":0,"max_hp_gain":0,"max_hp_loss":0,"event_name":"Mysterious Sphere","floor":87,"gold_loss":0},{"cards_removed":["Zap"],"damage_healed":0,"gold_gain":0,"player_choice":"Removed Skill","damage_taken":0,"max_hp_gain":0,"max_hp_loss":0,"event_name":"Falling","floor":89,"gold_loss":0}],"is_beta":false,"boss_relics":[{"not_picked":["Philosopher\u0027s Stone","Pandora\u0027s Box"],"picked":"Black Star"},{"not_picked":["Astrolabe","Replay:Wanted Poster"],"picked":"Empty Cage"},{"not_picked":["Honey Jar","Abe\u0027s Treasure"],"picked":"SacredBark"},{"not_picked":["ReplayTheSpireMod:DimensionalGlitch","FrozenCore"],"picked":"Busted Crown"},{"not_picked":["Inserter","Replay:Grab Bag"],"picked":"Sozu"},{"not_picked":[]}],"items_purged_floors":[14,19,22,45,90],"is_endless":true,"potions_floor_spawned":[1,3,8,16,18,20,30,31,37,41,46,48,54,56,57,63,69,80,81,88,92,93,98,99,101],"ascension_level":1}}