{"host":"vm8b3ptwl81uq21f","time":1613977673,"event":{"mods":["Act Like it!","Aspiration","BaseMod","BetterRewards","Colored Map","Colored Powertips","Conspire","Gensokyo","GifTheSpireLib","Googly Eyes","GungeonMod","Halation","Hubris","Infinite Spire","Minty Spire (QoL Compilation)","MostiFishMod","Quick Restart","Rare Cards Sparkle","Reliquary","Replay The Spire","Shop Mod","Spicy Shops","Spire Arcade","StSLib","Stuff the Spire","The IronCluck","The Jungle","[IsaacMod]????","??????REMEMod"],"gold_per_floor":[68,68,68,68,20,20,93,125,125,31,31,54,72,117,117,228,228,260,289,1334,209,209,209,260,260,285,313,354,393,443,443,443,595,595,522,544,593,593,664,664,726,726,753,753,807,870,910,962,962,1004],"floor_reached":51,"language":"ENG","playtime":2196,"items_purged":["Strike_B","Strike_B","Strike_B","Pain","Strike_B","Sickly"],"score":1962,"play_id":"eb7ecab0-f67f-4c10-977c-3e9416a91d8c","local_time":"20210222020753","is_ascension_mode":true,"campfire_choices":[{"data":"Zap","floor":6,"key":"SMITH"},{"data":"StuffTheSpire:BrainWave","floor":6,"key":"SMITH"},{"data":"Fission","floor":11,"key":"SMITH"},{"data":"hubris:DuctTapeCard","floor":11,"key":"SMITH"},{"data":"StuffTheSpire:SnapShoot","floor":15,"key":"SMITH"},{"data":"Storm","floor":15,"key":"SMITH"},{"data":"StuffTheSpire:BrainWave","floor":23,"key":"SMITH"},{"data":"StuffTheSpire:CelestialWarden","floor":23,"key":"SMITH"},{"data":"StuffTheSpire:CelestialWarden","floor":25,"key":"SMITH"},{"data":"StuffTheSpire:Ambrosia","floor":25,"key":"SMITH"},{"data":"Aggregate","floor":32,"key":"SMITH"},{"data":"StuffTheSpire:Rapture","floor":32,"key":"SMITH"},{"data":"MostiFishMod:Nova","floor":40,"key":"SMITH"},{"data":"StuffTheSpire:Perfection","floor":40,"key":"SMITH"},{"data":"MostiFishMod:InterfaceCompatibility","floor":44,"key":"SMITH"},{"data":"StuffTheSpire:Ambrosia","floor":44,"key":"SMITH"},{"data":"StuffTheSpire:Vigor","floor":49,"key":"SMITH"},{"data":"StuffTheSpire:Vigor","floor":49,"key":"SMITH"}],"circlet_count":0,"master_deck":["AscendersBane","Defend_B+4","Zap+1","Dualcast+1","Tempest+1","Mirror Shield+1","Fission+1","hubris:DuctTapeCard+2","Storm+1","StuffTheSpire:Snapshot+1","MostiFishMod:TalkingToTheRain+1","StuffTheSpire:Ambrosia+1","StuffTheSpire:CelestialWarden+1","StuffTheSpire:Vigor+1","StuffTheSpire:Vigor+1","StuffTheSpire:Rapture+1","StuffTheSpire:Rapture+1","StuffTheSpire:Rapture+1","StuffTheSpire:Ambrosia+1","StuffTheSpire:CelestialWarden+1","StuffTheSpire:BrainWave+1","Aggregate+1","MostiFishMod:Nova+1","StuffTheSpire:BrainWave+1","MostiFishMod:InterfaceCompatibility+1","conspire:SharedLibrary+1"],"relics":["Cracked Core","HushsDoor","DaveBox","REME_ComplimentaryCards","BirthdayGift-Icosahedron","MerchantsRug","halation:PenCase","StuffTheSpire:Saxophone","Replay:Wax Seal","Blue Doll","reliquary:FingerTrap","Replay:Baseball","REME_ArchaeologicalTools","DianPoetry","PureWater","SynthV:C4","DemoMod:PartiallyEatenCheese","SynthV:TestCard","Gensokyo:LunaticRedEyes","Sundial","reliquary:CitrusReamer","DemoMod:GlassGuonStoneRelic","conspire:Flyswatter","RhineFirstAidKit","Guide Book","Simple Rune","DemoMod:Metronome","infinitespire:PuzzleCube","halation:SwordOfLegend","aspiration:RitualStick","Kintsugi","halation:EternalFortune","infinitespire:Broken Mirror","War Paint","Happy Flower","Replay:WaspNest","MoneyPower"],"acts_visited":["Exordium","TheCity","TheCity"],"potions_floor_usage":[29,50],"damage_taken":[{"damage":0,"enemies":"Gensokyo:3_Fairies","floor":1,"turns":2},{"damage":0,"enemies":"Gensokyo:Mamizou","floor":7,"turns":2},{"damage":0,"enemies":"Gensokyo:Gryphon","floor":8,"turns":1},{"damage":0,"enemies":"Gensokyo:Python","floor":13,"turns":1},{"damage":0,"enemies":"Gensokyo:Aya","floor":14,"turns":1},{"damage":0,"enemies":"Gensokyo:Reimu","floor":16,"turns":2},{"damage":0,"enemies":"conspire:FuzzyDice","floor":18,"turns":1},{"damage":0,"enemies":"Shell Parasite","floor":19,"turns":1},{"damage":0,"enemies":"conspire:HollyBat","floor":21,"turns":4},{"damage":0,"enemies":"conspire:SneckoGhost","floor":24,"turns":2},{"damage":0,"enemies":"3 Cultists","floor":27,"turns":1},{"damage":0,"enemies":"conspire:Head Lice","floor":28,"turns":1},{"damage":0,"enemies":"Snake Plant","floor":29,"turns":1},{"damage":0,"enemies":"REME_1_Revenger","floor":30,"turns":1},{"damage":0,"enemies":"Automaton","floor":33,"turns":2},{"damage":0,"enemies":"Gensokyo:3_Boulders","floor":35,"turns":1},{"damage":0,"enemies":"Gensokyo:AncientGuardian","floor":36,"turns":1},{"damage":0,"enemies":"Gensokyo:SeedOfUnknown","floor":37,"turns":1},{"damage":0,"enemies":"conspire:MimicChest","floor":39,"turns":2},{"damage":0,"enemies":"Gensokyo:Marisa","floor":41,"turns":1},{"damage":0,"enemies":"Gensokyo:AtlasGolem","floor":45,"turns":2},{"damage":0,"enemies":"Gensokyo:Doremy","floor":46,"turns":2},{"damage":0,"enemies":"Gensokyo:Dusk_and_Dawn","floor":47,"turns":1},{"damage":0,"enemies":"Gensokyo:Kasen","floor":48,"turns":1},{"damage":0,"enemies":"Gensokyo:Yuyuko","floor":50,"turns":2}],"seed_played":"-1339280672628758366","potions_obtained":[{"floor":1,"key":"Cursed Concoction"},{"floor":14,"key":"DemoMod:LeadSkinPotion"},{"floor":29,"key":"REME_GoldPotion"},{"floor":33,"key":"Block Potion"},{"floor":35,"key":"DuplicationPotion"}],"is_trial":false,"path_per_floor":["M","?","?","?","$","R","E","M","T","$","R","T","M","E","R","B",null,"M","M","$","M","?","R","E","R","T","M","E","M","E","?","R","B",null,"M","M","M","?","?","R","E","?","T","R","M","E","M","E","R","B",null],"character_chosen":"DEFECT","items_purchased":["MerchantsRug","halation:PenCase","StuffTheSpire:Saxophone","Replay:Wax Seal","Blue Doll","reliquary:FingerTrap","Replay:Baseball","REME_ArchaeologicalTools","DianPoetry","aspiration:Nostalgia","SynthV:C4","Tempest+1","DemoMod:PartiallyEatenCheese","Elixir","reliquary:CitrusReamer","Guide Book"],"campfire_rested":0,"item_purchase_floors":[0,0,0,0,0,0,0,0,0,0,0,0,0,0,10,20],"current_hp_per_floor":[22,22,22,22,22,22,23,24,24,24,24,24,25,26,26,27,59,60,61,61,64,64,64,67,67,67,71,75,79,83,83,82,86,82,85,88,91,94,97,97,103,103,103,103,107,111,115,119,119,123],"gold":1004,"neow_bonus":"","is_daily":false,"chose_seed":false,"campfire_upgraded":18,"win_rate":0.0,"timestamp":1613977673,"path_taken":["M","?","?","?","?","R","E","M","T","$","R","?","M","E","R","BOSS","M","M","$","M","?","R","E","R","T","M","E","M","E","?","R","BOSS","M","M","M","?","?","R","E","?","T","R","M","E","?","E","R","BOSS"],"items_purchased_type":["Relic","Relic","Relic","Relic","Relic","Relic","Relic","Relic","Relic","Relic","Relic","Card","Relic","Potion","Relic","Relic"],"build_version":"2020-12-22","purchased_purges":6,"victory":true,"max_hp_per_floor":[75,75,75,75,75,75,75,75,75,75,75,75,75,75,75,75,70,70,70,70,72,72,72,74,74,74,77,80,83,86,86,86,89,82,85,88,91,94,97,97,103,103,103,103,107,111,115,119,119,123],"card_choices":[{"not_picked":["Barrage","Scrape","Streamline"],"picked":"SKIP","floor":1},{"not_picked":["Hologram","Conserve Battery","Compile Driver","Melter"],"picked":"Fission","floor":7},{"not_picked":["ReplayTheSpireMod:GoodbyeWorld","Sweeping Beam","Coolheaded","StuffTheSpire:Plugnplay","Cold Snap"],"picked":"SKIP","floor":8},{"not_picked":["Beam Cell","Aggregate","StuffTheSpire:GlassShard","Force Field"],"picked":"Storm","floor":13},{"not_picked":["Panic Button","Pulse","Sweeping Beam","ReplayTheSpireMod:Repulse"],"picked":"StuffTheSpire:SnapShoot","floor":14},{"not_picked":["hubris:DoWhile","ElectricPowerLearning","Hyperbeam","REME_ForAll"],"picked":"MostiFishMod:TalkingToTheRain","floor":16},{"not_picked":["Rebound","Leap","Barrage+1","Ball Lightning","MostiFishMod:FluxCapactior"],"picked":"SKIP","floor":18},{"not_picked":["Self Repair","REME_Compress","Static Discharge","Stack+1","MostiFishMod:ReprogramOld+1"],"picked":"SKIP","floor":19},{"not_picked":["Go for the Eyes+1","Ball Lightning+1","White Noise","Hologram+1"],"picked":"Creative AI","floor":21},{"not_picked":["Blizzard","Streamline","BasicCrystalCard+1","Hologram+1","Panic Button"],"picked":"SKIP","floor":24},{"not_picked":["Aggregate","Blizzard","Panic Button","Coolheaded+1","Auto Shields"],"picked":"SKIP","floor":27},{"not_picked":["Blizzard","Panic Button","Coolheaded+1","Auto Shields"],"picked":"Aggregate","floor":27},{"not_picked":["Coolheaded","Biased Cognition","Cold Snap+1","Static Discharge+1","Rebound"],"picked":"SKIP","floor":28},{"not_picked":["Sweeping Beam+1","hubris:Ukulele","StuffTheSpire:Plugnplay","Compile Driver","Stack"],"picked":"SKIP","floor":29},{"not_picked":["Genetic Algorithm+1","Fan+1","Gash","Go for the Eyes","Panic Button+1"],"picked":"SKIP","floor":30},{"not_picked":["StuffTheSpire:LaunchingStrike","Echo Form","Mirror Shield","MostiFishMod:Exploitation","MostiFishMod:ActiveDefenseSystem","Core Surge"],"picked":"MostiFishMod:Nova","floor":33},{"not_picked":["Chaos+1","ReplayTheSpireMod:Reroute Power","Rip and Tear+1","Rebound","StuffTheSpire:CleanHardDrive+1"],"picked":"SKIP","floor":35},{"not_picked":["Cold Snap","Skim","Steam","REME_DataAnalysis","Hologram+1"],"picked":"SKIP","floor":36},{"not_picked":["StuffTheSpire:SnapShoot+1","Recycle+1","StuffTheSpire:LoadUp+1","StuffTheSpire:Rend+1","Rebound"],"picked":"SKIP","floor":37},{"not_picked":["Rebound","StuffTheSpire:ShieldGenerator+1","Leap","StuffTheSpire:Rend+1"],"picked":"MostiFishMod:InterfaceCompatibility","floor":41},{"not_picked":["Undo+1","Darkness","aspiration:Polymerization","Gash","ReplaySort"],"picked":"SKIP","floor":45},{"not_picked":["Ball Lightning","Panic Button","Coolheaded+1","Defragment","Rebound"],"picked":"SKIP","floor":46},{"not_picked":["Hologram+1","Gash+1","Barrage","Redo+1","Rebound+1"],"picked":"SKIP","floor":47},{"not_picked":["MostiFishMod:IceShield+1","Machine Learning","Rip and Tear+1","MostiFishMod:PushDownKick"],"picked":"conspire:SharedLibrary+1","floor":48}],"player_experience":434881,"relics_obtained":[{"floor":1,"key":"SynthV:TestCard"},{"floor":7,"key":"Sundial"},{"floor":9,"key":"hubris:DuctTape"},{"floor":14,"key":"conspire:Flyswatter"},{"floor":24,"key":"Simple Rune"},{"floor":26,"key":"DemoMod:Metronome"},{"floor":28,"key":"infinitespire:PuzzleCube"},{"floor":30,"key":"halation:SwordOfLegend"},{"floor":39,"key":"infinitespire:Broken Mirror"},{"floor":41,"key":"halation:EternalFortune"},{"floor":41,"key":"War Paint"},{"floor":43,"key":"Happy Flower"},{"floor":46,"key":"Replay:WaspNest"},{"floor":48,"key":"MoneyPower"}],"event_choices":[],"is_beta":false,"boss_relics":[{"not_picked":["hubris:VirtuousBlindfold","hubris:HollowSoul"],"picked":"RhineFirstAidKit"},{"not_picked":[]},{"not_picked":["hubris:RunicObelisk","RhineSuit"],"picked":"Kintsugi"},{"not_picked":[]}],"items_purged_floors":[0,0,0,5,17,34],"is_endless":false,"potions_floor_spawned":[1,14,16,21,27,29,33,35,37,41,46,48],"ascension_level":11}}