{"host":"bplbr8uekuotory4","time":1613968946,"event":{"mods":["Act Like it!","BaseMod","GungeonMod","Hermit","KinomotoSakuraMod(木之本樱)","Marisa（F雨　魔理沙）","Minty Spire (QoL Compilation)","Prisma Mod","Quick Restart","Reimu（博丽灵梦）","SOS（斯巴达之子）","Spicy Shops","StSLib","TestMod","The Blackbeard","The Cursed","The Mystic","The Saiyan","The Senshi","The Servant 0.9.4","Yuri Mod","[IsaacMod]以撒尖塔"],"gold_per_floor":[114,114,64,88,108,136,136,150,173,173,20,33,67,80,80,185,185,204,204,204,204],"floor_reached":20,"language":"ZHS","playtime":258,"items_purged":["Strike_P","Defend_P"],"score":296,"play_id":"80ca5e08-1799-431b-966f-7671f4f4c2d8","local_time":"20210222124226","is_ascension_mode":true,"campfire_choices":[{"data":"Eruption","floor":7.0,"key":"SMITH"},{"data":"CutThroughFate","floor":10.0,"key":"SMITH"},{"data":"FlurryOfBlows","floor":15.0,"key":"SMITH"}],"circlet_count":0,"master_deck":["Strike_P","Strike_P","Strike_P","Defend_P","Defend_P","Defend_P","Eruption+1","Vigilance","CutThroughFate+1","FlurryOfBlows+1","Sanctity","ConjureBlade"],"relics":["PureWater","testmod-TestBox","HushsDoor","GuppysHead","testmod-BlackFramedGlasses","NeowsBlessing","YidongShenshe:ReiMu","Omamori","Meat on the Bone","Oddly Smooth Stone","testmod-Faith","Diplopia","SalivaCoin","testmod-CardMagician","BelialBook","DemoMod:GlassGuonStoneRelic","DemoMod:PoisonVial"],"acts_visited":["Exordium","TheCity"],"potions_floor_usage":[16,16,20],"damage_taken":[{"damage":0.0,"enemies":"Jaw Worm","floor":1.0,"turns":1.0},{"damage":0.0,"enemies":"2 Louse","floor":5.0,"turns":1.0},{"damage":0.0,"enemies":"Lagavulin","floor":6.0,"turns":1.0},{"damage":0.0,"enemies":"Small Slimes","floor":8.0,"turns":2.0},{"damage":1.0,"enemies":"Blue Slaver","floor":12.0,"turns":2.0},{"damage":0.0,"enemies":"3 Sentries","floor":13.0,"turns":1.0},{"damage":0.0,"enemies":"Looter","floor":14.0,"turns":2.0},{"damage":0,"enemies":"Slime Boss","floor":16,"turns":1},{"damage":4,"enemies":"Shell Parasite","floor":18,"turns":3},{"damage":0,"enemies":"2 Thieves","floor":20,"turns":1}],"seed_played":"3531986567515978925","potions_obtained":[{"floor":5.0,"key":"BottledMiracle"},{"floor":6.0,"key":"testmod-TestPotion"},{"floor":13.0,"key":"Ambrosia"},{"floor":16,"key":"GamblersBrew"}],"is_trial":false,"path_per_floor":["M","?","?","T","M","E","R","M","T","R","$","M","E","M","R","B",null,"M","?","M"],"character_chosen":"WATCHER","items_purchased":["testmod-Faith","Diplopia","BelialBook"],"campfire_rested":0,"item_purchase_floors":[11,11,17],"current_hp_per_floor":[72,72,72,72,72,72,72,72,72,72,72,72,72,72,72,72,57,54,54,55,55],"gold":204,"neow_bonus":"THREE_ENEMY_KILL","is_daily":false,"chose_seed":false,"campfire_upgraded":3,"win_rate":0.0,"timestamp":1613968946,"path_taken":["M","?","?","?","M","E","R","M","T","R","?","M","E","M","R","BOSS","M","?","M"],"items_purchased_type":["Relic","Relic","Relic"],"build_version":"2020-12-22","purchased_purges":2,"victory":false,"max_hp_per_floor":[72,72,72,72,72,72,72,72,72,72,72,72,72,72,72,72,57,57,57,57,57],"card_choices":[{"not_picked":["Halt","ForeignInfluence"],"picked":"CutThroughFate","floor":1.0},{"not_picked":["EmptyFist","ClearTheMind"],"picked":"FlurryOfBlows","floor":5.0},{"not_picked":["EmptyFist","Blasphemy"],"picked":"Sanctity","floor":6.0},{"not_picked":["Consecrate","FlyingSleeves"],"picked":"Bomb","floor":8.0},{"not_picked":["ForeignInfluence","Weave","LikeWater"],"picked":"SKIP","floor":12.0},{"not_picked":["EmptyFist","ClearTheMind","FlurryOfBlows"],"picked":"SKIP","floor":13.0},{"not_picked":["SashWhip","EmptyBody","CutThroughFate"],"picked":"SKIP","floor":14.0},{"not_picked":["Ragnarok","Wish"],"picked":"ConjureBlade","floor":16},{"not_picked":["SashWhip","CutThroughFate","PathToVictory+1"],"picked":"SKIP","floor":18}],"player_experience":1176217,"relics_obtained":[{"floor":4.0,"key":"Omamori"},{"floor":6.0,"key":"Meat on the Bone"},{"floor":9.0,"key":"Oddly Smooth Stone"},{"floor":13.0,"key":"SalivaCoin"}],"event_choices":[{"damage_healed":0.0,"max_hp_gain":0.0,"max_hp_loss":0.0,"gold_gain":0.0,"event_name":"yidonshenshe","player_choice":"带走神社","floor":2.0,"gold_loss":0.0,"damage_taken":0.0,"relics_obtained":["YidongShenshe:ReiMu"],"cards_obtained":["Poor:ReiMu"]},{"cards_removed":["Poor:ReiMu"],"damage_healed":0.0,"max_hp_gain":0.0,"max_hp_loss":0.0,"gold_gain":0.0,"event_name":"The Cleric","player_choice":"Card Removal","floor":3.0,"gold_loss":50.0,"damage_taken":0.0},{"damage_healed":0,"gold_gain":0,"player_choice":"Stole Relic","damage_taken":0,"relics_obtained":["DemoMod:PoisonVial"],"max_hp_gain":0,"max_hp_loss":0,"event_name":"Addict","floor":19,"gold_loss":0,"cards_obtained":["Shame"]}],"is_beta":false,"boss_relics":[{"not_picked":["Black Star","Runic Dome"],"picked":"testmod-CardMagician"},{"not_picked":[]}],"items_purged_floors":[11,17],"is_endless":false,"potions_floor_spawned":[5,6,13,14,16],"killed_by":"2 Thieves","ascension_level":1}}