{"host":"vl1k6yl86fnmnemm","time":1613952525,"event":{"mods":["BaseMod","Colored Map","Minty Spire (QoL Compilation)","StSLib"],"gold_per_floor":[111,129,129,129,148,176,176,204,204,204,54,68,68,86,86,188,188,207,217,70,70,82,82,116,116,143,177,177,137,151,163,163,265,265,275,295,295,313,329,357,374,51,51,70,70,84,84,84,84,84],"floor_reached":51,"language":"ENG","playtime":2097,"items_purged":["Strike_G","Strike_G"],"score":779,"play_id":"97aef91a-e785-4a28-afc7-029ce04c2672","local_time":"20210222010845","is_ascension_mode":false,"campfire_choices":[{"floor":7,"key":"REST"},{"floor":10,"key":"REST"},{"data":"Footwork","floor":13,"key":"SMITH"},{"data":"Terror","floor":15,"key":"SMITH"},{"floor":23,"key":"REST"},{"floor":25,"key":"REST"},{"floor":28,"key":"REST"},{"floor":32,"key":"REST"},{"data":"Catalyst","floor":45,"key":"SMITH"},{"data":"Adrenaline","floor":47,"key":"SMITH"},{"data":"Poisoned Stab","floor":49,"key":"SMITH"}],"circlet_count":0,"master_deck":["Strike_G+1","Defend_G+1","Defend_G","Defend_G","Defend_G","Survivor","Neutralize+1","Blur","Footwork","Endless Agony","Poisoned Stab","Corpse Explosion","Footwork+1","Terror+1","Flying Knee+1","Corpse Explosion","Catalyst+1","Poisoned Stab","Poisoned Stab","Adrenaline+1","Backflip+1","Poisoned Stab+1","Deadly Poison+1","Backflip+1","Bouncing Flask+1"],"relics":["Ring of the Snake","Pen Nib","Mummified Hand","Regal Pillow","Black Star","DollysMirror","Gremlin Horn","CaptainsWheel","Oddly Smooth Stone","Snake Skull","Nunchaku","Philosopher\u0027s Stone","Vajra","Bag of Marbles","Strange Spoon","Eternal Feather"],"acts_visited":["Exordium","TheCity","TheBeyond"],"potions_floor_usage":[8,16,24,24,27,41,41,44,50],"damage_taken":[{"damage":0,"enemies":"Jaw Worm","floor":1,"turns":5},{"damage":0,"enemies":"Small Slimes","floor":2,"turns":5},{"damage":0,"enemies":"Cultist","floor":5,"turns":5},{"damage":47,"enemies":"Gremlin Nob","floor":6,"turns":7},{"damage":4,"enemies":"Lagavulin","floor":8,"turns":11},{"damage":0,"enemies":"Lots of Slimes","floor":12,"turns":2},{"damage":0,"enemies":"Looter","floor":14,"turns":4},{"damage":8,"enemies":"Hexaghost","floor":16,"turns":11},{"damage":0,"enemies":"3 Byrds","floor":18,"turns":3},{"damage":10,"enemies":"Shell Parasite","floor":19,"turns":5},{"damage":32,"enemies":"Shelled Parasite and Fungi","floor":22,"turns":5},{"damage":21,"enemies":"Slavers","floor":24,"turns":3},{"damage":35,"enemies":"Book of Stabbing","floor":27,"turns":7},{"damage":24,"enemies":"Snake Plant","floor":30,"turns":3},{"damage":0,"enemies":"Snecko","floor":31,"turns":5},{"damage":27,"enemies":"Automaton","floor":33,"turns":8},{"damage":0,"enemies":"Orb Walker","floor":35,"turns":3},{"damage":3,"enemies":"3 Shapes","floor":36,"turns":3},{"damage":0,"enemies":"3 Darklings","floor":38,"turns":1},{"damage":15,"enemies":"Spire Growth","floor":39,"turns":4},{"damage":28,"enemies":"Nemesis","floor":40,"turns":5},{"damage":5,"enemies":"Writhing Mass","floor":41,"turns":4},{"damage":0,"enemies":"Transient","floor":44,"turns":5},{"damage":3,"enemies":"Spire Growth","floor":46,"turns":3},{"damage":52,"enemies":"Awakened One","floor":50,"turns":10}],"seed_played":"-2889203517618340547","potions_obtained":[{"floor":1,"key":"Swift Potion"},{"floor":6,"key":"FearPotion"},{"floor":8,"key":"Dexterity Potion"},{"floor":14,"key":"LiquidMemories"},{"floor":18,"key":"CunningPotion"},{"floor":30,"key":"Explosive Potion"},{"floor":36,"key":"SteroidPotion"},{"floor":38,"key":"Block Potion"},{"floor":40,"key":"Fruit Juice"},{"floor":44,"key":"GamblersBrew"}],"is_trial":false,"path_per_floor":["M","M","?","?","M","E","R","E","T","R","$","M","R","M","R","B",null,"M","M","$","?","M","R","E","R","T","E","R","?","M","M","R","B",null,"M","M","?","M","M","E","M","$","T","M","R","M","R","$","R","B",null],"character_chosen":"THE_SILENT","items_purchased":["Footwork","DollysMirror","Strange Spoon","Regen Potion"],"campfire_rested":6,"item_purchase_floors":[11,20,42,42],"current_hp_per_floor":[70,70,63,63,63,16,37,33,33,69,69,69,69,69,69,61,70,70,60,60,60,28,64,43,70,70,35,70,70,46,46,70,43,70,70,67,67,67,52,24,24,24,24,39,54,51,66,66,75,23],"gold":84,"neow_bonus":"UPGRADE_CARD","is_daily":false,"chose_seed":false,"campfire_upgraded":5,"win_rate":0.0,"timestamp":1613952525,"path_taken":["M","M","?","?","?","E","R","E","T","R","?","M","R","M","R","BOSS","M","M","$","?","M","R","E","R","T","E","R","?","?","M","R","BOSS","M","M","?","?","M","E","M","$","T","M","R","M","R","$","R","BOSS"],"items_purchased_type":["Card","Relic","Relic","Potion"],"build_version":"2020-12-22","purchased_purges":2,"victory":true,"max_hp_per_floor":[70,70,70,70,70,70,70,70,70,70,70,70,70,70,70,70,70,70,70,70,70,70,70,70,70,70,70,70,70,70,70,70,70,70,70,70,70,70,70,70,75,75,75,75,75,75,75,75,75,75],"card_choices":[{"not_picked":["Underhanded Strike","Outmaneuver"],"picked":"Blur","floor":1},{"not_picked":["Bane","All Out Attack"],"picked":"Footwork","floor":2},{"not_picked":["Heel Hook","Reflex"],"picked":"Endless Agony","floor":5},{"not_picked":["Flying Knee","Dagger Spray"],"picked":"Poisoned Stab","floor":6},{"not_picked":["PiercingWail","Deflect"],"picked":"Corpse Explosion","floor":8},{"not_picked":["Dagger Throw","Dodge and Roll","Quick Slash"],"picked":"SKIP","floor":12},{"not_picked":["Prepared","Flying Knee"],"picked":"Terror","floor":14},{"not_picked":["Dagger Spray+1","PiercingWail"],"picked":"Flying Knee+1","floor":18},{"not_picked":["Blade Dance","Predator","Quick Slash"],"picked":"SKIP","floor":19},{"not_picked":["Slice","Bane"],"picked":"Catalyst","floor":22},{"not_picked":["Underhanded Strike+1","Sucker Punch+1","Phantasmal Killer"],"picked":"SKIP","floor":24},{"not_picked":["Outmaneuver+1","Backflip"],"picked":"Poisoned Stab","floor":27},{"not_picked":["Acrobatics","Noxious Fumes"],"picked":"Poisoned Stab","floor":30},{"not_picked":["Eviscerate","Dagger Throw","Distraction"],"picked":"SKIP","floor":31},{"not_picked":["Burst","Storm of Steel"],"picked":"Adrenaline","floor":33},{"not_picked":["Calculated Gamble+1","Flying Knee+1"],"picked":"Backflip+1","floor":35},{"not_picked":["Prepared","Flying Knee+1"],"picked":"Poisoned Stab","floor":36},{"not_picked":["Dagger Throw","Expertise","Outmaneuver"],"picked":"SKIP","floor":38},{"not_picked":["Flying Knee+1","Underhanded Strike"],"picked":"Deadly Poison+1","floor":39},{"not_picked":["Slice","Dodge and Roll+1","Glass Knife"],"picked":"SKIP","floor":40},{"not_picked":["Bane","Escape Plan+1"],"picked":"Backflip+1","floor":41},{"not_picked":["Sucker Punch+1","Underhanded Strike+1"],"picked":"Bouncing Flask+1","floor":44},{"not_picked":["Sucker Punch","Dagger Throw+1","Choke"],"picked":"SKIP","floor":46}],"player_experience":46734,"relics_obtained":[{"floor":6,"key":"Pen Nib"},{"floor":8,"key":"Mummified Hand"},{"floor":9,"key":"Regal Pillow"},{"floor":24,"key":"Gremlin Horn"},{"floor":24,"key":"CaptainsWheel"},{"floor":26,"key":"Oddly Smooth Stone"},{"floor":27,"key":"Snake Skull"},{"floor":27,"key":"Nunchaku"},{"floor":40,"key":"Vajra"},{"floor":40,"key":"Bag of Marbles"},{"floor":43,"key":"Eternal Feather"}],"event_choices":[{"cards_removed":["Defend_G"],"damage_healed":0,"gold_gain":0,"player_choice":"Card Removal","damage_taken":7,"max_hp_gain":0,"max_hp_loss":0,"event_name":"Golden Wing","floor":3,"gold_loss":0},{"cards_removed":["Strike_G"],"damage_healed":0,"gold_gain":0,"player_choice":"Card Removal","damage_taken":0,"max_hp_gain":0,"max_hp_loss":0,"event_name":"Wheel of Change","floor":4,"gold_loss":0},{"damage_healed":0,"gold_gain":0,"player_choice":"Ignored","damage_taken":0,"max_hp_gain":0,"max_hp_loss":0,"event_name":"Vampires","floor":21,"gold_loss":0},{"damage_healed":0,"gold_gain":0,"player_choice":"Upgraded Two","damage_taken":0,"max_hp_gain":0,"max_hp_loss":0,"event_name":"Designer","floor":29,"gold_loss":40,"cards_upgraded":["Strike_G","Defend_G"]},{"cards_removed":["Strike_G"],"damage_healed":0,"gold_gain":0,"player_choice":"Purged","damage_taken":0,"max_hp_gain":0,"max_hp_loss":0,"event_name":"Purifier","floor":37,"gold_loss":0}],"is_beta":false,"boss_relics":[{"not_picked":["Astrolabe","Coffee Dripper"],"picked":"Black Star"},{"not_picked":["WristBlade","Fusion Hammer"],"picked":"Philosopher\u0027s Stone"}],"items_purged_floors":[11,42],"is_endless":false,"potions_floor_spawned":[1,6,8,14,18,22,30,36,38,40,44],"ascension_level":0}}