{"host":"xb2tau8pgi8aflss","time":1613992492,"event":{"mods":["AchievementEnabler","BaseMod","Hermit","Minty Spire (QoL Compilation)","StSLib","SuperFastMode"],"gold_per_floor":[118,118,50,65,65,95,95,112,112,130,144,5,33,52,52,149,149,164,175,205,215,215,215,240,269,269,38,38,51,81,81,81,185,185,215,68,83,109,9,43,43,43,43,68,88,106,146,146,146,146],"floor_reached":51,"language":"KOR","playtime":1669,"items_purged":["hermit:Strike_Hermit","hermit:Strike_Hermit"],"score":1027,"play_id":"e5a1659e-78b4-45c6-b9ef-3a912ea1f359","local_time":"20210222201452","is_ascension_mode":true,"campfire_choices":[{"data":"hermit:EyeOfTheStorm","floor":7,"key":"SMITH"},{"data":"hermit:GhostlyPresence","floor":15,"key":"SMITH"},{"data":"hermit:EyeOfTheStorm","floor":23,"key":"SMITH"},{"floor":28,"key":"REST"},{"floor":32,"key":"REST"},{"floor":42,"key":"REST"},{"floor":49,"key":"REST"}],"circlet_count":0,"master_deck":["hermit:Strike_Hermit+1","hermit:Defend_Hermit","hermit:Defend_Hermit+1","hermit:Defend_Hermit","hermit:Defend_Hermit","hermit:Snapshot","hermit:Covet","hermit:Determination","hermit:Combo","hermit:Glare","hermit:EyeOfTheStorm+1","hermit:Coalescence","hermit:EyeOfTheStorm+1","hermit:GhostlyPresence+1","hermit:DeadOrAlive","hermit:BlackWind","hermit:Strike_Hermit","hermit:Roughhouse","hermit:Glare+1","hermit:LowProfile","hermit:Determination","hermit:Determination+1","hermit:Vantage+1","hermit:GhostlyPresence","hermit:Scavenge"],"relics":["hermit:Momento","NeowsBlessing","Letter Opener","Akabeko","Pear","Busted Crown","Mercury Hourglass","InkBottle","Dead Branch","hermit:BartenderGlass","Blood Vial","FossilizedHelix","The Courier","Pantograph","hermit:CharredGlove"],"acts_visited":["Exordium","TheCity","TheBeyond"],"potions_floor_usage":[10,11,12,24,25,33,38,38,40,44,45,50],"damage_taken":[{"damage":0,"enemies":"Small Slimes","floor":1,"turns":1},{"damage":0,"enemies":"2 Louse","floor":4,"turns":1},{"damage":0,"enemies":"3 Sentries","floor":6,"turns":1},{"damage":6,"enemies":"Cultist","floor":8,"turns":3},{"damage":0,"enemies":"Lots of Slimes","floor":10,"turns":3},{"damage":28,"enemies":"Gremlin Gang","floor":11,"turns":4},{"damage":0,"enemies":"Gremlin Nob","floor":13,"turns":2},{"damage":2,"enemies":"Looter","floor":14,"turns":2},{"damage":20,"enemies":"Hexaghost","floor":16,"turns":5},{"damage":14,"enemies":"2 Thieves","floor":18,"turns":3},{"damage":0,"enemies":"Spheric Guardian","floor":19,"turns":3},{"damage":0,"enemies":"Centurion and Healer","floor":20,"turns":2},{"damage":21,"enemies":"Cultist and Chosen","floor":21,"turns":6},{"damage":15,"enemies":"Shelled Parasite and Fungi","floor":24,"turns":3},{"damage":13,"enemies":"Slavers","floor":25,"turns":3},{"damage":5,"enemies":"Centurion and Healer","floor":29,"turns":4},{"damage":0,"enemies":"Snecko","floor":30,"turns":3},{"damage":42,"enemies":"Collector","floor":33,"turns":9},{"damage":0,"enemies":"3 Shapes","floor":35,"turns":4},{"damage":17,"enemies":"3 Darklings","floor":37,"turns":4},{"damage":19,"enemies":"Spire Growth","floor":38,"turns":3},{"damage":41,"enemies":"Reptomancer","floor":40,"turns":4},{"damage":0,"enemies":"Nemesis","floor":44,"turns":7},{"damage":25,"enemies":"Writhing Mass","floor":45,"turns":5},{"damage":1,"enemies":"Maw","floor":46,"turns":7},{"damage":1,"enemies":"4 Shapes","floor":47,"turns":5},{"damage":65,"enemies":"Time Eater","floor":50,"turns":5}],"seed_played":"5266681908667626314","potions_obtained":[{"floor":1,"key":"Strength Potion"},{"floor":8,"key":"Block Potion"},{"floor":11,"key":"FairyPotion"},{"floor":19,"key":"GamblersBrew"},{"floor":20,"key":"Dexterity Potion"},{"floor":24,"key":"Strength Potion"},{"floor":35,"key":"hermit:BlackBile"},{"floor":48,"key":"EntropicBrew"}],"is_trial":false,"path_per_floor":["M","?","$","M","?","E","R","M","T","M","M","$","E","M","R","B",null,"M","M","M","M","?","R","M","E","T","$","R","M","M","T","R","B",null,"M","$","M","M","$","E","T","R","T","E","M","M","M","?","R","B",null],"character_chosen":"HERMIT","items_purchased":["hermit:Combo","hermit:GhostlyPresence","Fruit Juice","hermit:LowProfile","hermit:Tonic","hermit:Determination","Blood Vial"],"campfire_rested":4,"item_purchase_floors":[3,12,12,27,27,27,36],"current_hp_per_floor":[75,60,60,60,60,60,60,54,54,54,26,31,41,39,39,19,90,76,76,76,55,55,55,40,27,27,27,54,49,49,49,76,34,90,90,90,73,61,61,22,22,49,49,66,43,44,45,45,72,25],"gold":146,"neow_bonus":"THREE_ENEMY_KILL","is_daily":false,"chose_seed":false,"campfire_upgraded":3,"win_rate":0.0,"timestamp":1613992492,"path_taken":["M","?","$","M","?","E","R","?","T","M","?","$","E","M","R","BOSS","M","M","M","?","?","R","M","E","T","?","R","M","?","?","R","BOSS","M","$","M","M","$","E","?","R","T","E","M","M","M","?","R","BOSS"],"items_purchased_type":["Card","Card","Potion","Card","Potion","Card","Relic"],"build_version":"2020-12-22","purchased_purges":2,"victory":true,"max_hp_per_floor":[75,75,75,75,75,75,75,75,75,75,75,80,90,90,90,90,90,90,90,90,90,90,90,90,90,90,90,90,90,90,90,90,90,90,90,90,90,90,90,90,90,90,90,90,90,90,90,90,90,90],"card_choices":[{"not_picked":["hermit:BodyArmor","hermit:NoHoldsBarred"],"picked":"hermit:Determination","floor":1},{"not_picked":["hermit:BodyArmor","hermit:Roulette"],"picked":"hermit:Glare","floor":4},{"not_picked":["hermit:TrackingShot","hermit:BodyArmor"],"picked":"hermit:EyeOfTheStorm","floor":6},{"not_picked":["hermit:LoneWolf","hermit:Brawl"],"picked":"hermit:Coalescence","floor":8},{"not_picked":["hermit:ItchyTrigger","hermit:FlashPowder","hermit:BodyArmor"],"picked":"SKIP","floor":10},{"not_picked":["hermit:Scavenge","hermit:Feint"],"picked":"hermit:EyeOfTheStorm","floor":11},{"not_picked":["hermit:Shortfuse","hermit:Glare","hermit:Misfire"],"picked":"SKIP","floor":13},{"not_picked":["hermit:Spite","hermit:Malice"],"picked":"hermit:DeadOrAlive","floor":14},{"not_picked":["hermit:EternalForm","hermit:Gambit"],"picked":"hermit:BlackWind","floor":16},{"not_picked":["hermit:Brawl"],"picked":"SKIP","floor":18},{"not_picked":["hermit:FullyLoaded"],"picked":"SKIP","floor":19},{"not_picked":["hermit:CalledShot"],"picked":"SKIP","floor":20},{"not_picked":["hermit:CalledShot"],"picked":"SKIP","floor":20},{"not_picked":["hermit:Manifest+1"],"picked":"SKIP","floor":21},{"not_picked":[],"picked":"hermit:Glare+1","floor":24},{"not_picked":["hermit:Horror"],"picked":"SKIP","floor":25},{"not_picked":["hermit:WideOpen"],"picked":"SKIP","floor":29},{"not_picked":["hermit:HoleUp+1"],"picked":"SKIP","floor":30},{"not_picked":[],"picked":"hermit:Determination+1","floor":35},{"not_picked":[],"picked":"hermit:Vantage+1","floor":37},{"not_picked":["hermit:BodyArmor+1"],"picked":"SKIP","floor":38},{"not_picked":[],"picked":"hermit:GhostlyPresence","floor":40},{"not_picked":["hermit:HoleUp"],"picked":"SKIP","floor":44},{"not_picked":[],"picked":"hermit:Scavenge","floor":45},{"not_picked":["hermit:Maintenance"],"picked":"SKIP","floor":46},{"not_picked":["hermit:SprayPray+1"],"picked":"SKIP","floor":47}],"player_experience":850465,"relics_obtained":[{"floor":6,"key":"Letter Opener"},{"floor":9,"key":"Akabeko"},{"floor":13,"key":"Pear"},{"floor":25,"key":"Mercury Hourglass"},{"floor":26,"key":"InkBottle"},{"floor":31,"key":"Dead Branch"},{"floor":40,"key":"FossilizedHelix"},{"floor":41,"key":"The Courier"},{"floor":43,"key":"Pantograph"},{"floor":44,"key":"hermit:CharredGlove"}],"event_choices":[{"damage_healed":0,"gold_gain":0,"player_choice":"Entered Light","damage_taken":15,"max_hp_gain":0,"max_hp_loss":0,"event_name":"Shining Light","floor":2,"gold_loss":0,"cards_upgraded":["hermit:Strike_Hermit","hermit:Defend_Hermit"]},{"cards_removed":["hermit:Strike_Hermit"],"damage_healed":0,"gold_gain":0,"player_choice":"Purged","damage_taken":0,"max_hp_gain":0,"max_hp_loss":0,"event_name":"Purifier","floor":5,"gold_loss":0},{"damage_healed":0,"gold_gain":0,"player_choice":"2 cards matched","damage_taken":0,"max_hp_gain":0,"max_hp_loss":0,"event_name":"Match and Keep!","floor":22,"gold_loss":0,"cards_obtained":["hermit:Strike_Hermit","hermit:Roughhouse"]},{"damage_healed":0,"gold_gain":0,"player_choice":"Got Potions","damage_taken":0,"max_hp_gain":0,"max_hp_loss":0,"event_name":"Lab","floor":48,"gold_loss":0}],"is_beta":false,"boss_relics":[{"not_picked":["Runic Dome","Fusion Hammer"],"picked":"Busted Crown"},{"not_picked":["hermit:DentedPlate","Empty Cage"],"picked":"hermit:BartenderGlass"}],"items_purged_floors":[27,39],"is_endless":false,"potions_floor_spawned":[1,8,11,19,20,24,35,37,40,46],"ascension_level":4}}