{"host":"h7dgy2mp13cbhzus","time":1613980235,"event":{"mods":["Act Like it!","BaseMod","GifTheSpireLib","Minty Spire (QoL Compilation)","Relic Stats","StSLib"],"gold_per_floor":[109,120,120,136,147,147,147,182,182,182,209,224,148,176,176,253,253,272,222,222,4,18,49,69,83,135,135,135,150,165,192,192,266,266,281,1280,1280,1280,1280,1312,1323,1350,1403,1419,1441,944,327,363,363,363,363,363,47,82,82],"floor_reached":56,"language":"ENG","playtime":4609,"items_purged":["Strike_R","Strike_R","Normality","Normality"],"score":2416,"play_id":"a6bf3d94-618e-4cfb-a1dc-a6b03516c2a0","local_time":"20210222015035","is_ascension_mode":true,"campfire_choices":[{"floor":6.0,"key":"REST"},{"floor":10.0,"key":"REST"},{"floor":15.0,"key":"REST"},{"floor":27.0,"key":"REST"},{"floor":32.0,"key":"RECALL"},{"floor":49.0,"key":"REST"},{"floor":52.0,"key":"REST"}],"circlet_count":0,"master_deck":["AscendersBane","Defend_R","Defend_R","Defend_R","Bash+1","Clothesline","Shrug It Off","Battle Trance","Cleave","Exhume","Inflame","Brutality","Impervious","CurseOfTheBell","Sword Boomerang+1","Impervious+1","Burning Pact+1","True Grit+1","Second Wind+1","Shrug It Off+1","Ghostly+1","Ghostly+1","Ghostly+1","Headbutt","Demon Form","Seeing Red+1","Corruption","Metallicize+1","Reaper+1","Rampage+1","Dual Wield+1","Dark Shackles+1","Master of Strategy+1","Disarm+1","Shrug It Off+1","Dark Embrace","Twin Strike","Pommel Strike","Ghostly+1","Warcry+1","Shrug It Off+1"],"relics":["Fusion Hammer","Thread and Needle","TungstenRod","Pantograph","Matryoshka","Calling Bell","Smiling Mask","Toxic Egg 2","Du-Vu Doll","Medical Kit","Kunai","Red Skull","Vajra","Astrolabe","Blood Vial","CeramicFish","Anchor","Centennial Puzzle","Paper Frog","Ancient Tea Set","OrangePellets","Bottled Tornado","Bag of Preparation","DollysMirror","Gremlin Horn"],"acts_visited":["Exordium","TheCity","TheBeyond","TheEnding"],"potions_floor_usage":[55,55],"damage_taken":[{"damage":2.0,"enemies":"Jaw Worm","floor":1.0,"turns":3.0},{"damage":1.0,"enemies":"Cultist","floor":2.0,"turns":3.0},{"damage":3.0,"enemies":"2 Louse","floor":4.0,"turns":3.0},{"damage":14.0,"enemies":"Lots of Slimes","floor":5.0,"turns":4.0},{"damage":5.0,"enemies":"Gremlin Nob","floor":8.0,"turns":3.0},{"damage":16.0,"enemies":"Lagavulin","floor":11.0,"turns":4.0},{"damage":0.0,"enemies":"2 Fungi Beasts","floor":12.0,"turns":3.0},{"damage":15.0,"enemies":"3 Sentries","floor":14.0,"turns":8.0},{"damage":32.0,"enemies":"Hexaghost","floor":16.0,"turns":12.0},{"damage":13.0,"enemies":"2 Thieves","floor":18.0,"turns":4.0},{"damage":7.0,"enemies":"3 Byrds","floor":22.0,"turns":5.0},{"damage":32.0,"enemies":"Book of Stabbing","floor":23.0,"turns":6.0},{"damage":2.0,"enemies":"Centurion and Healer","floor":24.0,"turns":6.0},{"damage":0.0,"enemies":"Snecko","floor":25.0,"turns":4.0},{"damage":0.0,"enemies":"Shelled Parasite and Fungi","floor":29.0,"turns":8.0},{"damage":0.0,"enemies":"Snake Plant","floor":30.0,"turns":5.0},{"damage":15.0,"enemies":"Gremlin Leader","floor":31.0,"turns":7.0},{"damage":0.0,"enemies":"Collector","floor":33.0,"turns":10.0},{"damage":0.0,"enemies":"Orb Walker","floor":35.0,"turns":5.0},{"damage":18.0,"enemies":"Reptomancer","floor":40.0,"turns":10.0},{"damage":0.0,"enemies":"3 Darklings","floor":41.0,"turns":7.0},{"damage":0.0,"enemies":"Nemesis","floor":42.0,"turns":13.0},{"damage":2.0,"enemies":"Writhing Mass","floor":44.0,"turns":8.0},{"damage":14.0,"enemies":"Maw","floor":45.0,"turns":9.0},{"damage":7.0,"enemies":"Giant Head","floor":48.0,"turns":8.0},{"damage":0.0,"enemies":"Awakened One","floor":50.0,"turns":11.0},{"damage":0,"enemies":"Shield and Spear","floor":54,"turns":6},{"damage":24,"enemies":"The Heart","floor":55,"turns":13}],"seed_played":"2886172963466439109","potions_obtained":[{"floor":2.0,"key":"EntropicBrew"},{"floor":11.0,"key":"GamblersBrew"},{"floor":14.0,"key":"Weak Potion"},{"floor":24.0,"key":"DistilledChaos"},{"floor":25.0,"key":"Ancient Potion"},{"floor":29.0,"key":"LiquidMemories"},{"floor":40.0,"key":"ColorlessPotion"},{"floor":44.0,"key":"Dexterity Potion"}],"is_trial":false,"path_per_floor":["M","M","?","M","M","R","?","E","T","R","E","M","$","E","R","B",null,"M","$","?","$","M","E","M","M","T","R","?","M","M","E","R","B",null,"M","?","?","?","?","E","M","E","T","M","M","$","$","E","R","B",null,"R","$","E","B",null],"character_chosen":"IRONCLAD","items_purchased":["Inflame","Medical Kit","Paper Frog","Ancient Tea Set","OrangePellets","Dark Embrace","Twin Strike","Bottled Tornado","DollysMirror","SpeedPotion","AttackPotion","Warcry+1"],"campfire_rested":6,"item_purchase_floors":[13,21,46,46,47,47,47,47,53,53,53,53],"current_hp_per_floor":[66,65,65,62,48,70,47,42,42,64,48,48,48,33,55,43,67,54,54,54,54,47,15,13,13,13,35,35,35,35,20,20,37,37,37,37,37,28,28,35,35,35,35,35,35,35,35,35,35,35,35,35,35,35,12],"gold":82,"neow_bonus":"BOSS_RELIC","is_daily":false,"chose_seed":false,"campfire_upgraded":0,"win_rate":0.0,"timestamp":1613980235,"path_taken":["M","M","?","?","M","R","?","E","T","R","E","M","$","E","R","BOSS","M","$","?","$","M","E","M","?","T","R","?","M","M","E","R","BOSS","M","?","?","?","?","E","?","E","T","M","M","?","$","E","R","BOSS","R","$","E","BOSS"],"items_purchased_type":["Card","Relic","Relic","Relic","Relic","Card","Card","Relic","Relic","Potion","Potion","Card"],"build_version":"2020-12-22","purchased_purges":4,"victory":true,"max_hp_per_floor":[75,75,75,75,75,75,75,75,75,75,75,75,75,75,75,75,75,75,75,75,75,75,75,75,75,75,75,37,37,37,37,37,37,37,37,37,37,37,35,35,35,35,35,35,35,35,35,35,35,35,35,35,35,35,35],"relic_stats":{"Gremlin Horn":[0,0],"counters":[28,188],"Astrolabe":["Metallicize","Reaper","Rampage"],"CeramicFish":63,"Bag of Preparation":[6],"Smiling Mask":250,"Medical Kit":[14],"Blood Vial":0,"OrangePellets":[8],"Centennial Puzzle":[12],"Pantograph":37,"Kunai":[15],"obtain_stats":[{"Gremlin Horn":54,"CeramicFish":42,"Vajra":31,"Bag of Preparation":48,"Bottled Tornado":47,"Smiling Mask":17,"Ancient Tea Set":46,"Burning Blood":0,"Blood Vial":40,"Centennial Puzzle":43,"Matryoshka":14,"DollysMirror":53,"Pantograph":11,"Fusion Hammer":0,"Kunai":23,"Toxic Egg 2":17,"Red Skull":26,"Paper Frog":46,"Astrolabe":34,"Thread and Needle":8,"Medical Kit":21,"Calling Bell":17,"Du-Vu Doll":17,"OrangePellets":47,"Anchor":43,"TungstenRod":9},{"Gremlin Horn":27,"CeramicFish":22,"Vajra":17,"Bag of Preparation":25,"Bottled Tornado":24,"Smiling Mask":9,"Ancient Tea Set":24,"Burning Blood":0,"Blood Vial":20,"Centennial Puzzle":22,"Matryoshka":8,"DollysMirror":26,"Pantograph":6,"Fusion Hammer":0,"Kunai":12,"Toxic Egg 2":9,"Red Skull":14,"Paper Frog":24,"Astrolabe":18,"Thread and Needle":5,"Medical Kit":10,"Calling Bell":9,"Du-Vu Doll":9,"OrangePellets":24,"Anchor":22,"TungstenRod":5},{"Gremlin Horn":175,"CeramicFish":133,"Vajra":88,"Bag of Preparation":158,"Bottled Tornado":150,"Smiling Mask":43,"Ancient Tea Set":150,"Burning Blood":0,"Blood Vial":113,"Centennial Puzzle":133,"Matryoshka":31,"DollysMirror":169,"Pantograph":20,"Fusion Hammer":0,"Kunai":58,"Toxic Egg 2":43,"Red Skull":68,"Paper Frog":150,"Astrolabe":98,"Thread and Needle":16,"Medical Kit":47,"Calling Bell":43,"Du-Vu Doll":43,"OrangePellets":150,"Anchor":133,"TungstenRod":16}],"TungstenRod":222},"card_choices":[{"not_picked":["Thunderclap","Headbutt","True Grit"],"picked":"SKIP","floor":1.0},{"not_picked":["True Grit","Sever Soul","Flex"],"picked":"SKIP","floor":2.0},{"not_picked":["Cleave","Dual Wield"],"picked":"Clothesline","floor":4.0},{"not_picked":["Heavy Blade","Anger"],"picked":"Shrug It Off","floor":5.0},{"not_picked":["Havoc","Burning Pact"],"picked":"Battle Trance","floor":8.0},{"not_picked":["Burning Pact","Heavy Blade"],"picked":"Cleave","floor":11.0},{"not_picked":["Warcry","Infernal Blade"],"picked":"Exhume","floor":12.0},{"not_picked":["Havoc","Cleave"],"picked":"Brutality","floor":14.0},{"not_picked":["Berserk","Offering"],"picked":"Impervious","floor":16.0},{"not_picked":["Reckless Charge","Heavy Blade"],"picked":"Sword Boomerang+1","floor":18.0},{"not_picked":["Infernal Blade+1","Pummel"],"picked":"Burning Pact+1","floor":22.0},{"not_picked":["Fire Breathing","Body Slam"],"picked":"True Grit+1","floor":23.0},{"not_picked":["Twin Strike","Intimidate+1"],"picked":"Second Wind+1","floor":24.0},{"not_picked":["Twin Strike","Pommel Strike+1"],"picked":"Shrug It Off+1","floor":25.0},{"not_picked":["Rampage","Body Slam"],"picked":"Headbutt","floor":29.0},{"not_picked":["Perfected Strike","Combust"],"picked":"Demon Form","floor":30.0},{"not_picked":["Seeing Red+1","Sever Soul","Clash"],"picked":"SKIP","floor":31.0},{"not_picked":["Sever Soul","Clash"],"picked":"Seeing Red+1","floor":31.0},{"not_picked":["Brutality","Offering+1"],"picked":"Corruption","floor":33.0},{"not_picked":["Headbutt+1","Clothesline+1"],"picked":"Dual Wield+1","floor":35.0},{"not_picked":["Panache","Impatience+1"],"picked":"Dark Shackles+1","floor":38.0},{"not_picked":["Thinking Ahead+1","Madness+1"],"picked":"Master of Strategy+1","floor":38.0},{"not_picked":["Clothesline","Metallicize"],"picked":"Disarm+1","floor":40.0},{"not_picked":["Cleave","Body Slam","Armaments+1"],"picked":"SKIP","floor":41.0},{"not_picked":["Hemokinesis","Metallicize","Flex+1"],"picked":"SKIP","floor":42.0},{"not_picked":["Perfected Strike","Infernal Blade+1","Demon Form"],"picked":"SKIP","floor":44.0},{"not_picked":["Armaments+1","Wild Strike"],"picked":"Shrug It Off+1","floor":45.0},{"not_picked":["Thunderclap","Spot Weakness+1"],"picked":"Pommel Strike","floor":48.0},{"not_picked":["Headbutt","Flex+1"],"picked":"Shrug It Off+1","floor":54}],"player_experience":610739,"relics_obtained":[{"floor":8.0,"key":"Thread and Needle"},{"floor":9.0,"key":"TungstenRod"},{"floor":11.0,"key":"Pantograph"},{"floor":14.0,"key":"Matryoshka"},{"floor":17.0,"key":"Smiling Mask"},{"floor":17.0,"key":"Toxic Egg 2"},{"floor":17.0,"key":"Du-Vu Doll"},{"floor":23.0,"key":"Kunai"},{"floor":26.0,"key":"Red Skull"},{"floor":31.0,"key":"Vajra"},{"floor":40.0,"key":"Blood Vial"},{"floor":42.0,"key":"CeramicFish"},{"floor":43.0,"key":"Anchor"},{"floor":43.0,"key":"Centennial Puzzle"},{"floor":48.0,"key":"Bag of Preparation"},{"floor":54,"key":"Gremlin Horn"}],"event_choices":[{"cards_removed":["Strike_R"],"damage_healed":0.0,"max_hp_gain":0.0,"max_hp_loss":0.0,"gold_gain":0.0,"event_name":"Purifier","player_choice":"Purged","floor":3.0,"gold_loss":0.0,"damage_taken":0.0},{"damage_healed":0.0,"max_hp_gain":0.0,"max_hp_loss":0.0,"gold_gain":0.0,"event_name":"Shining Light","player_choice":"Entered Light","floor":7.0,"gold_loss":0.0,"damage_taken":23.0,"cards_upgraded":["Bash","Strike_R"]},{"damage_healed":0.0,"max_hp_gain":0.0,"max_hp_loss":0.0,"gold_gain":0.0,"event_name":"Duplicator","player_choice":"Copied","floor":20.0,"gold_loss":0.0,"damage_taken":0.0,"cards_obtained":["Impervious"]},{"damage_healed":0.0,"max_hp_gain":0.0,"max_hp_loss":38.0,"gold_gain":0.0,"event_name":"Ghosts","player_choice":"Became a Ghost","floor":28.0,"gold_loss":0.0,"damage_taken":0.0,"cards_obtained":["Ghostly","Ghostly","Ghostly"]},{"damage_healed":0.0,"max_hp_gain":0.0,"max_hp_loss":0.0,"gold_gain":999.0,"event_name":"MindBloom","player_choice":"Gold","floor":36.0,"gold_loss":0.0,"damage_taken":0.0,"cards_obtained":["Normality","Normality"]},{"damage_healed":0.0,"max_hp_gain":0.0,"max_hp_loss":0.0,"gold_gain":0.0,"event_name":"Tomb of Lord Red Mask","player_choice":"Ignored","floor":37.0,"gold_loss":0.0,"damage_taken":0.0},{"damage_healed":0.0,"max_hp_gain":0.0,"max_hp_loss":0.0,"gold_gain":0.0,"event_name":"SensoryStone","player_choice":"Memory 3","floor":38.0,"gold_loss":0.0,"damage_taken":10.0},{"damage_healed":0.0,"max_hp_gain":0.0,"max_hp_loss":2.0,"gold_gain":0.0,"event_name":"Winding Halls","player_choice":"Max HP","floor":39.0,"gold_loss":0.0,"damage_taken":0.0}],"is_beta":false,"boss_relics":[{"not_picked":["Sozu","Runic Dome"],"picked":"Calling Bell"},{"not_picked":["SlaversCollar","Cursed Key"],"picked":"Astrolabe"}],"items_purged_floors":[19,21,46,47],"is_endless":false,"potions_floor_spawned":[2,11,14,24,25,29,33,40,42,44,54],"ascension_level":16}}