{"host":"nptej036rrbiurf5","time":1613970246,"event":{"mods":["BaseMod","Colored Map","Colored Powertips","DeckTracker","Minty Spire (QoL Compilation)","StSLib","SuperFastMode"],"gold_per_floor":[116,136,17,17,17,60,60,93,165,240,273,297,297,320,320,423,423,343,343,343,343,58,58,14,14,14,14,14,14],"floor_reached":28,"language":"KOR","playtime":538,"items_purged":[],"score":510,"play_id":"8be5a79d-d8c4-42ec-945d-39bdac687d4b","local_time":"20210222140406","is_ascension_mode":true,"campfire_choices":[{"data":"Zap","floor":7.0,"key":"SMITH"},{"data":"Sunder","floor":13.0,"key":"SMITH"},{"floor":15.0,"key":"REST"},{"data":"Apotheosis","floor":23,"key":"SMITH"},{"data":"Heatsinks","floor":25,"key":"SMITH"}],"circlet_count":0,"master_deck":["AscendersBane","Strike_B","Strike_B","Strike_B","Strike_B","Defend_B","Defend_B","Defend_B","Defend_B+1","Zap+1","Dualcast","Sweeping Beam","Sweeping Beam","Genetic Algorithm","Go for the Eyes+1","Glacier","Storm","Sunder+1","Biased Cognition","Core Surge","Ball Lightning","Lockon","Apotheosis+1","Storm","Heatsinks+1","Creative AI"],"relics":["Cracked Core","NeowsBlessing","Golden Idol","CeramicFish","HornCleat","DataDisk","Ectoplasm","Ginger"],"acts_visited":["Exordium","TheCity"],"potions_floor_usage":[21],"damage_taken":[{"damage":0.0,"enemies":"Jaw Worm","floor":1.0,"turns":1.0},{"damage":0.0,"enemies":"Small Slimes","floor":2.0,"turns":1.0},{"damage":0.0,"enemies":"3 Sentries","floor":6.0,"turns":1.0},{"damage":0.0,"enemies":"2 Louse","floor":8.0,"turns":3.0},{"damage":13.0,"enemies":"Lagavulin","floor":11.0,"turns":10.0},{"damage":0.0,"enemies":"Lots of Slimes","floor":12.0,"turns":4.0},{"damage":0.0,"enemies":"Exordium Wildlife","floor":14.0,"turns":4.0},{"damage":7.0,"enemies":"Slime Boss","floor":16.0,"turns":7.0},{"damage":6.0,"enemies":"2 Thieves","floor":18.0,"turns":4.0},{"damage":0.0,"enemies":"Spheric Guardian","floor":19.0,"turns":3.0},{"damage":0.0,"enemies":"Centurion and Healer","floor":20.0,"turns":8.0},{"damage":17,"enemies":"Cultist and Chosen","floor":21,"turns":4},{"damage":25,"enemies":"Chosen and Byrds","floor":27,"turns":8},{"damage":10,"enemies":"Gremlin Leader","floor":28,"turns":1}],"seed_played":"4306367396168475491","potions_obtained":[{"floor":2.0,"key":"Swift Potion"},{"floor":8.0,"key":"SkillPotion"},{"floor":16.0,"key":"Energy Potion"}],"is_trial":false,"path_per_floor":["M","M","$","?","?","E","R","M","T","?","E","M","R","M","R","B",null,"M","M","M","M","$","R","$","R","T","M","E"],"character_chosen":"DEFECT","items_purchased":["Genetic Algorithm","Go for the Eyes","Apotheosis","Storm","Heatsinks"],"campfire_rested":1,"item_purchase_floors":[3,3,22,22,24],"current_hp_per_floor":[64,64,64,43,43,43,43,43,43,32,19,19,19,19,38,31,56,50,50,50,33,33,33,33,33,33,8,0,0],"gold":14,"neow_bonus":"THREE_ENEMY_KILL","is_daily":false,"chose_seed":false,"campfire_upgraded":4,"win_rate":0.0,"timestamp":1613970246,"path_taken":["M","M","$","?","?","E","R","M","T","?","E","M","R","M","R","BOSS","M","M","M","M","$","R","$","R","T","M","E"],"items_purchased_type":["Card","Card","Card","Card","Card"],"build_version":"2020-12-22","purchased_purges":0,"victory":false,"max_hp_per_floor":[71,71,71,71,64,64,64,64,64,64,64,64,64,64,64,64,64,64,64,64,64,64,64,64,64,64,64,64,64],"card_choices":[{"not_picked":["BootSequence","Go for the Eyes"],"picked":"Sweeping Beam","floor":1.0},{"not_picked":["Rebound","Leap"],"picked":"Sweeping Beam","floor":2.0},{"not_picked":["Conserve Battery","Fusion"],"picked":"Glacier","floor":6.0},{"not_picked":["Glacier","Reinforced Body"],"picked":"Storm","floor":8.0},{"not_picked":["Rebound","Hologram","Auto Shields"],"picked":"SKIP","floor":11.0},{"not_picked":["Cold Snap","Gash"],"picked":"Sunder","floor":12.0},{"not_picked":["Leap","Steam"],"picked":"Biased Cognition","floor":14.0},{"not_picked":["Rainbow","Machine Learning"],"picked":"Core Surge","floor":16.0},{"not_picked":["Compile Driver","Hologram"],"picked":"Ball Lightning","floor":18.0},{"not_picked":["Hologram","Coolheaded","Melter"],"picked":"SKIP","floor":19.0},{"not_picked":["Leap","Gash"],"picked":"Lockon","floor":20.0},{"not_picked":["Turbo","Stack","Sweeping Beam"],"picked":"SKIP","floor":21},{"not_picked":["Gash","Sweeping Beam"],"picked":"Creative AI","floor":27}],"player_experience":1004627,"relics_obtained":[{"floor":6.0,"key":"CeramicFish"},{"floor":9.0,"key":"HornCleat"},{"floor":11.0,"key":"DataDisk"},{"floor":26,"key":"Ginger"}],"event_choices":[{"damage_healed":0.0,"max_hp_gain":0.0,"max_hp_loss":0.0,"gold_gain":0.0,"event_name":"Shining Light","player_choice":"Entered Light","floor":4.0,"gold_loss":0.0,"damage_taken":21.0,"cards_upgraded":["Go for the Eyes","Defend_B"]},{"damage_healed":0.0,"max_hp_gain":0.0,"max_hp_loss":7.0,"gold_gain":0.0,"event_name":"Golden Idol","player_choice":"Lose Max HP","floor":5.0,"gold_loss":0.0,"damage_taken":0.0,"relics_obtained":["Golden Idol"]},{"damage_healed":0.0,"max_hp_gain":0.0,"max_hp_loss":0.0,"gold_gain":75.0,"event_name":"World of Goop","player_choice":"Gather Gold","floor":10.0,"gold_loss":0.0,"damage_taken":11.0}],"is_beta":false,"boss_relics":[{"not_picked":["SacredBark","Velvet Choker"],"picked":"Ectoplasm"}],"items_purged_floors":[],"is_endless":false,"potions_floor_spawned":[2,8,11,16,18,19,20],"killed_by":"Gremlin Leader","ascension_level":20}}