{"host":"d9m9v0h6vo0edadb","time":1613973054,"event":{"mods":["BaseMod","Hermit","Keyboard Shortcuts","Minty Spire (QoL Compilation)","StSLib","SuperFastMode","The Cursed"],"gold_per_floor":[115,126,146,160,160,160,160,160],"floor_reached":7,"language":"KOR","playtime":132,"items_purged":[],"score":86,"play_id":"5b070ea5-4a98-4d1a-94a4-d348982f013c","local_time":"20210222145054","is_ascension_mode":true,"campfire_choices":[{"data":"All Out Attack","floor":6,"key":"SMITH"}],"circlet_count":0,"master_deck":["AscendersBane","Strike_G","Strike_G","Strike_G","Defend_G","Defend_G","Defend_G","Defend_G","Defend_G","Survivor","Neutralize","Quick Slash","Acrobatics","Cloak And Dagger","Dagger Spray","All Out Attack+1"],"relics":["Ring of the Snake"],"acts_visited":["Exordium"],"potions_floor_usage":[],"damage_taken":[{"damage":11,"enemies":"2 Louse","floor":1,"turns":7},{"damage":7,"enemies":"Small Slimes","floor":2,"turns":5},{"damage":3,"enemies":"Jaw Worm","floor":3,"turns":5},{"damage":8,"enemies":"Lots of Slimes","floor":4,"turns":8},{"damage":33,"enemies":"Gremlin Nob","floor":7,"turns":3}],"seed_played":"-1242219800371313073","potions_obtained":[{"floor":1,"key":"LiquidBronze"}],"is_trial":false,"path_per_floor":["M","M","M","M","?","R","E"],"character_chosen":"THE_SILENT","items_purchased":[],"campfire_rested":0,"item_purchase_floors":[],"current_hp_per_floor":[48,41,38,30,30,30,0,0],"gold":160,"neow_bonus":"REMOVE_CARD","is_daily":false,"chose_seed":false,"campfire_upgraded":1,"win_rate":0.0,"timestamp":1613973054,"path_taken":["M","M","M","M","?","R","E"],"items_purchased_type":[],"build_version":"2020-12-22","purchased_purges":0,"victory":false,"max_hp_per_floor":[66,66,66,66,66,66,66,66],"card_choices":[{"not_picked":["Escape Plan","Backflip"],"picked":"Quick Slash","floor":1},{"not_picked":["Eviscerate","Noxious Fumes"],"picked":"Acrobatics","floor":2},{"not_picked":["Backflip","Heel Hook"],"picked":"Cloak And Dagger","floor":3},{"not_picked":["PiercingWail","Riddle With Holes"],"picked":"Dagger Spray","floor":4}],"player_experience":1018086,"relics_obtained":[],"event_choices":[{"damage_healed":0,"gold_gain":0,"cards_transformed":["Strike_G"],"player_choice":"Change","damage_taken":0,"max_hp_gain":0,"max_hp_loss":0,"event_name":"Living Wall","floor":5,"gold_loss":0,"cards_obtained":["All Out Attack"]}],"is_beta":false,"boss_relics":[],"items_purged_floors":[],"is_endless":false,"potions_floor_spawned":[1],"killed_by":"Gremlin Nob","ascension_level":20}}