{"host":"yqztwemefsbhfep8","time":1613968684,"event":{"mods":["BaseMod","Downfall","Minty Spire (QoL Compilation)","StSLib"],"gold_per_floor":[99,99,549,649,649,674,722,732,742,342,342,355,455,481,494,590,590,590,604,27,27,27,58,82,82,102,121,154,154,54,66,81,180,180,80,97,112,97,14,14,14,14,30,41,41,53,53,53,65,65,65,65],"floor_reached":50,"language":"ENG","playtime":2933,"items_purged":["downfall:Icky","downfall:Icky"],"score":615,"play_id":"62ef28af-f1c9-4c24-8eb1-38ba7816c1ba","local_time":"20210221203804","is_ascension_mode":false,"campfire_choices":[{"data":"champ:Taunt","floor":1,"key":"SMITH"},{"data":"champ:HeartStrike","floor":11,"key":"SMITH"},{"data":"champ:SwordThrow","floor":18,"key":"SMITH"},{"floor":25,"key":"REST"},{"data":"champ:ShieldSigil","floor":30,"key":"SMITH"},{"floor":35,"key":"RECALL"},{"floor":47,"key":"REST"}],"circlet_count":0,"master_deck":["champ:Strike","champ:Strike","champ:Strike","champ:Strike","champ:Defend","champ:Defend","champ:Defend","champ:Defend","champ:Execute","champ:Taunt+1","champ:ShieldSlam","champ:HeartStrike+1","champ:FanOfKnives","champ:CheapShot+1","champ:FancyFootwork","champ:BerserkersShout","champ:FocusedDefense","champ:SwordThrow+1","champ:DefensiveShout","RitualDagger","champ:SetATrap","champ:ShieldSigil+1","champ:FancyFootwork+1","champ:TornadoPunch","champ:GladiatorForm","champ:DeathBlow","champ:ShieldSigil","expansioncontent:PrepareCrush","expansioncontent:AwakenDeath","champ:LastStand","champ:Improvising"],"relics":["champ:ChampionCrown","downfall:HeartsMalice","Champion Belt","Bottled Lightning","champ:BerserkersGuideToSlaughter","Dream Catcher","FossilizedHelix","Busted Crown","Gremlin Horn","Blood Vial","Oddly Smooth Stone","Ice Cream","downfall:HeartBlessingGreen","Fusion Hammer","downfall:HeartBlessingBlue","White Beast Statue","Eternal Feather"],"acts_visited":["Exordium","TheCity","TheBeyond"],"potions_floor_usage":[13,14,16,16,16,23,27,32,33,33,44,50,50],"damage_taken":[{"damage":0,"enemies":"2 Louse","floor":2,"turns":1},{"damage":0,"enemies":"2 Louse","floor":4,"turns":1},{"damage":0,"enemies":"Gremlin Nob","floor":6,"turns":1},{"damage":15,"enemies":"Small Slimes","floor":8,"turns":5},{"damage":22,"enemies":"Jaw Worm","floor":9,"turns":5},{"damage":10,"enemies":"downfall:FleeingMerchant","floor":10,"turns":4},{"damage":3,"enemies":"Exordium Wildlife","floor":12,"turns":2},{"damage":67,"enemies":"downfall:Heads","floor":13,"turns":6},{"damage":19,"enemies":"Lagavulin","floor":14,"turns":5},{"damage":19,"enemies":"2 Fungi Beasts","floor":15,"turns":3},{"damage":68,"enemies":"WA_ARCHETYPE_RETAIN","floor":16,"turns":7},{"damage":32,"enemies":"Spheric Guardian","floor":19,"turns":4},{"damage":8,"enemies":"downfall:FleeingMerchant","floor":20,"turns":5},{"damage":55,"enemies":"Book of Stabbing","floor":23,"turns":6},{"damage":27,"enemies":"Shell Parasite","floor":26,"turns":6},{"damage":25,"enemies":"Centurion and Healer","floor":27,"turns":5},{"damage":30,"enemies":"Gremlin Leader","floor":28,"turns":6},{"damage":25,"enemies":"Snake Plant","floor":31,"turns":5},{"damage":0,"enemies":"Sentry and Sphere","floor":32,"turns":2},{"damage":88,"enemies":"IC_MUSHROOM_ARCHETYPE","floor":33,"turns":7},{"damage":24,"enemies":"3 Shapes","floor":36,"turns":4},{"damage":21,"enemies":"Orb Walker","floor":37,"turns":3},{"damage":53,"enemies":"downfall:FleeingMerchant","floor":38,"turns":5},{"damage":15,"enemies":"downfall:FleeingMerchant","floor":39,"turns":2},{"damage":46,"enemies":"3 Darklings","floor":43,"turns":4},{"damage":72,"enemies":"Maw","floor":44,"turns":8},{"damage":25,"enemies":"Sphere and 2 Shapes","floor":46,"turns":4},{"damage":65,"enemies":"Transient","floor":49,"turns":5},{"damage":68,"enemies":"DF_ARCHETYPE_ORBS","floor":50,"turns":4}],"seed_played":"4577624016456643206","potions_obtained":[{"floor":6,"key":"FearPotion"},{"floor":9,"key":"champ:TechniquePotion"},{"floor":12,"key":"champ:TechniquePotion"},{"floor":13,"key":"champ:CounterPotion"},{"floor":14,"key":"Dexterity Potion"},{"floor":15,"key":"Fruit Juice"},{"floor":19,"key":"champ:CounterPotion"},{"floor":23,"key":"Energy Potion"},{"floor":26,"key":"ColorlessPotion"},{"floor":28,"key":"DuplicationPotion"},{"floor":31,"key":"Dexterity Potion"},{"floor":43,"key":"BlessingOfTheForge"},{"floor":44,"key":"Dexterity Potion"},{"floor":46,"key":"DuplicationPotion"}],"is_trial":false,"path_per_floor":["R","M","?","?","?","E","T","M","M","$","R","M","?","E","M","B",null,"R","M","$","?","?","E","T","R","M","M","E","?","R","M","M","B",null,"R","M","M","$","?","?","T","?","M","M","$","M","R","?","M","B"],"character_chosen":"THE_CHAMP","items_purchased":["champ:BerserkersGuideToSlaughter","Dream Catcher","Gremlin Horn","Blood Vial","champ:CalledShot","champ:DeathBlow","champ:ShieldSigil","White Beast Statue","Swift Potion"],"campfire_rested":2,"item_purchase_floors":[10,10,20,20,20,39,39,39,39],"current_hp_per_floor":[90,90,90,90,95,95,95,90,78,78,78,75,53,54,60,37,100,100,83,100,94,94,63,63,93,78,90,100,100,100,96,100,72,100,110,96,94,97,110,105,105,105,94,78,78,100,110,110,55,0,0,0],"gold":65,"neow_bonus":"THREE_ENEMY_KILL","is_daily":false,"chose_seed":false,"campfire_upgraded":4,"win_rate":0.0,"timestamp":1613968684,"path_taken":["R","M","?","?","?","E","T","M","M","$","R","?","?","E","M","BOSS","R","M","$","?","?","E","T","R","M","M","E","?","R","?","M","BOSS","R","M","M","$","?","?","T","?","M","?","?","M","R","?","M","BOSS"],"items_purchased_type":["Relic","Relic","Relic","Relic","Card","Card","Card","Relic","Potion"],"build_version":"2020-12-22","purchased_purges":2,"victory":false,"max_hp_per_floor":[90,90,90,90,95,95,95,95,95,95,95,95,95,95,95,100,100,100,100,100,100,100,100,100,100,100,100,100,100,100,100,100,100,100,110,110,110,110,110,110,110,110,110,110,110,110,110,110,110,110,110,110],"card_choices":[{"not_picked":["champ:ShieldSigil","champ:Parry"],"picked":"champ:ShieldSlam","floor":2},{"not_picked":["champ:FalseCounter","champ:BladeFlurry"],"picked":"champ:HeartStrike","floor":4},{"not_picked":["champ:SetATrap","champ:BerserkersShout","champ:BringItOn"],"picked":"SKIP","floor":6},{"not_picked":["champ:GutPunch","champ:PreemptiveStrike"],"picked":"champ:FanOfKnives","floor":8},{"not_picked":["champ:SkillfulDodge","champ:FlashCut","champ:GutPunch"],"picked":"SKIP","floor":9},{"not_picked":["champ:Backstep","champ:SwordSigil"],"picked":"champ:Haymaker","floor":10},{"not_picked":["champ:Circumvent","champ:DefensiveShout"],"picked":"champ:CheapShot","floor":12},{"not_picked":["champ:BringItOn","champ:EnGarde"],"picked":"champ:BerserkersShout","floor":14},{"not_picked":["champ:Backstep","champ:Haymaker"],"picked":"champ:FocusedDefense","floor":15},{"not_picked":["champ:HeavySlash","champ:GladiatorForm"],"picked":"champ:SwordThrow","floor":16},{"not_picked":["champ:Backstep"],"picked":"SKIP","floor":19},{"not_picked":[],"picked":"champ:DefensiveShout","floor":20},{"not_picked":["champ:SkillfulDodge"],"picked":"SKIP","floor":23},{"not_picked":[],"picked":"champ:SetATrap","floor":25},{"not_picked":[],"picked":"champ:ShieldSigil","floor":26},{"not_picked":["champ:PerfectedStrike+1"],"picked":"SKIP","floor":27},{"not_picked":[],"picked":"champ:FancyFootwork+1","floor":28},{"not_picked":["champ:DefensiveShout"],"picked":"SKIP","floor":31},{"not_picked":["champ:Haymaker+1"],"picked":"SKIP","floor":32},{"not_picked":[],"picked":"champ:GladiatorForm","floor":33},{"not_picked":["champ:PreciseThrust"],"picked":"SKIP","floor":36},{"not_picked":["champ:RapidStrikes+1"],"picked":"SKIP","floor":37},{"not_picked":["champ:BladeFlurry+1"],"picked":"SKIP","floor":38},{"not_picked":["champ:TornadoPunch"],"picked":"SKIP","floor":39},{"not_picked":["expansioncontent:HyperBeam","expansioncontent:Hexaburn"],"picked":"expansioncontent:PrepareCrush","floor":40},{"not_picked":["expansioncontent:HyperBeam","expansioncontent:PolyBeam"],"picked":"expansioncontent:AwakenDeath","floor":40},{"not_picked":[],"picked":"champ:Improvising","floor":43},{"not_picked":["champ:GutPunch"],"picked":"SKIP","floor":44},{"not_picked":["champ:ShieldSigil"],"picked":"SKIP","floor":46},{"not_picked":["champ:Shatter"],"picked":"SKIP","floor":49}],"player_experience":338250,"relics_obtained":[{"floor":4,"key":"Champion Belt"},{"floor":6,"key":"Bottled Lightning"},{"floor":7,"key":"Bag of Preparation"},{"floor":14,"key":"FossilizedHelix"},{"floor":23,"key":"Oddly Smooth Stone"},{"floor":28,"key":"Ice Cream"},{"floor":41,"key":"Eternal Feather"}],"event_choices":[{"damage_healed":0,"gold_gain":0,"player_choice":"Donut","damage_taken":0,"max_hp_gain":5,"max_hp_loss":0,"event_name":"Big Fish","floor":5,"gold_loss":0}],"is_beta":false,"boss_relics":[{"not_picked":["Runic Pyramid","Velvet Choker"],"picked":"Busted Crown"},{"not_picked":["Snecko Eye","Philosopher\u0027s Stone"],"picked":"Fusion Hammer"}],"items_purged_floors":[10,20],"is_endless":false,"potions_floor_spawned":[6,9,12,13,14,15,19,23,26,28,31,43,44,46,49],"killed_by":"DF_ARCHETYPE_ORBS","ascension_level":0}}