{"host":"wbn3xdfsa5pc2kse","time":1613997628,"event":{"mods":["AchievementEnabler","BaseMod","Bestiary","Colored Map","Colored Powertips","Curses Come First","Highlight Path","Minty Spire (QoL Compilation)","Permanent Neow","Rare Cards Sparkle","Relic Stats","StSLib"],"gold_per_floor":[114,134,151,169,169,203,219,246,246,246,246],"floor_reached":10,"language":"ZHT","playtime":388,"items_purged":[],"score":210,"play_id":"3f1fca95-84ae-474d-9232-0510e02e270d","local_time":"20210222204028","is_ascension_mode":true,"campfire_choices":[],"circlet_count":0,"master_deck":["AscendersBane","Strike_P","Strike_P","Strike_P","Strike_P","Defend_P","Defend_P","Defend_P","Defend_P","Eruption+1","Vigilance","ReachHeaven","Adaptation","CrushJoints","ForeignInfluence","Perseverance+1","SashWhip","MentalFortress"],"relics":["SlaversCollar","Toxic Egg 2","Dream Catcher","Incense Burner"],"acts_visited":["Exordium"],"potions_floor_usage":[8,8,10],"damage_taken":[{"damage":4.0,"enemies":"Jaw Worm","floor":1.0,"turns":3.0},{"damage":4.0,"enemies":"Cultist","floor":2.0,"turns":5.0},{"damage":5.0,"enemies":"Small Slimes","floor":3.0,"turns":3.0},{"damage":9.0,"enemies":"Blue Slaver","floor":4.0,"turns":9.0},{"damage":35.0,"enemies":"3 Sentries","floor":6.0,"turns":5.0},{"damage":2.0,"enemies":"2 Fungi Beasts","floor":7.0,"turns":3.0},{"damage":0,"enemies":"Gremlin Nob","floor":8,"turns":3},{"damage":2,"enemies":"Lagavulin","floor":10,"turns":5}],"seed_played":"-5452359023383330602","potions_obtained":[{"floor":3.0,"key":"Ancient Potion"},{"floor":6.0,"key":"SteroidPotion"},{"floor":7.0,"key":"Fire Potion"},{"floor":8,"key":"AttackPotion"}],"is_trial":false,"path_per_floor":["M","M","M","M","?","E","M","E","T","E"],"character_chosen":"WATCHER","items_purchased":[],"campfire_rested":0,"item_purchase_floors":[],"current_hp_per_floor":[57,53,48,39,39,4,2,2,2,0,0],"gold":246,"neow_bonus":"BOSS_RELIC","is_daily":false,"chose_seed":false,"campfire_upgraded":0,"win_rate":0.0,"timestamp":1613997628,"path_taken":["M","M","M","M","?","E","M","E","T","E"],"items_purchased_type":[],"build_version":"2020-12-22","purchased_purges":0,"victory":false,"max_hp_per_floor":[68,68,68,68,68,68,68,68,68,68,68],"relic_stats":{"Dream Catcher":0,"counters":[8,36],"obtain_stats":[{"SlaversCollar":0,"Dream Catcher":8,"Incense Burner":9,"PureWater":0,"Toxic Egg 2":6},{"SlaversCollar":0,"Dream Catcher":7,"Incense Burner":7,"PureWater":0,"Toxic Egg 2":5},{"SlaversCollar":0,"Dream Catcher":31,"Incense Burner":31,"PureWater":0,"Toxic Egg 2":25}]},"card_choices":[{"not_picked":["Prostrate","Worship"],"picked":"ReachHeaven","floor":1.0},{"not_picked":["Meditate","Evaluate"],"picked":"Adaptation","floor":2.0},{"not_picked":["ThirdEye","ClearTheMind"],"picked":"CrushJoints","floor":3.0},{"not_picked":["ReachHeaven","PathToVictory"],"picked":"ForeignInfluence","floor":4.0},{"not_picked":["ReachHeaven","EmptyFist"],"picked":"Perseverance+1","floor":6.0},{"not_picked":["FlyingSleeves","Establishment"],"picked":"SashWhip","floor":7.0},{"not_picked":["FlyingSleeves","Weave"],"picked":"MentalFortress","floor":8}],"player_experience":854645,"relics_obtained":[{"floor":6.0,"key":"Toxic Egg 2"},{"floor":8,"key":"Dream Catcher"},{"floor":9,"key":"Incense Burner"}],"event_choices":[{"damage_healed":0.0,"max_hp_gain":0.0,"max_hp_loss":0.0,"gold_gain":0.0,"event_name":"Accursed Blacksmith","player_choice":"Forge","floor":5.0,"gold_loss":0.0,"damage_taken":0.0,"cards_upgraded":["Eruption"]}],"is_beta":false,"boss_relics":[],"items_purged_floors":[],"is_endless":false,"potions_floor_spawned":[3,6,7,8],"killed_by":"Lagavulin","ascension_level":20}}