{"host":"9poy283te0bas84o","time":1613959581,"event":{"mods":["BaseMod","Downfall","GifTheSpireLib","HexUI Lib","Hubris","Infinite Spire","Minty Spire (QoL Compilation)","Replay The Spire","StSLib","The Disciple"],"gold_per_floor":[115,115,131,146,92,123,136,136,136],"floor_reached":8,"language":"ENG","playtime":470,"items_purged":[],"score":75,"play_id":"88ccc081-f4ce-4d7b-9dc2-ff0d9201be06","local_time":"20210221210621","is_ascension_mode":true,"campfire_choices":[],"circlet_count":0,"master_deck":["Strike_R","Strike_R","Strike_R","Strike_R","Strike_R","Defend_R+1","Defend_R+1","Defend_R","Bash","Clash","Heavy Blade","Replay:Undeath\u0027s Touch","Twin Strike","Sword Boomerang","Twin Strike","Replay:Undeath\u0027s Touch"],"relics":["Burning Blood","NeowsBlessing","Simple Rune"],"acts_visited":["Exordium"],"potions_floor_usage":[],"damage_taken":[{"damage":0.0,"enemies":"Jaw Worm","floor":1.0,"turns":1.0},{"damage":0.0,"enemies":"Cultist","floor":3.0,"turns":1.0},{"damage":0.0,"enemies":"2 Louse","floor":4.0,"turns":1.0},{"damage":30.0,"enemies":"Gremlin Nob","floor":6.0,"turns":4.0},{"damage":20.0,"enemies":"Lots of Slimes","floor":7.0,"turns":4.0},{"damage":40,"enemies":"Lagavulin","floor":8,"turns":6}],"seed_played":"1739081377745441633","potions_obtained":[{"floor":4.0,"key":"Venom Potion"}],"is_trial":false,"path_per_floor":["M","?","M","M","$","E","M","E"],"character_chosen":"IRONCLAD","items_purchased":["Sword Boomerang"],"campfire_rested":0,"item_purchase_floors":[5],"current_hp_per_floor":[78,78,80,80,80,56,42,2,2],"gold":136,"neow_bonus":"THREE_ENEMY_KILL","is_daily":false,"chose_seed":false,"campfire_upgraded":0,"win_rate":0.0,"timestamp":1613959581,"path_taken":["M","?","M","?","$","E","M","E"],"items_purchased_type":["Card"],"build_version":"2020-12-22","purchased_purges":0,"victory":false,"max_hp_per_floor":[80,80,80,80,80,80,80,80,80],"card_choices":[{"not_picked":["Run Through","True Grit"],"picked":"Clash","floor":1.0},{"not_picked":["Whirlwind","Evolve"],"picked":"Replay:Undeath\u0027s Touch","floor":3.0},{"not_picked":["Iron Wave","Carnage"],"picked":"Twin Strike","floor":4.0},{"not_picked":["Sever Soul","Heavy Blade"],"picked":"Twin Strike","floor":6.0},{"not_picked":["Seeing Red","Burning Pact"],"picked":"Replay:Undeath\u0027s Touch","floor":7}],"player_experience":867268,"relics_obtained":[{"floor":6.0,"key":"Simple Rune"}],"event_choices":[{"damage_healed":0.0,"max_hp_gain":0.0,"max_hp_loss":0.0,"gold_gain":0.0,"cards_transformed":["Defend_R"],"event_name":"Transmorgrifier","player_choice":"Transformed","floor":2.0,"gold_loss":0.0,"damage_taken":0.0,"cards_obtained":["Heavy Blade"]}],"is_beta":false,"boss_relics":[],"items_purged_floors":[],"is_endless":false,"potions_floor_spawned":[4],"killed_by":"Lagavulin","ascension_level":6}}