{"host":"oigynbtg272c19pw","time":1613997406,"event":{"mods":["BaseMod","Colored Map","Minty Spire (QoL Compilation)","Relic Stats","Slay the Relics Exporter","StSLib"],"gold_per_floor":[116,13,13,29,0,14,14,40,40,40,40,70,26,26,26,99,99,117,128,17,17,17,17,29,54,77,127,143,143,143],"floor_reached":29,"playtime":1090,"items_purged":["Defend_B"],"score":498,"play_id":"2505f251-e6d1-4e95-b210-951df169b990","local_time":"20210222133646","is_ascension_mode":true,"campfire_choices":[{"floor":7.0,"key":"REST"},{"floor":10.0,"key":"REST"},{"floor":15.0,"key":"REST"},{"floor":23.0,"key":"REST"}],"circlet_count":0,"master_deck":["AscendersBane","Strike_B","Strike_B","Strike_B","Strike_B","Defend_B","Defend_B","Defend_B","Zap","Dualcast","Sweeping Beam+1","Steam","Lockon","Go for the Eyes","Cold Snap","Self Repair","Biased Cognition","Defragment","Capacitor","Leap","Glacier","Heatsinks","Hologram"],"relics":["Fusion Hammer","Matryoshka","Happy Flower","Pen Nib","Gambling Chip","Inserter","Nilry\u0027s Codex","Tiny Chest","Ancient Tea Set"],"acts_visited":["Exordium","TheCity"],"potions_floor_usage":[25,25,29],"damage_taken":[{"damage":1.0,"enemies":"Cultist","floor":1.0,"turns":3.0},{"damage":7.0,"enemies":"2 Louse","floor":4.0,"turns":2.0},{"damage":3.0,"enemies":"Jaw Worm","floor":6.0,"turns":3.0},{"damage":41.0,"enemies":"3 Sentries","floor":8.0,"turns":12.0},{"damage":20.0,"enemies":"Lagavulin","floor":12.0,"turns":6.0},{"damage":21.0,"enemies":"Slime Boss","floor":16.0,"turns":8.0},{"damage":3.0,"enemies":"Chosen","floor":18.0,"turns":5.0},{"damage":31.0,"enemies":"Shell Parasite","floor":19.0,"turns":5.0},{"damage":12.0,"enemies":"Centurion and Healer","floor":24.0,"turns":5.0},{"damage":35,"enemies":"Slavers","floor":25,"turns":7},{"damage":27,"enemies":"Snake Plant","floor":28,"turns":7},{"damage":48,"enemies":"Gremlin Leader","floor":29,"turns":3}],"seed_played":"-8041036490377779260","potions_obtained":[{"floor":1.0,"key":"EssenceOfSteel"},{"floor":8.0,"key":"SteroidPotion"},{"floor":16.0,"key":"PowerPotion"},{"floor":24.0,"key":"Regen Potion"},{"floor":25,"key":"FairyPotion"},{"floor":28,"key":"Weak Potion"}],"is_trial":false,"path_per_floor":["M","$","?","M","?","M","R","E","T","R","?","E","$","$","R","B",null,"M","M","$","?","?","R","M","E","T","?","M","E"],"character_chosen":"DEFECT","items_purchased":["Steam","Self Repair","Capacitor","Leap"],"campfire_rested":4,"item_purchase_floors":[2,13,20,20],"current_hp_per_floor":[63,63,63,56,56,53,71,30,30,51,51,31,31,31,52,38,63,67,43,43,43,22,43,38,32,32,32,12,0,0],"gold":143,"neow_bonus":"BOSS_RELIC","is_daily":false,"chose_seed":false,"campfire_upgraded":0,"win_rate":0.0,"timestamp":1613997406,"path_taken":["M","$","?","?","?","M","R","E","T","R","?","E","?","$","R","BOSS","M","M","$","?","?","R","M","E","T","?","M","E"],"items_purchased_type":["Card","Card","Card","Card"],"build_version":"2020-12-13","purchased_purges":1,"victory":false,"max_hp_per_floor":[71,71,71,71,71,71,71,71,71,71,71,71,71,71,71,71,71,71,71,71,71,71,71,71,71,71,71,71,71,71],"relic_stats":{"Inserter":[15],"Happy Flower":[15],"counters":[12,66],"Gambling Chip":[23],"Tiny Chest":0,"Pen Nib":[9],"obtain_stats":[{"Matryoshka":8,"Inserter":17,"Happy Flower":9,"Nilry\u0027s Codex":22,"Gambling Chip":12,"Tiny Chest":25,"Fusion Hammer":0,"Pen Nib":9,"Cracked Core":0,"Ancient Tea Set":26},{"Matryoshka":4,"Inserter":6,"Happy Flower":4,"Nilry\u0027s Codex":8,"Gambling Chip":5,"Tiny Chest":10,"Fusion Hammer":0,"Pen Nib":4,"Cracked Core":0,"Ancient Tea Set":10},{"Matryoshka":20,"Inserter":34,"Happy Flower":20,"Nilry\u0027s Codex":44,"Gambling Chip":26,"Tiny Chest":56,"Fusion Hammer":0,"Pen Nib":20,"Cracked Core":0,"Ancient Tea Set":56}]},"card_choices":[{"not_picked":["Darkness","Fusion"],"picked":"Sweeping Beam","floor":1.0},{"not_picked":["Redo","Beam Cell"],"picked":"Lockon","floor":4.0},{"not_picked":["Undo","Melter"],"picked":"Go for the Eyes","floor":6.0},{"not_picked":["Capacitor","Leap"],"picked":"Cold Snap","floor":8.0},{"not_picked":["Redo","Fusion","Go for the Eyes"],"picked":"SKIP","floor":12.0},{"not_picked":["Amplify","Thunder Strike"],"picked":"Biased Cognition","floor":16.0},{"not_picked":["Streamline","Barrage+1"],"picked":"Defragment","floor":18.0},{"not_picked":["Streamline","Conserve Battery","Compile Driver"],"picked":"SKIP","floor":19.0},{"not_picked":["Chaos","Blizzard"],"picked":"Heatsinks","floor":24.0},{"not_picked":["Compile Driver","Sunder"],"picked":"Hologram","floor":25},{"not_picked":["Steam","Rip and Tear","Auto Shields"],"picked":"SKIP","floor":28}],"player_experience":1648890,"relics_obtained":[{"floor":8.0,"key":"Matryoshka"},{"floor":9.0,"key":"Happy Flower"},{"floor":9.0,"key":"Pen Nib"},{"floor":12.0,"key":"Gambling Chip"},{"floor":22.0,"key":"Nilry\u0027s Codex"},{"floor":25,"key":"Tiny Chest"},{"floor":26,"key":"Ancient Tea Set"}],"event_choices":[{"damage_healed":0.0,"max_hp_gain":0.0,"max_hp_loss":0.0,"gold_gain":0.0,"event_name":"Upgrade Shrine","player_choice":"Upgraded","floor":3.0,"gold_loss":0.0,"damage_taken":0.0,"cards_upgraded":["Sweeping Beam"]},{"damage_healed":0.0,"max_hp_gain":0.0,"max_hp_loss":0.0,"gold_gain":0.0,"event_name":"World of Goop","player_choice":"Left Gold","floor":5.0,"gold_loss":29.0,"damage_taken":0.0},{"damage_healed":0.0,"max_hp_gain":0.0,"max_hp_loss":0.0,"gold_gain":0.0,"event_name":"Liars Game","player_choice":"Ignored","floor":11.0,"gold_loss":0.0,"damage_taken":0.0},{"damage_healed":0.0,"max_hp_gain":0.0,"max_hp_loss":0.0,"gold_gain":0.0,"event_name":"The Library","player_choice":"Read","floor":21.0,"gold_loss":0.0,"damage_taken":0.0,"cards_obtained":["Glacier"]},{"damage_healed":0.0,"max_hp_gain":0.0,"max_hp_loss":0.0,"gold_gain":0.0,"event_name":"Cursed Tome","player_choice":"Obtained Book","floor":22.0,"gold_loss":0.0,"damage_taken":21.0},{"damage_healed":0,"gold_gain":50,"player_choice":"Pray","damage_taken":0,"max_hp_gain":0,"max_hp_loss":0,"event_name":"Golden Shrine","floor":27,"gold_loss":0}],"is_beta":false,"boss_relics":[{"not_picked":["Ectoplasm","Nuclear Battery"],"picked":"Inserter"}],"items_purged_floors":[2],"is_endless":false,"potions_floor_spawned":[1,8,16,24,25,28],"killed_by":"Gremlin Leader","ascension_level":20}}