{"host":"8p5c6x4qt9411139","time":1613964013,"event":{"mods":["Aspiration","BaseMod","Better Third Choice","BetterRewards","Conspire","Friendly Minions","Hubris","Infinite Spire","Minty Spire (QoL Compilation)","Quick Restart","Relic Stats","Reliquary","Replay The Spire","Shop Mod","Spicy Shops","Spire Arcade","StSLib","The Jungle"],"gold_per_floor":[115,131,131,159,172,206,206,221,221,255,286,286,298,9,9,107,107,124,124,139,39,39,66,83,117,117,197,217,217,62,82,102,102,199,199,218,230,18,18,18,18,18,51,51,63,89,99,115,128,128,128],"floor_reached":52,"language":"ENG","playtime":2366,"items_purged":["Strike_R","Strike_R"],"score":839,"play_id":"6af66a96-d6f9-49f8-be47-dfb0257ca5d5","local_time":"20210221192013","is_ascension_mode":false,"campfire_choices":[{"data":"Sword Boomerang","floor":7,"key":"SMITH"},{"floor":12,"key":"DIG"},{"floor":15,"key":"DIG"},{"floor":33,"key":"REST"},{"floor":41,"key":"DIG"},{"floor":50,"key":"REST"}],"circlet_count":0,"master_deck":["Strike_R","Strike_R+1","Defend_R","Defend_R","Defend_R","Defend_R+1","Twin Strike","Sword Boomerang+1","ReplayTheSpireMod:Limb From Limb","Limit Break+1","Double Tap","Inflame+1","Impervious","Replay:Undeath\u0027s Touch","Limit Break","Ragnarok","AbeCurse","Limit Break","Whirlwind","Sword Boomerang"],"relics":["Burning Blood","MerchantsRug","reliquary:MedicineBall","Brimstone","hubris:MedicalManual","conspire:GiftBox","reliquary:MedicineBall","Shovel","hubris:DisguiseKit","Frozen Egg 2","Red Skull","Du-Vu Doll","conspire:SeveredTorchhead","Counterbalance","reliquary:NewFriend","reliquary:FeatherDuster","Replay:Kaleidoscope","conspire:Dentures","Gremlin Food","Abe\u0027s Treasure","White Beast Statue","Eternal Feather","CaptainsWheel","infinitespire:EmpoweringShard"],"acts_visited":["Exordium","TheCity","TheBeyond"],"potions_floor_usage":[6,6,24,24,28,43,49],"damage_taken":[{"damage":12.0,"enemies":"Jaw Worm","floor":1.0,"turns":2.0},{"damage":0.0,"enemies":"Small Slimes","floor":2.0,"turns":2.0},{"damage":20,"enemies":"conspire:MimicChest","floor":4,"turns":4},{"damage":0,"enemies":"Cultist","floor":5,"turns":2},{"damage":16,"enemies":"3 Sentries","floor":6,"turns":4},{"damage":2,"enemies":"Exordium Wildlife","floor":8,"turns":3},{"damage":0,"enemies":"Gremlin Nob","floor":11,"turns":2},{"damage":0,"enemies":"2 Fungi Beasts","floor":13,"turns":2},{"damage":37,"enemies":"The Guardian","floor":16,"turns":4},{"damage":12,"enemies":"Chosen","floor":18,"turns":2},{"damage":17,"enemies":"2 Thieves","floor":20,"turns":2},{"damage":7,"enemies":"conspire:SneckoGhost","floor":23,"turns":3},{"damage":21,"enemies":"Centurion and Healer","floor":24,"turns":3},{"damage":21,"enemies":"Slavers","floor":25,"turns":2},{"damage":11,"enemies":"conspire:HollyBat","floor":28,"turns":4},{"damage":0,"enemies":"Snake Plant","floor":31,"turns":2},{"damage":20,"enemies":"Centurion and Healer","floor":32,"turns":2},{"damage":31,"enemies":"conspire:MysteriousRune","floor":34,"turns":4},{"damage":14,"enemies":"Orb Walker","floor":36,"turns":2},{"damage":6,"enemies":"3 Shapes","floor":37,"turns":2},{"damage":60,"enemies":"Nemesis","floor":43,"turns":3},{"damage":0,"enemies":"Transient","floor":45,"turns":4},{"damage":0,"enemies":"Giant Head","floor":46,"turns":3},{"damage":3,"enemies":"Sphere and 2 Shapes","floor":47,"turns":2},{"damage":11,"enemies":"Spire Growth","floor":48,"turns":2},{"damage":16,"enemies":"4 Shapes","floor":49,"turns":2},{"damage":24,"enemies":"hubris:GrandSnecko","floor":51,"turns":3}],"seed_played":"-5035666259450630244","potions_obtained":[{"floor":2.0,"key":"Strength Potion"},{"floor":6,"key":"BloodPotion"},{"floor":13,"key":"Swift Potion"},{"floor":16,"key":"SneckoOil"},{"floor":20,"key":"Doom Potion"},{"floor":23,"key":"Energy Potion"},{"floor":25,"key":"Toxic Potion"},{"floor":31,"key":"Adrenaline Potion"},{"floor":37,"key":"Venom Potion"},{"floor":43,"key":"Dexterity Potion"},{"floor":48,"key":"PowerPotion"},{"floor":49,"key":"Fruit Juice"}],"is_trial":false,"path_per_floor":["M","M","?","?","M","E","R","M","T","?","E","R","M","$","R","B",null,"M","T","M","$","?","E","M","E","T","T","M","?","$","M","M","R","B",null,"M","M","$","?","?","R","AVR","E","T","M","E","M","M","M","R","B",null],"character_chosen":"IRONCLAD","items_purchased":["hubris:ReadiedAction","hubris:DuctTape","MerchantsRug","reliquary:MedicineBall","Brimstone","Inflame","Twin Strike","Limit Break","Red Skull","Gremlin Food","Limit Break"],"campfire_rested":2,"item_purchase_floors":[0,0,0,0,0,0,0,14,14,30,38],"current_hp_per_floor":[38,44,44,30,36,42,42,46,46,26,32,32,38,38,38,7,80,74,74,63,63,80,79,64,49,49,49,44,44,44,50,36,60,35,80,72,72,72,72,72,72,72,18,18,24,30,33,28,18,52,34],"gold":128,"neow_bonus":"","is_daily":false,"chose_seed":false,"campfire_upgraded":1,"win_rate":0.0,"timestamp":1613964013,"path_taken":["M","M","?","?","M","E","R","?","T","?","E","R","M","$","R","BOSS","M","?","M","$","?","E","M","E","T","T","?","?","$","?","M","R","BOSS","M","M","$","?","?","R","AVR","E","T","M","E","M","M","?","R","BOSS"],"items_purchased_type":["Card","Relic","Relic","Relic","Relic","Card","Card","Card","Relic","Relic","Card"],"build_version":"2020-12-22","purchased_purges":2,"victory":true,"max_hp_per_floor":[80,80,80,80,80,80,80,80,80,80,80,80,80,80,80,80,80,80,80,80,80,80,80,80,80,80,80,80,80,80,80,80,80,80,80,80,80,80,76,76,76,76,76,76,76,76,76,76,76,76,76],"relic_stats":{"Shovel":3,"counters":[27,72],"Eternal Feather":12,"obtain_stats":[{"reliquary:FeatherDuster":25,"Burning Blood":0,"conspire:SeveredTorchhead":17,"Shovel":10,"reliquary:NewFriend":23,"Red Skull":14,"conspire:Dentures":27,"Gremlin Food":30,"MerchantsRug":0,"hubris:DisguiseKit":11,"hubris:DuctTape":0,"Counterbalance":19,"Eternal Feather":43,"hubris:MedicalManual":4,"Replay:Kaleidoscope":26,"Frozen Egg 2":12,"White Beast Statue":41,"Du-Vu Doll":15,"conspire:GiftBox":6,"CaptainsWheel":44,"Brimstone":0,"reliquary:SculptingSteel":9,"reliquary:MedicineBall":0,"infinitespire:EmpoweringShard":46,"Abe\u0027s Treasure":35},{"reliquary:FeatherDuster":14,"Burning Blood":0,"conspire:SeveredTorchhead":9,"Shovel":6,"reliquary:NewFriend":12,"Red Skull":8,"conspire:Dentures":14,"Gremlin Food":15,"MerchantsRug":0,"hubris:DisguiseKit":7,"hubris:DuctTape":0,"Counterbalance":10,"Eternal Feather":21,"hubris:MedicalManual":3,"Replay:Kaleidoscope":14,"Frozen Egg 2":7,"White Beast Statue":20,"Du-Vu Doll":8,"conspire:GiftBox":5,"CaptainsWheel":21,"Brimstone":0,"reliquary:SculptingSteel":6,"reliquary:MedicineBall":0,"infinitespire:EmpoweringShard":23,"Abe\u0027s Treasure":18},{"reliquary:FeatherDuster":37,"Burning Blood":0,"conspire:SeveredTorchhead":25,"Shovel":17,"reliquary:NewFriend":32,"Red Skull":21,"conspire:Dentures":37,"Gremlin Food":41,"MerchantsRug":0,"hubris:DisguiseKit":19,"hubris:DuctTape":0,"Counterbalance":27,"Eternal Feather":56,"hubris:MedicalManual":8,"Replay:Kaleidoscope":37,"Frozen Egg 2":19,"White Beast Statue":53,"Du-Vu Doll":21,"conspire:GiftBox":14,"CaptainsWheel":56,"Brimstone":0,"reliquary:SculptingSteel":17,"reliquary:MedicineBall":0,"infinitespire:EmpoweringShard":63,"Abe\u0027s Treasure":49}],"Burning Blood":162},"card_choices":[{"not_picked":["Shockwave","Iron Wave"],"picked":"infinitespire:OneForAll","floor":1.0},{"not_picked":["Cleave","Run Through","Iron Wave"],"picked":"SKIP","floor":2.0},{"not_picked":["Body Slam","Blood for Blood"],"picked":"Sword Boomerang","floor":4},{"not_picked":["Second Wind","Flex","Rage"],"picked":"SKIP","floor":5},{"not_picked":["Second Wind","Flex","Rage"],"picked":"SKIP","floor":5},{"not_picked":["Replay:Many Hands","Barricade"],"picked":"Corruption","floor":6},{"not_picked":["Hemokinesis","ReplayTheSpireMod:Strike From Hell","Defy Death"],"picked":"SKIP","floor":6},{"not_picked":["Warcry","Anger"],"picked":"Headbutt","floor":8},{"not_picked":["Iron Wave","ReplayTheSpireMod:Strike From Hell"],"picked":"ReplayTheSpireMod:Limb From Limb","floor":10},{"not_picked":["Body Slam","Thunderclap"],"picked":"Berserk","floor":11},{"not_picked":["Flex","Twin Strike","Intimidate","SashWhip"],"picked":"SKIP","floor":13},{"not_picked":["Juggernaut+1","Exhume","Omniscience"],"picked":"Double Tap","floor":16},{"not_picked":["Armaments+1","Pommel Strike","FearNoEvil"],"picked":"Inflame+1","floor":18},{"not_picked":["ReplayTheSpireMod:LeadingStrike+1","Pommel Strike+1","Ghostly Armor","Replay:ManipulateFuture"],"picked":"SKIP","floor":20},{"not_picked":["Feel No Pain+1","conspire:Charge+1","Pommel Strike","WheelKick"],"picked":"SKIP","floor":23},{"not_picked":["Rupture+1","Havoc","Warcry","EmptyFist"],"picked":"SKIP","floor":24},{"not_picked":["Impervious","Power Through","Dark Embrace+1","Prostrate"],"picked":"SKIP","floor":25},{"not_picked":["Power Through","Dark Embrace+1","Prostrate"],"picked":"Impervious","floor":25},{"not_picked":["Headbutt+1","Havoc","Nirvana"],"picked":"Replay:Undeath\u0027s Touch","floor":28},{"not_picked":["ReplayTheSpireMod:Strike From Hell+1","Anger+1","Clothesline","Replay:AtTheReady"],"picked":"SKIP","floor":31},{"not_picked":["Sword Boomerang","Warcry+1","CutThroughFate"],"picked":"Limit Break","floor":32},{"not_picked":["Eclipse","Berserk+1","Corruption+1"],"picked":"Ragnarok","floor":34},{"not_picked":["Wild Strike+1","True Grit+1","Life Link+1","EmptyMind"],"picked":"SKIP","floor":36},{"not_picked":["Sword Boomerang","Evolve+1","Flex+1","Replay:DivineShield"],"picked":"SKIP","floor":37},{"not_picked":["Hemokinesis","conspire:HitWhereItHurts","Clothesline+1","Halt"],"picked":"SKIP","floor":43},{"not_picked":["Wild Strike+1","Havoc","Uppercut","JustLucky"],"picked":"SKIP","floor":45},{"not_picked":["ReplayTheSpireMod:Stacked+1","Evolve+1","Intimidate+1","ThirdEye"],"picked":"SKIP","floor":46},{"not_picked":["conspire:ExplosiveBarrier","Shrug It Off","Halt"],"picked":"Sword Boomerang","floor":47},{"not_picked":["Body Slam","Uppercut","Pommel Strike+1","FlurryOfBlows"],"picked":"SKIP","floor":48},{"not_picked":["Pommel Strike+1","Evolve+1","Rage+1","Replay:AtTheReady"],"picked":"SKIP","floor":49}],"player_experience":460548,"relics_obtained":[{"floor":4,"key":"hubris:MedicalManual"},{"floor":6,"key":"conspire:GiftBox"},{"floor":9,"key":"reliquary:SculptingSteel"},{"floor":10,"key":"Shovel"},{"floor":11,"key":"hubris:DisguiseKit"},{"floor":12,"key":"Frozen Egg 2"},{"floor":15,"key":"Du-Vu Doll"},{"floor":19,"key":"Counterbalance"},{"floor":23,"key":"reliquary:NewFriend"},{"floor":25,"key":"reliquary:FeatherDuster"},{"floor":26,"key":"Replay:Kaleidoscope"},{"floor":27,"key":"conspire:Dentures"},{"floor":41,"key":"White Beast Statue"},{"floor":43,"key":"Eternal Feather"},{"floor":44,"key":"CaptainsWheel"},{"floor":46,"key":"infinitespire:EmpoweringShard"}],"event_choices":[{"cards_removed":["Inflame"],"damage_healed":17,"gold_gain":0,"player_choice":"Offered Uncommon","damage_taken":0,"max_hp_gain":0,"max_hp_loss":0,"event_name":"Bonfire Elementals","floor":22,"gold_loss":0},{"damage_healed":0,"gold_gain":0,"player_choice":"Forge","damage_taken":0,"max_hp_gain":0,"max_hp_loss":0,"event_name":"Accursed Blacksmith","floor":29,"gold_loss":0,"cards_upgraded":["Limit Break"]},{"damage_healed":0,"gold_gain":0,"player_choice":"Max HP","damage_taken":0,"max_hp_gain":0,"max_hp_loss":4,"event_name":"Winding Halls","floor":39,"gold_loss":0},{"damage_healed":0,"gold_gain":0,"cards_transformed":["Strike_R"],"player_choice":"Transformed","damage_taken":0,"max_hp_gain":0,"max_hp_loss":0,"event_name":"Transmorgrifier","floor":40,"gold_loss":0,"cards_obtained":["Whirlwind"]}],"is_beta":false,"boss_relics":[{"not_picked":["ReplayTheSpireMod:DimensionalGlitch","Replay:Drink Me"],"picked":"conspire:SeveredTorchhead"},{"not_picked":["hubris:CrackedHourglass","Tiny House"],"picked":"Abe\u0027s Treasure"}],"items_purged_floors":[0,21],"is_endless":false,"potions_floor_spawned":[2,6,13,16,20,23,25,31,37,43,45,46,47,48,49],"ascension_level":0}}