{"host":"3pc4gc4j20egdn3b","time":1613998262,"event":{"mods":["AchievementEnabler","BaseMod","Colored Map","DeckTracker","Minty Spire (QoL Compilation)"],"gold_per_floor":[118,118,131,131,143,176,176,195,195,41,41,53,79,105,117,229,241,227,338,390,59,77,77,77,77,103,103,103],"floor_reached":27,"language":"KOR","playtime":1953,"items_purged":["Strike_P"],"score":223,"play_id":"dafb39d1-dc17-451c-90f7-097df7ab027b","local_time":"20210222215102","is_ascension_mode":false,"campfire_choices":[{"floor":7,"key":"REST"},{"data":"TalkToTheHand","floor":15,"key":"SMITH"},{"floor":23,"key":"REST"},{"floor":25,"key":"REST"}],"circlet_count":0,"master_deck":["Strike_P","Strike_P","Strike_P","Defend_P","Defend_P","Defend_P","Defend_P","Eruption+1","Vigilance+1","TalkToTheHand+1","BowlingBash","Wish","EmptyBody+1","Shame"],"relics":["PureWater","Smiling Mask","Bag of Marbles","Lee\u0027s Waffle","Blue Candle","MawBank","SacredBark","Potion Belt","Ornamental Fan","Ancient Tea Set"],"acts_visited":["Exordium","TheCity"],"potions_floor_usage":[13,16,16,22,22],"damage_taken":[{"damage":0,"enemies":"Small Slimes","floor":1,"turns":3},{"damage":0,"enemies":"Cultist","floor":3,"turns":4},{"damage":0,"enemies":"2 Louse","floor":5,"turns":1},{"damage":30,"enemies":"3 Sentries","floor":6,"turns":12},{"damage":7,"enemies":"Exordium Wildlife","floor":8,"turns":3},{"damage":0,"enemies":"Blue Slaver","floor":12,"turns":3},{"damage":3,"enemies":"Gremlin Nob","floor":13,"turns":3},{"damage":0,"enemies":"Looter","floor":14,"turns":3},{"damage":34,"enemies":"Hexaghost","floor":16,"turns":7},{"damage":29,"enemies":"2 Thieves","floor":18,"turns":5},{"damage":26,"enemies":"Chosen","floor":20,"turns":5},{"damage":49,"enemies":"3 Cultists","floor":22,"turns":11},{"damage":81,"enemies":"Centurion and Healer","floor":27,"turns":14}],"seed_played":"6782323058734716469","potions_obtained":[{"floor":5,"key":"SkillPotion"},{"floor":6,"key":"StancePotion"},{"floor":8,"key":"Strength Potion"},{"floor":12,"key":"Explosive Potion"},{"floor":22,"key":"DuplicationPotion"}],"is_trial":false,"path_per_floor":["M","$","M","?","M","E","R","M","T","$","?","M","E","M","R","B",null,"M","?","M","$","M","R","?","R","T","M"],"character_chosen":"WATCHER","items_purchased":["Lee\u0027s Waffle","Potion Belt","StancePotion","Regen Potion"],"campfire_rested":3,"item_purchase_floors":[10,21,21,21],"current_hp_per_floor":[72,72,72,72,72,42,63,56,56,79,76,76,73,73,73,39,79,50,50,24,24,27,50,50,73,73,0,0],"gold":103,"neow_bonus":"UPGRADE_CARD","is_daily":false,"chose_seed":false,"campfire_upgraded":1,"win_rate":0.0,"timestamp":1613998262,"path_taken":["M","$","M","?","?","E","R","M","T","$","?","M","E","M","R","BOSS","M","?","M","$","M","R","?","R","T","M"],"items_purchased_type":["Relic","Relic","Potion","Potion"],"build_version":"2020-12-22","purchased_purges":1,"victory":false,"max_hp_per_floor":[72,72,72,72,72,72,72,72,72,79,79,79,79,79,79,79,79,79,79,79,79,79,79,79,79,79,79,79],"card_choices":[{"not_picked":["Crescendo","CrushJoints","Fasting2"],"picked":"SKIP","floor":1},{"not_picked":["WindmillStrike","Worship","Fasting2"],"picked":"SKIP","floor":3},{"not_picked":["Prostrate","Evaluate","FollowUp"],"picked":"SKIP","floor":5},{"not_picked":["Collect","Weave"],"picked":"TalkToTheHand","floor":6},{"not_picked":["Crescendo","SandsOfTime","ThirdEye"],"picked":"SKIP","floor":8},{"not_picked":["CrushJoints","Study","ReachHeaven"],"picked":"SKIP","floor":12},{"not_picked":["FlyingSleeves","Evaluate","CutThroughFate"],"picked":"SKIP","floor":13},{"not_picked":["Brilliance","Sanctity"],"picked":"BowlingBash","floor":14},{"not_picked":["Omniscience","Establishment"],"picked":"Wish","floor":16},{"not_picked":["Nirvana+1","Consecrate","FollowUp"],"picked":"SKIP","floor":18},{"not_picked":["FollowUp+1","Halt"],"picked":"EmptyBody+1","floor":20},{"not_picked":["FlyingSleeves","ForeignInfluence","Protect"],"picked":"SKIP","floor":22}],"player_experience":243456,"relics_obtained":[{"floor":6,"key":"Smiling Mask"},{"floor":9,"key":"Bag of Marbles"},{"floor":13,"key":"MawBank"},{"floor":26,"key":"Ancient Tea Set"}],"event_choices":[{"damage_healed":0,"gold_gain":0,"player_choice":"Upgraded","damage_taken":0,"max_hp_gain":0,"max_hp_loss":0,"event_name":"Upgrade Shrine","floor":4,"gold_loss":0,"cards_upgraded":["Vigilance"]},{"damage_healed":0,"gold_gain":0,"player_choice":"Success","damage_taken":3,"relics_obtained":["Blue Candle"],"max_hp_gain":0,"max_hp_loss":0,"event_name":"Scrap Ooze","floor":11,"gold_loss":0},{"damage_healed":0,"gold_gain":99,"player_choice":"Stole From Cult","damage_taken":0,"max_hp_gain":0,"max_hp_loss":0,"event_name":"Nest","floor":19,"gold_loss":0},{"damage_healed":0,"gold_gain":0,"player_choice":"Stole Relic","damage_taken":0,"relics_obtained":["Ornamental Fan"],"max_hp_gain":0,"max_hp_loss":0,"event_name":"Addict","floor":24,"gold_loss":0,"cards_obtained":["Shame"]}],"is_beta":false,"boss_relics":[{"not_picked":["Busted Crown","Pandora\u0027s Box"],"picked":"SacredBark"}],"items_purged_floors":[21],"is_endless":false,"potions_floor_spawned":[5,6,8,12,22],"killed_by":"Centurion and Healer","ascension_level":0}}