{"host":"btkbr53c3gip0r7d","time":1613964347,"event":{"mods":["BaseMod","Better Altar","Better Match","Better Note","Better Sensory Stone","Better Skull","Better Third Choice","Colored Map","Curses Come First","Downfall","Minty Spire (QoL Compilation)","StSLib","The Cursed","The Marked"],"gold_per_floor":[99,99,113,127,141,176,176,208,208,208,237,137,165,219,239,344,344,144,160,180,180,280,321,321,340,340,351,38,38,38,72,91,204,204,204,222,237,259,259,259,259],"floor_reached":39,"language":"ENG","playtime":7040,"items_purged":["TheCursedMod:Dregs"],"score":544,"play_id":"283c3fee-30b8-41f1-bb25-2a451ee2e23e","local_time":"20210221202547","is_ascension_mode":true,"campfire_choices":[{"data":"Apotheosis","floor":1.0,"key":"SMITH"},{"floor":10.0,"key":"REST"},{"floor":12.0,"key":"RECALL"},{"data":"hexamod:SkipABeat","floor":18.0,"key":"SMITH"},{"floor":26,"key":"REST"},{"data":"hexamod:Toasty","floor":30,"key":"SMITH"},{"data":"hexamod:HeatCrush","floor":35,"key":"SMITH"}],"circlet_count":0,"master_deck":["hexamod:Strike","hexamod:Strike","hexamod:Defend","hexamod:Defend","hexamod:Sear","hexamod:Float","Apotheosis+1","hexamod:SpectralSpark","hexamod:SkipABeat+1","hexamod:ChargedBarrage","hexamod:DynamicBlow","hexamod:GhostShield+1","hexamod:SuperheatedStrike","hexamod:GhostflameBarrier+1","hexamod:FastForward+1","hexamod:SearingWound+1","hexamod:SuperheatedStrike+1","hexamod:RainOfEmbers","hexamod:Sear+1","hexamod:ThermalTransfer","hexamod:SecondSeal","hexamod:Toasty+1","Enlightenment+1","hexamod:HeatCrush+1","hexamod:SoulSteal+1","hexamod:PhantomFireball","hexamod:StepThrough+1","hexamod:NightmareStrike+1","hexamod:FourthSeal","hexamod:SecondSeal","hexamod:FifthSeal","hexamod:ThirdSeal","hexamod:SixthSeal","hexamod:FirstSeal","hexamod:SecondSeal","hexamod:PowerFromBeyond+1","hexamod:EtherealExpedition+1"],"relics":["hexamod:SpiritBrand","The Courier","Oddly Smooth Stone","Toxic Egg 2","Happy Flower","downfall:HeartBlessingGreen","White Beast Statue","Empty Cage","downfall:HeartBlessingRed","downfall:HeartBlessingBlue","downfall:GremlinSack","Kunai","Regal Pillow","Anchor","Toy Ornithopter","Ancient Tea Set","Orichalcum","SacredBark"],"acts_visited":["Exordium","TheCity","TheBeyond"],"potions_floor_usage":[22,23,23,31,32,33,33,33,37,37,37,38,39],"damage_taken":[{"damage":2.0,"enemies":"Jaw Worm","floor":3.0,"turns":4.0},{"damage":0.0,"enemies":"Cultist","floor":4.0,"turns":3.0},{"damage":0.0,"enemies":"2 Louse","floor":5.0,"turns":2.0},{"damage":9.0,"enemies":"Lagavulin","floor":6.0,"turns":6.0},{"damage":3.0,"enemies":"Gremlin Nob","floor":8.0,"turns":4.0},{"damage":4.0,"enemies":"Lagavulin","floor":11.0,"turns":6.0},{"damage":7.0,"enemies":"3 Sentries","floor":13.0,"turns":6.0},{"damage":6.0,"enemies":"Exordium Wildlife","floor":15.0,"turns":3.0},{"damage":4.0,"enemies":"WA_ARCHETYPE_RETAIN","floor":16.0,"turns":4.0},{"damage":10,"enemies":"downfall:LooterAlt2","floor":19,"turns":5},{"damage":0,"enemies":"Chosen","floor":20,"turns":3},{"damage":0,"enemies":"Chosen","floor":22,"turns":3},{"damage":25,"enemies":"Slavers","floor":23,"turns":6},{"damage":25,"enemies":"Centurion and Healer","floor":25,"turns":5},{"damage":0,"enemies":"Sentry and Sphere","floor":27,"turns":2},{"damage":0,"enemies":"downfall:FleeingMerchant","floor":28,"turns":4},{"damage":7,"enemies":"Book of Stabbing","floor":31,"turns":4},{"damage":1,"enemies":"Cultist and Chosen","floor":32,"turns":4},{"damage":61,"enemies":"DF_ARCHETYPE_CLAW","floor":33,"turns":8},{"damage":14,"enemies":"Orb Walker","floor":36,"turns":3},{"damage":27,"enemies":"3 Darklings","floor":37,"turns":5},{"damage":71,"enemies":"Spire Growth","floor":38,"turns":6},{"damage":50,"enemies":"Transient","floor":39,"turns":4}],"seed_played":"4232171620073875556","potions_obtained":[{"floor":3.0,"key":"Ancient Potion"},{"floor":6.0,"key":"bronze:BurnAndBuffPotion"},{"floor":8.0,"key":"champ:CounterPotion"},{"floor":11.0,"key":"Swift Potion"},{"floor":15.0,"key":"hexamod:SoulburnPotion"},{"floor":16.0,"key":"Fruit Juice"},{"floor":19,"key":"Slimebound:ThreeZeroPotion"},{"floor":20,"key":"SkillPotion"},{"floor":22,"key":"Fruit Juice"},{"floor":23,"key":"DuplicationPotion"},{"floor":25,"key":"bronze:BurnAndBuffPotion"},{"floor":27,"key":"hexamod:SoulburnPotion"},{"floor":28,"key":"hexamod:DoubleChargePotion"},{"floor":31,"key":"Fire Potion"},{"floor":32,"key":"Swift Potion"},{"floor":33,"key":"Energy Potion"},{"floor":36,"key":"EssenceOfSteel"},{"floor":36,"key":"EntropicBrew"},{"floor":38,"key":"hexamod:InfernoChargePotion"},{"floor":38,"key":"FearPotion"}],"is_trial":false,"path_per_floor":["R","?","M","M","M","E","T","E","?","R","E","R","E","T","M","B",null,"R","M","M","?","?","E","T","M","R","M","$","?","R","E","M","B",null,"R","M","M","M","M"],"character_chosen":"THE_SPIRIT","items_purchased":["Anchor","Toy Ornithopter"],"campfire_rested":2,"item_purchase_floors":[28,28],"current_hp_per_floor":[49,49,47,47,47,38,38,35,35,56,52,52,45,45,39,35,75,85,75,75,75,80,55,55,30,72,72,72,72,72,70,74,28,90,90,76,63,38,0,0,0],"gold":259,"neow_bonus":"RANDOM_COLORLESS_2","is_daily":false,"chose_seed":false,"campfire_upgraded":4,"win_rate":0.0,"timestamp":1613964347,"path_taken":["R","?","M","?","M","E","T","E","?","R","E","R","E","?","M","BOSS","R","M","M","?","?","E","T","?","R","M","$","?","R","E","M","BOSS","R","M","M","M","M"],"items_purchased_type":["Relic","Relic"],"build_version":"2020-12-22","purchased_purges":1,"victory":false,"max_hp_per_floor":[70,70,70,70,70,70,70,70,70,70,70,70,70,70,70,70,75,85,85,85,85,90,90,90,90,90,90,90,90,90,90,90,90,90,90,90,90,90,90,90,90],"card_choices":[{"not_picked":["Mayhem","Thinking Ahead"],"picked":"Apotheosis","floor":0.0},{"not_picked":["hexamod:BurningTouch","hexamod:SwordOfDarkness"],"picked":"hexamod:SpectralSpark","floor":3.0},{"not_picked":["hexamod:NightmareGuise","hexamod:ExtraCrispy"],"picked":"hexamod:SkipABeat","floor":4.0},{"not_picked":["hexamod:ThermalTransfer","hexamod:AdvancingGuard"],"picked":"hexamod:ChargedBarrage","floor":5.0},{"not_picked":["hexamod:PowerFromBeyond","hexamod:RecurringNightmare"],"picked":"hexamod:DynamicBlow","floor":6.0},{"not_picked":["hexamod:GhostLash","hexamod:HauntingEcho"],"picked":"hexamod:GhostShield+1","floor":8.0},{"not_picked":["hexamod:HauntingEcho","hexamod:ThermalTransfer"],"picked":"hexamod:SuperheatedStrike","floor":11.0},{"not_picked":["hexamod:PhantomFireball","hexamod:GhostOfSpireFuture"],"picked":"hexamod:GhostflameBarrier+1","floor":13.0},{"not_picked":["hexamod:Firestarter","hexamod:PhantomCloak"],"picked":"hexamod:FastForward+1","floor":15.0},{"not_picked":["hexamod:UnleashSpirits","hexamod:WildfireWeapon"],"picked":"hexamod:SearingWound+1","floor":16.0},{"not_picked":["hexamod:SoulSteal+1","hexamod:ChargedBarrage+1"],"picked":"hexamod:SuperheatedStrike+1","floor":19},{"not_picked":["hexamod:FastForward+1","hexamod:BacktrackSmack"],"picked":"hexamod:RainOfEmbers","floor":20},{"not_picked":["hexamod:PhantomFireball","hexamod:PhantomCloak"],"picked":"hexamod:HeatCrush","floor":22},{"not_picked":["hexamod:RainOfEmbers","hexamod:SecondSeal"],"picked":"hexamod:SoulSteal+1","floor":23},{"not_picked":["hexamod:SuperheatedStrike","hexamod:Firestarter"],"picked":"hexamod:PhantomFireball","floor":25},{"not_picked":["hexamod:SkipABeat+1","hexamod:ExtraCrispy+1"],"picked":"hexamod:StepThrough+1","floor":27},{"not_picked":["hexamod:SuperheatedStrike+1","hexamod:ExtraCrispy"],"picked":"hexamod:NightmareStrike+1","floor":28},{"not_picked":["hexamod:SuperheatedStrike+1","hexamod:GhostShield+1"],"picked":"hexamod:FourthSeal","floor":31},{"not_picked":["hexamod:FourthSeal","hexamod:HeatShield+1"],"picked":"hexamod:SecondSeal","floor":32},{"not_picked":["hexamod:TimeOfNeed+1","hexamod:GiftsFromTheDead"],"picked":"hexamod:FifthSeal","floor":33},{"not_picked":["hexamod:InspiringFlames+1","hexamod:Incineration+1"],"picked":"hexamod:ThirdSeal","floor":36},{"not_picked":["hexamod:ThirdSeal","hexamod:FourthSeal"],"picked":"hexamod:SixthSeal","floor":37},{"not_picked":["hexamod:SuperheatedStrike","hexamod:ThermalTransfer+1"],"picked":"hexamod:FirstSeal","floor":37},{"not_picked":["hexamod:ThirdSeal","hexamod:FourthSeal"],"picked":"hexamod:SecondSeal","floor":38},{"not_picked":["hexamod:HauntingEcho+1","hexamod:SpectersWail+1"],"picked":"hexamod:PowerFromBeyond+1","floor":38},{"not_picked":["hexamod:SkipABeat+1","hexamod:SuperheatedStrike+1"],"picked":"hexamod:EtherealExpedition+1","floor":38}],"player_experience":1500441,"relics_obtained":[{"floor":6.0,"key":"The Courier"},{"floor":7.0,"key":"Oddly Smooth Stone"},{"floor":8.0,"key":"Toxic Egg 2"},{"floor":11.0,"key":"Happy Flower"},{"floor":13.0,"key":"White Beast Statue"},{"floor":22,"key":"downfall:GremlinSack"},{"floor":23,"key":"Kunai"},{"floor":24,"key":"Regal Pillow"},{"floor":31,"key":"Orichalcum"}],"event_choices":[{"cards_removed":["hexamod:Strike"],"damage_healed":0.0,"max_hp_gain":0.0,"max_hp_loss":0.0,"gold_gain":0.0,"event_name":"Bonfire Elementals","player_choice":"Offered Basic","floor":2.0,"gold_loss":0.0,"damage_taken":0.0},{"damage_healed":0,"gold_gain":0,"player_choice":"Ignored","damage_taken":0,"max_hp_gain":0,"max_hp_loss":0,"event_name":"Vampires","floor":21,"gold_loss":0}],"is_beta":false,"boss_relics":[{"not_picked":["Tiny House","Runic Dome"],"picked":"Empty Cage"},{"not_picked":["Sozu","Astrolabe"],"picked":"SacredBark"}],"items_purged_floors":[28],"is_endless":false,"potions_floor_spawned":[3,6,8,11,15,16,19,20,22,23,25,27,28,31,32,33,36,37,38],"killed_by":"Transient","ascension_level":2}}