{"host":"mg6qqnp83j5r6p2r","time":1613967985,"event":{"mods":["Alarm Clock","BaseMod","Block Reminder","Colored Map","Colored Powertips","Dark Map","Highlight Path","Minty Spire (QoL Compilation)","Random Character Button","Rare Cards Sparkle","Relic Sorter","Relic Stats","StSLib"],"gold_per_floor":[115,125,125,151,166,200,200,200,200,226,253,265,265,265,265,265,265],"floor_reached":16,"language":"ENG","playtime":619,"items_purged":[],"score":136,"play_id":"1042c3cc-f237-433b-8a65-365e00be0d5c","local_time":"20210221222625","is_ascension_mode":true,"campfire_choices":[{"data":"Iron Wave","floor":8,"key":"SMITH"},{"floor":15,"key":"REST"}],"circlet_count":0,"master_deck":["Strike_R","Strike_R","Strike_R","Strike_R","Defend_R","Defend_R","Defend_R","Defend_R","Bash","Seeing Red","Shockwave","Iron Wave+1","Berserk","Shrug It Off","Carnage"],"relics":["Burning Blood","Prayer Wheel","Nunchaku","Vajra","Odd Mushroom","Paper Frog"],"acts_visited":["Exordium"],"potions_floor_usage":[11,13],"damage_taken":[{"damage":0.0,"enemies":"2 Louse","floor":1.0,"turns":4.0},{"damage":7.0,"enemies":"Jaw Worm","floor":2.0,"turns":3.0},{"damage":3.0,"enemies":"Small Slimes","floor":5.0,"turns":6.0},{"damage":46.0,"enemies":"Gremlin Nob","floor":6.0,"turns":6.0},{"damage":34,"enemies":"3 Sentries","floor":10,"turns":11},{"damage":7,"enemies":"The Mushroom Lair","floor":11,"turns":3},{"damage":7,"enemies":"3 Louse","floor":12,"turns":3},{"damage":2,"enemies":"Gremlin Nob","floor":13,"turns":3},{"damage":46,"enemies":"Slime Boss","floor":16,"turns":9}],"seed_played":"4323469404449771675","potions_obtained":[{"floor":5.0,"key":"SpeedPotion"},{"floor":10,"key":"Energy Potion"},{"floor":11,"key":"Strength Potion"},{"floor":12,"key":"SmokeBomb"}],"is_trial":false,"path_per_floor":["M","M","?","T","M","E","?","R","T","E","?","M","E","?","R","B"],"character_chosen":"IRONCLAD","items_purchased":[],"campfire_rested":1,"item_purchase_floors":[],"current_hp_per_floor":[88,87,80,80,83,43,43,43,43,15,14,13,17,17,43,0,0],"gold":265,"neow_bonus":"TEN_PERCENT_HP_BONUS","is_daily":false,"chose_seed":false,"campfire_upgraded":1,"win_rate":0.0,"timestamp":1613967985,"path_taken":["M","M","?","?","M","E","?","R","T","E","?","M","E","?","R","BOSS"],"items_purchased_type":[],"build_version":"2020-12-22","purchased_purges":0,"victory":false,"max_hp_per_floor":[88,88,88,88,88,88,88,88,88,88,88,88,88,88,88,88,88],"relic_stats":{"Nunchaku":[5],"counters":[9,48],"Prayer Wheel":1,"obtain_stats":[{"Nunchaku":9,"Vajra":10,"Prayer Wheel":6,"Odd Mushroom":11,"Burning Blood":0,"Paper Frog":14},{"Nunchaku":4,"Vajra":5,"Prayer Wheel":4,"Odd Mushroom":6,"Burning Blood":0,"Paper Frog":8},{"Nunchaku":19,"Vajra":30,"Prayer Wheel":19,"Odd Mushroom":33,"Burning Blood":0,"Paper Frog":39}],"Burning Blood":42},"card_choices":[{"not_picked":["Wild Strike","Thunderclap","Perfected Strike"],"picked":"SKIP","floor":1.0},{"not_picked":["Fire Breathing","Heavy Blade"],"picked":"Seeing Red","floor":2.0},{"not_picked":["Warcry","Perfected Strike"],"picked":"Shockwave","floor":5.0},{"not_picked":["True Grit","Shrug It Off"],"picked":"Iron Wave","floor":6},{"not_picked":["Anger","Carnage"],"picked":"Berserk","floor":10},{"not_picked":["Flex","Body Slam"],"picked":"Shrug It Off","floor":11},{"not_picked":["Thunderclap","Flex"],"picked":"Carnage","floor":12},{"not_picked":["Havoc","Feel No Pain","Wild Strike"],"picked":"SKIP","floor":12}],"player_experience":263275,"relics_obtained":[{"floor":6,"key":"Prayer Wheel"},{"floor":9,"key":"Nunchaku"},{"floor":10,"key":"Vajra"},{"floor":11,"key":"Odd Mushroom"}],"event_choices":[{"cards_removed":["Strike_R"],"damage_healed":0.0,"max_hp_gain":0.0,"max_hp_loss":0.0,"gold_gain":0.0,"event_name":"Golden Wing","player_choice":"Card Removal","floor":3.0,"gold_loss":0.0,"damage_taken":7.0},{"damage_healed":0,"gold_gain":0,"player_choice":"Ignored","damage_taken":0,"max_hp_gain":0,"max_hp_loss":0,"event_name":"Liars Game","floor":7,"gold_loss":0},{"damage_healed":0,"gold_gain":0,"player_choice":"Fought Mushrooms","damage_taken":0,"max_hp_gain":0,"max_hp_loss":0,"event_name":"Mushrooms","floor":11,"gold_loss":0},{"damage_healed":0,"gold_gain":0,"player_choice":"Searched \u00271\u0027 times","damage_taken":0,"relics_obtained":["Paper Frog"],"max_hp_gain":0,"max_hp_loss":0,"event_name":"Dead Adventurer","floor":14,"gold_loss":0}],"is_beta":false,"boss_relics":[],"items_purged_floors":[],"is_endless":false,"potions_floor_spawned":[5,10,11,12,13],"killed_by":"Slime Boss","ascension_level":3}}