{"host":"2ixd8xwebcm7gar8","time":1613959397,"event":{"mods":["AchievementEnabler","Act Like it!","BaseMod","Beaked The Cultist","Conspire","Defuse TimeMaze Blight","Downfall","Googly Eyes","Hallownest","Hermit","Hubris","Infinite Spire","Minty Spire (QoL Compilation)","Replay The Spire","Robot Space Explorer","Shop Mod","StSLib","The Bug Knight","The Cursed","The Marked","Waifu the Spire"],"gold_per_floor":[112,125,14,14,14,14,40,40,63,92,92,92,92],"floor_reached":11,"language":"ENG","playtime":595,"items_purged":[],"score":107,"play_id":"0830367a-59be-45d4-b240-2aade15d1cd5","local_time":"20210221180317","daily_mods":["Draft","Heirloom","Time Dilation","Flight","Elite Swarm"],"is_ascension_mode":true,"campfire_choices":[{"data":"Slimebound:LeechingTouch","floor":6.0,"key":"SMITH"},{"data":"Slimebound:TagTeam","floor":8.0,"key":"SMITH"}],"circlet_count":0,"master_deck":["Slimebound:SamplingLick","Slimebound:HauntingLick","Slimebound:SplitAcid","Slimebound:AcidTongue","Slimebound:LevelUp","Slimebound:LeechEnergy","Slimebound:HauntingLick","Slimebound:SamplingLick","Slimebound:Schlurp","Slimebound:HauntingLick","Slimebound:LivingWall","Slimebound:GoopSpray","Slimebound:PressTheAttack","Slimebound:SpikyOuterGoop","Slimebound:HauntingLick","Slimebound:DisruptingSlam","Slimebound:Schlurp","Slimebound:SplitSpecialist","Slimebound:SplitSpecialist","Slimebound:LeechingTouch+1","Slimebound:TagTeam+1","Slimebound:TagTeam"],"relics":["Slimebound:AbsorbEndCombat","Peace Pipe","hubris:TinFlute","Art of War","MealTicket","Iron Hammer"],"acts_visited":["Hallownest:Greenpath"],"potions_floor_usage":[],"damage_taken":[{"damage":0.0,"enemies":"Hallownest:monsterHuskWarrior","floor":1.0,"turns":3.0},{"damage":0.0,"enemies":"Hallownest:2_MossCreeps","floor":2.0,"turns":4.0},{"damage":1.0,"enemies":"Hallownest:eliteCrystalGuardian","floor":7.0,"turns":4.0},{"damage":1.0,"enemies":"Hallownest:eliteVengeflyKing","floor":10.0,"turns":5.0},{"damage":6,"enemies":"Hallownest:eliteMossKnight","floor":11,"turns":4}],"seed_played":"3698573425425475878","potions_obtained":[{"floor":1.0,"key":"SteroidPotion"},{"floor":10.0,"key":"PowerPotion"}],"is_trial":true,"path_per_floor":["M","M","$","?","T","R","E","R","T","E","E"],"character_chosen":"SLIMEBOUND","items_purchased":["Slimebound:SplitSpecialist","Slimebound:LeechingTouch"],"campfire_rested":0,"item_purchase_floors":[3,3],"current_hp_per_floor":[65,65,65,65,65,65,65,65,65,65,61,61,61],"gold":92,"neow_bonus":"","is_daily":false,"chose_seed":false,"campfire_upgraded":2,"win_rate":0.0,"timestamp":1613959397,"path_taken":["M","M","$","?","?","R","E","R","T","E","E"],"items_purchased_type":["Card","Card"],"build_version":"2020-12-22","purchased_purges":0,"victory":false,"max_hp_per_floor":[65,65,65,65,65,65,65,65,65,65,65,65,65],"card_choices":[{"not_picked":["Slimebound:Prepare","Slimebound:RollThrough"],"picked":"Slimebound:SamplingLick","floor":0.0},{"not_picked":["Slimebound:SplitMire","Slimebound:LeadByExample"],"picked":"Slimebound:HauntingLick","floor":0.0},{"not_picked":["Slimebound:SlimeSpikes","Slimebound:GoopTackle"],"picked":"Slimebound:SplitAcid","floor":0.0},{"not_picked":["Slimebound:DisruptingSlam","Slimebound:SlimeSpikes"],"picked":"Slimebound:AcidTongue","floor":0.0},{"not_picked":["Slimebound:ServeAndProtect","Slimebound:Dissolve"],"picked":"Slimebound:LevelUp","floor":0.0},{"not_picked":["Slimebound:SlimeSpikes","Slimebound:ComboTackle"],"picked":"Slimebound:LeechEnergy","floor":0.0},{"not_picked":["Slimebound:FlameTackle","Slimebound:PressTheAttack"],"picked":"Slimebound:HauntingLick","floor":0.0},{"not_picked":["Slimebound:LevelUp","Slimebound:Prepare"],"picked":"Slimebound:SamplingLick","floor":0.0},{"not_picked":["Slimebound:ServeAndProtect","Slimebound:LeechingTouch"],"picked":"Slimebound:Schlurp","floor":0.0},{"not_picked":["Slimebound:ItLooksTasty","Slimebound:RejuvenatingLick"],"picked":"Slimebound:HauntingLick","floor":0.0},{"not_picked":["Slimebound:Prepare","Slimebound:Nibble"],"picked":"Slimebound:LivingWall","floor":0.0},{"not_picked":["Slimebound:LeechingTouch","Slimebound:Replication"],"picked":"Slimebound:GoopSpray","floor":0.0},{"not_picked":["Slimebound:Dissolve","Slimebound:LivingWall"],"picked":"Slimebound:PressTheAttack","floor":0.0},{"not_picked":["Slimebound:Dissolve","Slimebound:LevelUp"],"picked":"Slimebound:SpikyOuterGoop","floor":0.0},{"not_picked":["Slimebound:Grow","Slimebound:DisruptingSlam"],"picked":"Slimebound:HauntingLick","floor":0.0},{"not_picked":["Slimebound:RollThrough","Slimebound:FinishingTackle"],"picked":"Slimebound:DisruptingSlam","floor":1.0},{"not_picked":["Slimebound:ComboTackle","Slimebound:ViciousTackle"],"picked":"Slimebound:Schlurp","floor":2.0},{"not_picked":["Slimebound:CheckThePlaybook","Slimebound:WasteNot"],"picked":"Slimebound:TagTeam","floor":7.0},{"not_picked":["Slimebound:MinionMaster","Slimebound:Recycling"],"picked":"Slimebound:TagTeam","floor":10.0}],"player_experience":654032,"relics_obtained":[{"floor":5.0,"key":"hubris:TinFlute"},{"floor":7.0,"key":"Art of War"},{"floor":9.0,"key":"MealTicket"},{"floor":10.0,"key":"Iron Hammer"}],"event_choices":[],"is_beta":false,"boss_relics":[],"items_purged_floors":[],"is_endless":false,"potions_floor_spawned":[1,10],"killed_by":"Hallownest:eliteMossKnight","ascension_level":1}}