{"host":"fwdkxxz7291ipt0p","time":1613983743,"event":{"mods":["Act Like it!","BaseMod","GifTheSpireLib","Minty Spire (QoL Compilation)","Reimu£®≤©¿ˆ¡È√Œ£©","Relic Filter Mod","StSLib","Stuff the Spire"],"gold_per_floor":[110,110,35,55,71,71,97,113,162,162,175,191,218,43,43,142,142,161,161,178,5,23,23,23],"floor_reached":23,"language":"ENG","playtime":1516,"items_purged":["Strike_B","Strike_B"],"score":264,"play_id":"bc970eab-2f05-437c-ac82-d4c6282b2d6c","local_time":"20210222164903","is_ascension_mode":true,"campfire_choices":[{"data":"Zap","floor":6.0,"key":"SMITH"},{"data":"Ball Lightning","floor":10.0,"key":"SMITH"},{"data":"Redo","floor":15.0,"key":"SMITH"}],"circlet_count":0,"master_deck":["Strike_B","Defend_B","Defend_B","Defend_B","Defend_B","Zap+1","Dualcast+1","BootSequence","Ball Lightning+1","Seek","StuffTheSpire:Synthwave","Capacitor","Redo+1","Defragment","Thunder Strike+1","Aggregate","StuffTheSpire:BrainWave","Hologram","Heatsinks","Stack+1"],"relics":["Cracked Core","Molten Egg 2","StuffTheSpire:TintedRock","StuffTheSpire:RunicConfusion","Membership Card"],"acts_visited":["Exordium","TheCity"],"potions_floor_usage":[],"damage_taken":[{"damage":4.0,"enemies":"Small Slimes","floor":1.0,"turns":3.0},{"damage":0.0,"enemies":"Cultist","floor":4.0,"turns":3.0},{"damage":0.0,"enemies":"2 Louse","floor":5.0,"turns":2.0},{"damage":14.0,"enemies":"Lagavulin","floor":7.0,"turns":6.0},{"damage":1.0,"enemies":"Lots of Slimes","floor":8.0,"turns":4.0},{"damage":0.0,"enemies":"2 Fungi Beasts","floor":11.0,"turns":2.0},{"damage":3.0,"enemies":"Blue Slaver","floor":12.0,"turns":2.0},{"damage":10.0,"enemies":"3 Sentries","floor":13.0,"turns":6.0},{"damage":15.0,"enemies":"Hexaghost","floor":16.0,"turns":7.0},{"damage":1.0,"enemies":"2 Thieves","floor":18.0,"turns":2.0},{"damage":2.0,"enemies":"Chosen","floor":20.0,"turns":4.0},{"damage":23.0,"enemies":"Sentry and Sphere","floor":22.0,"turns":4.0},{"damage":27,"enemies":"Book of Stabbing","floor":23,"turns":4}],"seed_played":"525090593296815512","potions_obtained":[{"floor":4.0,"key":"SteroidPotion"},{"floor":7.0,"key":"DuplicationPotion"},{"floor":8.0,"key":"Explosive Potion"},{"floor":11.0,"key":"MagicPotion:ReiMu"}],"is_trial":false,"path_per_floor":["M","?","$","M","M","R","E","M","T","R","M","M","E","$","R","B",null,"M","?","M","$","M","E"],"character_chosen":"DEFECT","items_purchased":["Defragment","Membership Card","Heatsinks"],"campfire_rested":0,"item_purchase_floors":[14,21,21],"current_hp_per_floor":[64,64,64,64,64,64,50,49,49,49,49,46,36,36,36,21,62,61,61,59,59,36,9,9],"gold":23,"neow_bonus":"REMOVE_CARD","is_daily":false,"chose_seed":false,"campfire_upgraded":3,"win_rate":0.0,"timestamp":1613983743,"path_taken":["M","?","$","M","M","R","E","M","T","R","M","?","E","$","R","BOSS","M","?","M","$","M","E"],"items_purchased_type":["Card","Relic","Card"],"build_version":"2020-12-22","purchased_purges":2,"victory":false,"max_hp_per_floor":[75,75,75,75,75,75,75,75,75,75,75,75,75,75,75,75,75,75,75,75,75,75,75,75],"card_choices":[{"not_picked":["StuffTheSpire:Plugnplay","Sunder"],"picked":"BootSequence","floor":1.0},{"not_picked":["Fusion","Barrage"],"picked":"Ball Lightning","floor":4.0},{"not_picked":["BootSequence","Barrage","Cold Snap"],"picked":"SKIP","floor":5.0},{"not_picked":["Lockon+1","Double Energy"],"picked":"Seek","floor":7.0},{"not_picked":["Leap","Cold Snap+1","Turbo"],"picked":"SKIP","floor":8.0},{"not_picked":["Rebound+1","Go for the Eyes+1"],"picked":"StuffTheSpire:Synthwave","floor":11.0},{"not_picked":["Gash+1","Streamline+1"],"picked":"Capacitor","floor":12.0},{"not_picked":["Gash+1","Barrage+1"],"picked":"Redo","floor":13.0},{"not_picked":["Core Surge+1","StuffTheSpire:EventHorizon"],"picked":"Thunder Strike+1","floor":16.0},{"not_picked":["Blizzard+1","Beam Cell+1"],"picked":"Aggregate","floor":18.0},{"not_picked":["StuffTheSpire:Perfection","StuffTheSpire:CelestialWarden"],"picked":"StuffTheSpire:BrainWave","floor":19.0},{"not_picked":["StuffTheSpire:LoadUp","Barrage+1"],"picked":"Hologram","floor":20.0},{"not_picked":["StuffTheSpire:Synthwave","Cold Snap+1"],"picked":"Stack+1","floor":22.0}],"player_experience":525081,"relics_obtained":[{"floor":7.0,"key":"Molten Egg 2"},{"floor":9.0,"key":"StuffTheSpire:Gunfinga"},{"floor":13.0,"key":"StuffTheSpire:TintedRock"}],"event_choices":[{"damage_healed":0.0,"max_hp_gain":0.0,"max_hp_loss":0.0,"gold_gain":0.0,"event_name":"Accursed Blacksmith","player_choice":"Forge","floor":2.0,"gold_loss":0.0,"damage_taken":0.0,"cards_upgraded":["Dualcast"]}],"is_beta":false,"boss_relics":[{"not_picked":["Sozu","Calling Bell"],"picked":"StuffTheSpire:RunicConfusion"}],"items_purged_floors":[3,14],"is_endless":false,"potions_floor_spawned":[4,7,8,11],"killed_by":"Book of Stabbing","ascension_level":6}}