{"host":"8z0h4areh8sio1k0","time":1613978529,"event":{"mods":["10 clothes from DAL","Act Like it!","Aspiration","BaseMod","Colored Map","Conspire","Crowbot","Hubris","Library of Ruina Extra","Mimic Mod","Minty Spire (QoL Compilation)","Replay The Spire","Ring Of Destiny","StSLib","TestMod","The Blue Laboratory","The Fake Hero","The Hierophant","[Fun]BeWhatYouAte","【功能Mod】精心准备","【遗物Mod】死灵法师NEW"],"gold_per_floor":[115,133,133,91,109,109,129,129,167,167,167,187,187,37,37,132,132,149,265,112,126,46,46,65,79,158,172,172,189,207,222,222,327,327,296,296,296],"floor_reached":36,"language":"ZHS","playtime":3055,"items_purged":["RingOfDestiny:Strike_MB"],"score":385,"play_id":"da1ef6cc-07af-4d66-b09d-635b7909191d","local_time":"20210222152209","is_ascension_mode":false,"campfire_choices":[{"data":"RingOfDestiny:DeathLeakage","floor":6,"key":"SMITH"},{"data":"RingOfDestiny:DeathLeakage","floor":8,"key":"SMITH"},{"data":"RingOfDestiny:Apoptosis","floor":11,"key":"SMITH"},{"data":"RingOfDestiny:Enchantment","floor":15,"key":"SMITH"},{"data":"RingOfDestiny:FlowerOfDespair","floor":23,"key":"SMITH"},{"data":"RingOfDestiny:BloodyLeakage","floor":28,"key":"SMITH"},{"data":"RingOfDestiny:DoomsdayMark","floor":32,"key":"SMITH"}],"circlet_count":0,"master_deck":["RingOfDestiny:Defend_MB","RingOfDestiny:Strike_MB","RingOfDestiny:DeathLeakage+1","RingOfDestiny:DeathLeakage+1","RingOfDestiny:DarkShield","RingOfDestiny:RestraintRing","RingOfDestiny:InnerFocus","RingOfDestiny:EtchSpirit","RingOfDestiny:Enchantment+1","RingOfDestiny:BlackFuneral","RingOfDestiny:Apoptosis+1","RingOfDestiny:BloodyLeakage+1","RingOfDestiny:TimingBreath","RingOfDestiny:DanceOfDeath+1","RingOfDestiny:MoonCurtain","RingOfDestiny:BulletZero+1","RingOfDestiny:FlowerOfDespair+1","RingOfDestiny:Determination","RingOfDestiny:DoomsdayMark+1","RingOfDestiny:CurtainOfNight+1"],"relics":["testmod-TestBox","testmod-SaigiyounoYou","testmod-RealStoneCalender","aspiration:Nostalgia","RingOfDestiny:ShadowKunai","Happy Flower","hubris:Icosahedron","hubris:Towel","Empty Cage","Orrery","hubris:CrystalStatue","hubris:CrackedHourglass"],"acts_visited":["Exordium","TheCity","TheBeyond"],"potions_floor_usage":[21,31],"damage_taken":[{"damage":1,"enemies":"Cultist","floor":1,"turns":4},{"damage":7,"enemies":"2 Louse","floor":2,"turns":4},{"damage":11,"enemies":"Exordium Thugs","floor":5,"turns":4},{"damage":10,"enemies":"RingOfDestiny:EvilEye","floor":7,"turns":4},{"damage":2,"enemies":"3 Louse","floor":9,"turns":4},{"damage":12,"enemies":"3 Louse","floor":12,"turns":3},{"damage":13,"enemies":"The Guardian","floor":16,"turns":5},{"damage":0,"enemies":"Chosen","floor":18,"turns":3},{"damage":3,"enemies":"Shell Parasite","floor":19,"turns":3},{"damage":4,"enemies":"Snake Plant","floor":21,"turns":3},{"damage":15,"enemies":"Centurion and Healer","floor":24,"turns":4},{"damage":0,"enemies":"Chosen and Byrds","floor":25,"turns":2},{"damage":11,"enemies":"Snake Plant","floor":27,"turns":3},{"damage":3,"enemies":"Centurion and Healer","floor":29,"turns":2},{"damage":14,"enemies":"Chosen and Byrds","floor":30,"turns":2},{"damage":7,"enemies":"3 Cultists","floor":31,"turns":3},{"damage":7,"enemies":"conspire:MysteriousRune","floor":33,"turns":3},{"damage":14,"enemies":"Orb Walker","floor":35,"turns":3},{"damage":1,"enemies":"3 Darklings","floor":36,"turns":1}],"seed_played":"485392950960886829","potions_obtained":[{"floor":1,"key":"Dexterity Potion"},{"floor":2,"key":"Swift Potion"},{"floor":5,"key":"blueLaboratory:FrostheartPotion"},{"floor":21,"key":"Fruit Juice"},{"floor":25,"key":"SteroidPotion"},{"floor":33,"key":"Energy Potion"}],"is_trial":false,"path_per_floor":["M","M","?","?","M","R","M","R","MIM","?","R","M","?","$","R","B",null,"M","M","$","M","$","R","M","M","T","M","R","M","M","M","R","B",null,"M","M"],"character_chosen":"MagicBullet","items_purchased":["RingOfDestiny:BloodyLeakage","Orrery","RingOfDestiny:FlowerOfDespair"],"campfire_rested":0,"item_purchase_floors":[14,20,22],"current_hp_per_floor":[98,91,91,91,81,81,74,74,78,78,78,96,96,96,96,94,98,98,95,95,96,96,96,87,91,91,84,84,91,77,76,76,79,103,99,0,0],"gold":296,"neow_bonus":"NOSTALGIA","is_daily":false,"chose_seed":false,"campfire_upgraded":7,"win_rate":0.0,"timestamp":1613978529,"path_taken":["M","M","?","?","M","R","M","R","MIM","?","R","M","?","?","R","BOSS","M","M","$","M","$","R","M","M","T","M","R","M","M","M","R","BOSS","M","M"],"items_purchased_type":["Card","Relic","Card"],"build_version":"2020-12-22","purchased_purges":1,"victory":false,"max_hp_per_floor":[98,98,98,98,98,98,98,98,98,98,98,98,98,98,98,98,98,98,98,98,103,103,103,103,103,103,103,103,103,103,103,103,103,103,103,103,103],"card_choices":[{"not_picked":["RingOfDestiny:FlowerOfDespair","RingOfDestiny:Reload"],"picked":"RingOfDestiny:EtchSpirit","floor":1},{"not_picked":["RingOfDestiny:Strafing","RingOfDestiny:CovertOperation"],"picked":"RingOfDestiny:Enchantment","floor":2},{"not_picked":["RingOfDestiny:SleepingBullet","RingOfDestiny:OriginBullet","RingOfDestiny:Potential"],"picked":"SKIP","floor":5},{"not_picked":["RingOfDestiny:ForgeBullet","RingOfDestiny:DarkShield"],"picked":"RingOfDestiny:BlackFuneral","floor":7},{"not_picked":["RingOfDestiny:TrackingBullet","RingOfDestiny:DeathTrack"],"picked":"RingOfDestiny:Apoptosis","floor":9},{"not_picked":["RingOfDestiny:DeathLeakage","RingOfDestiny:DevilKiss","RingOfDestiny:Crimson"],"picked":"SKIP","floor":12},{"not_picked":["RingOfDestiny:LoomingDeath","RingOfDestiny:BlackFuneral"],"picked":"RingOfDestiny:TimingBreath","floor":16},{"not_picked":["RingOfDestiny:OriginBullet+1","RingOfDestiny:SleepingBullet","RingOfDestiny:Potential"],"picked":"SKIP","floor":18},{"not_picked":["RingOfDestiny:AmmoRain","RingOfDestiny:Crimson","RingOfDestiny:Strafing"],"picked":"SKIP","floor":19},{"not_picked":["RingOfDestiny:DarkShield","RingOfDestiny:Prelude"],"picked":"RingOfDestiny:DanceOfDeath+1","floor":20},{"not_picked":["RingOfDestiny:SolidEtch+1","RingOfDestiny:PhantasmalAssailants"],"picked":"RingOfDestiny:MoonCurtain","floor":20},{"not_picked":["RingOfDestiny:DeathTrack","RingOfDestiny:PhantasmalAssailants"],"picked":"RingOfDestiny:BulletZero+1","floor":21},{"not_picked":["RingOfDestiny:Reload","RingOfDestiny:Demise","RingOfDestiny:ForgeBullet"],"picked":"SKIP","floor":24},{"not_picked":["RingOfDestiny:DeadlyShoot+1","RingOfDestiny:DevilKiss+1","RingOfDestiny:AmmoRain"],"picked":"SKIP","floor":25},{"not_picked":["RingOfDestiny:Demise","RingOfDestiny:Illusion"],"picked":"RingOfDestiny:Determination","floor":27},{"not_picked":["RingOfDestiny:BlastBullet","RingOfDestiny:AmmoRain"],"picked":"RingOfDestiny:DoomsdayMark","floor":29},{"not_picked":["RingOfDestiny:Reload+1","RingOfDestiny:BlastBullet+1","RingOfDestiny:Strafing"],"picked":"SKIP","floor":30},{"not_picked":["RingOfDestiny:EtchPhantom","RingOfDestiny:DeathTrack"],"picked":"RingOfDestiny:CurtainOfNight+1","floor":31},{"not_picked":["RingOfDestiny:BlastBullet+1","RingOfDestiny:OathOfBlood","RingOfDestiny:DevilKiss"],"picked":"SKIP","floor":35}],"player_experience":613188,"relics_obtained":[{"floor":9,"key":"Happy Flower"},{"floor":26,"key":"hubris:CrystalStatue"}],"event_choices":[{"damage_healed":0,"gold_gain":0,"player_choice":"Leave","damage_taken":0,"max_hp_gain":0,"max_hp_loss":0,"event_name":"conspire:Investor","floor":3,"gold_loss":0},{"damage_healed":0,"gold_gain":0,"player_choice":"Left Gold","damage_taken":0,"max_hp_gain":0,"max_hp_loss":0,"event_name":"World of Goop","floor":4,"gold_loss":42}],"is_beta":false,"boss_relics":[{"not_picked":["Pandora\u0027s Box","Kintsugi"],"picked":"Empty Cage"},{"not_picked":["testmod-EnergyCheck","Painkiller Herb"],"picked":"hubris:CrackedHourglass"}],"items_purged_floors":[14],"is_endless":false,"potions_floor_spawned":[1,2,5,16,18,21,25,29,30,33,35],"killed_by":"3 Darklings","ascension_level":0}}