{"host":"v86vpwf004p2esb7","time":1613959701,"event":{"mods":["AchievementEnabler","BaseMod","BetterRewards","Colored Powertips","Minty Spire (QoL Compilation)","Quick Restart","StSLib","Transform Curses"],"gold_per_floor":[117,131,131,141,316,343,362,380,380,380,380,415,435,463,463,463,463],"floor_reached":16,"language":"ENG","playtime":626,"items_purged":[],"score":246,"play_id":"0400aa10-d7e7-4b05-845e-bcfd2239db19","local_time":"20210221180821","is_ascension_mode":true,"campfire_choices":[{"floor":15,"key":"REST"}],"circlet_count":0,"master_deck":["Strike_P","Strike_P","Strike_P","Strike_P","Defend_P","Defend_P","Defend_P","Defend_P","Eruption","Vigilance","FlurryOfBlows","Bandage Up","FearNoEvil","EmptyFist","JustLucky","WindmillStrike","JustLucky","Doubt","Study","Halt","Vengeance","LikeWater","Halt","FlyingSleeves"],"relics":["PureWater","Akabeko","Damaru","Ginger","Blood Vial","Omamori","Lantern","StrikeDummy","Darkstone Periapt"],"acts_visited":["Exordium"],"potions_floor_usage":[],"damage_taken":[{"damage":0,"enemies":"2 Louse","floor":1,"turns":1},{"damage":0,"enemies":"Cultist","floor":2,"turns":3},{"damage":0,"enemies":"Jaw Worm","floor":4,"turns":3},{"damage":20,"enemies":"Gremlin Nob","floor":6,"turns":3},{"damage":3,"enemies":"2 Fungi Beasts","floor":7,"turns":3},{"damage":16,"enemies":"Blue Slaver","floor":8,"turns":4},{"damage":28,"enemies":"3 Sentries","floor":12,"turns":9},{"damage":4,"enemies":"Lots of Slimes","floor":13,"turns":3},{"damage":0,"enemies":"Lagavulin","floor":14,"turns":4},{"damage":38,"enemies":"Slime Boss","floor":16,"turns":6}],"seed_played":"-2620065657612105938","potions_obtained":[{"floor":2,"key":"BottledMiracle"},{"floor":7,"key":"Ancient Potion"},{"floor":8,"key":"Ambrosia"}],"is_trial":false,"path_per_floor":["M","M","?","M","?","E","M","M","T","?","T","E","M","E","R","B"],"character_chosen":"WATCHER","items_purchased":["Akabeko","FlurryOfBlows","Bandage Up","Damaru","Ginger","FearNoEvil","EmptyFist"],"campfire_rested":1,"item_purchase_floors":[0,0,0,0,0,0,0],"current_hp_per_floor":[40,44,44,50,50,36,39,25,25,25,25,3,5,11,32,0,0],"gold":463,"neow_bonus":"","is_daily":false,"chose_seed":false,"campfire_upgraded":0,"win_rate":0.0,"timestamp":1613959701,"path_taken":["M","M","?","?","?","E","M","M","T","?","?","E","M","E","R","BOSS"],"items_purchased_type":["Relic","Card","Card","Relic","Relic","Card","Card"],"build_version":"2020-12-22","purchased_purges":0,"victory":false,"max_hp_per_floor":[72,72,72,72,72,72,72,72,72,72,72,72,72,72,72,72,72],"card_choices":[{"not_picked":["EmptyMind","Protect"],"picked":"JustLucky","floor":1},{"not_picked":["SashWhip","ThirdEye"],"picked":"WindmillStrike","floor":2},{"not_picked":["CutThroughFate","SashWhip"],"picked":"JustLucky","floor":4},{"not_picked":["Conclude","WreathOfFlame"],"picked":"Study","floor":6},{"not_picked":["InnerPeace","Protect"],"picked":"Halt","floor":7},{"not_picked":["Judgement","Crescendo"],"picked":"Vengeance","floor":8},{"not_picked":["Ragnarok","EmptyFist"],"picked":"LikeWater","floor":12},{"not_picked":["EmptyFist","WheelKick"],"picked":"Halt","floor":13},{"not_picked":["EmptyBody","PathToVictory"],"picked":"FlyingSleeves","floor":14}],"player_experience":200754,"relics_obtained":[{"floor":6,"key":"Omamori"},{"floor":9,"key":"Lantern"},{"floor":12,"key":"StrikeDummy"},{"floor":14,"key":"Darkstone Periapt"}],"event_choices":[{"damage_healed":0,"gold_gain":0,"player_choice":"Gave Potion","damage_taken":0,"relics_obtained":["Blood Vial"],"max_hp_gain":0,"max_hp_loss":0,"event_name":"WeMeetAgain","floor":3,"gold_loss":0},{"damage_healed":0,"gold_gain":175,"player_choice":"AGREE","damage_taken":0,"max_hp_gain":0,"max_hp_loss":0,"event_name":"Liars Game","floor":5,"gold_loss":0,"cards_obtained":["Doubt"]},{"damage_healed":0,"gold_gain":0,"player_choice":"Ignored","damage_taken":0,"max_hp_gain":0,"max_hp_loss":0,"event_name":"Shining Light","floor":10,"gold_loss":0}],"is_beta":false,"boss_relics":[],"items_purged_floors":[],"is_endless":false,"potions_floor_spawned":[2,7,8],"killed_by":"Slime Boss","ascension_level":5}}