{"host":"en4narc5947t7k9n","time":1613982102,"event":{"mods":["AchievementEnabler","BaseMod","Colored Map","Minty Spire (QoL Compilation)","SuperFastMode"],"gold_per_floor":[113,27,43,43,58,58,58,83,83,13,13,13,13],"floor_reached":12,"language":"KOR","playtime":275,"items_purged":[],"score":68,"play_id":"900eb7bc-f295-4880-b2fc-6b9ac1d68e8c","local_time":"20210222172142","is_ascension_mode":false,"campfire_choices":[{"floor":6,"key":"RECALL"}],"circlet_count":0,"master_deck":["Strike_B","Strike_B+1","Strike_B","Strike_B","Defend_B","Defend_B","Defend_B","Defend_B+1","Zap","Dualcast","Streamline","Discovery","Conserve Battery","Recycle","Redo","Capacitor"],"relics":["Cracked Core","NeowsBlessing","Golden Idol","Gambling Chip"],"acts_visited":["Exordium"],"potions_floor_usage":[12,12],"damage_taken":[{"damage":0,"enemies":"Small Slimes","floor":1,"turns":1},{"damage":0,"enemies":"Jaw Worm","floor":3,"turns":1},{"damage":0,"enemies":"Cultist","floor":5,"turns":1},{"damage":30,"enemies":"Gremlin Gang","floor":8,"turns":5},{"damage":9,"enemies":"3 Sentries","floor":12,"turns":3}],"seed_played":"6452005577039969943","potions_obtained":[{"floor":3,"key":"DuplicationPotion"},{"floor":8,"key":"Swift Potion"}],"is_trial":false,"path_per_floor":["M","$","M","?","M","R","?","M","T","$","?","E"],"character_chosen":"DEFECT","items_purchased":["Discovery","Capacitor"],"campfire_rested":0,"item_purchase_floors":[2,10],"current_hp_per_floor":[75,75,75,57,57,57,42,12,12,12,9,0,0],"gold":13,"neow_bonus":"THREE_ENEMY_KILL","is_daily":false,"chose_seed":false,"campfire_upgraded":0,"win_rate":0.0,"timestamp":1613982102,"path_taken":["M","$","M","?","M","R","?","M","T","?","?","E"],"items_purchased_type":["Card","Card"],"build_version":"2020-12-22","purchased_purges":0,"victory":false,"max_hp_per_floor":[75,75,75,75,75,75,75,75,75,75,75,75,75],"card_choices":[{"not_picked":["Coolheaded","Rebound"],"picked":"Streamline","floor":1},{"not_picked":["Streamline","Turbo"],"picked":"Conserve Battery","floor":3},{"not_picked":["Sweeping Beam","Storm"],"picked":"Recycle","floor":5},{"not_picked":["Leap","Go for the Eyes"],"picked":"Redo","floor":8}],"player_experience":151708,"relics_obtained":[],"event_choices":[{"damage_healed":0,"gold_gain":0,"player_choice":"Take Damage","damage_taken":18,"relics_obtained":["Golden Idol"],"max_hp_gain":0,"max_hp_loss":0,"event_name":"Golden Idol","floor":4,"gold_loss":0},{"damage_healed":0,"gold_gain":0,"player_choice":"Entered Light","damage_taken":15,"max_hp_gain":0,"max_hp_loss":0,"event_name":"Shining Light","floor":7,"gold_loss":0,"cards_upgraded":["Defend_B","Strike_B"]},{"damage_healed":0,"gold_gain":0,"player_choice":"Success","damage_taken":3,"relics_obtained":["Gambling Chip"],"max_hp_gain":0,"max_hp_loss":0,"event_name":"Scrap Ooze","floor":11,"gold_loss":0}],"is_beta":false,"boss_relics":[],"items_purged_floors":[],"is_endless":false,"potions_floor_spawned":[3,8],"killed_by":"3 Sentries","ascension_level":0}}