{"host":"bpr07pynnqpe5ded","time":1613967611,"event":{"mods":["2.2 Compatiblity","Aspiration","BaseMod","Better Note","Better Third Choice","BetterRewards","Downfall","Jorbs\u0027s Wanderer Trilogy","Minty Spire (QoL Compilation)","Replay The Spire","Shop Mod","StSLib","The Marked","??????REMEMod"],"gold_per_floor":[118,137,137,87,107,107,135,135,135,135,147,180,195,256,256,365,365,381,381,398,398,473,473,504,504,504,504,520,533,551,324,324,433,433,433],"floor_reached":34,"language":"ENG","playtime":1511,"items_purged":["Strike_B"],"score":405,"play_id":"ef8edca1-5188-4d59-85c9-ce232aa799da","local_time":"20210222042011","is_ascension_mode":false,"campfire_choices":[{"data":"REME_HeartOfCthun","floor":6,"key":"SMITH"},{"data":"REME_SelfUpgrade","floor":8,"key":"SMITH"},{"floor":10,"key":"RECALL"},{"floor":15,"key":"REST"},{"data":"Dualcast","floor":23,"key":"SMITH"},{"data":"Coolheaded","floor":25,"key":"SMITH"},{"floor":32,"key":"REST"}],"circlet_count":0,"master_deck":["Strike_B","Strike_B","Defend_B","Defend_B","Defend_B","Defend_B","Zap","Dualcast+1","REME_HeartOfCthun+1","REME_SelfUpgrade+1","Coolheaded+1","Coolheaded","Glacier","Core Surge","Seek"],"relics":["Cracked Core","REME_ComplimentaryCards","Lizard Tail","Letter Opener","Lantern","CeramicFish","Busted Crown","Nunchaku","Calipers","Replay:Frozen Program","Coffee Dripper"],"acts_visited":["Exordium","TheCity","TheBeyond"],"potions_floor_usage":[16,16,16,33],"damage_taken":[{"damage":0,"enemies":"Small Slimes","floor":1,"turns":1},{"damage":1,"enemies":"Jaw Worm","floor":2,"turns":2},{"damage":2,"enemies":"2 Louse","floor":5,"turns":2},{"damage":0,"enemies":"3 Sentries","floor":7,"turns":2},{"damage":9,"enemies":"Blue Slaver","floor":11,"turns":3},{"damage":16,"enemies":"Replay:BlueRogue","floor":12,"turns":6},{"damage":0,"enemies":"Large Slime","floor":13,"turns":3},{"damage":61,"enemies":"Fading Forest","floor":16,"turns":11},{"damage":4,"enemies":"Chosen","floor":18,"turns":5},{"damage":15,"enemies":"2 Thieves","floor":20,"turns":3},{"damage":16,"enemies":"Replay:Snechameleon","floor":24,"turns":8},{"damage":23,"enemies":"Snake Plant","floor":28,"turns":4},{"damage":14,"enemies":"Centurion and Healer","floor":29,"turns":16},{"damage":10,"enemies":"Shelled Parasite and Fungi","floor":30,"turns":6},{"damage":25,"enemies":"Collector","floor":33,"turns":14}],"seed_played":"-6137946956393092151","potions_obtained":[{"floor":7,"key":"FearPotion"},{"floor":13,"key":"champ:CounterPotion"},{"floor":14,"key":"FearPotion"},{"floor":14,"key":"SkillPotion"},{"floor":28,"key":"sneckomod:MuddlingPotion"},{"floor":30,"key":"Milkshake"}],"is_trial":false,"path_per_floor":["M","M","?","?","M","R","E","R","T","R","M","E","M","?","R","B",null,"M","?","M","?","?","R","E","R","T","T","M","M","M","$","R","B",null],"character_chosen":"DEFECT","items_purchased":["Replay:Frozen Program"],"campfire_rested":2,"item_purchase_floors":[31],"current_hp_per_floor":[82,81,86,86,84,84,84,84,84,84,75,59,59,38,64,29,87,83,87,72,72,64,64,48,48,48,48,25,11,1,1,27,2,87,87],"gold":433,"neow_bonus":"TEN_PERCENT_HP_BONUS","is_daily":false,"chose_seed":false,"campfire_upgraded":4,"win_rate":0.0,"timestamp":1613967611,"path_taken":["M","M","?","?","M","R","E","R","T","R","M","E","M","?","R","BOSS","M","?","M","?","?","R","E","R","T","?","M","?","M","$","R","BOSS"],"items_purchased_type":["Relic"],"build_version":"2020-12-22","purchased_purges":1,"victory":false,"max_hp_per_floor":[82,82,87,87,87,87,87,87,87,87,87,87,87,87,87,87,87,87,87,87,87,87,87,87,87,87,87,87,87,87,87,87,87,87,87],"card_choices":[{"not_picked":["ReplaySolidLightProjector","ReplayTheSpireMod:GoodbyeWorld","Go for the Eyes"],"picked":"SKIP","floor":1},{"not_picked":["Sweeping Beam","Beam Cell","Compile Driver"],"picked":"SKIP","floor":2},{"not_picked":["Rebound","Ball Lightning","ReplayTheSpireMod:Calculation Training"],"picked":"SKIP","floor":5},{"not_picked":["Barrage","Ball Lightning"],"picked":"REME_SelfUpgrade","floor":7},{"not_picked":["ReplayTheSpireMod:System Scan","Conserve Battery","Darkness","Melter","Go for the Eyes"],"picked":"SKIP","floor":11},{"not_picked":["BasicCrystalCard","Rebound","Aggregate","Sunder"],"picked":"Coolheaded","floor":12},{"not_picked":["Doom and Gloom","Turbo","Redo","Conserve Battery"],"picked":"Coolheaded","floor":13},{"not_picked":["Barrage","REME_DataAnalysis"],"picked":"Glacier","floor":14},{"not_picked":["Reboot","Hyperbeam","Machine Learning","ReplayRNGCard"],"picked":"Core Surge","floor":16},{"not_picked":["Rip and Tear","Rebound","Crystallizer+1"],"picked":"SKIP","floor":18},{"not_picked":["Beam Cell","Compile Driver","Turbo"],"picked":"SKIP","floor":20},{"not_picked":["Beam Cell+1","Fusion","Barrage"],"picked":"SKIP","floor":24},{"not_picked":["Barrage","Panic Button+1","Time Bomb"],"picked":"SKIP","floor":28},{"not_picked":["Stack","Streamline","REME_Whirling"],"picked":"SKIP","floor":29},{"not_picked":["Blizzard+1","Go for the Eyes","Crystallizer+1"],"picked":"SKIP","floor":30},{"not_picked":["Creative AI","ReplayRNGCard"],"picked":"Seek","floor":33}],"player_experience":1200768,"relics_obtained":[{"floor":7,"key":"Lizard Tail"},{"floor":9,"key":"Letter Opener"},{"floor":12,"key":"Lantern"},{"floor":14,"key":"CeramicFish"},{"floor":24,"key":"Nunchaku"},{"floor":27,"key":"Calipers"}],"event_choices":[{"damage_healed":0,"gold_gain":0,"player_choice":"Donut","damage_taken":0,"max_hp_gain":5,"max_hp_loss":0,"event_name":"Big Fish","floor":3,"gold_loss":0},{"cards_removed":["Strike_B"],"damage_healed":0,"gold_gain":0,"player_choice":"Card Removal","damage_taken":0,"max_hp_gain":0,"max_hp_loss":0,"event_name":"The Cleric","floor":4,"gold_loss":50},{"damage_healed":4,"gold_gain":0,"player_choice":"Full Heal","damage_taken":0,"max_hp_gain":0,"max_hp_loss":0,"event_name":"Wheel of Change","floor":19,"gold_loss":0},{"damage_healed":0,"gold_gain":0,"player_choice":"Bought 0 Potions","damage_taken":0,"max_hp_gain":0,"max_hp_loss":0,"event_name":"The Woman in Blue","floor":21,"gold_loss":0},{"damage_healed":0,"gold_gain":75,"player_choice":"Touch","damage_taken":8,"max_hp_gain":0,"max_hp_loss":0,"event_name":"FaceTrader","floor":22,"gold_loss":0}],"is_beta":false,"boss_relics":[{"not_picked":["Pandora\u0027s Box","Painkiller Herb"],"picked":"Busted Crown"},{"not_picked":["Calling Bell","Ring of Chaos"],"picked":"Coffee Dripper"}],"items_purged_floors":[31],"is_endless":false,"potions_floor_spawned":[7,13,28,30],"ascension_level":0}}