{"host":"y76clbnovzmw9ubx","time":1613960682,"event":{"mods":["AchievementEnabler","BaseMod","Minty Spire (QoL Compilation)","Permanent Neow","Relic Stats"],"gold_per_floor":[13,27,44,60,70,70,101,101,124,164,41,82,82,125,125,125,125],"floor_reached":16,"language":"ENG","playtime":839,"items_purged":["Strike_G"],"score":260,"play_id":"3a8b806a-1ef2-4a54-bdb1-2664d843491e","local_time":"20210221212442","is_ascension_mode":true,"campfire_choices":[{"floor":6,"key":"REST"},{"data":"Envenom","floor":8,"key":"SMITH"},{"floor":13,"key":"REST"},{"floor":15,"key":"REST"}],"circlet_count":0,"master_deck":["AscendersBane","Strike_G","Strike_G","Strike_G","Strike_G","Defend_G","Defend_G","Defend_G","Defend_G","Defend_G","Survivor","Neutralize","Envenom+1","Blade Dance","All Out Attack","Infinite Blades","Finisher","Deflect","Masterful Stab","PiercingWail","Caltrops","Catalyst"],"relics":["Ring of the Snake","WingedGreaves","CeramicFish","Ancient Tea Set","Snake Skull"],"acts_visited":["Exordium"],"potions_floor_usage":[4,7,12],"damage_taken":[{"damage":5,"enemies":"Cultist","floor":1,"turns":6},{"damage":6,"enemies":"2 Louse","floor":2,"turns":3},{"damage":7,"enemies":"Small Slimes","floor":3,"turns":4},{"damage":2,"enemies":"2 Fungi Beasts","floor":4,"turns":2},{"damage":12,"enemies":"Red Slaver","floor":5,"turns":6},{"damage":8,"enemies":"Gremlin Nob","floor":7,"turns":3},{"damage":16,"enemies":"3 Sentries","floor":10,"turns":5},{"damage":13,"enemies":"Lagavulin","floor":12,"turns":5},{"damage":26,"enemies":"Gremlin Nob","floor":14,"turns":4},{"damage":31,"enemies":"The Guardian","floor":16,"turns":6}],"seed_played":"8459789048394194488","potions_obtained":[{"floor":1,"key":"Explosive Potion"},{"floor":4,"key":"FearPotion"},{"floor":10,"key":"PowerPotion"}],"is_trial":false,"path_per_floor":["M","M","M","M","M","R","E","R","T","E","$","E","R","E","R","B"],"character_chosen":"THE_SILENT","items_purchased":["PiercingWail"],"campfire_rested":3,"item_purchase_floors":[11],"current_hp_per_floor":[54,48,41,39,27,46,38,38,38,22,22,9,28,2,21,0,0],"gold":125,"neow_bonus":"THREE_RARE_CARDS","is_daily":false,"chose_seed":false,"campfire_upgraded":1,"win_rate":0.0,"timestamp":1613960682,"path_taken":["M","M","M","M","M","R","E","R","T","E","$","E","R","E","R","BOSS"],"items_purchased_type":["Card"],"build_version":"2020-12-22","purchased_purges":1,"victory":false,"max_hp_per_floor":[66,66,66,66,66,66,66,66,66,66,66,66,66,66,66,66,66],"relic_stats":{"counters":[10,44],"CeramicFish":36,"Snake Skull":[3],"obtain_stats":[{"CeramicFish":10,"WingedGreaves":7,"Snake Skull":14,"Ancient Tea Set":12,"Ring of the Snake":0},{"CeramicFish":7,"WingedGreaves":6,"Snake Skull":9,"Ancient Tea Set":8,"Ring of the Snake":0},{"CeramicFish":29,"WingedGreaves":24,"Snake Skull":38,"Ancient Tea Set":34,"Ring of the Snake":0}],"Ring of the Snake":[20]},"card_choices":[{"not_picked":["Unload","Night Terror"],"picked":"Envenom","floor":0},{"not_picked":["Caltrops","Dodge and Roll"],"picked":"Blade Dance","floor":1},{"not_picked":["Dagger Throw","Slice"],"picked":"All Out Attack","floor":2},{"not_picked":["Slice","Dodge and Roll"],"picked":"Infinite Blades","floor":3},{"not_picked":["Blade Dance","Poisoned Stab"],"picked":"Finisher","floor":4},{"not_picked":["Expertise","Quick Slash"],"picked":"Deflect","floor":5},{"not_picked":["Predator","Poisoned Stab","Deadly Poison"],"picked":"SKIP","floor":7},{"not_picked":["Deadly Poison","Prepared"],"picked":"Masterful Stab","floor":10},{"not_picked":["Storm of Steel","Unload"],"picked":"Caltrops","floor":12},{"not_picked":["Heel Hook","Sucker Punch"],"picked":"Catalyst","floor":14}],"player_experience":3275914,"relics_obtained":[{"floor":7,"key":"WingedGreaves"},{"floor":10,"key":"CeramicFish"},{"floor":12,"key":"Ancient Tea Set"},{"floor":14,"key":"Snake Skull"}],"event_choices":[],"is_beta":false,"boss_relics":[],"items_purged_floors":[11],"is_endless":false,"potions_floor_spawned":[1,4,10],"killed_by":"The Guardian","ascension_level":20}}