{"host":"sgot3i7m08vsvri4","time":1613957070,"event":{"mods":["AchievementEnabler","BaseMod","BetterRewards","Clockwork Mod","Colorless Booster Pack","Custom Start","DNKmod","Downfall","Duelist Mod","Friendly Minions","GifTheSpireLib","Gremlin Skip","Grow up Mod","Hermit","Hubris","Infinite Spire","Marisa????????","Mimic Mod","Minty Spire (QoL Compilation)","Relic Sorter","Remove Card Discount Mod","Replay The Spire","Shop Mod","StSLib","The Alterego","The Animator","The Construct","The Hierophant","The Necromancer","The Servant 0.9.4","Treasure Hunter","WarShipGirlsR/????R mod"],"gold_per_floor":[10010,10010,10024,10056,9066,9066,9085,9097,9145,8030,7178,7204,7204,6504,6504,6634,6634,6649,6629,6654,6250,6250,6250,6264,6264,6303,6251,6251,6264,6279,6293,6293,6421,6421,6439,6439,6439,6502,6523,6561,6577,6577,6624,6624,6640,6640,6664,6664,6664,6664,6664,6664,6252,6298,6298],"floor_reached":56,"language":"ENG","playtime":4588,"items_purged":["CBP: UltraDivineWater","rmod:mineteam","Amnesia"],"score":1573,"play_id":"b66df5ca-958a-41d6-ace0-3f06ec5d1c02","local_time":"20210221192430","is_ascension_mode":false,"campfire_choices":[{"floor":6.0,"key":"RECALL"},{"data":"TH:EnergyPotion","floor":15.0,"key":"SMITH"},{"data":"rmod:abidefaith","floor":23,"key":"SMITH"},{"data":"rmod:expedition","floor":23,"key":"SMITH"},{"data":"rmod:generalist","floor":25,"key":"SMITH"},{"data":"rmod:slowdown","floor":25,"key":"SMITH"},{"data":"ReplayUltimateDefense","floor":28,"key":"SMITH"},{"data":"rmod:chargemoney","floor":28,"key":"SMITH"},{"data":"rmod:expeditionaryescort","floor":32,"key":"SMITH"},{"data":"rmod:fletcher","floor":32,"key":"SMITH"},{"data":"rmod:bulid","floor":42,"key":"SMITH"},{"data":"Secret Technique","floor":42,"key":"SMITH"},{"data":"rmod:aluminumsupply","floor":44,"key":"SMITH"},{"data":"TH:DeckOfManyThings","floor":44,"key":"SMITH"},{"data":"rmod:luckystar","floor":46,"key":"SMITH"},{"data":"rmod:salvage","floor":46,"key":"SMITH"},{"data":"CBP: BitesTheDust","floor":49,"key":"SMITH"},{"data":"rmod:circuitoustactics","floor":49,"key":"SMITH"},{"data":"rmod:expedition+1","floor":52,"key":"SMITH"},{"data":"rmod:expedition+2","floor":52,"key":"SMITH"}],"circlet_count":0,"master_deck":["rmod:strick","rmod:strick","rmod:strick","rmod:strick","rmod:defend","rmod:defend","rmod:defend","rmod:defend","rmod:basicallowance+1","rmod:maingunfire","rmod:luckystar+1","rmod:aluminumsupply+1","rmod:slowdown+1","rmod:salvage+1","rmod:diamondstrike+1","rmod:diamondstrike+1","rmod:fletcherpendant+1","rmod:generalist+1","rmod:abidefaith+1","TH:EnergyPotion+1","rmod:expedition+3","rmod:advancebysurprise","rmod:bulid+1","ReplayUltimateDefense+1","rmod:chargemoney+1","rmod:fletcher+1","rmod:intelligenceanalysis","rmod:supportescort","rmod:sl","rmod:sl","TH:Mimic","rmod:firesupport","rmod:luckystar","Secret Technique+1","rmod:expeditionaryescort+1","rmod:luckystar+1","rmod:circuitoustactics+1","rmod:diaomin","rmod:windflower","rmod:mineteam+1","CBP: BitesTheDust+1","rmod:fletcherpendant+1","rmod:chargemoney+1","rmod:fuelsupply","rmod:fletcherpendant","rmod:fletcherpendant","rmod:supportescort","rmod:ammunitionsupply","rmod:ridicule","rmod:wolves+1","rmod:fuelsupply","rmod:luckystar+1","rmod:fletcherpendant+1","rmod:bulid+1","TH:DeckOfManyThings+1","rmod:wolves+1","rmod:chargemoney","rmod:acesubmarine","Replay:Dark Deal","Swift Strike","rmod:fletcher","TH:Mimic","rmod:aggressivemary+1"],"relics":["rmod:firstchargereward","NeowsBlessing","MerchantsRug","Lantern","Centennial Puzzle","DollysMirror","Bronze Scales","hubris:Teleporter","StoneCalendar","Chemical X","Medical Kit","Boot","Juzu Bracelet","Mercury Hourglass","Golden Idol","Blue Doll","Incense Burner","Membership Card","Toy Ornithopter","Sling","infinitespire:Joker Card","Replay:Arrowhead","hubris:Icosahedron","Replay:Bottled Flurry","Replay:Rubber Ducky","infinitespire:PuzzleCube","ReplayTheSpireMod:CursedCoin","ChewingGum","TungstenRod","PreservedInsect","rmod:extraamm","Pen Nib","Onion Ring","FossilizedHelix"],"acts_visited":["Exordium","TheCity","TheBeyond","TheEnding"],"potions_floor_usage":[33,40,40,40,41],"damage_taken":[{"damage":0.0,"enemies":"Jaw Worm","floor":1.0,"turns":1.0},{"damage":0.0,"enemies":"infinitespire:Voidling","floor":3.0,"turns":1.0},{"damage":0.0,"enemies":"Cultist","floor":4.0,"turns":2.0},{"damage":0.0,"enemies":"Cultist","floor":7.0,"turns":2.0},{"damage":7.0,"enemies":"3 Louse","floor":8.0,"turns":2.0},{"damage":2.0,"enemies":"Replay:BlueRogue","floor":12.0,"turns":3.0},{"damage":1,"enemies":"Slime Boss","floor":16,"turns":5},{"damage":0,"enemies":"Chosen","floor":18,"turns":2},{"damage":0,"enemies":"3 Byrds","floor":24,"turns":2},{"damage":4,"enemies":"Cultist and Chosen","floor":26,"turns":4},{"damage":3,"enemies":"Cultist and Chosen","floor":29,"turns":3},{"damage":1,"enemies":"3 Cultists","floor":30,"turns":2},{"damage":0,"enemies":"Shelled Parasite and Fungi","floor":31,"turns":1},{"damage":4,"enemies":"Collector","floor":33,"turns":4},{"damage":13,"enemies":"Orb Walker","floor":35,"turns":3},{"damage":10,"enemies":"Mind Bloom Boss Battle","floor":38,"turns":3},{"damage":2,"enemies":"3 Shapes","floor":39,"turns":2},{"damage":1,"enemies":"R_Hoarder","floor":40,"turns":3},{"damage":11,"enemies":"3 Darklings","floor":41,"turns":3},{"damage":0,"enemies":"Writhing Mass","floor":45,"turns":3},{"damage":1,"enemies":"Maw","floor":47,"turns":4},{"damage":0,"enemies":"hubris:GrandSnecko","floor":50,"turns":5},{"damage":11,"enemies":"Shield and Spear","floor":54,"turns":3},{"damage":77,"enemies":"The Heart","floor":55,"turns":6}],"seed_played":"-7189295290014368836","potions_obtained":[{"floor":3.0,"key":"Energy Potion"},{"floor":7.0,"key":"Venom Potion"},{"floor":12.0,"key":"Elixir"},{"floor":29,"key":"champ:CounterPotion"},{"floor":30,"key":"Fruit Juice"},{"floor":33,"key":"construct:ShiftPotion"},{"floor":40,"key":"SpeedPotion"},{"floor":47,"key":"PowerPotion"},{"floor":54,"key":"Energy Potion"}],"is_trial":false,"path_per_floor":["M","?","M","MIM","$","R","M","M","T","$","$","E","?","$","R","B",null,"M","?","T","$","?","R","M","R","MIM","$","R","M","M","M","R","B",null,"M","?","?","?","M","E","M","R","T","R","M","R","M","?","R","B",null,"R","$","E","B",null],"character_chosen":"PRAEFECT","items_purchased":["MerchantsRug","rmod:mineteam","rmod:salvage","rmod:diamondstrike+1","CBP: UltraDivineWater","Lantern","Centennial Puzzle","DollysMirror","hubris:Teleporter","StoneCalendar","Chemical X","rmod:expedition","rmod:advancebysurprise","rmod:bulid","ReplayUltimateDefense","rmod:chargemoney","Medical Kit","Boot","Juzu Bracelet","rmod:fletcher","rmod:intelligenceanalysis","rmod:supportescort","rmod:sl","Blue Doll","Incense Burner","Membership Card","rmod:luckystar","Secret Technique","Sling","infinitespire:Joker Card","Replay:Arrowhead","rmod:mineteam+1","CBP: BitesTheDust","Replay:Rubber Ducky","infinitespire:PuzzleCube","ReplayTheSpireMod:CursedCoin","rmod:chargemoney+1","rmod:fuelsupply","Pen Nib","Onion Ring","rmod:chargemoney","rmod:acesubmarine","Replay:Dark Deal","Swift Strike"],"campfire_rested":0,"item_purchase_floors":[5,5,5,5,5,5,5,5,10,10,10,10,10,10,10,11,11,11,11,11,11,11,11,14,14,14,14,14,21,21,21,21,21,27,27,27,27,27,53,53,53,53,53,53],"current_hp_per_floor":[120,130,140,150,160,170,180,183,193,203,213,221,222,232,242,251,262,272,282,292,302,312,322,332,342,348,358,368,375,384,394,404,420,437,434,435,445,445,453,475,479,489,499,509,519,529,538,548,558,568,585,595,605,604,537],"gold":6298,"neow_bonus":"THREE_ENEMY_KILL","is_daily":false,"chose_seed":false,"campfire_upgraded":19,"win_rate":0.0,"timestamp":1613957070,"path_taken":["M","?","?","?","?","R","M","M","T","?","$","E","?","$","R","BOSS","M","?","?","$","?","R","M","R","MIM","?","R","M","M","M","R","BOSS","M","?","?","?","M","E","M","R","T","R","M","R","M","?","R","BOSS","R","$","E","BOSS"],"items_purchased_type":["Relic","Card","Card","Card","Card","Relic","Relic","Relic","Relic","Relic","Relic","Card","Card","Card","Card","Card","Relic","Relic","Relic","Card","Card","Card","Card","Relic","Relic","Relic","Card","Card","Relic","Relic","Relic","Card","Card","Relic","Relic","Relic","Card","Card","Relic","Relic","Card","Card","Card","Card"],"build_version":"2020-12-22","purchased_purges":3,"victory":true,"max_hp_per_floor":[120,130,140,150,160,170,180,190,200,210,220,230,222,232,242,252,262,272,282,292,302,312,322,332,342,352,362,372,382,392,402,412,427,437,447,435,445,455,465,475,485,495,505,515,525,535,545,555,565,575,585,595,605,615,625],"card_choices":[{"not_picked":["rmod:slowdown","rmod:steelsupply"],"picked":"rmod:luckystar","floor":1.0},{"not_picked":["rmod:unsinkable","rmod:steelsupply"],"picked":"rmod:aluminumsupply","floor":3.0},{"not_picked":["rmod:steelsupply","rmod:robin"],"picked":"rmod:slowdown","floor":4.0},{"not_picked":["rmod:robin","rmod:supportescort"],"picked":"rmod:generalist","floor":7.0},{"not_picked":["rmod:fletcherpendant","rmod:capitalist"],"picked":"rmod:abidefaith","floor":8.0},{"not_picked":["TH:BikiniMail"],"picked":"TH:EnergyPotion","floor":9.0},{"not_picked":["TH:BikiniMail"],"picked":"TH:Mimic","floor":12.0},{"not_picked":["rmod:fletcherpendant","rmod:tearstotiara"],"picked":"rmod:firesupport","floor":12.0},{"not_picked":["rmod:u235","rmod:ridicule"],"picked":"rmod:expeditionaryescort","floor":16},{"not_picked":["rmod:capitalist+1","rmod:aluminumsupply"],"picked":"rmod:luckystar+1","floor":18},{"not_picked":[],"picked":"rmod:circuitoustactics","floor":19},{"not_picked":[],"picked":"rmod:diaomin","floor":19},{"not_picked":[],"picked":"rmod:windflower","floor":19},{"not_picked":["TH:CopperCoins","TH:ArmorSpikes"],"picked":"SKIP","floor":20},{"not_picked":["rmod:victimresponsibility","rmod:fletcherpendant","rmod:heivgo"],"picked":"SKIP","floor":24},{"not_picked":["rmod:garrisonisland","rmod:guardianhero"],"picked":"rmod:fletcherpendant+1","floor":26},{"not_picked":["rmod:victimresponsibility+1","rmod:luckystar","rmod:tearstotiara"],"picked":"SKIP","floor":29},{"not_picked":["rmod:tearstotiara+1","rmod:aluminumsupply"],"picked":"rmod:supportescort","floor":30},{"not_picked":["rmod:circuitoustactics","rmod:aluminumsupply+1"],"picked":"rmod:ammunitionsupply","floor":31},{"not_picked":["rmod:highspeedmaneuver","rmod:saltedfish"],"picked":"rmod:ridicule","floor":33},{"not_picked":["TH:BikiniMail"],"picked":"TH:CursedSword","floor":33},{"not_picked":["rmod:ammunitionsupply","rmod:smokecover+1"],"picked":"rmod:wolves+1","floor":35},{"not_picked":["rmod:aluminumsupply","rmod:luckystar"],"picked":"rmod:fuelsupply","floor":38},{"not_picked":["rmod:tearstotiara+1","rmod:circuitoustactics"],"picked":"rmod:luckystar+1","floor":39},{"not_picked":["rmod:unsinkable","rmod:circuitoustactics+1"],"picked":"rmod:fletcherpendant+1","floor":40},{"not_picked":["TH:PixieDust","TH:BikiniMail"],"picked":"SKIP","floor":40},{"not_picked":["rmod:ammunitionsupply+1","rmod:selfconfidence+1"],"picked":"rmod:bulid+1","floor":41},{"not_picked":["TH:ElvenBoots"],"picked":"TH:DeckOfManyThings","floor":43},{"not_picked":["rmod:smokecover","rmod:supportescort","rmod:luckystar"],"picked":"SKIP","floor":45},{"not_picked":["rmod:ridicule","rmod:aluminumsupply+1"],"picked":"rmod:wolves+1","floor":47},{"not_picked":["TH:CursedSword"],"picked":"TH:Mimic","floor":54},{"not_picked":["rmod:supportescort+1","rmod:timeschanged"],"picked":"rmod:aggressivemary+1","floor":54}],"player_experience":195990,"relics_obtained":[{"floor":9.0,"key":"Bronze Scales"},{"floor":12.0,"key":"Mercury Hourglass"},{"floor":20,"key":"Toy Ornithopter"},{"floor":26,"key":"Replay:Bottled Flurry"},{"floor":38,"key":"TungstenRod"},{"floor":40,"key":"PreservedInsect"},{"floor":43,"key":"rmod:extraamm"},{"floor":54,"key":"FossilizedHelix"}],"event_choices":[{"damage_healed":0.0,"max_hp_gain":0.0,"max_hp_loss":0.0,"gold_gain":0.0,"event_name":"Accursed Blacksmith","player_choice":"Forge","floor":2.0,"gold_loss":0.0,"damage_taken":0.0,"cards_upgraded":["rmod:basicallowance"]},{"damage_healed":0.0,"max_hp_gain":0.0,"max_hp_loss":18.0,"gold_gain":0.0,"event_name":"Golden Idol","player_choice":"Lose Max HP","floor":13.0,"gold_loss":0.0,"damage_taken":0.0,"relics_obtained":["Golden Idol"]},{"damage_healed":0,"gold_gain":0,"player_choice":"Max HP","damage_taken":0,"max_hp_gain":0,"max_hp_loss":22,"event_name":"Winding Halls","floor":36,"gold_loss":0},{"damage_healed":0,"gold_gain":0,"player_choice":"Ignored","damage_taken":0,"max_hp_gain":0,"max_hp_loss":0,"event_name":"Tomb of Lord Red Mask","floor":37,"gold_loss":0},{"damage_healed":0,"gold_gain":0,"player_choice":"Fight","damage_taken":0,"max_hp_gain":0,"max_hp_loss":0,"event_name":"MindBloom","floor":38,"gold_loss":0},{"cards_removed":["TH:CursedSword"],"damage_healed":0,"gold_gain":0,"player_choice":"Card Removal","damage_taken":0,"max_hp_gain":0,"max_hp_loss":0,"event_name":"Wheel of Change","floor":48,"gold_loss":0}],"is_beta":false,"boss_relics":[{"not_picked":["Replay:Ancient Bell","hubris:VirtuousBlindfold","Pandora\u0027s Box"]},{"not_picked":["infinitespire:Cupcake","Fusion Hammer"],"picked":"ChewingGum"}],"items_purged_floors":[21,21,27],"is_endless":false,"potions_floor_spawned":[3,7,12,29,30,33,38,39,40,47,54],"ascension_level":0}}