{"host":"qc268ltokmxwqyrx","time":1613952764,"event":{"mods":["BaseMod","Colored Map","Minty Spire (QoL Compilation)","Relic Stats","Slay the Relics Exporter","StSLib","ojb\u0027s Info Mod"],"gold_per_floor":[114,114,114,134,0,32,48,48,72,72,92,92,123,134,134,205,205,215,228,100,100,110,142,142,175,202,230,240,259,259,270,270,344,344,361,47,58,58,58,93,4,37,62,87,37,57,57,86,86,86,86,86,86,7,37,37,37],"floor_reached":56,"language":"ENG","playtime":3053,"items_purged":["Pain","Strike_G","Strike_G+1","Strike_G+1","Strike_G+1"],"score":2366,"play_id":"fab3ae42-6351-4d03-b0ef-2999f697a2ad","local_time":"20210221181244","is_ascension_mode":true,"campfire_choices":[{"data":"Blade Dance","floor":8.0,"key":"SMITH"},{"data":"Acrobatics","floor":10.0,"key":"SMITH"},{"data":"Accuracy","floor":12.0,"key":"SMITH"},{"data":"Adrenaline","floor":15.0,"key":"SMITH"},{"data":"Doppelganger","floor":24.0,"key":"SMITH"},{"data":"J.A.X.","floor":32.0,"key":"SMITH"},{"floor":47.0,"key":"RECALL"},{"data":"Footwork","floor":49.0,"key":"SMITH"},{"data":"Malaise","floor":53.0,"key":"SMITH"}],"circlet_count":0,"master_deck":["AscendersBane","Strike_G+1","Defend_G+1","Defend_G+1","Defend_G+1","Defend_G+1","Defend_G+1","Survivor","Neutralize","Acrobatics+1","Poisoned Stab","Flying Knee","Choke","Blade Dance+1","Accuracy+1","Adrenaline+1","Infinite Blades","Doppelganger+1","Backflip","Dodge and Roll+1","Footwork+1","Malaise+1","PiercingWail","Acrobatics","Skewer","J.A.X.+1","Burst","Finisher+1","Riddle With Holes","Blur","Well Laid Plans","Reflex","Backflip+1"],"relics":["Ring of the Snake","NeowsBlessing","Happy Flower","WarpedTongs","Meat on the Bone","Smiling Mask","PreservedInsect","Coffee Dripper","Bag of Marbles","Regal Pillow","Centennial Puzzle","StoneCalendar","WristBlade","HornCleat","Blood Vial","Bronze Scales","Boot","Art of War","The Specimen","Snake Skull"],"acts_visited":["Exordium","TheCity","TheBeyond","TheEnding"],"potions_floor_usage":[56,56],"damage_taken":[{"damage":0.0,"enemies":"2 Louse","floor":1.0,"turns":1.0},{"damage":2.0,"enemies":"Small Slimes","floor":4.0,"turns":1.0},{"damage":0.0,"enemies":"Gremlin Nob","floor":6.0,"turns":1.0},{"damage":0.0,"enemies":"Cultist","floor":7.0,"turns":2.0},{"damage":0.0,"enemies":"Blue Slaver","floor":11.0,"turns":4.0},{"damage":10.0,"enemies":"Lagavulin","floor":13.0,"turns":5.0},{"damage":0.0,"enemies":"3 Louse","floor":14.0,"turns":3.0},{"damage":0.0,"enemies":"Slime Boss","floor":16.0,"turns":3.0},{"damage":6.0,"enemies":"Shell Parasite","floor":18.0,"turns":3.0},{"damage":11.0,"enemies":"Spheric Guardian","floor":19.0,"turns":3.0},{"damage":10.0,"enemies":"Cultist and Chosen","floor":22.0,"turns":6.0},{"damage":7.0,"enemies":"Slavers","floor":23.0,"turns":4.0},{"damage":0.0,"enemies":"Gremlin Leader","floor":25.0,"turns":4.0},{"damage":5.0,"enemies":"Book of Stabbing","floor":27.0,"turns":5.0},{"damage":11.0,"enemies":"Shelled Parasite and Fungi","floor":28.0,"turns":6.0},{"damage":3.0,"enemies":"Snecko","floor":29.0,"turns":5.0},{"damage":10.0,"enemies":"Snake Plant","floor":31.0,"turns":6.0},{"damage":17.0,"enemies":"Automaton","floor":33.0,"turns":8.0},{"damage":3.0,"enemies":"3 Darklings","floor":35.0,"turns":5.0},{"damage":0.0,"enemies":"Orb Walker","floor":37.0,"turns":3.0},{"damage":6.0,"enemies":"Giant Head","floor":40.0,"turns":4.0},{"damage":4.0,"enemies":"Reptomancer","floor":42.0,"turns":2.0},{"damage":0.0,"enemies":"Nemesis","floor":44.0,"turns":5.0},{"damage":32.0,"enemies":"Sphere and 2 Shapes","floor":46.0,"turns":5.0},{"damage":3.0,"enemies":"Giant Head","floor":48.0,"turns":5.0},{"damage":37.0,"enemies":"Donu and Deca","floor":50.0,"turns":9.0},{"damage":16.0,"enemies":"Time Eater","floor":51.0,"turns":7.0},{"damage":40.0,"enemies":"Shield and Spear","floor":55.0,"turns":5.0},{"damage":45,"enemies":"The Heart","floor":56,"turns":6}],"seed_played":"6156494963795589310","potions_obtained":[{"floor":7.0,"key":"Strength Potion"},{"floor":11.0,"key":"Weak Potion"},{"floor":13.0,"key":"Swift Potion"},{"floor":22.0,"key":"Block Potion"},{"floor":25.0,"key":"Swift Potion"},{"floor":46.0,"key":"LiquidMemories"},{"floor":55.0,"key":"Explosive Potion"}],"is_trial":false,"path_per_floor":["M","?","?","M","$","E","M","R","T","R","M","R","E","M","R","B",null,"M","M","$","?","M","E","R","E","T","E","M","M","?","M","R","B",null,"M","$","M","?","T","E","$","E","T","E","$","M","R","E","R","B","B",null,"R","$","E","B"],"character_chosen":"THE_SILENT","items_purchased":["Flying Knee","Footwork","HornCleat","Well Laid Plans","Ancient Potion"],"campfire_rested":0,"item_purchase_floors":[5,20,36,41,54],"current_hp_per_floor":[59,41,41,39,39,39,39,39,39,39,39,39,41,41,41,41,60,54,43,43,43,45,38,38,38,38,45,34,43,43,45,45,40,60,57,57,57,57,57,51,51,49,49,51,51,33,33,44,44,21,19,54,54,54,28,0,0],"gold":37,"neow_bonus":"THREE_ENEMY_KILL","is_daily":false,"chose_seed":false,"campfire_upgraded":8,"win_rate":0.0,"timestamp":1613952764,"path_taken":["M","?","?","M","$","E","M","R","T","R","M","R","E","M","R","BOSS","M","M","$","?","M","E","R","E","T","E","M","M","?","M","R","BOSS","M","$","M","?","?","E","?","E","T","E","?","M","R","E","R","BOSS","BOSS","R","$","E","BOSS"],"items_purchased_type":["Card","Card","Relic","Card","Potion"],"build_version":"2020-12-22","purchased_purges":5,"victory":false,"max_hp_per_floor":[66,66,66,66,66,66,66,66,66,66,66,66,66,66,66,66,66,66,66,66,66,66,66,66,66,66,66,66,66,66,66,66,66,66,66,66,66,66,66,66,66,66,66,66,66,66,66,66,66,66,66,66,66,66,66,66,66],"relic_stats":{"Regal Pillow":0,"Happy Flower":[41],"counters":[29,126],"StoneCalendar":[85],"PreservedInsect":583,"Snake Skull":[0],"Smiling Mask":350,"Boot":[40],"WarpedTongs":[122],"Blood Vial":16,"Centennial Puzzle":[38],"Bronze Scales":[203],"Art of War":[10],"obtain_stats":[{"Regal Pillow":25,"NeowsBlessing":0,"Happy Flower":2,"The Specimen":48,"StoneCalendar":27,"PreservedInsect":13,"Snake Skull":55,"Smiling Mask":9,"Boot":43,"WarpedTongs":3,"Blood Vial":40,"Centennial Puzzle":26,"HornCleat":36,"WristBlade":34,"Bronze Scales":42,"Coffee Dripper":17,"Bag of Marbles":23,"Art of War":44,"Ring of the Snake":0,"Meat on the Bone":6},{"Regal Pillow":13,"NeowsBlessing":0,"Happy Flower":1,"The Specimen":25,"StoneCalendar":14,"PreservedInsect":6,"Snake Skull":28,"Smiling Mask":4,"Boot":22,"WarpedTongs":1,"Blood Vial":21,"Centennial Puzzle":13,"HornCleat":19,"WristBlade":18,"Bronze Scales":22,"Coffee Dripper":8,"Bag of Marbles":12,"Art of War":23,"Ring of the Snake":0,"Meat on the Bone":3},{"Regal Pillow":40,"NeowsBlessing":0,"Happy Flower":1,"The Specimen":99,"StoneCalendar":45,"PreservedInsect":14,"Snake Skull":120,"Smiling Mask":5,"Boot":84,"WarpedTongs":1,"Blood Vial":82,"Centennial Puzzle":40,"HornCleat":75,"WristBlade":70,"Bronze Scales":84,"Coffee Dripper":20,"Bag of Marbles":36,"Art of War":89,"Ring of the Snake":0,"Meat on the Bone":3}],"Ring of the Snake":[58],"Meat on the Bone":132},"card_choices":[{"not_picked":["Underhanded Strike","Poisoned Stab"],"picked":"Acrobatics","floor":1.0},{"not_picked":["Deadly Poison","Footwork"],"picked":"Poisoned Stab","floor":4.0},{"not_picked":["PiercingWail","Tactician"],"picked":"Choke","floor":6.0},{"not_picked":["Accuracy","Underhanded Strike"],"picked":"Blade Dance","floor":7.0},{"not_picked":["Prepared","Reflex"],"picked":"Accuracy","floor":11.0},{"not_picked":["Die Die Die","Acrobatics"],"picked":"Adrenaline","floor":13.0},{"not_picked":["Dagger Throw","Sucker Punch"],"picked":"Infinite Blades","floor":14.0},{"not_picked":["Glass Knife","Unload"],"picked":"Doppelganger","floor":16.0},{"not_picked":["Flying Knee","Outmaneuver+1"],"picked":"Backflip","floor":18.0},{"not_picked":["Outmaneuver","Dagger Throw"],"picked":"Dodge and Roll+1","floor":19.0},{"not_picked":["Flying Knee","Sucker Punch","Noxious Fumes"],"picked":"SKIP","floor":22.0},{"not_picked":["Escape Plan","Predator"],"picked":"Malaise","floor":23.0},{"not_picked":["Prepared","Finisher"],"picked":"PiercingWail","floor":25.0},{"not_picked":["Endless Agony","Cloak And Dagger"],"picked":"Acrobatics","floor":27.0},{"not_picked":["Sucker Punch","Deflect","Flying Knee"],"picked":"SKIP","floor":28.0},{"not_picked":["Sucker Punch","Outmaneuver"],"picked":"Skewer","floor":29.0},{"not_picked":["Poisoned Stab+1","Deadly Poison","Acrobatics"],"picked":"SKIP","floor":31.0},{"not_picked":["Corpse Explosion","Venomology"],"picked":"Burst","floor":33.0},{"not_picked":["Setup","Expertise"],"picked":"Finisher+1","floor":35.0},{"not_picked":["Bane+1","Endless Agony"],"picked":"Riddle With Holes","floor":37.0},{"not_picked":["Catalyst","PiercingWail"],"picked":"Blur","floor":40.0},{"not_picked":["Riddle With Holes","Prepared+1"],"picked":"Reflex","floor":42.0},{"not_picked":["Infinite Blades","Cloak And Dagger","Burst"],"picked":"SKIP","floor":44.0},{"not_picked":["Dagger Throw","Underhanded Strike","Backflip"],"picked":"SKIP","floor":46.0},{"not_picked":["Bane","Dagger Throw+1"],"picked":"Backflip+1","floor":48.0},{"not_picked":["Backflip","Setup","Storm of Steel"],"picked":"SKIP","floor":55.0}],"player_experience":1896395,"relics_obtained":[{"floor":6.0,"key":"Meat on the Bone"},{"floor":9.0,"key":"Smiling Mask"},{"floor":13.0,"key":"PreservedInsect"},{"floor":23.0,"key":"Bag of Marbles"},{"floor":25.0,"key":"Regal Pillow"},{"floor":26.0,"key":"Centennial Puzzle"},{"floor":27.0,"key":"StoneCalendar"},{"floor":40.0,"key":"Blood Vial"},{"floor":42.0,"key":"Bronze Scales"},{"floor":43.0,"key":"Boot"},{"floor":44.0,"key":"Art of War"},{"floor":48.0,"key":"The Specimen"},{"floor":55.0,"key":"Snake Skull"}],"event_choices":[{"damage_healed":0.0,"max_hp_gain":0.0,"max_hp_loss":0.0,"gold_gain":0.0,"event_name":"Scrap Ooze","player_choice":"Success","floor":2.0,"gold_loss":0.0,"damage_taken":18.0,"relics_obtained":["Happy Flower"]},{"damage_healed":0.0,"max_hp_gain":0.0,"max_hp_loss":0.0,"gold_gain":0.0,"event_name":"Accursed Blacksmith","player_choice":"Rummage","floor":3.0,"gold_loss":0.0,"damage_taken":0.0,"relics_obtained":["WarpedTongs"],"cards_obtained":["Pain"]},{"damage_healed":0.0,"max_hp_gain":0.0,"max_hp_loss":0.0,"gold_gain":0.0,"event_name":"Back to Basics","player_choice":"Simplicity","floor":21.0,"gold_loss":0.0,"damage_taken":0.0,"cards_upgraded":["Strike_G","Strike_G","Strike_G","Strike_G","Defend_G","Defend_G","Defend_G","Defend_G","Defend_G"]},{"damage_healed":0.0,"max_hp_gain":0.0,"max_hp_loss":0.0,"gold_gain":0.0,"event_name":"Drug Dealer","player_choice":"Obtain J.A.X.","floor":30.0,"gold_loss":0.0,"damage_taken":0.0,"cards_obtained":["J.A.X."]},{"damage_healed":0.0,"max_hp_gain":0.0,"max_hp_loss":0.0,"gold_gain":0.0,"event_name":"Tomb of Lord Red Mask","player_choice":"Ignored","floor":38.0,"gold_loss":0.0,"damage_taken":0.0}],"is_beta":false,"boss_relics":[{"not_picked":["Pandora\u0027s Box","Sozu"],"picked":"Coffee Dripper"},{"not_picked":["Empty Cage","Runic Dome"],"picked":"WristBlade"}],"items_purged_floors":[5,20,36,41,45],"is_endless":false,"potions_floor_spawned":[7,11,13,22,25,27,31,33,35,44,46,48,55],"killed_by":"The Heart","ascension_level":20}}