{"host":"8iprjuzow65cevwy","time":1613995819,"event":{"mods":["BaseMod","Colored Map","Highlight Path","Minty Spire (QoL Compilation)","Permanent Neow"],"gold_per_floor":[160,335,335,285,298,298,326,340,340,350,36,36,51,79,79,183,183,193,209,209,209,219,219,252,263,314,333,333,349,349,95,95,199,199,212,262,277,290,310,336,336,347,370,370,370],"floor_reached":44,"language":"ENG","playtime":3372,"items_purged":["Strike_R","Strike_R"],"score":670,"play_id":"4d975645-2867-4b8a-a119-6df3d86b59dc","local_time":"20210222131019","is_ascension_mode":true,"campfire_choices":[{"data":"Power Through","floor":6,"key":"SMITH"},{"data":"Seeing Red","floor":12,"key":"SMITH"},{"data":"Barricade","floor":15,"key":"SMITH"},{"data":"RitualDagger","floor":23,"key":"SMITH"},{"floor":28,"key":"REST"},{"floor":32,"key":"REST"},{"floor":41,"key":"REST"}],"circlet_count":0,"master_deck":["Strike_R","Strike_R","Defend_R","Defend_R+1","Defend_R","Defend_R","Bash","Power Through+1","Cleave","Warcry","Sword Boomerang","Battle Trance","Seeing Red+1","Spot Weakness","Thunderclap","Barricade+1","Headbutt","Double Tap","Ghostly Armor+1","RitualDagger+1","Shrug It Off","Thunderclap","Battle Trance","Warcry+1","Body Slam","Parasite","Infernal Blade+1","Flame Barrier","Spot Weakness"],"relics":["Tiny House","Shuriken","Art of War","Lee\u0027s Waffle","Odd Mushroom","Busted Crown","Mummified Hand","Vajra","Toolbox","Black Star","Charon\u0027s Ashes","PreservedInsect","Pocketwatch","Regal Pillow"],"acts_visited":["Exordium","TheCity","TheBeyond"],"potions_floor_usage":[7,7,16,24,24,27,33,33,37,39,40,40,42,44],"damage_taken":[{"damage":0,"enemies":"Jaw Worm","floor":1,"turns":3},{"damage":1,"enemies":"2 Louse","floor":5,"turns":3},{"damage":29,"enemies":"Lagavulin","floor":7,"turns":11},{"damage":0,"enemies":"Cultist","floor":8,"turns":3},{"damage":0,"enemies":"Large Slime","floor":10,"turns":5},{"damage":9,"enemies":"Exordium Thugs","floor":13,"turns":3},{"damage":2,"enemies":"The Mushroom Lair","floor":14,"turns":2},{"damage":36,"enemies":"Slime Boss","floor":16,"turns":8},{"damage":4,"enemies":"Shell Parasite","floor":18,"turns":5},{"damage":28,"enemies":"2 Thieves","floor":19,"turns":5},{"damage":7,"enemies":"Centurion and Healer","floor":22,"turns":9},{"damage":40,"enemies":"Book of Stabbing","floor":24,"turns":5},{"damage":7,"enemies":"Snake Plant","floor":25,"turns":4},{"damage":3,"enemies":"Sentry and Sphere","floor":27,"turns":5},{"damage":22,"enemies":"Cultist and Chosen","floor":29,"turns":5},{"damage":24,"enemies":"Automaton","floor":33,"turns":10},{"damage":11,"enemies":"Orb Walker","floor":35,"turns":4},{"damage":0,"enemies":"Mind Bloom Boss Battle","floor":36,"turns":8},{"damage":16,"enemies":"3 Darklings","floor":37,"turns":4},{"damage":0,"enemies":"Maw","floor":38,"turns":6},{"damage":9,"enemies":"Writhing Mass","floor":39,"turns":7},{"damage":22,"enemies":"Reptomancer","floor":40,"turns":6},{"damage":32,"enemies":"Jaw Worm Horde","floor":42,"turns":4},{"damage":21,"enemies":"Spire Growth","floor":44,"turns":3}],"seed_played":"-8084938839449550746","potions_obtained":[{"floor":0,"key":"PowerPotion"},{"floor":1,"key":"PowerPotion"},{"floor":5,"key":"PowerPotion"},{"floor":8,"key":"Regen Potion"},{"floor":13,"key":"ColorlessPotion"},{"floor":14,"key":"SpeedPotion"},{"floor":19,"key":"SteroidPotion"},{"floor":25,"key":"SkillPotion"},{"floor":29,"key":"Block Potion"},{"floor":30,"key":"Energy Potion"},{"floor":30,"key":"ElixirPotion"},{"floor":33,"key":"HeartOfIron"},{"floor":36,"key":"ElixirPotion"},{"floor":39,"key":"BlessingOfTheForge"},{"floor":40,"key":"Dexterity Potion"},{"floor":42,"key":"PowerPotion"}],"is_trial":false,"path_per_floor":["M","?","?","?","M","R","E","M","T","M","$","R","M","?","R","B",null,"M","M","?","?","M","R","E","M","T","M","R","M","?","$","R","B",null,"M","?","M","M","M","E","R","M","T","M"],"character_chosen":"IRONCLAD","items_purchased":["Spot Weakness","Thunderclap","Lee\u0027s Waffle","Toolbox"],"campfire_rested":3,"item_purchase_floors":[11,11,11,31],"current_hp_per_floor":[77,77,70,70,69,69,40,40,40,40,92,92,83,81,81,45,80,76,48,42,92,85,85,50,43,43,40,67,45,45,45,72,48,81,70,70,54,54,45,23,50,18,18,0,0],"gold":370,"neow_bonus":"BOSS_RELIC","is_daily":false,"chose_seed":false,"campfire_upgraded":4,"win_rate":0.0,"timestamp":1613995819,"path_taken":["M","?","?","?","M","R","E","M","T","M","$","R","?","?","R","BOSS","M","M","?","?","M","R","E","M","T","M","R","?","?","?","R","BOSS","M","?","M","M","M","E","R","M","T","M"],"items_purchased_type":["Card","Card","Relic","Relic"],"build_version":"2020-12-22","purchased_purges":2,"victory":false,"max_hp_per_floor":[85,85,85,85,85,85,85,85,85,85,92,92,92,92,92,92,92,92,92,92,92,92,92,92,92,92,92,92,92,92,92,92,92,92,92,92,92,92,92,92,92,92,92,92,92],"card_choices":[{"not_picked":["Sentinel","Flex"],"picked":"Power Through","floor":0},{"not_picked":["Headbutt","Flex"],"picked":"Cleave","floor":1},{"not_picked":["Ghostly Armor","Dual Wield"],"picked":"Warcry","floor":5},{"not_picked":["Entrench","Second Wind"],"picked":"Sword Boomerang","floor":7},{"not_picked":["Metallicize","Flex"],"picked":"Battle Trance","floor":8},{"not_picked":["Heavy Blade","Power Through"],"picked":"Seeing Red","floor":10},{"not_picked":["Shrug It Off","Warcry"],"picked":"Barricade","floor":13},{"not_picked":["Twin Strike","Fire Breathing"],"picked":"Headbutt","floor":14},{"not_picked":["Barricade","Feed"],"picked":"Double Tap","floor":16},{"not_picked":[],"picked":"Ghostly Armor+1","floor":18},{"not_picked":["Perfected Strike"],"picked":"SKIP","floor":19},{"not_picked":[],"picked":"Shrug It Off","floor":22},{"not_picked":["Perfected Strike"],"picked":"SKIP","floor":24},{"not_picked":[],"picked":"Thunderclap","floor":25},{"not_picked":[],"picked":"Battle Trance","floor":27},{"not_picked":[],"picked":"Warcry+1","floor":29},{"not_picked":[],"picked":"Body Slam","floor":35},{"not_picked":["Cleave"],"picked":"SKIP","floor":37},{"not_picked":["Searing Blow"],"picked":"SKIP","floor":38},{"not_picked":[],"picked":"Infernal Blade+1","floor":39},{"not_picked":[],"picked":"Flame Barrier","floor":40},{"not_picked":[],"picked":"Spot Weakness","floor":42}],"player_experience":388717,"relics_obtained":[{"floor":7,"key":"Shuriken"},{"floor":9,"key":"Art of War"},{"floor":14,"key":"Odd Mushroom"},{"floor":24,"key":"Mummified Hand"},{"floor":26,"key":"Vajra"},{"floor":36,"key":"Charon\u0027s Ashes"},{"floor":40,"key":"PreservedInsect"},{"floor":40,"key":"Pocketwatch"},{"floor":43,"key":"Regal Pillow"}],"event_choices":[{"damage_healed":0,"gold_gain":175,"player_choice":"AGREE","damage_taken":0,"max_hp_gain":0,"max_hp_loss":0,"event_name":"Liars Game","floor":2,"gold_loss":0,"cards_obtained":["Doubt"]},{"cards_removed":["Doubt"],"damage_healed":0,"gold_gain":0,"player_choice":"Card Removal","damage_taken":7,"max_hp_gain":0,"max_hp_loss":0,"event_name":"Golden Wing","floor":3,"gold_loss":0},{"cards_removed":["Strike_R"],"damage_healed":0,"gold_gain":0,"player_choice":"Card Removal","damage_taken":0,"max_hp_gain":0,"max_hp_loss":0,"event_name":"The Cleric","floor":4,"gold_loss":50},{"damage_healed":0,"gold_gain":0,"player_choice":"Fought Mushrooms","damage_taken":0,"max_hp_gain":0,"max_hp_loss":0,"event_name":"Mushrooms","floor":14,"gold_loss":0},{"damage_healed":0,"gold_gain":0,"player_choice":"Joined the Cult","damage_taken":6,"max_hp_gain":0,"max_hp_loss":0,"event_name":"Nest","floor":20,"gold_loss":0,"cards_obtained":["RitualDagger"]},{"damage_healed":50,"gold_gain":0,"player_choice":"Full Heal","damage_taken":0,"max_hp_gain":0,"max_hp_loss":0,"event_name":"Wheel of Change","floor":21,"gold_loss":0},{"damage_healed":0,"gold_gain":0,"player_choice":"Got Potions","damage_taken":0,"max_hp_gain":0,"max_hp_loss":0,"event_name":"Lab","floor":30,"gold_loss":0},{"damage_healed":0,"gold_gain":0,"player_choice":"Fight","damage_taken":0,"max_hp_gain":0,"max_hp_loss":0,"event_name":"MindBloom","floor":36,"gold_loss":0}],"is_beta":false,"boss_relics":[{"not_picked":["Runic Pyramid","Cursed Key"],"picked":"Busted Crown"},{"not_picked":["SacredBark","Philosopher\u0027s Stone"],"picked":"Black Star"}],"items_purged_floors":[11,31],"is_endless":false,"potions_floor_spawned":[1,5,8,13,14,19,25,29,33,36,39,40,42],"killed_by":"Spire Growth","ascension_level":9}}