{"host":"rolltorest","time":1613952915,"event":{"mods":["BaseMod","Minty Spire (QoL Compilation)","Relic Stats","Slay the Relics Exporter","StSLib"],"gold_per_floor":[115,125,125,140,140,166,178,221,256,301,324,336,364,401,413,497,509,538,563,591,203,203,203,235,235,235,50,66,101,120,120,120],"floor_reached":31,"language":"ENG","playtime":817,"items_purged":["Strike_P","Strike_P"],"score":710,"play_id":"5204efe7-0f2a-4ca2-9ddf-4d01070a1902","local_time":"20210221161515","is_ascension_mode":true,"campfire_choices":[{"data":"Eruption","floor":7,"key":"SMITH"},{"floor":12,"key":"REST"},{"data":"Meditate","floor":15,"key":"SMITH"},{"data":"Establishment","floor":23,"key":"SMITH"},{"data":"Wish","floor":25,"key":"SMITH"}],"circlet_count":0,"master_deck":["AscendersBane","Strike_P","Defend_P","Defend_P","Defend_P","Defend_P","Eruption+1","Vigilance","CurseOfTheBell","WheelKick","Eruption","BowlingBash","EmptyFist","Conclude","Meditate+1","EmptyBody","FearNoEvil","Establishment+1","Wallop","Ragnarok+1","Wish+1","Adaptation","CutThroughFate"],"relics":["Calling Bell","Lantern","Sundial","Pocketwatch","MawBank","Boot","Bag of Marbles","Centennial Puzzle","Strawberry","Snecko Eye","Happy Flower","Nunchaku","TungstenRod","MealTicket"],"acts_visited":["Exordium","TheCity"],"potions_floor_usage":[10,11,24,24,31,31],"damage_taken":[{"damage":7,"enemies":"Jaw Worm","floor":1,"turns":4},{"damage":0,"enemies":"Cultist","floor":2,"turns":2},{"damage":0,"enemies":"2 Louse","floor":4,"turns":2},{"damage":16,"enemies":"Gremlin Nob","floor":6,"turns":3},{"damage":7,"enemies":"3 Sentries","floor":8,"turns":6},{"damage":12,"enemies":"Gremlin Nob","floor":10,"turns":3},{"damage":0,"enemies":"Gremlin Gang","floor":11,"turns":2},{"damage":8,"enemies":"Blue Slaver","floor":13,"turns":2},{"damage":0,"enemies":"Lagavulin","floor":14,"turns":3},{"damage":20,"enemies":"The Guardian","floor":16,"turns":13},{"damage":0,"enemies":"Chosen","floor":18,"turns":2},{"damage":12,"enemies":"2 Thieves","floor":19,"turns":4},{"damage":1,"enemies":"Centurion and Healer","floor":20,"turns":3},{"damage":13,"enemies":"Slavers","floor":24,"turns":3},{"damage":21,"enemies":"Snake Plant","floor":28,"turns":2},{"damage":0,"enemies":"Book of Stabbing","floor":29,"turns":3},{"damage":3,"enemies":"Cultist and Chosen","floor":30,"turns":4},{"damage":22,"enemies":"Slavers","floor":31,"turns":1}],"seed_played":"5267390946187223768","potions_obtained":[{"floor":1,"key":"StancePotion"},{"floor":2,"key":"PowerPotion"},{"floor":13,"key":"GamblersBrew"},{"floor":16,"key":"StancePotion"},{"floor":29,"key":"Weak Potion"},{"floor":30,"key":"StancePotion"}],"is_trial":false,"path_per_floor":["M","M","?","M","?","E","R","E","T","E","M","R","M","E","R","B",null,"M","M","M","$","?","R","E","R","T","$","M","E","M","E"],"character_chosen":"WATCHER","items_purchased":["Happy Flower","Ragnarok","Adaptation"],"campfire_rested":1,"item_purchase_floors":[21,21,27],"current_hp_per_floor":[54,54,54,54,54,38,38,31,31,19,19,39,31,38,38,18,61,61,49,48,48,48,48,35,35,35,35,14,14,11,0,0],"gold":120,"neow_bonus":"BOSS_RELIC","is_daily":false,"chose_seed":false,"campfire_upgraded":4,"win_rate":0.0,"timestamp":1613952915,"path_taken":["M","M","?","?","?","E","R","E","T","E","M","R","M","E","R","BOSS","M","M","?","$","?","R","E","R","T","$","M","E","?","E"],"items_purchased_type":["Relic","Card","Card"],"build_version":"2020-12-18","purchased_purges":2,"victory":false,"max_hp_per_floor":[68,68,68,68,68,68,68,68,68,68,68,68,68,75,75,75,75,75,75,75,75,75,75,75,75,75,75,75,75,75,75,75],"relic_stats":{"Centennial Puzzle":[24],"Nunchaku":[2],"Happy Flower":[4],"counters":[18,62],"Sundial":[14],"Snecko Eye":[46,40,45,41],"MealTicket":0,"MawBank":180,"Boot":[5],"obtain_stats":[{"Lantern":0,"Happy Flower":21,"MawBank":6,"Boot":8,"Calling Bell":0,"Centennial Puzzle":10,"Nunchaku":24,"Sundial":0,"Strawberry":14,"Snecko Eye":17,"MealTicket":29,"Bag of Marbles":9,"PureWater":0,"TungstenRod":26,"Pocketwatch":0},{"Lantern":0,"Happy Flower":13,"MawBank":4,"Boot":5,"Calling Bell":0,"Centennial Puzzle":6,"Nunchaku":14,"Sundial":0,"Strawberry":9,"Snecko Eye":10,"MealTicket":16,"Bag of Marbles":5,"PureWater":0,"TungstenRod":14,"Pocketwatch":0},{"Lantern":0,"Happy Flower":49,"MawBank":11,"Boot":17,"Calling Bell":0,"Centennial Puzzle":20,"Nunchaku":52,"Sundial":0,"Strawberry":27,"Snecko Eye":40,"MealTicket":57,"Bag of Marbles":17,"PureWater":0,"TungstenRod":52,"Pocketwatch":0}],"TungstenRod":8,"Pocketwatch":[86]},"card_choices":[{"not_picked":["Evaluate","SashWhip"],"picked":"WheelKick","floor":1},{"not_picked":["EmptyBody","Halt","Vengeance"],"picked":"SKIP","floor":2},{"not_picked":["ClearTheMind","Protect"],"picked":"BowlingBash","floor":4},{"not_picked":["DeceiveReality","FlyingSleeves"],"picked":"EmptyFist","floor":6},{"not_picked":["Prostrate","Ragnarok"],"picked":"Conclude","floor":8},{"not_picked":["Ragnarok","JustLucky"],"picked":"Meditate","floor":10},{"not_picked":["PathToVictory","Halt"],"picked":"EmptyBody","floor":11},{"not_picked":["ThirdEye","PathToVictory"],"picked":"FearNoEvil","floor":13},{"not_picked":["JustLucky","SignatureMove","PathToVictory"],"picked":"SKIP","floor":14},{"not_picked":["Alpha","DeusExMachina"],"picked":"Establishment","floor":16},{"not_picked":["WreathOfFlame+1","SashWhip","FlyingSleeves+1"],"picked":"SKIP","floor":18},{"not_picked":["EmptyBody","FlyingSleeves","ClearTheMind"],"picked":"SKIP","floor":19},{"not_picked":["WaveOfTheHand","Prostrate"],"picked":"Wallop","floor":20},{"not_picked":["Prostrate","FlurryOfBlows"],"picked":"Wish","floor":24},{"not_picked":["Halt","PathToVictory+1","ForeignInfluence"],"picked":"SKIP","floor":28},{"not_picked":["Crescendo","EmptyBody","FlyingSleeves"],"picked":"SKIP","floor":29},{"not_picked":["ClearTheMind","Halt"],"picked":"CutThroughFate","floor":30}],"player_experience":2022863,"relics_obtained":[{"floor":0,"key":"Lantern"},{"floor":0,"key":"Sundial"},{"floor":0,"key":"Pocketwatch"},{"floor":6,"key":"MawBank"},{"floor":8,"key":"Boot"},{"floor":9,"key":"Bag of Marbles"},{"floor":10,"key":"Centennial Puzzle"},{"floor":14,"key":"Strawberry"},{"floor":24,"key":"Nunchaku"},{"floor":26,"key":"TungstenRod"},{"floor":29,"key":"MealTicket"}],"event_choices":[{"damage_healed":0,"gold_gain":0,"player_choice":"1 cards matched","damage_taken":0,"max_hp_gain":0,"max_hp_loss":0,"event_name":"Match and Keep!","floor":3,"gold_loss":0,"cards_obtained":["Eruption"]},{"cards_removed":["Strike_P"],"damage_healed":0,"gold_gain":0,"player_choice":"Offered Basic","damage_taken":0,"max_hp_gain":0,"max_hp_loss":0,"event_name":"Bonfire Elementals","floor":5,"gold_loss":0},{"damage_healed":0,"gold_gain":0,"player_choice":"Upgraded","damage_taken":0,"max_hp_gain":0,"max_hp_loss":0,"event_name":"Upgrade Shrine","floor":22,"gold_loss":0,"cards_upgraded":["Ragnarok"]}],"is_beta":true,"boss_relics":[{"not_picked":["Runic Pyramid","Astrolabe"],"picked":"Snecko Eye"}],"items_purged_floors":[21,27],"is_endless":false,"potions_floor_spawned":[1,2,8,13,16,19,20,29,30],"killed_by":"Slavers","ascension_level":20}}