{"host":"or8fr2mp0k3eluj8","time":1613973811,"event":{"mods":["AchievementEnabler","BaseMod","Colored Map","DeckTracker","Keyboard Shortcuts","Minty Spire (QoL Compilation)","StSLib","SuperFastMode","everything is the same but u backflip on backflip"],"gold_per_floor":[17,30,47,47,47,78,78,110,110,110,210,210,229,245,245,347,347,347],"floor_reached":17,"language":"KOR","playtime":1057,"items_purged":[],"score":198,"play_id":"90821380-d765-4aa1-bf39-51e7b8f41226","local_time":"20210222150331","is_ascension_mode":true,"campfire_choices":[{"data":"Finisher","floor":7,"key":"SMITH"},{"floor":12,"key":"REST"},{"data":"Glass Knife","floor":15,"key":"SMITH"}],"circlet_count":0,"master_deck":["Strike_G","Strike_G","Strike_G","Strike_G","Defend_G","Defend_G","Defend_G","Defend_G","Defend_G","Survivor","Neutralize","Glass Knife+1","Acrobatics","Finisher+1","Leg Sweep","Blade Dance","Dagger Spray"],"relics":["Ring of the Snake","Paper Crane","StoneCalendar","TungstenRod","HoveringKite"],"acts_visited":["Exordium","TheCity"],"potions_floor_usage":[16,16],"damage_taken":[{"damage":0,"enemies":"2 Louse","floor":1,"turns":2},{"damage":0,"enemies":"Small Slimes","floor":2,"turns":4},{"damage":0,"enemies":"Cultist","floor":3,"turns":2},{"damage":34,"enemies":"3 Sentries","floor":6,"turns":8},{"damage":16,"enemies":"Gremlin Nob","floor":8,"turns":4},{"damage":0,"enemies":"Blue Slaver","floor":13,"turns":3},{"damage":11,"enemies":"3 Louse","floor":14,"turns":2},{"damage":13,"enemies":"Slime Boss","floor":16,"turns":7}],"seed_played":"-1553995075361196236","potions_obtained":[{"floor":1,"key":"BlessingOfTheForge"},{"floor":2,"key":"SpeedPotion"},{"floor":6,"key":"CunningPotion"},{"floor":8,"key":"DistilledChaos"},{"floor":16,"key":"AttackPotion"}],"is_trial":false,"path_per_floor":["M","M","M","$","?","E","R","E","T","?","?","R","M","M","R","B",null],"character_chosen":"THE_SILENT","items_purchased":[],"campfire_rested":1,"item_purchase_floors":[],"current_hp_per_floor":[70,70,70,70,75,41,41,25,25,19,19,41,41,30,30,17,75,75],"gold":347,"neow_bonus":"THREE_RARE_CARDS","is_daily":false,"chose_seed":false,"campfire_upgraded":2,"win_rate":0.0,"timestamp":1613973811,"path_taken":["M","M","M","$","?","E","R","E","T","?","?","R","?","M","R","BOSS"],"items_purchased_type":[],"build_version":"2020-12-22","purchased_purges":0,"victory":false,"max_hp_per_floor":[70,70,70,70,75,75,75,75,75,75,75,75,75,75,75,75,75,75],"card_choices":[{"not_picked":["Venomology","Phantasmal Killer"],"picked":"Glass Knife","floor":0},{"not_picked":["Tactician","Sucker Punch"],"picked":"Acrobatics","floor":1},{"not_picked":["Escape Plan","Acrobatics"],"picked":"Finisher","floor":2},{"not_picked":["Quick Slash","Bouncing Flask"],"picked":"Leg Sweep","floor":3},{"not_picked":["Flechettes","Backflip"],"picked":"Blade Dance","floor":6},{"not_picked":["Bane","Underhanded Strike","Noxious Fumes"],"picked":"SKIP","floor":8},{"not_picked":["Bane","Dagger Throw","Wraith Form v2"],"picked":"SKIP","floor":13},{"not_picked":["PiercingWail","Quick Slash"],"picked":"Dagger Spray","floor":14}],"player_experience":436598,"relics_obtained":[{"floor":6,"key":"Paper Crane"},{"floor":8,"key":"StoneCalendar"},{"floor":9,"key":"TungstenRod"}],"event_choices":[{"damage_healed":0,"gold_gain":0,"player_choice":"Donut","damage_taken":0,"max_hp_gain":5,"max_hp_loss":0,"event_name":"Big Fish","floor":5,"gold_loss":0},{"cards_removed":["Strike_G"],"damage_healed":0,"gold_gain":0,"player_choice":"Card Removal","damage_taken":7,"max_hp_gain":0,"max_hp_loss":0,"event_name":"Golden Wing","floor":10,"gold_loss":0},{"damage_healed":0,"gold_gain":100,"player_choice":"Pray","damage_taken":0,"max_hp_gain":0,"max_hp_loss":0,"event_name":"Golden Shrine","floor":11,"gold_loss":0}],"is_beta":false,"boss_relics":[{"not_picked":["Cursed Key","Fusion Hammer"],"picked":"HoveringKite"}],"items_purged_floors":[],"is_endless":false,"potions_floor_spawned":[1,2,6,8,16],"ascension_level":4}}