{"host":"bplbr8uekuotory4","time":1613969450,"event":{"mods":["Act Like it!","BaseMod","GungeonMod","Hermit","KinomotoSakuraMod(木之本樱)","Marisa（F雨　魔理沙）","Minty Spire (QoL Compilation)","Prisma Mod","Quick Restart","Reimu（博丽灵梦）","SOS（斯巴达之子）","Spicy Shops","StSLib","TestMod","The Blackbeard","The Cursed","The Mystic","The Saiyan","The Senshi","The Servant 0.9.4","Yuri Mod","[IsaacMod]以撒尖塔"],"gold_per_floor":[115,115,165,178,178,212,226,226,253,253,335,285,314,347,347,442,442,469,479,479,506,431,474,481,481],"floor_reached":24,"language":"ZHS","playtime":404,"items_purged":["Strike_P","Defend_P"],"score":371,"play_id":"89c27b19-84b1-4ec3-86bb-0cdeb651a5fb","local_time":"20210222125050","is_ascension_mode":true,"campfire_choices":[{"data":"ConjureBlade","floor":8,"key":"SMITH"},{"data":"Eruption","floor":10,"key":"SMITH"},{"data":"Tantrum","floor":15,"key":"SMITH"}],"circlet_count":0,"master_deck":["Strike_P","Strike_P","Defend_P+1","Defend_P+1","Eruption+1","Vigilance","ConjureBlade+1","FollowUp","Tantrum+1","Establishment"],"relics":["PureWater","testmod-TestBox","HushsDoor","SatanicBible","testmod-ObsoleteBoomerang","NeowsBlessing","TuHaoJin","Juzu Bracelet","CeramicFish","SalivaCoin","War Paint","testmod-Nine","GuppysHairball"],"acts_visited":["Exordium","TheCity"],"potions_floor_usage":[6,14,16],"damage_taken":[{"damage":0,"enemies":"Cultist","floor":1,"turns":1},{"damage":0,"enemies":"Hiden Room Battle","floor":3,"turns":1},{"damage":0,"enemies":"Small Slimes","floor":4,"turns":1},{"damage":0,"enemies":"Lagavulin","floor":6,"turns":3},{"damage":0,"enemies":"Jaw Worm","floor":7,"turns":1},{"damage":3,"enemies":"Blue Slaver","floor":13,"turns":2},{"damage":0,"enemies":"Gremlin Nob","floor":14,"turns":2},{"damage":0,"enemies":"The Guardian","floor":16,"turns":6},{"damage":0,"enemies":"Shell Parasite","floor":18,"turns":1},{"damage":0,"enemies":"Spheric Guardian","floor":19,"turns":2},{"damage":38,"enemies":"Centurion and Healer","floor":21,"turns":3},{"damage":28,"enemies":"Snake Plant","floor":23,"turns":2},{"damage":4,"enemies":"Book of Stabbing","floor":24,"turns":2}],"seed_played":"6792352504680928736","potions_obtained":[{"floor":1,"key":"PowerPotion"},{"floor":4,"key":"Energy Potion"},{"floor":7,"key":"Swift Potion"}],"is_trial":false,"path_per_floor":["M","?","?","M","?","E","M","R","T","R","?","?","M","E","R","B",null,"M","M","?","M","$","M","E"],"character_chosen":"WATCHER","items_purchased":["GuppysHairball","FairyPotion","Ambrosia","testmod-TestPotion"],"campfire_rested":0,"item_purchase_floors":[17,17,17,17],"current_hp_per_floor":[72,72,57,57,129,129,129,129,129,129,118,118,115,115,115,115,118,118,118,118,80,80,52,48,48],"gold":481,"neow_bonus":"THREE_ENEMY_KILL","is_daily":false,"chose_seed":false,"campfire_upgraded":3,"win_rate":0.0,"timestamp":1613969450,"path_taken":["M","?","?","M","?","E","M","R","T","R","?","?","M","E","R","BOSS","M","M","?","M","$","M","E"],"items_purchased_type":["Relic","Potion","Potion","Potion"],"build_version":"2020-12-22","purchased_purges":2,"victory":false,"max_hp_per_floor":[72,72,72,72,144,144,144,144,144,144,144,144,144,144,144,144,118,118,118,118,118,118,118,118,118],"card_choices":[{"not_picked":["TalkToTheHand","Halt","JustLucky"],"picked":"SKIP","floor":1},{"not_picked":["Weave","Halt"],"picked":"ConjureBlade","floor":3},{"not_picked":["ClearTheMind","Study","Vengeance"],"picked":"SKIP","floor":4},{"not_picked":["Worship","Wallop"],"picked":"FollowUp","floor":6},{"not_picked":["ThirdEye","SashWhip","EmptyMind"],"picked":"SKIP","floor":7},{"not_picked":["MentalFortress","Meditate"],"picked":"Tantrum","floor":13},{"not_picked":["Devotion","Ragnarok","WindmillStrike"],"picked":"SKIP","floor":14},{"not_picked":["BattleHymn","ConjureBlade","Worship"],"picked":"SKIP","floor":18},{"not_picked":["Tantrum+1","BowlingBash+1","EmptyFist"],"picked":"SKIP","floor":19},{"not_picked":["DeceiveReality","Collect","Nirvana+1"],"picked":"SKIP","floor":21},{"not_picked":["FollowUp+1","Consecrate"],"picked":"Establishment","floor":23}],"player_experience":1176217,"relics_obtained":[{"floor":3,"key":"TuHaoJin"},{"floor":3,"key":"Juzu Bracelet"},{"floor":6,"key":"CeramicFish"},{"floor":9,"key":"SalivaCoin"},{"floor":14,"key":"War Paint"}],"event_choices":[{"cards_removed":["Strike_P"],"damage_healed":0,"gold_gain":0,"player_choice":"Forget","damage_taken":0,"max_hp_gain":0,"max_hp_loss":0,"event_name":"Living Wall","floor":2,"gold_loss":0},{"damage_healed":0,"gold_gain":0,"player_choice":"Fight","damage_taken":0,"max_hp_gain":0,"max_hp_loss":0,"event_name":"HidenRoomEvent","floor":3,"gold_loss":0},{"damage_healed":0,"gold_gain":0,"player_choice":"Swap Relic","damage_taken":0,"relics_obtained":["testmod-HarvestTotem"],"max_hp_gain":0,"max_hp_loss":0,"event_name":"给自己的盒子","floor":5,"relics_lost":["testmod-HarvestTotem"],"gold_loss":0},{"damage_healed":0,"gold_gain":75,"player_choice":"Gather Gold","damage_taken":11,"max_hp_gain":0,"max_hp_loss":0,"event_name":"World of Goop","floor":11,"gold_loss":0},{"cards_removed":["Defend_P"],"damage_healed":0,"gold_gain":0,"player_choice":"Card Removal","damage_taken":0,"max_hp_gain":0,"max_hp_loss":0,"event_name":"The Cleric","floor":12,"gold_loss":50},{"damage_healed":0,"gold_gain":0,"player_choice":"Ignored","damage_taken":0,"max_hp_gain":0,"max_hp_loss":0,"event_name":"Vampires","floor":20,"gold_loss":0}],"is_beta":false,"boss_relics":[{"not_picked":["Runic Pyramid","testmod-BatchProcessingSystem"],"picked":"testmod-Nine"},{"not_picked":[]}],"items_purged_floors":[17,22],"is_endless":false,"potions_floor_spawned":[1,4,7,19],"killed_by":"Book of Stabbing","ascension_level":1}}