{"host":"np4f5reu8f2vit8r","time":1613986343,"event":{"mods":["BaseMod","Bestiary","Curses Come First","Minty Spire (QoL Compilation)","Permanent Neow","Relic Stats","StSLib"],"gold_per_floor":[119,132,143,143,155,187,187,212,212,242,207,223,238,48,48,120,120,130,75,87,87,59,89,89,89,89],"floor_reached":25,"language":"ENG","playtime":1109,"items_purged":["Strike_G"],"score":462,"play_id":"a104b7d8-892b-4aa4-a815-7adf17c47e1d","local_time":"20210222223223","is_ascension_mode":true,"campfire_choices":[{"floor":7,"key":"REST"},{"data":"Deadly Poison","floor":15,"key":"SMITH"},{"floor":24,"key":"REST"}],"circlet_count":0,"master_deck":["AscendersBane","Defend_G","Defend_G","Defend_G","Defend_G","Defend_G","Survivor","Neutralize","PiercingWail","Quick Slash","Acrobatics","Backflip","Deadly Poison+1","Masterful Stab+1","Terror+1","After Image+1","Skewer","Backflip","Predator","Backflip"],"relics":["Busted Crown","Potion Belt","InkBottle","Gremlin Horn","Astrolabe","Meat on the Bone"],"acts_visited":["Exordium","TheCity"],"potions_floor_usage":[6,8,8,20,23],"damage_taken":[{"damage":4,"enemies":"Cultist","floor":1,"turns":5},{"damage":8,"enemies":"Jaw Worm","floor":2,"turns":9},{"damage":0,"enemies":"Small Slimes","floor":3,"turns":6},{"damage":0,"enemies":"Looter","floor":5,"turns":4},{"damage":27,"enemies":"3 Sentries","floor":6,"turns":16},{"damage":27,"enemies":"Gremlin Nob","floor":8,"turns":4},{"damage":0,"enemies":"Exordium Wildlife","floor":12,"turns":4},{"damage":8,"enemies":"Large Slime","floor":13,"turns":9},{"damage":14,"enemies":"The Guardian","floor":16,"turns":11},{"damage":7,"enemies":"3 Byrds","floor":18,"turns":7},{"damage":0,"enemies":"Shell Parasite","floor":20,"turns":5},{"damage":24,"enemies":"Book of Stabbing","floor":23,"turns":7},{"damage":40,"enemies":"Slavers","floor":25,"turns":3}],"seed_played":"-3671459955379122138","potions_obtained":[{"floor":2,"key":"Fire Potion"},{"floor":3,"key":"DuplicationPotion"},{"floor":6,"key":"SteroidPotion"},{"floor":12,"key":"EssenceOfSteel"},{"floor":20,"key":"AttackPotion"}],"is_trial":false,"path_per_floor":["M","M","M","?","M","E","R","E","T","?","?","M","M","$","R","B",null,"M","$","M","?","$","E","R","E"],"character_chosen":"THE_SILENT","items_purchased":["Backflip","Deadly Poison","Backflip","Backflip"],"campfire_rested":2,"item_purchase_floors":[14,14,19,22],"current_hp_per_floor":[55,47,47,47,47,20,39,12,12,12,28,28,20,20,20,6,51,44,44,44,44,44,20,39,0,0],"gold":89,"neow_bonus":"BOSS_RELIC","is_daily":false,"chose_seed":false,"campfire_upgraded":1,"win_rate":0.0,"timestamp":1613986343,"path_taken":["M","M","M","?","M","E","R","E","T","?","?","M","M","$","R","BOSS","M","$","M","?","$","E","R","E"],"items_purchased_type":["Card","Card","Card","Card"],"build_version":"2020-12-22","purchased_purges":1,"victory":false,"max_hp_per_floor":[66,66,66,66,66,66,66,66,66,66,66,66,66,66,66,66,66,66,66,66,66,66,66,66,66,66],"relic_stats":{"Busted Crown":24,"Gremlin Horn":[5,5],"counters":[13,90],"Astrolabe":["Masterful Stab","Terror","After Image"],"obtain_stats":[{"Potion Belt":6,"Busted Crown":0,"Gremlin Horn":9,"Astrolabe":17,"InkBottle":8,"Ring of the Snake":0,"Meat on the Bone":23},{"Potion Belt":5,"Busted Crown":0,"Gremlin Horn":6,"Astrolabe":9,"InkBottle":6,"Ring of the Snake":0,"Meat on the Bone":12},{"Potion Belt":40,"Busted Crown":0,"Gremlin Horn":44,"Astrolabe":68,"InkBottle":44,"Ring of the Snake":0,"Meat on the Bone":87}],"InkBottle":[19],"Meat on the Bone":0},"card_choices":[{"not_picked":[],"picked":"PiercingWail","floor":1},{"not_picked":["Outmaneuver"],"picked":"SKIP","floor":2},{"not_picked":[],"picked":"Quick Slash","floor":3},{"not_picked":["Outmaneuver"],"picked":"SKIP","floor":5},{"not_picked":["Outmaneuver"],"picked":"SKIP","floor":6},{"not_picked":["Storm of Steel"],"picked":"SKIP","floor":8},{"not_picked":["Slice"],"picked":"SKIP","floor":12},{"not_picked":["Escape Plan"],"picked":"SKIP","floor":13},{"not_picked":[],"picked":"Skewer","floor":18},{"not_picked":[],"picked":"Predator","floor":20},{"not_picked":["Quick Slash"],"picked":"SKIP","floor":23}],"player_experience":968350,"relics_obtained":[{"floor":6,"key":"Potion Belt"},{"floor":8,"key":"InkBottle"},{"floor":9,"key":"Gremlin Horn"},{"floor":23,"key":"Meat on the Bone"}],"event_choices":[{"damage_healed":0,"gold_gain":0,"cards_transformed":["Strike_G"],"player_choice":"Change","damage_taken":0,"max_hp_gain":0,"max_hp_loss":0,"event_name":"Living Wall","floor":4,"gold_loss":0,"cards_obtained":["Acrobatics"]},{"damage_healed":0,"gold_gain":30,"player_choice":"Searched \u00271\u0027 times","damage_taken":0,"max_hp_gain":0,"max_hp_loss":0,"event_name":"Dead Adventurer","floor":10,"gold_loss":0},{"damage_healed":16,"gold_gain":0,"player_choice":"Healed","damage_taken":0,"max_hp_gain":0,"max_hp_loss":0,"event_name":"The Cleric","floor":11,"gold_loss":35},{"damage_healed":0,"gold_gain":0,"player_choice":"Ignored","damage_taken":0,"max_hp_gain":0,"max_hp_loss":0,"event_name":"Ghosts","floor":21,"gold_loss":0}],"is_beta":false,"boss_relics":[{"not_picked":["Sozu","Fusion Hammer"],"picked":"Astrolabe"}],"items_purged_floors":[14],"is_endless":false,"potions_floor_spawned":[2,3,6,12,20],"killed_by":"Slavers","ascension_level":20}}