{"host":"61r95uy0hn86b9iu","time":1613960500,"event":{"mods":["AchievementEnabler","BaseMod","Better Vampires","BetterRewards","Colored Powertips","Hubris","Minty Spire (QoL Compilation)","Shop Mod","StSLib"],"gold_per_floor":[117,135,54,68,83,110,110,110,110,110,121,121,121,171,171,250,250,265,265,265,20,33,33,47,47,47,47,47,80,80,80,80,80,80],"floor_reached":33,"language":"ENG","playtime":762,"items_purged":[],"score":704,"play_id":"db718adf-8496-4d72-9b46-67cfb0ff03c7","local_time":"20210221202140","is_ascension_mode":true,"campfire_choices":[{"floor":8.0,"key":"REST"},{"floor":12.0,"key":"REST"},{"data":"Streamline","floor":15.0,"key":"SMITH"},{"data":"Sunder","floor":23,"key":"SMITH"},{"floor":25,"key":"REST"},{"floor":28,"key":"REST"},{"data":"Zap","floor":32,"key":"SMITH"}],"circlet_count":0,"master_deck":["AscendersBane","Strike_B","Strike_B","Strike_B","Strike_B","Defend_B","Defend_B","Defend_B","Defend_B","Zap+1","Dualcast","Streamline+1","Coolheaded","Loop+1","Sunder+1","Creative AI+1","Writhe","Echo Form+1"],"relics":["Cracked Core","Frozen Egg 2","Pantograph","Letter Opener","hubris:Towel","MealTicket","hubris:ScarierMask","hubris:EmptyBottle","hubris:FunFungus","White Beast Statue","hubris:TinFlute"],"acts_visited":["Exordium","TheCity"],"potions_floor_usage":[29,33],"damage_taken":[{"damage":1.0,"enemies":"Cultist","floor":1.0,"turns":3.0},{"damage":3.0,"enemies":"2 Louse","floor":2.0,"turns":2.0},{"damage":2.0,"enemies":"Jaw Worm","floor":4.0,"turns":3.0},{"damage":10.0,"enemies":"Exordium Wildlife","floor":5.0,"turns":3.0},{"damage":25.0,"enemies":"Lagavulin","floor":6.0,"turns":6.0},{"damage":4.0,"enemies":"3 Louse","floor":11.0,"turns":3.0},{"damage":57.0,"enemies":"Hexaghost","floor":16.0,"turns":10.0},{"damage":27.0,"enemies":"Spheric Guardian","floor":18.0,"turns":5.0},{"damage":22.0,"enemies":"Chosen","floor":22.0,"turns":5.0},{"damage":47,"enemies":"Shelled Parasite and Fungi","floor":24,"turns":5},{"damage":24,"enemies":"Slavers","floor":29,"turns":4},{"damage":147,"enemies":"Automaton","floor":33,"turns":10}],"seed_played":"-289735769439570471","potions_obtained":[{"floor":4.0,"key":"Strength Potion"},{"floor":5.0,"key":"FocusPotion"},{"floor":6.0,"key":"FairyPotion"},{"floor":24,"key":"FocusPotion"}],"is_trial":false,"path_per_floor":["M","M","$","M","M","E","?","R","T","T","M","R","$","?","R","B",null,"M","?","?","$","M","R","M","R","T","$","R","E","?","?","R","B"],"character_chosen":"DEFECT","items_purchased":["Frozen Egg 2","Pantograph","Streamline","Loop+1","hubris:EmptyBottle","Sunder"],"campfire_rested":4,"item_purchase_floors":[0,0,0,3,21,21],"current_hp_per_floor":[49,46,46,44,34,9,9,30,30,30,26,47,62,55,55,14,57,30,30,81,81,59,59,12,36,36,51,75,51,51,51,51,0,0],"gold":80,"neow_bonus":"","is_daily":false,"chose_seed":false,"campfire_upgraded":3,"win_rate":0.0,"timestamp":1613960500,"path_taken":["M","M","$","?","M","E","?","R","T","?","M","R","?","?","R","BOSS","M","?","?","$","?","R","M","R","T","$","R","E","?","?","R","BOSS"],"items_purchased_type":["Relic","Relic","Card","Card","Relic","Card"],"build_version":"2020-12-22","purchased_purges":0,"victory":false,"max_hp_per_floor":[71,71,71,71,71,71,71,71,71,71,71,71,71,71,71,71,71,71,71,81,81,81,81,81,81,81,81,81,81,81,81,81,81,81],"card_choices":[{"not_picked":["Go for the Eyes","Cold Snap"],"picked":"Coolheaded","floor":1.0},{"not_picked":["Steam Power","Coolheaded","Barrage"],"picked":"SKIP","floor":2.0},{"not_picked":["Compile Driver","Cold Snap","Scrape"],"picked":"SKIP","floor":4.0},{"not_picked":["Melter","Heatsinks+1","Hologram"],"picked":"SKIP","floor":5.0},{"not_picked":["Steam Power","Hello World+1","Gash"],"picked":"SKIP","floor":6.0},{"not_picked":["Tempest","Double Energy","Barrage"],"picked":"SKIP","floor":11.0},{"not_picked":["Machine Learning+1","hubris:DoWhile"],"picked":"Thunder Strike","floor":16.0},{"not_picked":["Reprogram+1","Stack","Sweeping Beam"],"picked":"SKIP","floor":18.0},{"not_picked":["Hologram","Blizzard","Rebound"],"picked":"SKIP","floor":22.0},{"not_picked":["Doom and Gloom","Leap"],"picked":"Creative AI+1","floor":24},{"not_picked":["Coolheaded","Steam","Stack"],"picked":"SKIP","floor":29}],"player_experience":3375429,"relics_obtained":[{"floor":6.0,"key":"Letter Opener"},{"floor":9.0,"key":"MealTicket"},{"floor":26,"key":"hubris:FunFungus"},{"floor":29,"key":"White Beast Statue"}],"event_choices":[{"damage_healed":0.0,"max_hp_gain":0.0,"max_hp_loss":0.0,"gold_gain":50.0,"event_name":"FaceTrader","player_choice":"Touch","floor":14.0,"gold_loss":0.0,"damage_taken":7.0},{"damage_healed":0.0,"max_hp_gain":0.0,"max_hp_loss":0.0,"gold_gain":0.0,"event_name":"Cursed Tome","player_choice":"Ignored","floor":19.0,"gold_loss":0.0,"damage_taken":0.0},{"cards_removed":["Thunder Strike"],"damage_healed":41.0,"max_hp_gain":10.0,"max_hp_loss":0.0,"gold_gain":0.0,"event_name":"Bonfire Elementals","player_choice":"Offered Rare","floor":20.0,"gold_loss":0.0,"damage_taken":0.0},{"damage_healed":0,"gold_gain":0,"player_choice":"Opened","damage_taken":0,"relics_obtained":["hubris:TinFlute"],"max_hp_gain":0,"max_hp_loss":0,"event_name":"The Mausoleum","floor":30,"gold_loss":0,"cards_obtained":["Writhe"]}],"is_beta":false,"boss_relics":[{"not_picked":["Sozu","Astrolabe"],"picked":"hubris:ScarierMask"}],"items_purged_floors":[],"is_endless":false,"potions_floor_spawned":[4,5,6,24,29],"killed_by":"Automaton","ascension_level":19}}