{"host":"fnlf8nl5agtxb8g8","time":1613963224,"event":{"mods":["Act Like it!","BaseMod","Better Altar","Better Match","Better Note","Better Sensory Stone","Better Skull","Better Third Choice","Better Vampires","Downfall","Minty Spire (QoL Compilation)","Quick Restart","Rare Cards Sparkle","StSLib"],"gold_per_floor":[99,99,199,199,124,124,124,134,169,10,20,20,20,47,66,66,66,66],"floor_reached":16,"language":"ENG","playtime":1361,"items_purged":[],"score":131,"play_id":"51b9d085-5752-4a99-901d-377fece9d234","local_time":"20210221210704","is_ascension_mode":false,"campfire_choices":[{"data":"champ:Taunt","floor":1,"key":"SMITH"},{"data":"champ:Execute","floor":6,"key":"SMITH"},{"floor":13,"key":"REST"}],"circlet_count":0,"master_deck":["champ:Strike","champ:Strike","champ:Strike","champ:Strike","champ:Defend","champ:Defend","champ:Defend","champ:Defend","champ:Execute+1","champ:Taunt+1","champ:StrikeOfGenius","champ:LastStand","champ:PerfectedStrike","champ:UltimateStance","champ:Haymaker","champ:UltimateStance"],"relics":["champ:ChampionCrown","Eternal Feather","Champion Belt","Strawberry","Letter Opener","Darkstone Periapt","Anchor"],"acts_visited":["Exordium"],"potions_floor_usage":[9,16,16,16],"damage_taken":[{"damage":96,"enemies":"DF_ARCHETYPE_ORBS","floor":3,"turns":6},{"damage":12,"enemies":"2 Louse","floor":8,"turns":3},{"damage":21,"enemies":"3 Sentries","floor":9,"turns":6},{"damage":25,"enemies":"downfall:FleeingMerchant","floor":10,"turns":4},{"damage":3,"enemies":"Small Slimes","floor":11,"turns":2},{"damage":39,"enemies":"Lagavulin","floor":14,"turns":4},{"damage":0,"enemies":"Cultist","floor":15,"turns":3},{"damage":41,"enemies":"DF_ARCHETYPE_STREAMLINE","floor":16,"turns":4}],"seed_played":"5196994467372250602","potions_obtained":[{"floor":3,"key":"SkillPotion"},{"floor":11,"key":"champ:TechniquePotion"},{"floor":14,"key":"DistilledChaos"},{"floor":15,"key":"Fire Potion"}],"is_trial":false,"path_per_floor":["R","?","?","?","?","R","T","M","E","$","M","T","R","E","M","B"],"character_chosen":"THE_CHAMP","items_purchased":["champ:UltimateStance"],"campfire_rested":1,"item_purchase_floors":[10],"current_hp_per_floor":[99,99,23,23,23,29,36,34,33,23,20,20,57,38,38,0,0,0],"gold":66,"neow_bonus":"TEN_PERCENT_HP_BONUS","is_daily":false,"chose_seed":false,"campfire_upgraded":2,"win_rate":0.0,"timestamp":1613963224,"path_taken":["R","?","?","?","?","R","T","?","E","$","M","?","R","E","M","BOSS"],"items_purchased_type":["Card"],"build_version":"2020-12-22","purchased_purges":0,"victory":false,"max_hp_per_floor":[99,99,99,99,99,99,106,106,106,106,106,106,106,106,106,106,106,106],"card_choices":[{"not_picked":["champ:FlashCut","champ:ArenaPreparation"],"picked":"champ:StrikeOfGenius","floor":8},{"not_picked":["champ:RecklessLeap","champ:EnragedBash"],"picked":"champ:LastStand","floor":9},{"not_picked":["champ:IgnorePain","champ:Shatter"],"picked":"champ:PerfectedStrike","floor":10},{"not_picked":["champ:TornadoPunch","champ:DeathBlow","champ:BringItOn"],"picked":"SKIP","floor":11},{"not_picked":["champ:TornadoPunch","champ:SetATrap"],"picked":"champ:Haymaker","floor":14},{"not_picked":["champ:Shatter","champ:BringItOn"],"picked":"champ:UltimateStance","floor":15}],"player_experience":886799,"relics_obtained":[{"floor":3,"key":"Champion Belt"},{"floor":7,"key":"Strawberry"},{"floor":9,"key":"Letter Opener"},{"floor":12,"key":"Darkstone Periapt"},{"floor":14,"key":"Anchor"}],"event_choices":[{"damage_healed":0,"gold_gain":0,"player_choice":"Box","damage_taken":0,"relics_obtained":["Eternal Feather"],"max_hp_gain":0,"max_hp_loss":0,"event_name":"Big Fish","floor":2,"gold_loss":0,"cards_obtained":["Regret"]},{"cards_removed":["Regret"],"damage_healed":0,"gold_gain":0,"player_choice":"Card Removal","damage_taken":0,"max_hp_gain":0,"max_hp_loss":0,"event_name":"The Cleric","floor":4,"gold_loss":0},{"damage_healed":0,"gold_gain":0,"player_choice":"3","damage_taken":0,"max_hp_gain":0,"max_hp_loss":0,"event_name":"betterMatch:BetterMatch","floor":5,"gold_loss":0,"cards_obtained":[]}],"is_beta":false,"boss_relics":[],"items_purged_floors":[],"is_endless":false,"potions_floor_spawned":[3,11,14,15],"killed_by":"DF_ARCHETYPE_STREAMLINE","ascension_level":0}}