{"host":"5dhwd44u3dydylwe","time":1613970705,"event":{"mods":["AchievementEnabler","BaseMod","BetterRewards","Dota2Spire","Duelist Mod","GifTheSpireLib","Hubris","Minty Spire (QoL Compilation)","Shop Mod","StSLib","Wandering Minibosses"],"gold_per_floor":[143,418,46,63,63,63,63,63,63,93,106,106,137,137,162,174,174,251,251,251,326,326,336,353,353,353,353,382,382,392,392,419,446,463,378,398,426,426,426,529,529,529,604,604,615,626,644,644,663,663,696,596,596,629,629,641,673,692,712,712,712,712,712,258,292,292],"floor_reached":67,"language":"ENG","playtime":4015,"items_purged":["theDuelist:Sparks","theDuelist:Sparks","theDuelist:CastleWalls","theDuelist:CastleWalls","Regret"],"score":4383,"play_id":"711abea4-838a-4297-9379-74d6e648042f","local_time":"20210222131145","is_ascension_mode":true,"campfire_choices":[{"data":"Apotheosis","floor":6,"key":"SMITH"},{"floor":8,"key":"REST"},{"data":"theDuelist:OniGamiCombo","floor":12,"key":"SMITH"},{"data":"theDuelist:Fissure","floor":17,"key":"SMITH"},{"floor":20,"key":"REST"},{"data":"theDuelist:Umi","floor":29,"key":"SMITH"},{"data":"theDuelist:MonsterReborn","floor":39,"key":"SMITH"},{"floor":42,"key":"RECALL"},{"data":"theDuelist:Hayate","floor":50,"key":"SMITH"},{"data":"theDuelist:Yami","floor":60,"key":"SMITH"},{"data":"theDuelist:ShallowGrave","floor":63,"key":"SMITH"}],"circlet_count":0,"master_deck":["Apotheosis+1","theDuelist:Illusionist","theDuelist:Fissure+1","theDuelist:RainbowKuribohBasic","theDuelist:Yami+1","theDuelist:ShallowGrave+1","theDuelist:Fissure+1","theDuelist:RainbowFlower+1","theDuelist:Blockman+1","theDuelist:MonsterReborn+1","AscendersBane","theDuelist:RainbowNeos","theDuelist:DunamesDarkWitch","theDuelist:IrisEarthMother","theDuelist:Eva","theDuelist:Umi+1"],"relics":["theDuelist:MillenniumPuzzle","theDuelist:CardPoolRelic","theDuelist:CardPoolBasicRelic","theDuelist:BoosterPackPoolRelic","theDuelist:CardPoolAddRelic","theDuelist:CardPoolMinusRelic","theDuelist:CardPoolSaveRelic","theDuelist:CardPoolOptionsRelic","Bag of Preparation","theDuelist:SolderToken","Dota2Spire:EchoSabre","PreservedInsect","Dota2Spire:EyeOfSkadi","hubris:OldNail","Ancient Tea Set","Dota2Spire:BattleFury","Letter Opener","Odd Mushroom","Boot","Dota2Spire:DrumOfEndurance","Black Star","Busted Crown","wanderingMiniBosses:OtherGremlinHorn","MutagenicStrength","Self Forming Clay","Darkstone Periapt","Mercury Hourglass","Vajra","theDuelist:KaibaToken","theDuelist:MetronomeRelicB","hubris:Metronome","Dota2Spire:BladeMail","Paper Crane","SlaversCollar","Sozu","theDuelist:MillenniumRing","theDuelist:ElectricBurst","Eternal Feather","Art of War","Dota2Spire:PowerTreads","hubris:TenFootPole","hubris:CuriousFeather","Happy Flower","ClockworkSouvenir","Dota2Spire:ArcaneBoots","Anchor","Akabeko"],"acts_visited":["Exordium","TheCity","TheBeyond","TheEnding"],"potions_floor_usage":[24,66],"damage_taken":[{"damage":0,"enemies":"Small Slimes","floor":1,"turns":2},{"damage":0,"enemies":"Cultist","floor":4,"turns":3},{"damage":0,"enemies":"The Mushroom Lair","floor":10,"turns":3},{"damage":0,"enemies":"Jaw Worm","floor":11,"turns":5},{"damage":0,"enemies":"3 Sentries","floor":13,"turns":2},{"damage":0,"enemies":"Gremlin Nob","floor":15,"turns":1},{"damage":0,"enemies":"2 Fungi Beasts","floor":16,"turns":3},{"damage":0,"enemies":"Slime Boss","floor":18,"turns":4},{"damage":0,"enemies":"Slime Boss","floor":21,"turns":3},{"damage":0,"enemies":"3 Byrds","floor":23,"turns":4},{"damage":0,"enemies":"2 Thieves","floor":24,"turns":7},{"damage":0,"enemies":"theDuelist:KaibaA2","floor":28,"turns":1},{"damage":0,"enemies":"Snake Plant","floor":30,"turns":3},{"damage":0,"enemies":"Slavers","floor":33,"turns":1},{"damage":0,"enemies":"Shelled Parasite and Fungi","floor":34,"turns":2},{"damage":0,"enemies":"Cultist and Chosen","floor":36,"turns":2},{"damage":0,"enemies":"theDuelist:KaibaA2","floor":37,"turns":1},{"damage":11,"enemies":"hubris:MusketHawk","floor":40,"turns":5},{"damage":7,"enemies":"hubris:MusketHawk","floor":43,"turns":3},{"damage":0,"enemies":"3 Shapes","floor":45,"turns":2},{"damage":0,"enemies":"Orb Walker","floor":46,"turns":1},{"damage":0,"enemies":"Jaw Worm Horde","floor":47,"turns":3},{"damage":0,"enemies":"Sphere and 2 Shapes","floor":49,"turns":2},{"damage":0,"enemies":"Nemesis","floor":51,"turns":3},{"damage":0,"enemies":"Giant Head","floor":54,"turns":1},{"damage":0,"enemies":"4 Shapes","floor":56,"turns":2},{"damage":0,"enemies":"Nemesis","floor":57,"turns":1},{"damage":0,"enemies":"Writhing Mass","floor":58,"turns":2},{"damage":0,"enemies":"3 Darklings","floor":59,"turns":1},{"damage":0,"enemies":"Awakened One","floor":61,"turns":3},{"damage":0,"enemies":"Shield and Spear","floor":65,"turns":1},{"damage":0,"enemies":"The Heart","floor":66,"turns":4}],"seed_played":"3451654181950041561","potions_obtained":[{"floor":4,"key":"Explosive Potion"},{"floor":10,"key":"DistilledChaos"},{"floor":30,"key":"FearPotion"}],"is_trial":false,"path_per_floor":["M","?","$","M","T","R","?","R","T","?","M","R","E","$","E","M","R","B",null,"R","B",null,"M","M","$","?","?","E","R","M","T","T","E","M","?","M","E","$","R","B",null,"R","B",null,"M","M","M","?","M","R","E","NS","T","E","?","M","E","M","M","R","B",null,"R","$","E","B",null],"character_chosen":"THE_DUELIST","items_purchased":["Bag of Preparation","theDuelist:SolderToken","theDuelist:OniGamiCombo","Dota2Spire:EchoSabre","PreservedInsect","Dota2Spire:EyeOfSkadi","theDuelist:Yami","hubris:OldNail","Ancient Tea Set","Dota2Spire:BattleFury","theDuelist:ShallowGrave","theDuelist:Blockman","Apotheosis","Happy Flower","ClockworkSouvenir","Dota2Spire:ArcaneBoots"],"campfire_rested":2,"item_purchase_floors":[0,0,0,0,0,0,0,0,0,0,0,0,3,64,64,64],"current_hp_per_floor":[26,26,26,26,26,26,11,33,33,33,33,33,33,33,33,33,33,33,33,55,55,70,70,70,70,70,70,70,70,70,70,70,70,70,70,70,70,70,70,59,59,59,52,69,69,69,69,69,69,69,69,69,69,69,75,75,75,75,75,75,75,75,75,75,75,75],"gold":292,"neow_bonus":"","is_daily":false,"chose_seed":false,"campfire_upgraded":8,"win_rate":0.0,"timestamp":1613970705,"path_taken":["M","?","$","?","?","R","?","R","T","?","M","R","E","?","E","M","R","BOSS","R","BOSS","M","M","$","?","?","E","R","?","T","T","E","M","?","M","E","$","R","BOSS","R","BOSS","M","M","M","?","M","R","E","NS","T","E","?","M","E","M","M","R","BOSS","R","$","E","BOSS"],"items_purchased_type":["Relic","Relic","Card","Relic","Relic","Relic","Card","Relic","Relic","Relic","Card","Card","Card","Relic","Relic","Relic"],"build_version":"2020-12-22","purchased_purges":5,"victory":true,"max_hp_per_floor":[75,75,75,75,75,75,75,75,75,75,75,75,75,75,75,75,75,75,75,75,75,75,75,75,75,75,75,75,75,75,75,75,75,75,75,75,75,75,75,75,75,75,75,75,75,75,75,75,75,75,75,75,75,75,75,75,75,75,75,75,75,75,75,75,75,75],"card_choices":[{"not_picked":["theDuelist:Kasha","theDuelist:BlizzardThunderbird","theDuelist:SuperSolarNutrient","theDuelist:WhiteMagicalHat"],"picked":"theDuelist:Illusionist","floor":1},{"not_picked":["theDuelist:GravityBlaster","theDuelist:FluteSummoning","theDuelist:Mountain","theDuelist:RainbowRuins","theDuelist:IronCall"],"picked":"SKIP","floor":4},{"not_picked":["theDuelist:LightningDarts","theDuelist:GemElephant","theDuelist:DarkCreator","theDuelist:HeavyStorm","theDuelist:DarkHole"],"picked":"SKIP","floor":11},{"not_picked":["theDuelist:GadgetSoldier","theDuelist:DoomcaliberKnight","theDuelist:SangaWater"],"picked":"SKIP","floor":13},{"not_picked":["theDuelist:ClearKuriboh","theDuelist:HaneHane","theDuelist:DarkCreator","theDuelist:MudGolem"],"picked":"theDuelist:Fissure","floor":15},{"not_picked":["theDuelist:OrbMetronome","theDuelist:RainbowMagician","theDuelist:RainbowJar"],"picked":"SKIP","floor":16},{"not_picked":["theDuelist:BlasterDragonInfernos","theDuelist:VampireGrace","theDuelist:DarkMasterZorc","theDuelist:StardustDragon"],"picked":"theDuelist:MonsterReborn","floor":21},{"not_picked":["theDuelist:ShadowVampire","theDuelist:VampireGenesis","theDuelist:PatricianDarkness"],"picked":"SKIP","floor":23},{"not_picked":["theDuelist:Biofalcon","theDuelist:ArchfiendSoldier","theDuelist:GadgetSoldier+1"],"picked":"SKIP","floor":24},{"not_picked":["theDuelist:WhiteHowling","theDuelist:WhiteHornDragon","theDuelist:VioletCrystal"],"picked":"theDuelist:Umi","floor":28},{"not_picked":["theDuelist:DestroyerGolem","theDuelist:ElectromagneticShield"],"picked":"theDuelist:Fissure+1","floor":30},{"not_picked":["theDuelist:WanderingKing","theDuelist:FrillerRabca","theDuelist:IronDraw"],"picked":"SKIP","floor":33},{"not_picked":["theDuelist:HappyLover","theDuelist:Eva+1","theDuelist:MaleficRainbowDragon"],"picked":"SKIP","floor":34},{"not_picked":["theDuelist:RainbowGravity","theDuelist:ShadowVampire","theDuelist:Umi"],"picked":"SKIP","floor":36},{"not_picked":["theDuelist:GammaMagnet","theDuelist:AlphaMagnet","theDuelist:RainbowOverdragon"],"picked":"SKIP","floor":37},{"not_picked":["theDuelist:BlasterDragonInfernos","theDuelist:QueenDragunDjinn"],"picked":"theDuelist:IrisEarthMother","floor":40},{"not_picked":["theDuelist:WanderingKing+1","theDuelist:VampireLord","theDuelist:VampireGrace"],"picked":"SKIP","floor":45},{"not_picked":["theDuelist:CatShark+1","theDuelist:BlizzardDefender","theDuelist:AmphibiousBugroth+1"],"picked":"SKIP","floor":46},{"not_picked":["theDuelist:IronDraw","theDuelist:WanderingKing","theDuelist:FrillerRabca"],"picked":"SKIP","floor":47},{"not_picked":["theDuelist:PatricianDarkness","theDuelist:CharcoalInpachi+1"],"picked":"theDuelist:BigWaveSmallWave+1","floor":48},{"not_picked":["theDuelist:CardSafeReturn","theDuelist:Jinzo","theDuelist:VioletCrystal","theDuelist:Yami"],"picked":"SKIP","floor":49},{"not_picked":["theDuelist:ArchfiendSoldier","theDuelist:DarkMagician","theDuelist:CatShark"],"picked":"SKIP","floor":51},{"not_picked":["theDuelist:Fissure+1","theDuelist:HammerShot+1","theDuelist:MudGolem"],"picked":"SKIP","floor":54},{"not_picked":["theDuelist:OrbMetronome","theDuelist:GoldenBlastJuggler","theDuelist:MonsterReborn"],"picked":"SKIP","floor":56},{"not_picked":["theDuelist:DesLacooda","theDuelist:YamataDragon","theDuelist:GreenGadget"],"picked":"SKIP","floor":57},{"not_picked":["theDuelist:SuperSolarNutrient","theDuelist:OniGamiCombo","theDuelist:RainbowRefraction"],"picked":"SKIP","floor":58},{"not_picked":["theDuelist:RainbowNeos+1","theDuelist:IslandTurtle+1","theDuelist:WhiteMagicalHat+1"],"picked":"SKIP","floor":59},{"not_picked":["theDuelist:AlphaMagnet+1","theDuelist:BlizzardWarrior+1","theDuelist:BlastAsmodian+1"],"picked":"SKIP","floor":65}],"player_experience":263915,"relics_obtained":[{"floor":9,"key":"Letter Opener"},{"floor":10,"key":"Odd Mushroom"},{"floor":13,"key":"Boot"},{"floor":15,"key":"Dota2Spire:DrumOfEndurance"},{"floor":24,"key":"wanderingMiniBosses:OtherGremlinHorn"},{"floor":28,"key":"Self Forming Clay"},{"floor":28,"key":"Darkstone Periapt"},{"floor":31,"key":"Mercury Hourglass"},{"floor":32,"key":"Vajra"},{"floor":33,"key":"theDuelist:KaibaToken"},{"floor":33,"key":"theDuelist:MetronomeRelicB"},{"floor":37,"key":"Dota2Spire:BladeMail"},{"floor":37,"key":"Paper Crane"},{"floor":51,"key":"theDuelist:MillenniumRing"},{"floor":51,"key":"theDuelist:ElectricBurst"},{"floor":53,"key":"Eternal Feather"},{"floor":54,"key":"Art of War"},{"floor":54,"key":"Dota2Spire:PowerTreads"},{"floor":57,"key":"hubris:TenFootPole"},{"floor":57,"key":"hubris:CuriousFeather"},{"floor":65,"key":"Anchor"},{"floor":65,"key":"Akabeko"}],"event_choices":[{"damage_healed":0,"gold_gain":275,"player_choice":"Desecrate","damage_taken":0,"max_hp_gain":0,"max_hp_loss":0,"event_name":"Golden Shrine","floor":2,"gold_loss":0,"cards_obtained":["Regret"]},{"damage_healed":0,"gold_gain":0,"player_choice":"Entered Light","damage_taken":15,"max_hp_gain":0,"max_hp_loss":0,"event_name":"Shining Light","floor":7,"gold_loss":0,"cards_upgraded":["theDuelist:Blockman","theDuelist:RainbowFlower"]},{"damage_healed":0,"gold_gain":0,"player_choice":"Fought Mushrooms","damage_taken":0,"max_hp_gain":0,"max_hp_loss":0,"event_name":"Mushrooms","floor":10,"gold_loss":0},{"damage_healed":0,"gold_gain":0,"player_choice":"Inject Mutagens","damage_taken":0,"relics_obtained":["MutagenicStrength"],"max_hp_gain":0,"max_hp_loss":0,"event_name":"Drug Dealer","floor":26,"gold_loss":0},{"damage_healed":0,"gold_gain":0,"player_choice":"Leave","duelist":true,"damage_taken":0,"max_hp_gain":0,"max_hp_loss":0,"event_name":"Relic Duplicator","floor":27,"gold_loss":0},{"damage_healed":0,"gold_gain":0,"player_choice":"Obtained Relic","damage_taken":0,"relics_obtained":["hubris:Metronome"],"max_hp_gain":0,"max_hp_loss":0,"event_name":"Addict","floor":35,"gold_loss":85},{"damage_healed":0,"gold_gain":0,"player_choice":"Memory 1","damage_taken":0,"max_hp_gain":0,"max_hp_loss":0,"event_name":"SensoryStone","floor":48,"gold_loss":0},{"cards_removed":["theDuelist:OniGamiCombo"],"damage_healed":6,"gold_gain":0,"player_choice":"Offered Uncommon","damage_taken":0,"max_hp_gain":0,"max_hp_loss":0,"event_name":"Bonfire Elementals","floor":55,"gold_loss":0}],"is_beta":false,"boss_relics":[{"not_picked":["theDuelist:GamblerChip","hubris:BlackHole"],"picked":"Black Star"},{"not_picked":["hubris:RunicObelisk","hubris:VirtuousBlindfold"],"picked":"Busted Crown"},{"not_picked":["Pandora\u0027s Box","HoveringKite"],"picked":"SlaversCollar"},{"not_picked":["Cursed Key","Tiny House"],"picked":"Sozu"}],"items_purged_floors":[0,0,0,0,3],"is_endless":false,"potions_floor_spawned":[4,10,13,18,21,23,30,33,40,43,46,49,54,56,57],"ascension_level":14}}