{"host":"cjhtzh7tp54jdfyv","time":1613994519,"event":{"mods":["AchievementEnabler","BaseMod","Colored Map","Colored Powertips","Curses Come First","DeckTracker","Filter the Spire","Minty Spire (QoL Compilation)","RNG Fix","Relic Sorter","Relic Stats","StSLib","UnlockEverythingMod","ojb\u0027s Better Paths Mod","ojb\u0027s Info Mod"],"gold_per_floor":[112,112,112,132,146,171,171,206,206,225,252,5,30,40,40,116,116,128,28,28,28,47,47,47],"floor_reached":23,"language":"JPN","playtime":1601,"items_purged":["Defend_P","Defend_P"],"score":538,"play_id":"4efb9a3a-998b-447a-b647-66cb666edcae","local_time":"20210222064839","is_ascension_mode":true,"campfire_choices":[{"data":"Eruption","floor":7,"key":"SMITH"},{"data":"Adaptation","floor":15,"key":"SMITH"}],"circlet_count":0,"master_deck":["AscendersBane","Strike_P","Strike_P","Strike_P","Strike_P","Defend_P","Eruption+1","Vigilance","Tantrum","Sanctity","Adaptation+1","TalkToTheHand"],"relics":["Runic Dome","CloakClasp","Yang","Matryoshka","Pantograph","Singing Bowl","VioletLotus","Art of War"],"acts_visited":["Exordium","TheCity"],"potions_floor_usage":[6,11,13,22],"damage_taken":[{"damage":12,"enemies":"Small Slimes","floor":1,"turns":3},{"damage":0,"enemies":"Cultist","floor":4,"turns":2},{"damage":0,"enemies":"2 Louse","floor":5,"turns":2},{"damage":0,"enemies":"Lagavulin","floor":6,"turns":3},{"damage":3,"enemies":"Gremlin Nob","floor":8,"turns":3},{"damage":1,"enemies":"Gremlin Gang","floor":10,"turns":3},{"damage":2,"enemies":"Lagavulin","floor":11,"turns":5},{"damage":0,"enemies":"Gremlin Nob","floor":13,"turns":2},{"damage":1,"enemies":"3 Louse","floor":14,"turns":3},{"damage":18,"enemies":"Hexaghost","floor":16,"turns":9},{"damage":0,"enemies":"Spheric Guardian","floor":18,"turns":3},{"damage":0,"enemies":"3 Byrds","floor":22,"turns":2},{"damage":76,"enemies":"Book of Stabbing","floor":23,"turns":4}],"seed_played":"-228056216999744241","potions_obtained":[{"floor":5,"key":"SkillPotion"},{"floor":8,"key":"Block Potion"},{"floor":10,"key":"Swift Potion"},{"floor":16,"key":"Dexterity Potion"},{"floor":18,"key":"LiquidBronze"}],"is_trial":false,"path_per_floor":["M","?","?","M","M","E","R","E","T","M","E","$","E","M","R","B",null,"M","$","?","?","M","E"],"character_chosen":"WATCHER","items_purchased":["Adaptation","TalkToTheHand"],"campfire_rested":0,"item_purchase_floors":[12,12],"current_hp_per_floor":[49,49,31,31,31,31,31,28,28,27,25,25,27,28,28,37,65,67,67,67,67,69,0,0],"gold":47,"neow_bonus":"BOSS_RELIC","is_daily":false,"chose_seed":false,"campfire_upgraded":2,"win_rate":0.0,"timestamp":1613994519,"path_taken":["M","?","?","M","M","E","R","E","T","M","E","$","E","M","R","BOSS","M","$","?","?","?","E"],"items_purchased_type":["Card","Card"],"build_version":"2020-12-22","purchased_purges":2,"victory":false,"max_hp_per_floor":[68,68,68,68,68,68,68,68,68,68,68,68,70,72,72,74,74,76,76,76,76,78,78,78],"relic_stats":{"Singing Bowl":10,"counters":[13,44],"Pantograph":25,"Yang":[82],"VioletLotus":[4],"CloakClasp":[55],"Art of War":[1],"obtain_stats":[{"Runic Dome":0,"Matryoshka":9,"Singing Bowl":13,"Pantograph":11,"Yang":8,"VioletLotus":17,"CloakClasp":6,"Art of War":21,"PureWater":0},{"Runic Dome":0,"Matryoshka":5,"Singing Bowl":8,"Pantograph":7,"Yang":5,"VioletLotus":10,"CloakClasp":4,"Art of War":11,"PureWater":0},{"Runic Dome":0,"Matryoshka":13,"Singing Bowl":23,"Pantograph":21,"Yang":13,"VioletLotus":35,"CloakClasp":10,"Art of War":38,"PureWater":0}]},"card_choices":[{"not_picked":["WheelKick","BattleHymn"],"picked":"Tantrum","floor":1},{"not_picked":["FollowUp","PathToVictory"],"picked":"SashWhip","floor":4},{"not_picked":["SashWhip","ThirdEye","Evaluate"],"picked":"SKIP","floor":5},{"not_picked":["Protect","Vengeance","SandsOfTime"],"picked":"SKIP","floor":6},{"not_picked":["ReachHeaven","SandsOfTime"],"picked":"Sanctity","floor":8},{"not_picked":["FlyingSleeves","WaveOfTheHand","Devotion"],"picked":"SKIP","floor":10},{"not_picked":["Indignation","Crescendo","Protect"],"picked":"SKIP","floor":11},{"not_picked":["WaveOfTheHand","BowlingBash","Indignation"],"picked":"Singing Bowl","floor":13},{"not_picked":["Protect","ClearTheMind","FollowUp"],"picked":"Singing Bowl","floor":14},{"not_picked":["Devotion","Alpha","Brilliance"],"picked":"Singing Bowl","floor":16},{"not_picked":["FlurryOfBlows","Collect+1","Study+1"],"picked":"Singing Bowl","floor":18},{"not_picked":["FlurryOfBlows","Collect","FollowUp"],"picked":"Singing Bowl","floor":22}],"player_experience":5146048,"relics_obtained":[{"floor":6,"key":"CloakClasp"},{"floor":8,"key":"Yang"},{"floor":9,"key":"Matryoshka"},{"floor":11,"key":"Pantograph"},{"floor":13,"key":"Singing Bowl"}],"event_choices":[{"cards_removed":["Defend_P"],"damage_healed":0,"gold_gain":0,"player_choice":"Forget","damage_taken":0,"max_hp_gain":0,"max_hp_loss":0,"event_name":"Living Wall","floor":2,"gold_loss":0},{"damage_healed":0,"gold_gain":0,"player_choice":"Fled","damage_taken":18,"max_hp_gain":0,"max_hp_loss":0,"event_name":"Scrap Ooze","floor":3,"gold_loss":0},{"cards_removed":["SashWhip"],"damage_healed":0,"gold_gain":0,"player_choice":"Gave Card","damage_taken":0,"relics_obtained":["Art of War"],"max_hp_gain":0,"max_hp_loss":0,"event_name":"WeMeetAgain","floor":21,"gold_loss":0}],"is_beta":false,"boss_relics":[{"not_picked":["Coffee Dripper","Cursed Key"],"picked":"VioletLotus"}],"items_purged_floors":[12,19],"is_endless":false,"potions_floor_spawned":[5,8,10,16,18],"killed_by":"Book of Stabbing","ascension_level":20}}