{"host":"t9vqxmgmtrdkt9v9","time":1613967817,"event":{"mods":["AchievementEnabler","BaseMod","Colored Map","Minty Spire (QoL Compilation)","Permanent Neow","Relic Stats","StSLib"],"gold_per_floor":[111,111,124,140,153,187,187,187,187],"floor_reached":8,"language":"ENG","playtime":317,"items_purged":[],"score":110,"play_id":"74558f83-2fe3-4dc4-ad8e-63ffcaf288d1","local_time":"20210222142337","is_ascension_mode":true,"campfire_choices":[{"floor":7,"key":"REST"}],"circlet_count":0,"master_deck":["AscendersBane","Strike_B","Strike_B","Strike_B","Strike_B","Defend_B","Defend_B","Defend_B","Defend_B","Zap","Dualcast","Loop","Cold Snap","Go for the Eyes","Seek","Beam Cell"],"relics":["Cracked Core","Ornamental Fan","Bottled Tornado"],"acts_visited":["Exordium"],"potions_floor_usage":[6],"damage_taken":[{"damage":0,"enemies":"2 Louse","floor":1,"turns":2},{"damage":4,"enemies":"Jaw Worm","floor":3,"turns":3},{"damage":7,"enemies":"Small Slimes","floor":4,"turns":4},{"damage":7,"enemies":"2 Fungi Beasts","floor":5,"turns":4},{"damage":33,"enemies":"Gremlin Nob","floor":6,"turns":4},{"damage":29,"enemies":"3 Sentries","floor":8,"turns":5}],"seed_played":"-216762589556665068","potions_obtained":[{"floor":4,"key":"SteroidPotion"}],"is_trial":false,"path_per_floor":["M","?","M","M","M","E","R","E"],"character_chosen":"DEFECT","items_purchased":[],"campfire_rested":1,"item_purchase_floors":[],"current_hp_per_floor":[71,53,49,42,35,2,25,0,0],"gold":187,"neow_bonus":"TEN_PERCENT_HP_BONUS","is_daily":false,"chose_seed":false,"campfire_upgraded":0,"win_rate":0.0,"timestamp":1613967817,"path_taken":["M","?","M","M","M","E","R","E"],"items_purchased_type":[],"build_version":"2020-12-22","purchased_purges":0,"victory":false,"max_hp_per_floor":[78,78,78,78,78,78,78,78,78],"relic_stats":{"counters":[6,22],"Ornamental Fan":[12],"obtain_stats":[{"Ornamental Fan":2,"Bottled Tornado":6,"Cracked Core":0},{"Ornamental Fan":1,"Bottled Tornado":5,"Cracked Core":0},{"Ornamental Fan":2,"Bottled Tornado":17,"Cracked Core":0}]},"card_choices":[{"not_picked":["Conserve Battery","Go for the Eyes"],"picked":"Loop","floor":1},{"not_picked":["Aggregate","Stack"],"picked":"Cold Snap","floor":3},{"not_picked":["Steam","Compile Driver"],"picked":"Go for the Eyes","floor":4},{"not_picked":["Rip and Tear","Stack"],"picked":"Seek","floor":5},{"not_picked":["Coolheaded","Force Field"],"picked":"Beam Cell","floor":6}],"player_experience":463669,"relics_obtained":[{"floor":6,"key":"Bottled Tornado"}],"event_choices":[{"damage_healed":0,"gold_gain":0,"player_choice":"Success","damage_taken":18,"relics_obtained":["Ornamental Fan"],"max_hp_gain":0,"max_hp_loss":0,"event_name":"Scrap Ooze","floor":2,"gold_loss":0}],"is_beta":false,"boss_relics":[],"items_purged_floors":[],"is_endless":false,"potions_floor_spawned":[4],"killed_by":"3 Sentries","ascension_level":18}}