{"host":"sgdhw3pdkzxa44vc","time":1613958674,"event":{"mods":["BaseMod","Bestiary","Colored Map","Filter the Spire","Highlight Path","Minty Spire (QoL Compilation)","Relic Stats"],"gold_per_floor":[110,110,110,18,35,35,46,74,101,49,80,90,117,136,136,235,235,224,14,0,0,18,50,50,81,105,120,138,189,201,246,258,368,380,409,471,483,495,343,377,377,405,405,90,100,100,126,126,126,126,126,126,13,47,47],"floor_reached":56,"language":"ENG","playtime":2929,"items_purged":["Strike_G","Strike_G"],"score":1653,"play_id":"e7201468-8de2-4057-a2b2-3c719263b294","local_time":"20210222035114","is_ascension_mode":true,"campfire_choices":[{"data":"Neutralize","floor":6,"key":"SMITH"},{"data":"Noxious Fumes","floor":15,"key":"SMITH"},{"floor":24,"key":"REST"},{"floor":30,"key":"RECALL"},{"data":"After Image","floor":32,"key":"SMITH"},{"floor":41,"key":"REST"},{"floor":46,"key":"DIG"},{"floor":49,"key":"DIG"},{"floor":52,"key":"DIG"}],"circlet_count":0,"master_deck":["Defend_G","Defend_G+1","Defend_G","Defend_G","Survivor","Neutralize+1","Blade Dance","Noxious Fumes+1","Dagger Spray","Dodge and Roll","After Image+1","Malaise+1","Dagger Throw+1","Infinite Blades+1","Cloak And Dagger","Poisoned Stab","Blade Dance","Blade Dance+1","Blade Dance","Backflip","Wraith Form v2","Accuracy","Accuracy+1","Panacea+1","PiercingWail+1","Accuracy"],"relics":["Ring of the Snake","Happy Flower","Lantern","Kunai","Blood Vial","Astrolabe","Membership Card","The Specimen","FossilizedHelix","MawBank","Pen Nib","Fusion Hammer","Incense Burner","Pantograph","Toxic Egg 2","Juzu Bracelet","Shovel","Paper Crane","War Paint","Omamori","Bag of Marbles","Shuriken"],"acts_visited":["Exordium","TheCity","TheBeyond","TheEnding"],"potions_floor_usage":[8,8,13,16,23,23,31,31,40,40,50,50,54,54,55,55],"damage_taken":[{"damage":2,"enemies":"Jaw Worm","floor":1,"turns":4},{"damage":0,"enemies":"Small Slimes","floor":5,"turns":2},{"damage":2,"enemies":"2 Louse","floor":7,"turns":2},{"damage":12,"enemies":"Lagavulin","floor":8,"turns":6},{"damage":9,"enemies":"3 Sentries","floor":11,"turns":6},{"damage":15,"enemies":"Gremlin Gang","floor":12,"turns":5},{"damage":18,"enemies":"Gremlin Nob","floor":13,"turns":4},{"damage":5,"enemies":"Exordium Thugs","floor":14,"turns":5},{"damage":1,"enemies":"Hexaghost","floor":16,"turns":11},{"damage":8,"enemies":"2 Thieves","floor":18,"turns":4},{"damage":0,"enemies":"Shell Parasite","floor":22,"turns":6},{"damage":14,"enemies":"Slavers","floor":23,"turns":6},{"damage":12,"enemies":"Gremlin Leader","floor":25,"turns":7},{"damage":1,"enemies":"Centurion and Healer","floor":27,"turns":7},{"damage":1,"enemies":"Snecko","floor":28,"turns":5},{"damage":12,"enemies":"Book of Stabbing","floor":31,"turns":8},{"damage":12,"enemies":"Collector","floor":33,"turns":13},{"damage":0,"enemies":"Orb Walker","floor":35,"turns":3},{"damage":0,"enemies":"Mind Bloom Boss Battle","floor":36,"turns":7},{"damage":0,"enemies":"Nemesis","floor":40,"turns":9},{"damage":0,"enemies":"Reptomancer","floor":42,"turns":5},{"damage":0,"enemies":"3 Darklings","floor":45,"turns":5},{"damage":0,"enemies":"Giant Head","floor":47,"turns":7},{"damage":0,"enemies":"Awakened One","floor":50,"turns":8},{"damage":17,"enemies":"Shield and Spear","floor":54,"turns":6},{"damage":42,"enemies":"The Heart","floor":55,"turns":9}],"seed_played":"-8601962915618111046","potions_obtained":[{"floor":1,"key":"AttackPotion"},{"floor":7,"key":"CunningPotion"},{"floor":12,"key":"Poison Potion"},{"floor":22,"key":"BlessingOfTheForge"},{"floor":23,"key":"PowerPotion"},{"floor":25,"key":"ColorlessPotion"},{"floor":31,"key":"DuplicationPotion"},{"floor":36,"key":"SkillPotion"},{"floor":45,"key":"DistilledChaos"},{"floor":54,"key":"CunningPotion"}],"is_trial":false,"path_per_floor":["M","?","?","$","M","R","M","E","T","$","E","M","E","M","R","B",null,"M","$","?","?","M","E","R","E","T","M","M","T","R","E","R","B",null,"M","?","?","?","$","E","R","E","T","$","M","R","E","?","R","B",null,"R","$","E","B",null],"character_chosen":"THE_SILENT","items_purchased":["Noxious Fumes","Dagger Spray","PowerPotion","Membership Card","DistilledChaos","SkillPotion","Accuracy","Pantograph","Panacea+1","Fruit Juice","LiquidMemories","Paper Crane","PiercingWail+1","Block Potion","EssenceOfSteel"],"campfire_rested":2,"item_purchase_floors":[4,4,10,19,19,19,39,39,44,44,44,44,44,53,53],"current_hp_per_floor":[75,75,80,80,80,80,78,66,66,66,57,42,24,21,21,22,82,74,74,74,68,70,58,82,70,70,71,72,72,72,62,62,52,82,82,82,82,82,82,82,82,82,82,82,82,82,82,82,82,82,82,82,82,70,45],"gold":47,"neow_bonus":"TEN_PERCENT_HP_BONUS","is_daily":false,"chose_seed":false,"campfire_upgraded":3,"win_rate":0.0,"timestamp":1613958674,"path_taken":["M","?","?","$","M","R","M","E","T","$","E","M","E","M","R","BOSS","M","$","?","?","?","E","R","E","T","M","M","?","R","E","R","BOSS","M","?","?","?","$","E","R","E","T","$","M","R","E","?","R","BOSS","R","$","E","BOSS"],"items_purchased_type":["Card","Card","Potion","Relic","Potion","Potion","Card","Relic","Card","Potion","Potion","Relic","Card","Potion","Potion"],"build_version":"2020-12-22","purchased_purges":2,"victory":true,"max_hp_per_floor":[77,77,82,82,82,82,82,82,82,82,82,82,82,82,82,82,82,82,82,82,82,82,82,82,82,82,82,82,82,82,82,82,82,82,82,82,82,82,82,82,82,82,82,82,82,82,82,82,82,82,82,82,82,87,87],"relic_stats":{"Happy Flower":[48],"counters":[26,160],"Astrolabe":["Malaise","Dagger Throw","Infinite Blades"],"Pen Nib":[34],"Juzu Bracelet":0,"War Paint":["Defend_G","Blade Dance"],"MawBank":120,"Blood Vial":16,"Shovel":3,"Shuriken":[12],"Pantograph":17,"Kunai":[141],"obtain_stats":[{"Lantern":9,"Happy Flower":8,"The Specimen":23,"Astrolabe":17,"Pen Nib":31,"Incense Burner":36,"Juzu Bracelet":42,"Omamori":47,"Paper Crane":44,"War Paint":46,"MawBank":29,"Blood Vial":13,"Shovel":43,"Shuriken":52,"Pantograph":39,"Fusion Hammer":34,"Bag of Marbles":49,"Kunai":11,"Membership Card":19,"Toxic Egg 2":40,"FossilizedHelix":25,"Ring of the Snake":0},{"Lantern":4,"Happy Flower":4,"The Specimen":12,"Astrolabe":9,"Pen Nib":16,"Incense Burner":19,"Juzu Bracelet":21,"Omamori":23,"Paper Crane":21,"War Paint":22,"MawBank":15,"Blood Vial":7,"Shovel":21,"Shuriken":24,"Pantograph":19,"Fusion Hammer":17,"Bag of Marbles":23,"Kunai":5,"Membership Card":10,"Toxic Egg 2":20,"FossilizedHelix":13,"Ring of the Snake":0},{"Lantern":14,"Happy Flower":14,"The Specimen":61,"Astrolabe":45,"Pen Nib":88,"Incense Burner":111,"Juzu Bracelet":125,"Omamori":137,"Paper Crane":125,"War Paint":130,"MawBank":80,"Blood Vial":29,"Shovel":125,"Shuriken":145,"Pantograph":111,"Fusion Hammer":101,"Bag of Marbles":137,"Kunai":20,"Membership Card":49,"Toxic Egg 2":120,"FossilizedHelix":68,"Ring of the Snake":0}],"Ring of the Snake":[52]},"card_choices":[{"not_picked":["Noxious Fumes","Distraction"],"picked":"Blade Dance","floor":1},{"not_picked":["Leg Sweep","Sucker Punch","Flying Knee"],"picked":"SKIP","floor":5},{"not_picked":["All Out Attack","Flying Knee","Deflect"],"picked":"SKIP","floor":7},{"not_picked":["Flechettes","Deadly Poison","Underhanded Strike"],"picked":"SKIP","floor":8},{"not_picked":["Noxious Fumes","Setup","Burst"],"picked":"SKIP","floor":11},{"not_picked":["Flying Knee","Outmaneuver"],"picked":"Dodge and Roll","floor":12},{"not_picked":["Finisher","Leg Sweep","Dash"],"picked":"SKIP","floor":13},{"not_picked":["Underhanded Strike","Prepared","All Out Attack"],"picked":"SKIP","floor":14},{"not_picked":["Bullet Time","Phantasmal Killer"],"picked":"After Image","floor":16},{"not_picked":["Footwork","Setup"],"picked":"Cloak And Dagger","floor":18},{"not_picked":["Dagger Throw","Dodge and Roll","Noxious Fumes"],"picked":"SKIP","floor":22},{"not_picked":["Dagger Throw+1","Distraction"],"picked":"Poisoned Stab","floor":23},{"not_picked":["All Out Attack+1","Poisoned Stab"],"picked":"Blade Dance","floor":25},{"not_picked":["Quick Slash","Acrobatics"],"picked":"Blade Dance","floor":27},{"not_picked":["Outmaneuver","Dagger Spray+1"],"picked":"Blade Dance","floor":28},{"not_picked":["Dagger Spray","Catalyst+1"],"picked":"Backflip","floor":31},{"not_picked":["Slice","Prepared+1","Flying Knee"],"picked":"SKIP","floor":35},{"not_picked":["Backstab+1","Reflex"],"picked":"Wraith Form v2","floor":36},{"not_picked":["Deadly Poison+1","Dash"],"picked":"Accuracy+1","floor":40},{"not_picked":["Slice","Quick Slash+1","Underhanded Strike"],"picked":"SKIP","floor":42},{"not_picked":["Tactician+1","Leg Sweep+1","Endless Agony"],"picked":"SKIP","floor":45},{"not_picked":["Acrobatics+1","Die Die Die"],"picked":"Accuracy","floor":47},{"not_picked":["Sucker Punch+1","Heel Hook","Backstab"],"picked":"SKIP","floor":54}],"player_experience":560005,"relics_obtained":[{"floor":8,"key":"Happy Flower"},{"floor":9,"key":"Lantern"},{"floor":11,"key":"Kunai"},{"floor":13,"key":"Blood Vial"},{"floor":23,"key":"The Specimen"},{"floor":25,"key":"FossilizedHelix"},{"floor":29,"key":"MawBank"},{"floor":31,"key":"Pen Nib"},{"floor":36,"key":"Incense Burner"},{"floor":40,"key":"Toxic Egg 2"},{"floor":42,"key":"Juzu Bracelet"},{"floor":43,"key":"Shovel"},{"floor":46,"key":"War Paint"},{"floor":47,"key":"Omamori"},{"floor":49,"key":"Bag of Marbles"},{"floor":52,"key":"Shuriken"}],"event_choices":[{"damage_healed":0,"gold_gain":0,"player_choice":"Ignored","damage_taken":0,"max_hp_gain":0,"max_hp_loss":0,"event_name":"Golden Wing","floor":2,"gold_loss":0},{"damage_healed":0,"gold_gain":0,"player_choice":"Donut","damage_taken":0,"max_hp_gain":5,"max_hp_loss":0,"event_name":"Big Fish","floor":3,"gold_loss":0},{"damage_healed":0,"gold_gain":0,"player_choice":"Paid Fearfully","damage_taken":0,"max_hp_gain":0,"max_hp_loss":0,"event_name":"Masked Bandits","floor":20,"gold_loss":14},{"damage_healed":0,"gold_gain":0,"player_choice":"","damage_taken":6,"max_hp_gain":0,"max_hp_loss":0,"event_name":"Knowing Skull","floor":21,"potions_obtained":[],"gold_loss":0,"cards_obtained":[]},{"damage_healed":0,"gold_gain":0,"player_choice":"Fight","damage_taken":0,"max_hp_gain":0,"max_hp_loss":0,"event_name":"MindBloom","floor":36,"gold_loss":0},{"cards_removed":["Strike_G"],"damage_healed":0,"gold_gain":0,"player_choice":"Removed Attack","damage_taken":0,"max_hp_gain":0,"max_hp_loss":0,"event_name":"Falling","floor":37,"gold_loss":0},{"damage_healed":0,"gold_gain":0,"player_choice":"Ignored","damage_taken":0,"max_hp_gain":0,"max_hp_loss":0,"event_name":"Tomb of Lord Red Mask","floor":38,"gold_loss":0},{"damage_healed":0,"gold_gain":0,"player_choice":"Memory 1","damage_taken":0,"max_hp_gain":0,"max_hp_loss":0,"event_name":"SensoryStone","floor":48,"gold_loss":0}],"is_beta":false,"boss_relics":[{"not_picked":["Runic Pyramid","Busted Crown"],"picked":"Astrolabe"},{"not_picked":["HoveringKite","Empty Cage"],"picked":"Fusion Hammer"}],"items_purged_floors":[44,53],"is_endless":false,"potions_floor_spawned":[1,7,12,22,23,25,31,36,45,54],"ascension_level":4}}