{"host":"uexz8m6e0pxi7xat","time":1613985931,"event":{"mods":["BaseMod","Bestiary","Minty Spire (QoL Compilation)","Relic Stats","ojb\u0027s Info Mod"],"gold_per_floor":[215,232,249,263,263,304,304,344,344,344,344,344,358,394,394,485,485,504,3,53,3,24,24,64,64,64,114,145,158,197,222,222,320,320,341,356,369,393,424,462,250,250,273,313,313,371,411,744,744,744,744,744,744,103,129,129],"floor_reached":57,"language":"ENG","playtime":10439,"items_purged":["Strike_B","Strike_B","Strike_B"],"score":3282,"play_id":"751ddce7-9333-494c-824e-7f6f375c8e56","local_time":"20210222222531","is_ascension_mode":true,"campfire_choices":[{"data":"Sweeping Beam","floor":7.0,"key":"SMITH"},{"data":"Coolheaded","floor":10.0,"key":"SMITH"},{"floor":12.0,"key":"REST"},{"data":"Reinforced Body","floor":15.0,"key":"SMITH"},{"data":"Electrodynamics","floor":23.0,"key":"SMITH"},{"data":"Defragment","floor":25.0,"key":"SMITH"},{"data":"Defragment","floor":32.0,"key":"SMITH"},{"floor":45.0,"key":"RECALL"},{"data":"Capacitor","floor":49.0,"key":"SMITH"},{"data":"Multi-Cast","floor":53.0,"key":"SMITH"}],"circlet_count":0,"master_deck":["AscendersBane","Defend_B","Defend_B","Defend_B","Defend_B","Zap","Dualcast","Sweeping Beam+1","Cold Snap","Compile Driver","Coolheaded+1","Chill","Reinforced Body+1","Biased Cognition","Glacier","Defragment+1","Electrodynamics+1","Glacier","Doom and Gloom","Hologram","Defragment+1","Defragment+1","Multi-Cast+1","Capacitor+1","Glacier","Compile Driver","Hologram+1","Compile Driver+1","Coolheaded","Defragment+1"],"relics":["Cracked Core","PreservedInsect","Darkstone Periapt","Happy Flower","Smiling Mask","Runic Dome","Orrery","Pocketwatch","Bag of Preparation","Blood Vial","Thread and Needle","TungstenRod","Velvet Choker","Gambling Chip","CaptainsWheel","Frozen Eye","Omamori","Anchor","Prayer Wheel","Mercury Hourglass","DataDisk","Runic Capacitor","Nunchaku","Oddly Smooth Stone"],"acts_visited":["Exordium","TheCity","TheBeyond","TheEnding"],"potions_floor_usage":[56],"damage_taken":[{"damage":0.0,"enemies":"Cultist","floor":1.0,"turns":3.0},{"damage":0.0,"enemies":"2 Louse","floor":2.0,"turns":2.0},{"damage":7.0,"enemies":"Jaw Worm","floor":3.0,"turns":3.0},{"damage":0.0,"enemies":"2 Fungi Beasts","floor":4.0,"turns":3.0},{"damage":20.0,"enemies":"3 Sentries","floor":6.0,"turns":6.0},{"damage":12.0,"enemies":"Lagavulin","floor":8.0,"turns":7.0},{"damage":0.0,"enemies":"Gremlin Gang","floor":13.0,"turns":8.0},{"damage":0.0,"enemies":"3 Sentries","floor":14.0,"turns":8.0},{"damage":26.0,"enemies":"The Guardian","floor":16.0,"turns":19.0},{"damage":9.0,"enemies":"Shell Parasite","floor":18.0,"turns":5.0},{"damage":7.0,"enemies":"Chosen","floor":22.0,"turns":4.0},{"damage":0.0,"enemies":"Gremlin Leader","floor":24.0,"turns":4.0},{"damage":17.0,"enemies":"Slavers","floor":28.0,"turns":2.0},{"damage":0.0,"enemies":"Snake Plant","floor":29.0,"turns":6.0},{"damage":10.0,"enemies":"Gremlin Leader","floor":30.0,"turns":4.0},{"damage":1.0,"enemies":"Shelled Parasite and Fungi","floor":31.0,"turns":5.0},{"damage":0.0,"enemies":"Champ","floor":33.0,"turns":24.0},{"damage":0.0,"enemies":"3 Shapes","floor":35.0,"turns":2.0},{"damage":0.0,"enemies":"Orb Walker","floor":36.0,"turns":4.0},{"damage":0.0,"enemies":"Writhing Mass","floor":37.0,"turns":6.0},{"damage":0.0,"enemies":"3 Darklings","floor":38.0,"turns":4.0},{"damage":0.0,"enemies":"Mind Bloom Boss Battle","floor":39.0,"turns":5.0},{"damage":18.0,"enemies":"Giant Head","floor":40.0,"turns":7.0},{"damage":0.0,"enemies":"Nemesis","floor":44.0,"turns":7.0},{"damage":8.0,"enemies":"2 Orb Walkers","floor":46.0,"turns":3.0},{"damage":0.0,"enemies":"Reptomancer","floor":47.0,"turns":4.0},{"damage":1.0,"enemies":"Time Eater","floor":50.0,"turns":18.0},{"damage":0.0,"enemies":"Donu and Deca","floor":51.0,"turns":9.0},{"damage":0,"enemies":"Shield and Spear","floor":55,"turns":6},{"damage":36,"enemies":"The Heart","floor":56,"turns":11}],"seed_played":"1812669965949405889","potions_obtained":[{"floor":1.0,"key":"BlessingOfTheForge"},{"floor":2.0,"key":"BlessingOfTheForge"},{"floor":6.0,"key":"SteroidPotion"},{"floor":14.0,"key":"Ancient Potion"},{"floor":22.0,"key":"LiquidBronze"},{"floor":28.0,"key":"Block Potion"},{"floor":35.0,"key":"FocusPotion"},{"floor":37.0,"key":"Weak Potion"},{"floor":55,"key":"GamblersBrew"}],"is_trial":false,"path_per_floor":["M","M","M","M","?","E","R","E","T","R","?","R","M","E","R","B",null,"M","$","?","$","M","R","E","R","T","?","E","M","E","M","R","B",null,"M","M","M","M","?","E","$","?","T","E","R","?","E","?","R","B","B",null,"R","$","E","B",null],"character_chosen":"DEFECT","items_purchased":["Orrery","Pocketwatch","Frozen Eye","DataDisk","Runic Capacitor","Nunchaku","ColorlessPotion","Coolheaded"],"campfire_rested":1,"item_purchase_floors":[19,19,41,54,54,54,54,54],"current_hp_per_floor":[64,64,57,57,57,37,37,25,25,25,14,33,33,33,33,7,50,41,41,41,41,34,34,34,34,34,28,13,15,7,8,8,10,51,53,55,57,59,61,45,45,45,45,47,47,41,43,43,43,44,46,60,60,60,62,28],"gold":129,"neow_bonus":"HUNDRED_GOLD","is_daily":false,"chose_seed":false,"campfire_upgraded":8,"win_rate":0.0,"timestamp":1613985931,"path_taken":["M","?","M","M","?","E","R","E","T","R","?","R","M","E","R","BOSS","M","$","?","$","M","R","E","R","T","?","E","?","E","M","R","BOSS","M","M","M","M","?","E","$","?","T","E","R","?","E","?","R","BOSS","BOSS","R","$","E","BOSS"],"items_purchased_type":["Relic","Relic","Relic","Relic","Relic","Relic","Potion","Card"],"build_version":"2020-12-22","purchased_purges":3,"victory":true,"max_hp_per_floor":[71,71,71,71,64,64,64,64,64,64,64,64,64,64,64,64,64,64,64,64,64,64,64,64,64,64,64,64,64,64,64,64,64,64,64,64,64,64,64,64,64,64,64,64,64,64,64,64,64,64,64,64,64,64,64,64],"relic_stats":{"Darkstone Periapt":0,"Happy Flower":[58],"counters":[30,199],"PreservedInsect":515,"Bag of Preparation":[36],"Smiling Mask":150,"Mercury Hourglass":[122],"Blood Vial":36,"Nunchaku":[1],"Gambling Chip":[34],"Prayer Wheel":0,"obtain_stats":[{"Darkstone Periapt":8,"Bag of Preparation":24,"Runic Capacitor":54,"Smiling Mask":14,"Blood Vial":26,"Frozen Eye":41,"Nunchaku":54,"Gambling Chip":39,"Prayer Wheel":46,"Cracked Core":0,"Happy Flower":11,"Golden Idol":5,"Velvet Choker":34,"Oddly Smooth Stone":55,"Thread and Needle":28,"PreservedInsect":6,"Omamori":43,"Mercury Hourglass":47,"Runic Dome":17,"CaptainsWheel":40,"Anchor":44,"DataDisk":54,"Orrery":19,"TungstenRod":30,"Pocketwatch":19},{"Darkstone Periapt":6,"Bag of Preparation":12,"Runic Capacitor":28,"Smiling Mask":8,"Blood Vial":12,"Frozen Eye":23,"Nunchaku":28,"Gambling Chip":22,"Prayer Wheel":25,"Cracked Core":0,"Happy Flower":6,"Golden Idol":4,"Velvet Choker":17,"Oddly Smooth Stone":29,"Thread and Needle":13,"PreservedInsect":5,"Omamori":23,"Mercury Hourglass":26,"Runic Dome":9,"CaptainsWheel":23,"Anchor":24,"DataDisk":28,"Orrery":10,"TungstenRod":15,"Pocketwatch":10},{"Darkstone Periapt":24,"Bag of Preparation":72,"Runic Capacitor":182,"Smiling Mask":40,"Blood Vial":72,"Frozen Eye":141,"Nunchaku":182,"Gambling Chip":134,"Prayer Wheel":151,"Cracked Core":0,"Happy Flower":24,"Golden Idol":11,"Velvet Choker":113,"Oddly Smooth Stone":188,"Thread and Needle":74,"PreservedInsect":17,"Omamori":141,"Mercury Hourglass":155,"Runic Dome":59,"CaptainsWheel":141,"Anchor":148,"DataDisk":182,"Orrery":64,"TungstenRod":84,"Pocketwatch":64}],"TungstenRod":17,"Pocketwatch":[258]},"card_choices":[{"not_picked":["Gash","Stack"],"picked":"Sweeping Beam","floor":1.0},{"not_picked":["Compile Driver","Recycle"],"picked":"Cold Snap","floor":2.0},{"not_picked":["Coolheaded","Barrage"],"picked":"Compile Driver","floor":3.0},{"not_picked":["Capacitor","Stack"],"picked":"Coolheaded","floor":4.0},{"not_picked":["Streamline","White Noise"],"picked":"Chill","floor":6.0},{"not_picked":["Fusion","Multi-Cast","Coolheaded"],"picked":"SKIP","floor":8.0},{"not_picked":["Steam Power","Cold Snap"],"picked":"Reinforced Body","floor":13.0},{"not_picked":["Turbo","Compile Driver","Auto Shields"],"picked":"SKIP","floor":14.0},{"not_picked":["Thunder Strike","Rainbow"],"picked":"Biased Cognition","floor":16.0},{"not_picked":["Sweeping Beam","Conserve Battery"],"picked":"Glacier","floor":18.0},{"not_picked":["Barrage","Tempest"],"picked":"Defragment","floor":19.0},{"not_picked":["Reprogram","Go for the Eyes"],"picked":"Electrodynamics","floor":19.0},{"not_picked":["Cold Snap+1","Conserve Battery"],"picked":"Glacier","floor":19.0},{"not_picked":["Chaos","Go for the Eyes"],"picked":"Doom and Gloom","floor":19.0},{"not_picked":["Rebound","Barrage"],"picked":"Hologram","floor":19.0},{"not_picked":["Coolheaded","Doom and Gloom"],"picked":"Defragment+1","floor":22.0},{"not_picked":["Meteor Strike","Sunder","Rebound"],"picked":"SKIP","floor":24.0},{"not_picked":["Beam Cell+1","Leap"],"picked":"Defragment","floor":28.0},{"not_picked":["Leap","Gash","Streamline"],"picked":"SKIP","floor":29.0},{"not_picked":["Leap","Aggregate","Barrage"],"picked":"SKIP","floor":30.0},{"not_picked":["Leap","Aggregate","Barrage"],"picked":"SKIP","floor":30.0},{"not_picked":["Leap","Aggregate","Barrage"],"picked":"SKIP","floor":30.0},{"not_picked":["Streamline+1","Scrape","Double Energy"],"picked":"SKIP","floor":31.0},{"not_picked":["Meteor Strike","Creative AI"],"picked":"Multi-Cast","floor":33.0},{"not_picked":["Defragment","Compile Driver"],"picked":"Capacitor","floor":35.0},{"not_picked":["Leap","Go for the Eyes+1"],"picked":"Glacier","floor":36.0},{"not_picked":["Steam","Go for the Eyes","Turbo"],"picked":"SKIP","floor":37.0},{"not_picked":["Conserve Battery","Steam+1","Doom and Gloom"],"picked":"SKIP","floor":38.0},{"not_picked":["Conserve Battery","Steam+1","Doom and Gloom"],"picked":"SKIP","floor":38.0},{"not_picked":["Aggregate","Steam","Cold Snap"],"picked":"SKIP","floor":40.0},{"not_picked":["Double Energy","Redo"],"picked":"Compile Driver","floor":44.0},{"not_picked":["Reboot","Conserve Battery"],"picked":"Hologram+1","floor":46.0},{"not_picked":["Steam","Glacier"],"picked":"Compile Driver+1","floor":47.0},{"not_picked":["Rebound","Self Repair"],"picked":"Defragment+1","floor":55}],"player_experience":1077709,"relics_obtained":[{"floor":6.0,"key":"PreservedInsect"},{"floor":8.0,"key":"Darkstone Periapt"},{"floor":14.0,"key":"Smiling Mask"},{"floor":24.0,"key":"Bag of Preparation"},{"floor":26.0,"key":"Blood Vial"},{"floor":28.0,"key":"Thread and Needle"},{"floor":30.0,"key":"TungstenRod"},{"floor":39.0,"key":"Gambling Chip"},{"floor":40.0,"key":"CaptainsWheel"},{"floor":43.0,"key":"Omamori"},{"floor":44.0,"key":"Anchor"},{"floor":46.0,"key":"Prayer Wheel"},{"floor":47.0,"key":"Mercury Hourglass"},{"floor":55,"key":"Oddly Smooth Stone"}],"event_choices":[{"damage_healed":0.0,"max_hp_gain":0.0,"max_hp_loss":7.0,"gold_gain":0.0,"event_name":"Golden Idol","player_choice":"Lose Max HP","floor":5.0,"gold_loss":0.0,"damage_taken":0.0,"relics_obtained":["Golden Idol"]},{"damage_healed":0.0,"max_hp_gain":0.0,"max_hp_loss":0.0,"gold_gain":0.0,"event_name":"Scrap Ooze","player_choice":"Success","floor":11.0,"gold_loss":0.0,"damage_taken":11.0,"relics_obtained":["Happy Flower"]},{"damage_healed":0.0,"max_hp_gain":0.0,"max_hp_loss":0.0,"gold_gain":50.0,"event_name":"Nest","player_choice":"Stole From Cult","floor":20.0,"gold_loss":0.0,"damage_taken":0.0},{"damage_healed":0.0,"max_hp_gain":0.0,"max_hp_loss":0.0,"gold_gain":50.0,"event_name":"FaceTrader","player_choice":"Touch","floor":27.0,"gold_loss":0.0,"damage_taken":6.0},{"damage_healed":0.0,"max_hp_gain":0.0,"max_hp_loss":0.0,"gold_gain":0.0,"event_name":"MindBloom","player_choice":"Fight","floor":39.0,"gold_loss":0.0,"damage_taken":0.0},{"cards_removed":["Strike_B"],"damage_healed":0.0,"max_hp_gain":0.0,"max_hp_loss":0.0,"gold_gain":0.0,"event_name":"Falling","player_choice":"Removed Attack","floor":42.0,"gold_loss":0.0,"damage_taken":0.0},{"damage_healed":0.0,"max_hp_gain":0.0,"max_hp_loss":0.0,"gold_gain":0.0,"event_name":"Mysterious Sphere","player_choice":"Fight","floor":46.0,"gold_loss":0.0,"damage_taken":0.0},{"damage_healed":0.0,"max_hp_gain":0.0,"max_hp_loss":0.0,"gold_gain":333.0,"event_name":"The Moai Head","player_choice":"Gave Idol","floor":48.0,"relics_lost":["Golden Idol"],"gold_loss":0.0,"damage_taken":0.0}],"is_beta":false,"boss_relics":[{"not_picked":["Empty Cage","SacredBark"],"picked":"Runic Dome"},{"not_picked":["Coffee Dripper","SlaversCollar"],"picked":"Velvet Choker"}],"items_purged_floors":[21,41,54],"is_endless":false,"potions_floor_spawned":[1,2,6,14,22,24,28,29,35,36,37,39,55],"ascension_level":20}}