{"host":"fxrgx7wt2cpkbhka","time":1613988378,"event":{"mods":["AchievementEnabler","BaseMod","Colored Powertips","Dark Map","Minty Spire (QoL Compilation)","Permanent Neow","Quick Restart","Slay-I","StSLib","Waifu the Spire"],"gold_per_floor":[119,294,294,96,115,148,148,148,148,166,206,120,157,175,175,253,253,267,267,47,58,83,83,83,83],"floor_reached":24,"language":"ENG","playtime":982,"items_purged":[],"score":405,"play_id":"48441f19-4fae-4f32-90f6-a3164d0365e4","local_time":"20210222020618","is_ascension_mode":true,"campfire_choices":[{"floor":7,"key":"REST"},{"floor":15,"key":"REST"},{"data":"Self Repair","floor":23,"key":"SMITH"}],"circlet_count":0,"master_deck":["AscendersBane","Strike_B+1","Strike_B+1","Strike_B+1","Strike_B+1","Defend_B+1","Defend_B+1","Defend_B+1","Defend_B+1","Zap","Dualcast+1","Go for the Eyes","Auto Shields","Chill+1","Fission","Go for the Eyes","Capacitor","Cold Snap","Consume","Storm","Self Repair+1"],"relics":["Cracked Core","Spirit Poop","Ancient Tea Set","StrikeDummy","Potion Belt","CeramicFish","Bag of Marbles","Velvet Choker","Strawberry"],"acts_visited":["Exordium","TheCity"],"potions_floor_usage":[13,14,16,16],"damage_taken":[{"damage":12,"enemies":"Jaw Worm","floor":1,"turns":3},{"damage":5,"enemies":"Small Slimes","floor":5,"turns":2},{"damage":40,"enemies":"Gremlin Nob","floor":6,"turns":6},{"damage":0,"enemies":"Cultist","floor":10,"turns":4},{"damage":12,"enemies":"3 Sentries","floor":11,"turns":9},{"damage":0,"enemies":"Lagavulin","floor":13,"turns":6},{"damage":14,"enemies":"Exordium Wildlife","floor":14,"turns":8},{"damage":11,"enemies":"Hexaghost","floor":16,"turns":11},{"damage":4,"enemies":"Chosen","floor":18,"turns":7},{"damage":5,"enemies":"Shell Parasite","floor":21,"turns":6},{"damage":6,"enemies":"Snecko","floor":22,"turns":7},{"damage":48,"enemies":"Gremlin Leader","floor":24,"turns":6}],"seed_played":"-1308638868154361479","potions_obtained":[{"floor":6,"key":"BlessingOfTheForge"},{"floor":11,"key":"PowerPotion"},{"floor":13,"key":"GamblersBrew"},{"floor":14,"key":"BlessingOfTheForge"}],"is_trial":false,"path_per_floor":["M","?","?","$","M","E","R","?","T","M","E","$","E","M","R","B",null,"M","?","$","M","M","R","E"],"character_chosen":"DEFECT","items_purchased":["Ancient Tea Set","Go for the Eyes","Capacitor","Cold Snap","Strawberry","Storm"],"campfire_rested":2,"item_purchase_floors":[4,4,12,12,20,20],"current_hp_per_floor":[52,52,52,52,47,7,28,28,28,28,16,16,16,2,23,12,56,52,52,59,54,48,48,0,0],"gold":83,"neow_bonus":"UPGRADE_CARD","is_daily":false,"chose_seed":false,"campfire_upgraded":1,"win_rate":0.0,"timestamp":1613988378,"path_taken":["M","?","?","$","?","E","R","?","T","M","E","$","E","M","R","BOSS","M","?","$","M","M","R","E"],"items_purchased_type":["Relic","Card","Card","Card","Relic","Card"],"build_version":"2020-12-22","purchased_purges":0,"victory":false,"max_hp_per_floor":[71,71,71,71,71,71,71,71,71,71,71,71,71,71,71,71,71,71,71,78,78,78,78,78,78],"card_choices":[{"not_picked":["Streamline","Compile Driver","Beam Cell"],"picked":"SKIP","floor":1},{"not_picked":["Leap","Sweeping Beam"],"picked":"Auto Shields","floor":5},{"not_picked":["Beam Cell","Reinforced Body"],"picked":"Chill","floor":6},{"not_picked":["Redo","Rebound"],"picked":"Fission","floor":10},{"not_picked":["Beam Cell","Double Energy"],"picked":"Go for the Eyes","floor":11},{"not_picked":["Beam Cell","Recycle"],"picked":"Consume","floor":13},{"not_picked":["Double Energy","Scrape","Reprogram"],"picked":"SKIP","floor":14},{"not_picked":["Double Energy+1","Recycle","Go for the Eyes"],"picked":"SKIP","floor":18},{"not_picked":["Consume","Double Energy+1","Stack"],"picked":"SKIP","floor":21},{"not_picked":["Beam Cell","Steam"],"picked":"Self Repair","floor":22}],"player_experience":802551,"relics_obtained":[{"floor":6,"key":"StrikeDummy"},{"floor":9,"key":"Potion Belt"},{"floor":11,"key":"CeramicFish"},{"floor":13,"key":"Bag of Marbles"}],"event_choices":[{"damage_healed":0,"gold_gain":175,"player_choice":"AGREE","damage_taken":0,"max_hp_gain":0,"max_hp_loss":0,"event_name":"Liars Game","floor":2,"gold_loss":0,"cards_obtained":["Doubt"]},{"cards_removed":["Doubt"],"damage_healed":0,"gold_gain":0,"player_choice":"Offered Curse","damage_taken":0,"relics_obtained":["Spirit Poop"],"max_hp_gain":0,"max_hp_loss":0,"event_name":"Bonfire Elementals","floor":3,"gold_loss":0},{"damage_healed":0,"gold_gain":0,"player_choice":"Grow","damage_taken":0,"max_hp_gain":0,"max_hp_loss":0,"event_name":"Living Wall","floor":8,"gold_loss":0,"cards_upgraded":["Chill"]},{"damage_healed":0,"gold_gain":0,"player_choice":"Simplicity","damage_taken":0,"max_hp_gain":0,"max_hp_loss":0,"event_name":"Back to Basics","floor":19,"gold_loss":0,"cards_upgraded":["Strike_B","Strike_B","Strike_B","Strike_B","Defend_B","Defend_B","Defend_B","Defend_B"]}],"is_beta":false,"boss_relics":[{"not_picked":["Fusion Hammer","Empty Cage"],"picked":"Velvet Choker"}],"items_purged_floors":[],"is_endless":false,"potions_floor_spawned":[6,11,13,14],"killed_by":"Gremlin Leader","ascension_level":14}}