{"host":"v54ek091sdz7ha6h","time":1613989432,"event":{"mods":["BaseMod","Colored Map","Colored Powertips","Custom Start","DeckTracker","Highlight Path","KOR Keyword Fix","Minty Spire (QoL Compilation)","Random Character Button","Rare Cards Sparkle","Relic Stats","StSLib","SuperFastMode","everything is the same but u backflip on backflip"],"gold_per_floor":[124,149,176,195,224,224,258,285,362,362,382,382,382,402,402,512,602,631,53,53,53,53,74,74,97,97,97,116,129,152,187,187,295,295,322,322,322,322,348,348,384,384,410,435,459,486,170,195,195,195,195,195,11,44,44,44],"floor_reached":55,"language":"KOR","playtime":1681,"items_purged":["Sucker Punch","Dagger Spray+1"],"score":848,"play_id":"01b53e2f-94c5-49e1-b9f6-b0a2268fb11d","local_time":"20210222192352","is_ascension_mode":false,"campfire_choices":[{"data":"Accuracy","floor":6.0,"key":"SMITH"},{"data":"Cloak And Dagger","floor":10.0,"key":"SMITH"},{"data":"Neutralize","floor":13.0,"key":"SMITH"},{"data":"Reflex","floor":15.0,"key":"SMITH"},{"data":"Prepared","floor":24,"key":"SMITH"},{"data":"Reflex","floor":27,"key":"SMITH"},{"data":"Burst","floor":32,"key":"SMITH"},{"floor":40,"key":"RECALL"},{"floor":42,"key":"REST"},{"data":"Blade Dance","floor":49,"key":"SMITH"},{"data":"Blur","floor":52,"key":"SMITH"}],"circlet_count":0,"master_deck":["Survivor+1","Neutralize+1","Cloak And Dagger+1","Accuracy+1","Infinite Blades+1","Burst+1","Acrobatics+1","Reflex+1","Storm of Steel+1","Predator+1","Finisher+1","Footwork+1","Leg Sweep+1","Heel Hook+1","Cloak And Dagger+1","Expertise+1","Dodge and Roll+1","Corpse Explosion+1","Dagger Throw+1","Prepared+1","Reflex+1","Backflip+1","Prepared+1","Envenom+1","Blade Dance+1","Cloak And Dagger+1","Blade Dance+1","Backflip+1","Underhanded Strike+1","Blur+1","Prepared+1","PiercingWail"],"relics":["Ring of the Serpent","CeramicFish","Tough Bandages","Pear","Pandora\u0027s Box","Lantern","TwistedFunnel","HornCleat","Mercury Hourglass","Mark of the Bloom","Centennial Puzzle","Lizard Tail","Happy Flower","Medical Kit","Toy Ornithopter"],"acts_visited":["Exordium","TheCity","TheBeyond","TheEnding"],"potions_floor_usage":[16,16,18,19,31,41,51,55],"damage_taken":[{"damage":2.0,"enemies":"Jaw Worm","floor":1.0,"turns":6.0},{"damage":1.0,"enemies":"Cultist","floor":2.0,"turns":4.0},{"damage":0.0,"enemies":"Small Slimes","floor":3.0,"turns":3.0},{"damage":0.0,"enemies":"2 Fungi Beasts","floor":4.0,"turns":3.0},{"damage":17.0,"enemies":"Large Slime","floor":5.0,"turns":8.0},{"damage":22.0,"enemies":"Gremlin Nob","floor":7.0,"turns":4.0},{"damage":2.0,"enemies":"Exordium Wildlife","floor":8.0,"turns":4.0},{"damage":2.0,"enemies":"Looter","floor":11.0,"turns":4.0},{"damage":0.0,"enemies":"Blue Slaver","floor":14.0,"turns":3.0},{"damage":17,"enemies":"The Guardian","floor":16,"turns":12},{"damage":0,"enemies":"2 Thieves","floor":18,"turns":3},{"damage":0,"enemies":"Shell Parasite","floor":23,"turns":1},{"damage":0,"enemies":"Centurion and Healer","floor":25,"turns":2},{"damage":0,"enemies":"Snecko","floor":28,"turns":2},{"damage":0,"enemies":"Shelled Parasite and Fungi","floor":29,"turns":4},{"damage":0,"enemies":"Cultist and Chosen","floor":30,"turns":3},{"damage":24,"enemies":"Slavers","floor":31,"turns":3},{"damage":0,"enemies":"Collector","floor":33,"turns":6},{"damage":7,"enemies":"3 Darklings","floor":35,"turns":4},{"damage":0,"enemies":"Reptomancer","floor":41,"turns":4},{"damage":0,"enemies":"3 Shapes","floor":44,"turns":2},{"damage":0,"enemies":"3 Darklings","floor":45,"turns":2},{"damage":0,"enemies":"Jaw Worm Horde","floor":46,"turns":2},{"damage":0,"enemies":"Sphere and 2 Shapes","floor":48,"turns":3},{"damage":16,"enemies":"Time Eater","floor":50,"turns":14},{"damage":0,"enemies":"Shield and Spear","floor":54,"turns":5},{"damage":80,"enemies":"The Heart","floor":55,"turns":9}],"seed_played":"-9113193740711257419","potions_obtained":[{"floor":3.0,"key":"LiquidBronze"},{"floor":5.0,"key":"CunningPotion"},{"floor":7.0,"key":"DistilledChaos"},{"floor":14.0,"key":"AttackPotion"},{"floor":16,"key":"SkillPotion"},{"floor":18,"key":"Fire Potion"},{"floor":25,"key":"SmokeBomb"},{"floor":29,"key":"DuplicationPotion"},{"floor":35,"key":"ColorlessPotion"},{"floor":45,"key":"Fire Potion"}],"is_trial":false,"path_per_floor":["M","M","M","M","M","R","E","M","T","R","M","?","R","M","R","B",null,"M","$","?","?","?","M","R","M","T","R","M","M","M","E","R","B",null,"M","?","?","?","T","R","E","R","T","M","M","M","$","M","R","B",null,"R","$","E","B"],"character_chosen":"THE_SILENT","items_purchased":["Lantern","TwistedFunnel","Fruit Juice","Fruit Juice","Blur","Happy Flower","Medical Kit","PiercingWail"],"campfire_rested":1,"item_purchase_floors":[19,19,19,19,47,47,53,53],"current_hp_per_floor":[68,67,67,67,50,50,28,26,36,36,34,34,34,34,34,17,80,80,85,85,69,69,69,69,69,69,69,69,69,69,45,45,45,90,83,83,83,83,83,83,83,83,83,83,83,83,83,83,83,67,67,67,67,67,0,0],"gold":44,"neow_bonus":"RANDOM_COMMON_RELIC","is_daily":false,"chose_seed":false,"campfire_upgraded":9,"win_rate":0.0,"timestamp":1613989432,"path_taken":["M","M","M","M","M","R","E","M","T","R","M","?","R","?","R","BOSS","M","$","?","?","?","M","R","M","T","R","M","M","M","E","R","BOSS","M","?","?","?","?","R","E","R","T","M","M","M","$","M","R","BOSS","R","$","E","BOSS"],"items_purchased_type":["Relic","Relic","Potion","Potion","Card","Relic","Relic","Card"],"build_version":"2020-12-22","purchased_purges":2,"victory":false,"max_hp_per_floor":[70,70,70,70,70,70,70,70,80,80,80,80,80,80,80,80,80,80,85,85,90,90,90,90,90,90,90,90,90,90,90,90,90,90,90,90,90,85,85,85,85,85,85,85,85,85,85,85,85,85,90,90,90,90,90,90],"relic_stats":{"Tough Bandages":[624],"Mark of the Bloom":120,"Centennial Puzzle":[6],"Lizard Tail":0,"Happy Flower":[10],"counters":[27,120],"CeramicFish":297,"Pandora\u0027s Box":["Predator","Finisher","Footwork","Leg Sweep","Sucker Punch","Heel Hook","Cloak And Dagger","Expertise","Dodge and Roll","Corpse Explosion"],"Medical Kit":[4],"obtain_stats":[{"TwistedFunnel":19,"Lantern":19,"Mark of the Bloom":36,"Pear":9,"Happy Flower":47,"CeramicFish":0,"Medical Kit":53,"Mercury Hourglass":31,"Tough Bandages":7,"Centennial Puzzle":39,"Lizard Tail":41,"HornCleat":26,"Pandora\u0027s Box":17,"Ring of the Serpent":34,"Toy Ornithopter":54,"Ring of the Snake":0},{"TwistedFunnel":11,"Lantern":11,"Mark of the Bloom":19,"Pear":7,"Happy Flower":23,"CeramicFish":0,"Medical Kit":25,"Mercury Hourglass":17,"Tough Bandages":6,"Centennial Puzzle":19,"Lizard Tail":20,"HornCleat":13,"Pandora\u0027s Box":10,"Ring of the Serpent":18,"Toy Ornithopter":26,"Ring of the Snake":0},{"TwistedFunnel":54,"Lantern":54,"Mark of the Bloom":79,"Pear":32,"Happy Flower":89,"CeramicFish":0,"Medical Kit":106,"Mercury Hourglass":69,"Tough Bandages":28,"Centennial Puzzle":79,"Lizard Tail":83,"HornCleat":57,"Pandora\u0027s Box":51,"Ring of the Serpent":75,"Toy Ornithopter":111,"Ring of the Snake":0}],"Toy Ornithopter":0,"Mercury Hourglass":[204]},"card_choices":[{"not_picked":["Acrobatics","Endless Agony"],"picked":"Cloak And Dagger","floor":1.0},{"not_picked":["Bane","Well Laid Plans"],"picked":"Dagger Spray","floor":2.0},{"not_picked":["Expertise","Setup"],"picked":"Masterful Stab","floor":3.0},{"not_picked":["Blur","Poisoned Stab"],"picked":"Accuracy","floor":4.0},{"not_picked":["Endless Agony","Reflex"],"picked":"Infinite Blades","floor":5.0},{"not_picked":["Heel Hook","Backstab","Deadly Poison"],"picked":"SKIP","floor":7.0},{"not_picked":["Quick Slash","Acrobatics"],"picked":"Burst","floor":8.0},{"not_picked":["Dash","Dagger Spray"],"picked":"Acrobatics","floor":11.0},{"not_picked":["Distraction","Bouncing Flask"],"picked":"Reflex","floor":14.0},{"not_picked":["Bullet Time","A Thousand Cuts"],"picked":"Storm of Steel","floor":16},{"not_picked":["Flying Knee","PiercingWail+1"],"picked":"Dagger Throw+1","floor":18},{"not_picked":["Deadly Poison","Flying Knee+1"],"picked":"Prepared","floor":23},{"not_picked":["Deflect","Dodge and Roll"],"picked":"Reflex","floor":25},{"not_picked":["Dagger Throw","Doppelganger","Flying Knee"],"picked":"SKIP","floor":28},{"not_picked":["Eviscerate","Deadly Poison","Dodge and Roll"],"picked":"SKIP","floor":29},{"not_picked":["Riddle With Holes","Outmaneuver"],"picked":"Backflip","floor":30},{"not_picked":["Wraith Form v2","Bouncing Flask"],"picked":"Prepared","floor":31},{"not_picked":["Storm of Steel","Bullet Time"],"picked":"Envenom","floor":33},{"not_picked":["Poisoned Stab","PiercingWail"],"picked":"Blade Dance+1","floor":35},{"not_picked":["Prepared","Dodge and Roll"],"picked":"Cloak And Dagger+1","floor":41},{"not_picked":["Poisoned Stab+1","Dagger Throw"],"picked":"Blade Dance","floor":44},{"not_picked":["PiercingWail","Dagger Spray+1"],"picked":"Backflip+1","floor":45},{"not_picked":["Dagger Throw","Glass Knife"],"picked":"Underhanded Strike+1","floor":46},{"not_picked":["Deadly Poison+1","Dagger Throw"],"picked":"Prepared+1","floor":48},{"not_picked":["Expertise+1","Dodge and Roll","Slice+1"],"picked":"SKIP","floor":54}],"player_experience":1490591,"relics_obtained":[{"floor":7.0,"key":"Tough Bandages"},{"floor":9.0,"key":"Pear"},{"floor":26,"key":"HornCleat"},{"floor":31,"key":"Mercury Hourglass"},{"floor":39,"key":"Centennial Puzzle"},{"floor":41,"key":"Lizard Tail"},{"floor":54,"key":"Toy Ornithopter"}],"event_choices":[{"damage_healed":0.0,"max_hp_gain":0.0,"max_hp_loss":0.0,"gold_gain":0.0,"event_name":"Match and Keep!","player_choice":"0 cards matched","floor":12.0,"gold_loss":0.0,"damage_taken":0.0,"cards_obtained":[]},{"damage_healed":0,"gold_gain":0,"player_choice":"Ignored","damage_taken":0,"max_hp_gain":0,"max_hp_loss":0,"event_name":"Vampires","floor":20,"gold_loss":0},{"damage_healed":0,"gold_gain":0,"player_choice":"Shed Blood","damage_taken":21,"max_hp_gain":5,"max_hp_loss":0,"event_name":"Forgotten Altar","floor":21,"gold_loss":0},{"cards_removed":["Masterful Stab"],"damage_healed":0,"gold_gain":0,"player_choice":"Elegance","damage_taken":0,"max_hp_gain":0,"max_hp_loss":0,"event_name":"Back to Basics","floor":22,"gold_loss":0},{"damage_healed":0,"gold_gain":0,"player_choice":"Upgrade","damage_taken":0,"relics_obtained":["Mark of the Bloom"],"max_hp_gain":0,"max_hp_loss":0,"event_name":"MindBloom","floor":36,"gold_loss":0,"cards_upgraded":["Survivor","Dagger Spray","Infinite Blades","Acrobatics","Storm of Steel","Predator","Finisher","Footwork","Leg Sweep","Heel Hook","Cloak And Dagger","Expertise","Dodge and Roll","Corpse Explosion","Backflip","Prepared","Envenom"]},{"damage_healed":0,"gold_gain":0,"player_choice":"Ignored","damage_taken":0,"max_hp_gain":0,"max_hp_loss":0,"event_name":"Tomb of Lord Red Mask","floor":37,"gold_loss":0},{"damage_healed":0,"gold_gain":0,"player_choice":"Max HP","damage_taken":0,"max_hp_gain":0,"max_hp_loss":5,"event_name":"Winding Halls","floor":38,"gold_loss":0}],"is_beta":false,"boss_relics":[{"not_picked":["Tiny House","Cursed Key"],"picked":"Pandora\u0027s Box"},{"not_picked":["Black Star","Snecko Eye"],"picked":"Ring of the Serpent"}],"items_purged_floors":[19,47],"is_endless":false,"potions_floor_spawned":[3,5,7,14,16,18,25,29,35,45,46],"killed_by":"The Heart","ascension_level":0}}