{"host":"q57ekfojy3i00x9o","time":1613999995,"event":{"mods":["Act Like it!","Arknights","Aspiration","BaseMod","Colored Map","Energized Spire","Hermit","Minty Spire (QoL Compilation)","Quick Restart","Ruina","Spicy Shops","Spikes Relics","StSLib","slay the spire mod where everything is the same but ironclad has a cowboy hat"],"gold_per_floor":[118,118,131,131,131,162,162,202,227,227,227],"floor_reached":10,"language":"RUS","playtime":106,"items_purged":[],"score":188,"play_id":"1b059427-6ff2-4da9-9376-98f034e37fe9","local_time":"20210222181955","is_ascension_mode":true,"campfire_choices":[{"data":"ats:Flexible Camouflage","floor":7,"key":"SMITH"}],"circlet_count":0,"master_deck":["AscendersBane","ats:Strike C","ats:Strike G","ats:Strike S","ats:Strike V","ats:Armor Crushing Shot","ats:Defend","ats:Defend","ats:Defend","ats:Defend","ats:Emotion Absorption","ats:Poison Spread","ats:Flexible Camouflage+1","ats:Explosion Area Strengthen","ats:Explosion Area Strengthen"],"relics":["ats:Sanity","NeowsBlessing","Singing Bowl","Golden Idol","Toy Ornithopter","ats:Originium","Juzu Bracelet","ats:Ability Aura","aspiration:ChemicalBlood"],"acts_visited":["Exordium"],"potions_floor_usage":[10],"damage_taken":[{"damage":0,"enemies":"2 Louse","floor":1,"turns":2},{"damage":0,"enemies":"Small Slimes","floor":3,"turns":1},{"damage":0,"enemies":"3 Sentries","floor":6,"turns":1},{"damage":36,"enemies":"Gremlin Nob","floor":8,"turns":4},{"damage":10,"enemies":"3 Sentries","floor":10,"turns":1}],"seed_played":"-4400142111871102913","potions_obtained":[{"floor":3,"key":"SteroidPotion"},{"floor":6,"key":"Dexterity Potion"}],"is_trial":false,"path_per_floor":["M","?","M","?","?","E","R","E","T","E"],"character_chosen":"DOCTOR_CLASS","items_purchased":[],"campfire_rested":0,"item_purchase_floors":[],"current_hp_per_floor":[65,39,39,39,39,39,39,3,3,0,0],"gold":227,"neow_bonus":"THREE_ENEMY_KILL","is_daily":false,"chose_seed":false,"campfire_upgraded":1,"win_rate":0.0,"timestamp":1613999995,"path_taken":["M","?","M","?","?","E","R","E","T","E"],"items_purchased_type":[],"build_version":"2020-12-22","purchased_purges":0,"victory":false,"max_hp_per_floor":[72,72,72,65,65,65,65,65,65,65,65],"card_choices":[{"not_picked":["ats:Shadow Raid","ats:Charging Defense"],"picked":"ats:Poison Spread","floor":1},{"not_picked":["ats:Rapid Magazine","ats:Part Time Job"],"picked":"ats:Flexible Camouflage","floor":3},{"not_picked":["ats:Automatic Cover","ats:Collapsing Strike"],"picked":"ats:Explosion Area Strengthen","floor":6},{"not_picked":["ats:Defend Order","ats:Curse Doll"],"picked":"ats:Explosion Area Strengthen","floor":8}],"player_experience":786758,"relics_obtained":[{"floor":5,"key":"Toy Ornithopter"},{"floor":6,"key":"ats:Originium"},{"floor":6,"key":"Juzu Bracelet"},{"floor":8,"key":"ats:Originium"},{"floor":8,"key":"ats:Ability Aura"},{"floor":9,"key":"aspiration:ChemicalBlood"}],"event_choices":[{"damage_healed":0,"gold_gain":0,"player_choice":"Success","damage_taken":26,"relics_obtained":["Singing Bowl"],"max_hp_gain":0,"max_hp_loss":0,"event_name":"Scrap Ooze","floor":2,"gold_loss":0},{"damage_healed":0,"gold_gain":0,"player_choice":"Lose Max HP","damage_taken":0,"relics_obtained":["Golden Idol"],"max_hp_gain":0,"max_hp_loss":7,"event_name":"Golden Idol","floor":4,"gold_loss":0},{"damage_healed":0,"gold_gain":0,"player_choice":"Relic","damage_taken":0,"max_hp_gain":0,"max_hp_loss":0,"event_name":"Wheel of Change","floor":5,"gold_loss":0}],"is_beta":false,"boss_relics":[],"items_purged_floors":[],"is_endless":false,"potions_floor_spawned":[3,6,8],"killed_by":"3 Sentries","ascension_level":18}}