{"host":"d3b2x3wue20uj2ir","time":1613983529,"event":{"mods":["AchievementEnabler","BaseMod","Better Third Choice","BetterRewards","Exacting","FTL Soundtrack","Minty Spire (QoL Compilation)","Shop Mod","StSLib"],"gold_per_floor":[114,114,76,76,53,84,109,154,154,154,176,176,176,233,233,365,365,389,314,229,254,278,318,351,383,409,442,442,469,496,538,550,691,703,744,828,858,870,891,903,953,965,965],"floor_reached":42,"language":"ENG","playtime":1636,"items_purged":[],"score":795,"play_id":"5544cffd-8330-4228-9472-c26228312ce0","local_time":"20210222184529","is_ascension_mode":true,"campfire_choices":[{"floor":10.0,"key":"RECALL"},{"floor":12.0,"key":"REST"},{"data":"Rupture","floor":15.0,"key":"SMITH"},{"floor":28.0,"key":"REST"},{"floor":32.0,"key":"REST"},{"floor":40.0,"key":"REST"}],"circlet_count":0,"master_deck":["Strike_R","Strike_R","Strike_R","Strike_R","Strike_R","Defend_R","Defend_R","Defend_R","Defend_R","Bash","Inflame+1","Offering","Iron Wave","Metallicize","Rampage","Shrug It Off","Hemokinesis","Blood for Blood","Rupture+1","Infernal Blade","Inflame","Double Tap","Intimidate","Flame Barrier","Uppercut+1","Pummel","Infernal Blade","Havoc","Iron Wave+1","Brutality","Rupture","Offering","Armaments","Rupture+1","Madness","Madness","Chrysalis","Armaments+1"],"relics":["Burning Blood","Sling","Bag of Marbles","Lantern","Golden Idol","Mercury Hourglass","CeramicFish","Unceasing Top","SlaversCollar","Strawberry","Boot","PreservedInsect","Toy Ornithopter","MawBank","SacredBark","FossilizedHelix"],"acts_visited":["Exordium","TheCity","TheBeyond"],"potions_floor_usage":[],"damage_taken":[{"damage":4.0,"enemies":"Jaw Worm","floor":1.0,"turns":3.0},{"damage":30.0,"enemies":"Lagavulin","floor":6.0,"turns":4.0},{"damage":0.0,"enemies":"2 Louse","floor":7.0,"turns":2.0},{"damage":0.0,"enemies":"Gremlin Nob","floor":8.0,"turns":2.0},{"damage":6.0,"enemies":"Cultist","floor":11.0,"turns":2.0},{"damage":8.0,"enemies":"3 Louse","floor":14.0,"turns":3.0},{"damage":45.0,"enemies":"The Guardian","floor":16.0,"turns":7.0},{"damage":27.0,"enemies":"2 Thieves","floor":18.0,"turns":4.0},{"damage":25.0,"enemies":"Shell Parasite","floor":21.0,"turns":5.0},{"damage":29.0,"enemies":"Gremlin Leader","floor":23.0,"turns":5.0},{"damage":6.0,"enemies":"Snake Plant","floor":24.0,"turns":3.0},{"damage":8.0,"enemies":"Snecko","floor":25.0,"turns":2.0},{"damage":22.0,"enemies":"3 Cultists","floor":27.0,"turns":5.0},{"damage":23.0,"enemies":"Shelled Parasite and Fungi","floor":29.0,"turns":4.0},{"damage":0.0,"enemies":"Snecko","floor":30.0,"turns":2.0},{"damage":11.0,"enemies":"Book of Stabbing","floor":31.0,"turns":2.0},{"damage":67.0,"enemies":"Champ","floor":33.0,"turns":6.0},{"damage":36.0,"enemies":"3 Darklings","floor":35.0,"turns":6.0},{"damage":12.0,"enemies":"Mind Bloom Boss Battle","floor":36.0,"turns":3.0},{"damage":40.0,"enemies":"3 Shapes","floor":41.0,"turns":2.0},{"damage":53,"enemies":"Writhing Mass","floor":42,"turns":4}],"seed_played":"-5032261631335940029","potions_obtained":[{"floor":6.0,"key":"FearPotion"},{"floor":7.0,"key":"AttackPotion"},{"floor":8.0,"key":"CultistPotion"},{"floor":11.0,"key":"Weak Potion"},{"floor":14.0,"key":"CultistPotion"},{"floor":21.0,"key":"Energy Potion"},{"floor":27.0,"key":"SteroidPotion"},{"floor":29.0,"key":"FearPotion"},{"floor":30.0,"key":"Energy Potion"},{"floor":31.0,"key":"SteroidPotion"},{"floor":33.0,"key":"AttackPotion"},{"floor":35.0,"key":"Fire Potion"}],"is_trial":false,"path_per_floor":["M","?","$","?","$","E","M","E","T","R","M","R","?","M","R","B",null,"M","?","?","M","T","E","M","M","T","M","R","M","M","E","R","B",null,"M","?","?","?","?","R","M","M"],"character_chosen":"IRONCLAD","items_purchased":["Sling","Bag of Marbles","Inflame","Offering","Iron Wave","Lantern","Rampage","Shrug It Off"],"campfire_rested":4,"item_purchase_floors":[0,0,0,0,0,0,3,5],"current_hp_per_floor":[52,52,52,52,52,28,34,40,40,40,40,64,64,62,62,23,80,59,59,66,60,60,37,37,35,35,19,45,28,44,44,70,14,87,57,56,45,45,45,71,37,0,0],"gold":965,"neow_bonus":"","is_daily":false,"chose_seed":false,"campfire_upgraded":1,"win_rate":0.0,"timestamp":1613983529,"path_taken":["M","?","$","?","$","E","M","E","T","R","M","R","?","M","R","BOSS","M","?","?","M","?","E","M","M","T","M","R","?","M","E","R","BOSS","M","?","?","?","?","R","M","M"],"items_purchased_type":["Relic","Relic","Card","Card","Card","Relic","Card","Card"],"build_version":"2020-12-22","purchased_purges":0,"victory":false,"max_hp_per_floor":[80,80,80,80,80,80,80,80,80,80,80,80,80,80,80,80,80,80,80,87,87,87,87,87,87,87,87,87,87,87,87,87,87,87,87,87,87,87,87,87,87,87,87],"card_choices":[{"not_picked":["Flex","Clash"],"picked":"Metallicize","floor":1.0},{"not_picked":["Pommel Strike","Anger"],"picked":"Hemokinesis","floor":6.0},{"not_picked":["Battle Trance","Headbutt"],"picked":"Blood for Blood","floor":7.0},{"not_picked":["Burning Pact","Battle Trance"],"picked":"Rupture","floor":8.0},{"not_picked":["Headbutt","True Grit"],"picked":"Infernal Blade","floor":11.0},{"not_picked":["Body Slam","Battle Trance"],"picked":"Inflame","floor":14.0},{"not_picked":["Demon Form","Exhume"],"picked":"Double Tap","floor":16.0},{"not_picked":["Cleave","Disarm"],"picked":"Intimidate","floor":18.0},{"not_picked":["Spot Weakness","Evolve"],"picked":"Flame Barrier","floor":21.0},{"not_picked":["Sever Soul","Twin Strike"],"picked":"Uppercut+1","floor":23.0},{"not_picked":["Thunderclap","Perfected Strike"],"picked":"Pummel","floor":24.0},{"not_picked":["Ghostly Armor","Clothesline"],"picked":"Infernal Blade","floor":25.0},{"not_picked":["Headbutt","Body Slam"],"picked":"Havoc","floor":27.0},{"not_picked":["Thunderclap+1","Anger"],"picked":"Iron Wave+1","floor":29.0},{"not_picked":["Dark Embrace","Iron Wave"],"picked":"Brutality","floor":30.0},{"not_picked":["Wild Strike","Sword Boomerang"],"picked":"Rupture","floor":31.0},{"not_picked":["Demon Form","Berserk"],"picked":"Offering","floor":33.0},{"not_picked":["Wild Strike+1","Iron Wave+1"],"picked":"Armaments","floor":35.0},{"not_picked":["Dark Embrace+1","Feel No Pain+1"],"picked":"Rupture+1","floor":36.0},{"not_picked":["Forethought","Enlightenment"],"picked":"Chrysalis","floor":39.0},{"not_picked":["Ghostly Armor","Clothesline"],"picked":"Armaments+1","floor":41.0}],"player_experience":728694,"relics_obtained":[{"floor":6.0,"key":"Mercury Hourglass"},{"floor":8.0,"key":"CeramicFish"},{"floor":13.0,"key":"Unceasing Top"},{"floor":22.0,"key":"Boot"},{"floor":23.0,"key":"PreservedInsect"},{"floor":26.0,"key":"Toy Ornithopter"},{"floor":31.0,"key":"MawBank"},{"floor":36.0,"key":"FossilizedHelix"}],"event_choices":[{"damage_healed":0.0,"max_hp_gain":0.0,"max_hp_loss":0.0,"gold_gain":0.0,"event_name":"Golden Idol","player_choice":"Take Wound","floor":2.0,"gold_loss":0.0,"damage_taken":0.0,"relics_obtained":["Golden Idol"],"cards_obtained":["Injury"]},{"damage_healed":0.0,"max_hp_gain":0.0,"max_hp_loss":0.0,"gold_gain":0.0,"event_name":"Living Wall","player_choice":"Grow","floor":4.0,"gold_loss":0.0,"damage_taken":0.0,"cards_upgraded":["Inflame"]},{"damage_healed":0.0,"max_hp_gain":0.0,"max_hp_loss":0.0,"gold_gain":0.0,"event_name":"Wheel of Change","player_choice":"Relic","floor":13.0,"gold_loss":0.0,"damage_taken":0.0},{"cards_removed":["Injury"],"damage_healed":0.0,"max_hp_gain":0.0,"max_hp_loss":0.0,"gold_gain":0.0,"event_name":"Beggar","player_choice":"Gave Gold","floor":19.0,"gold_loss":75.0,"damage_taken":0.0},{"damage_healed":0.0,"max_hp_gain":0.0,"max_hp_loss":0.0,"gold_gain":0.0,"event_name":"Addict","player_choice":"Obtained Relic","floor":20.0,"gold_loss":85.0,"damage_taken":0.0,"relics_obtained":["Strawberry"]},{"damage_healed":0.0,"max_hp_gain":0.0,"max_hp_loss":0.0,"gold_gain":0.0,"event_name":"MindBloom","player_choice":"Fight","floor":36.0,"gold_loss":0.0,"damage_taken":0.0},{"damage_healed":0.0,"max_hp_gain":0.0,"max_hp_loss":0.0,"gold_gain":0.0,"event_name":"Winding Halls","player_choice":"Embrace Madness","floor":37.0,"gold_loss":0.0,"damage_taken":11.0,"cards_obtained":["Madness","Madness"]},{"damage_healed":0.0,"max_hp_gain":0.0,"max_hp_loss":0.0,"gold_gain":0.0,"event_name":"Tomb of Lord Red Mask","player_choice":"Ignored","floor":38.0,"gold_loss":0.0,"damage_taken":0.0},{"damage_healed":0.0,"max_hp_gain":0.0,"max_hp_loss":0.0,"gold_gain":0.0,"event_name":"SensoryStone","player_choice":"Memory 1","floor":39.0,"gold_loss":0.0,"damage_taken":0.0}],"is_beta":false,"boss_relics":[{"not_picked":["Black Blood","Ectoplasm"],"picked":"SlaversCollar"},{"not_picked":["Busted Crown","Philosopher\u0027s Stone"],"picked":"SacredBark"}],"items_purged_floors":[],"is_endless":false,"potions_floor_spawned":[6,8,11,14,21,27,29,31,33,35],"killed_by":"Writhing Mass","ascension_level":4}}