{"host":"blhqr6uo32maonpv","time":1613969015,"event":{"mods":["BaseMod","Downfall","Minty Spire (QoL Compilation)","Replay The Spire","StSLib","The Bug Knight","The Marked"],"gold_per_floor":[374,386,405,424,424,122,122,122,122,137,137,149,30,43,62,165,215,215,215,215,215,215,215],"floor_reached":21,"language":"ENG","playtime":758,"items_purged":[],"score":194,"play_id":"df13d377-d3e9-4643-8e05-f3fd7a281473","local_time":"20210222004335","is_ascension_mode":false,"campfire_choices":[{"floor":18,"key":"RECALL"}],"circlet_count":0,"master_deck":["sneckomod:TailWhip","sneckomod:SnekBite","sneckomod:Unknown+1","sneckomod:Unknown","Regret","sneckomod:UnknownCommonAttack+1","sneckomod:DiceBlock","sneckomod:IronFang+1","sneckomod:WideSting","sneckomod:UnknownUncommonPower","sneckomod:ImprovisedGuard","sneckomod:ImprovisedGuard","downfall:Haunted","downfall:Haunted","Voices","sneckomod:UnknownStrike","sneckomod:SlitherStrike","sneckomod:UnknownCommonSkill","sneckomod:UnknownCommonAttack","sneckomod:CheapStock","sneckomod:SnekBeam","sneckomod:DiceCrush","sneckomod:MorePower","sneckomod:UnknownCommonAttack","sneckomod:UnknownUncommonAttack","sneckomod:UnknownColorless","sneckomod:UnknownCommonSkill","sneckomod:UnknownWeak","sneckomod:UnknownVulnerable"],"relics":["sneckomod:SneckoSoul","Mummified Hand","Bronze Scales","Whetstone","Du-Vu Doll","Tiny House","Vajra"],"acts_visited":["Exordium","TheCity"],"potions_floor_usage":[13,16],"damage_taken":[{"damage":13,"enemies":"Cultist","floor":2,"turns":3},{"damage":1,"enemies":"Small Slimes","floor":3,"turns":2},{"damage":1,"enemies":"Jaw Worm","floor":4,"turns":2},{"damage":2,"enemies":"downfall:FleeingMerchant","floor":6,"turns":4},{"damage":5,"enemies":"Blue Slaver","floor":10,"turns":2},{"damage":0,"enemies":"2 Fungi Beasts","floor":12,"turns":2},{"damage":8,"enemies":"downfall:FleeingMerchant","floor":13,"turns":4},{"damage":8,"enemies":"Large Slime","floor":14,"turns":4},{"damage":1,"enemies":"Blue Slaver","floor":15,"turns":3},{"damage":18,"enemies":"SI_SHIV_ARCHETYPE","floor":16,"turns":5},{"damage":0,"enemies":"Shell Parasite","floor":21,"turns":1}],"seed_played":"2743553472725937217","potions_obtained":[{"floor":3,"key":"Adrenaline Potion"},{"floor":14,"key":"Languid Potion"},{"floor":15,"key":"Toxic Potion"},{"floor":16,"key":"sneckomod:MuddlingPotion"},{"floor":17,"key":"SneckoOil"}],"is_trial":false,"path_per_floor":["R","M","M","M","?","$","T","?","?","M","?","M","$","M","M","B",null,"R","?","?","M"],"character_chosen":"THE_SNECKO","items_purchased":["sneckomod:UnknownUncommonPower","Bronze Scales","sneckomod:ImprovisedGuard","sneckomod:UnknownCommonAttack","sneckomod:CheapStock"],"campfire_rested":0,"item_purchase_floors":[6,6,6,13,13],"current_hp_per_floor":[99,86,85,84,66,64,64,69,74,69,69,76,68,67,73,55,114,114,114,114,114,114,114],"gold":215,"neow_bonus":"TEN_PERCENT_HP_BONUS","is_daily":false,"chose_seed":false,"campfire_upgraded":0,"win_rate":0.0,"timestamp":1613969015,"path_taken":["R","M","M","M","?","$","T","?","?","M","?","M","$","M","M","BOSS","R","?","?","?"],"items_purchased_type":["Card","Relic","Card","Card","Card"],"build_version":"2020-12-22","purchased_purges":0,"victory":false,"max_hp_per_floor":[99,99,99,99,99,99,99,104,109,109,109,109,109,109,109,109,114,114,114,114,114,114,114],"card_choices":[{"not_picked":["sneckomod:QuickBite","sneckomod:UnknownDraw"],"picked":"sneckomod:UnknownCommonAttack","floor":2},{"not_picked":["sneckomod:UnknownVulnerable","sneckomod:SlitherStrike"],"picked":"sneckomod:DiceBlock","floor":3},{"not_picked":["sneckomod:Restock","sneckomod:QuickMove"],"picked":"sneckomod:IronFang","floor":4},{"not_picked":["sneckomod:UnknownDraw","sneckomod:DefensiveFlair"],"picked":"sneckomod:WideSting","floor":6},{"not_picked":["sneckomod:DiceBlock","sneckomod:QuickMove"],"picked":"sneckomod:UnknownStrike","floor":10},{"not_picked":["sneckomod:SoulRoll","sneckomod:SoulDraw"],"picked":"sneckomod:SlitherStrike","floor":12},{"not_picked":["sneckomod:IronFang","sneckomod:DiceBlock"],"picked":"sneckomod:UnknownCommonSkill","floor":13},{"not_picked":["sneckomod:IronFang","sneckomod:Cheat"],"picked":"sneckomod:SnekBeam","floor":14},{"not_picked":["sneckomod:UnknownWeak","sneckomod:RainOfDice"],"picked":"sneckomod:DiceCrush","floor":15},{"not_picked":["sneckomod:Restock","sneckomod:UnknownRareSkill"],"picked":"sneckomod:MorePower","floor":16},{"not_picked":["sneckomod:SoulDraw","sneckomod:UnknownDraw"],"picked":"sneckomod:UnknownCommonAttack","floor":17}],"player_experience":47703,"relics_obtained":[{"floor":7,"key":"Whetstone"},{"floor":20,"key":"Vajra"}],"event_choices":[{"damage_healed":0,"gold_gain":0,"player_choice":"Success","damage_taken":18,"relics_obtained":["Mummified Hand"],"max_hp_gain":0,"max_hp_loss":0,"event_name":"Scrap Ooze","floor":5,"gold_loss":0},{"damage_healed":0,"gold_gain":0,"player_choice":"Donut","damage_taken":0,"max_hp_gain":5,"max_hp_loss":0,"event_name":"Big Fish","floor":9,"gold_loss":0},{"damage_healed":0,"gold_gain":0,"player_choice":"Relic","damage_taken":0,"max_hp_gain":0,"max_hp_loss":0,"event_name":"Wheel of Change","floor":20,"gold_loss":0}],"is_beta":false,"boss_relics":[{"not_picked":["Fusion Hammer","Honey Jar"],"picked":"Tiny House"}],"items_purged_floors":[],"is_endless":false,"potions_floor_spawned":[3,14,15,16],"killed_by":"Shell Parasite","ascension_level":0}}