{"host":"ilhhjx796p2x2wmd","time":1613953330,"event":{"mods":["AchievementEnabler","BaseMod","BetterRewards","Colored Map","Colored Powertips","DeckTracker","Highlight Path","Minty Spire (QoL Compilation)","Permanent Neow","Rare Cards Sparkle","Shop Mod"],"gold_per_floor":[115,131,145,163,176,176,200,234,234,264,25,39,51,83,83,184,184,202,202,202,232,254,266,311,338,377,401,21,51,71,84,84,183,183,197,197,208,208,225,251,271,98,98,108,108,121,141,41,41,41],"floor_reached":51,"language":"KOR","playtime":1962,"items_purged":["Defend_R","Strike_R"],"score":1061,"play_id":"cd50b07c-9996-48cd-b60d-78fffe3e25bc","local_time":"20210222092210","is_ascension_mode":true,"campfire_choices":[{"data":"Whirlwind","floor":6.0,"key":"SMITH"},{"floor":15.0,"key":"REST"},{"data":"Armaments","floor":23.0,"key":"SMITH"},{"data":"Demon Form","floor":32,"key":"SMITH"},{"data":"Whirlwind","floor":45,"key":"SMITH"},{"data":"Shockwave","floor":49,"key":"SMITH"}],"circlet_count":0,"master_deck":["Strike_R","Strike_R","Strike_R","Strike_R","Defend_R","Defend_R","Defend_R","Bash","Flash of Steel","Cleave","Wild Strike","Clothesline","Whirlwind+1","Perfected Strike","Armaments+1","Flash of Steel","Reaper","Whirlwind+1","Demon Form+1","Shrug It Off","Shockwave+1","Panacea","Strike_R+1","Spot Weakness","Master of Strategy","Parasite"],"relics":["Burning Blood","Odd Mushroom","Eternal Feather","Ornamental Fan","Mummified Hand","Brimstone","Molten Egg 2","Coffee Dripper","MawBank","Bronze Scales","Pen Nib","Frozen Eye","Akabeko","Cursed Key","Gremlin Horn","Mercury Hourglass"],"acts_visited":["Exordium","TheCity","TheBeyond"],"potions_floor_usage":[41,50],"damage_taken":[{"damage":1.0,"enemies":"Cultist","floor":1.0,"turns":3.0},{"damage":12.0,"enemies":"Jaw Worm","floor":2.0,"turns":2.0},{"damage":0.0,"enemies":"Small Slimes","floor":3.0,"turns":3.0},{"damage":16.0,"enemies":"Exordium Wildlife","floor":4.0,"turns":4.0},{"damage":0.0,"enemies":"Lots of Slimes","floor":5.0,"turns":1.0},{"damage":0.0,"enemies":"The Mushroom Lair","floor":7.0,"turns":2.0},{"damage":21.0,"enemies":"Gremlin Nob","floor":8.0,"turns":4.0},{"damage":41.0,"enemies":"Lagavulin","floor":10.0,"turns":6.0},{"damage":11.0,"enemies":"Large Slime","floor":12.0,"turns":3.0},{"damage":10.0,"enemies":"Red Slaver","floor":13.0,"turns":2.0},{"damage":11.0,"enemies":"3 Sentries","floor":14.0,"turns":2.0},{"damage":48.0,"enemies":"The Guardian","floor":16.0,"turns":8.0},{"damage":3.0,"enemies":"3 Byrds","floor":18.0,"turns":3.0},{"damage":0.0,"enemies":"Spheric Guardian","floor":21.0,"turns":3.0},{"damage":15.0,"enemies":"Snecko","floor":22.0,"turns":3.0},{"damage":45.0,"enemies":"Book of Stabbing","floor":24.0,"turns":4.0},{"damage":4.0,"enemies":"Sentry and Sphere","floor":25.0,"turns":3.0},{"damage":7.0,"enemies":"Chosen and Byrds","floor":27.0,"turns":4.0},{"damage":14,"enemies":"Slavers","floor":29,"turns":2},{"damage":0,"enemies":"3 Cultists","floor":30,"turns":1},{"damage":5,"enemies":"Cultist and Chosen","floor":31,"turns":4},{"damage":35,"enemies":"Automaton","floor":33,"turns":5},{"damage":22,"enemies":"3 Darklings","floor":35,"turns":2},{"damage":10,"enemies":"Orb Walker","floor":37,"turns":3},{"damage":7,"enemies":"Transient","floor":39,"turns":5},{"damage":24,"enemies":"Reptomancer","floor":40,"turns":4},{"damage":0,"enemies":"3 Darklings","floor":41,"turns":2},{"damage":16,"enemies":"4 Shapes","floor":44,"turns":1},{"damage":24,"enemies":"Jaw Worm Horde","floor":46,"turns":3},{"damage":23,"enemies":"Maw","floor":47,"turns":5},{"damage":66,"enemies":"Awakened One","floor":50,"turns":6}],"seed_played":"-4784016739788438167","potions_obtained":[{"floor":1.0,"key":"ColorlessPotion"},{"floor":3.0,"key":"LiquidMemories"},{"floor":7.0,"key":"LiquidBronze"},{"floor":10.0,"key":"Weak Potion"},{"floor":12.0,"key":"Regen Potion"},{"floor":16.0,"key":"SmokeBomb"},{"floor":25.0,"key":"Explosive Potion"},{"floor":27.0,"key":"Explosive Potion"},{"floor":40,"key":"Energy Potion"},{"floor":44,"key":"AttackPotion"},{"floor":47,"key":"Block Potion"}],"is_trial":false,"path_per_floor":["M","M","M","M","M","R","?","E","T","E","$","M","M","E","R","B",null,"M","?","?","M","M","R","E","M","T","M","$","E","M","M","R","B",null,"M","?","M","?","M","E","M","$","T","M","R","M","M","$","R","B",null],"character_chosen":"IRONCLAD","items_purchased":["Flash of Steel","Brimstone","Shockwave","Frozen Eye","Panacea","Master of Strategy"],"campfire_rested":1,"item_purchase_floors":[11,11,28,28,28,42],"current_hp_per_floor":[77,71,77,67,73,73,79,64,64,29,29,24,20,15,51,35,69,72,72,72,78,71,80,41,47,47,61,61,53,59,70,80,51,73,57,57,53,53,64,58,76,76,76,66,76,76,59,59,74,54],"gold":41,"neow_bonus":"RANDOM_COLORLESS","is_daily":false,"chose_seed":false,"campfire_upgraded":5,"win_rate":0.0,"timestamp":1613953330,"path_taken":["M","M","M","M","?","R","?","E","T","E","?","M","M","E","R","BOSS","M","?","?","?","M","R","E","M","T","?","$","E","M","M","R","BOSS","M","?","M","?","M","E","M","$","T","M","R","M","M","$","R","BOSS"],"items_purchased_type":["Card","Relic","Card","Relic","Card","Card"],"build_version":"2020-12-22","purchased_purges":2,"victory":true,"max_hp_per_floor":[80,80,80,80,80,80,80,80,80,80,80,80,80,80,80,80,80,80,80,80,80,80,80,80,80,80,80,80,80,80,80,80,80,80,80,76,76,76,76,76,76,76,76,76,76,76,76,76,76,76],"card_choices":[{"not_picked":["Blind","Dark Shackles"],"picked":"Flash of Steel","floor":0.0},{"not_picked":["Anger","Headbutt"],"picked":"Cleave","floor":1.0},{"not_picked":["Whirlwind","Clash"],"picked":"Wild Strike","floor":2.0},{"not_picked":["Limit Break","Entrench"],"picked":"Clothesline","floor":3.0},{"not_picked":["Sever Soul","Rupture"],"picked":"Whirlwind","floor":4.0},{"not_picked":["Clothesline","Body Slam","Heavy Blade"],"picked":"SKIP","floor":5.0},{"not_picked":["True Grit","Clash"],"picked":"Perfected Strike","floor":7.0},{"not_picked":["Blood for Blood","Warcry","Clash"],"picked":"SKIP","floor":8.0},{"not_picked":["Clash","Iron Wave"],"picked":"Armaments","floor":10.0},{"not_picked":["Armaments","Headbutt"],"picked":"Reaper","floor":12.0},{"not_picked":["Perfected Strike","Power Through"],"picked":"Whirlwind","floor":13.0},{"not_picked":["Thunderclap+1","Clothesline+1","Rage"],"picked":"SKIP","floor":14.0},{"not_picked":["Offering","Feed+1"],"picked":"Demon Form","floor":16.0},{"not_picked":["Cleave+1","Sever Soul+1","Blood for Blood+1"],"picked":"SKIP","floor":18.0},{"not_picked":["Dual Wield+1","Clothesline+1","Wild Strike+1"],"picked":"SKIP","floor":21.0},{"not_picked":["Heavy Blade+1","Power Through","Twin Strike+1"],"picked":"SKIP","floor":22.0},{"not_picked":["Clash+1","Flex","Bloodletting"],"picked":"SKIP","floor":24.0},{"not_picked":["Armaments","Body Slam+1"],"picked":"Shrug It Off","floor":25.0},{"not_picked":["Sever Soul+1","Dual Wield","Spot Weakness"],"picked":"SKIP","floor":27.0},{"not_picked":["Body Slam+1","Heavy Blade+1","Clothesline+1"],"picked":"SKIP","floor":29},{"not_picked":["Sword Boomerang+1","Bloodletting","Havoc"],"picked":"SKIP","floor":30},{"not_picked":["Carnage+1","Juggernaut","Headbutt+1"],"picked":"SKIP","floor":31},{"not_picked":["Carnage+1","True Grit+1","Rage"],"picked":"SKIP","floor":35},{"not_picked":["Sever Soul+1","Rage","Entrench+1"],"picked":"SKIP","floor":37},{"not_picked":["Havoc+1","Cleave+1","Heavy Blade+1"],"picked":"SKIP","floor":39},{"not_picked":["Whirlwind+1","Combust"],"picked":"Spot Weakness","floor":40},{"not_picked":["Sever Soul+1","Anger+1","Entrench+1"],"picked":"SKIP","floor":41},{"not_picked":["Sword Boomerang+1","Feed+1","Body Slam+1"],"picked":"SKIP","floor":44},{"not_picked":["Thunderclap+1","Rupture+1","Iron Wave+1"],"picked":"SKIP","floor":46},{"not_picked":["Sword Boomerang+1","Seeing Red","Cleave+1"],"picked":"SKIP","floor":47}],"player_experience":350778,"relics_obtained":[{"floor":7.0,"key":"Odd Mushroom"},{"floor":8.0,"key":"Eternal Feather"},{"floor":9.0,"key":"Ornamental Fan"},{"floor":10.0,"key":"Mummified Hand"},{"floor":14.0,"key":"Molten Egg 2"},{"floor":20.0,"key":"MawBank"},{"floor":24.0,"key":"Bronze Scales"},{"floor":26.0,"key":"Pen Nib"},{"floor":29,"key":"Akabeko"},{"floor":40,"key":"Gremlin Horn"},{"floor":43,"key":"Mercury Hourglass"}],"event_choices":[{"damage_healed":0.0,"max_hp_gain":0.0,"max_hp_loss":0.0,"gold_gain":0.0,"event_name":"Mushrooms","player_choice":"Fought Mushrooms","floor":7.0,"gold_loss":0.0,"damage_taken":0.0},{"damage_healed":0.0,"max_hp_gain":0.0,"max_hp_loss":0.0,"gold_gain":0.0,"event_name":"Ghosts","player_choice":"Ignored","floor":19.0,"gold_loss":0.0,"damage_taken":0.0},{"damage_healed":0.0,"max_hp_gain":0.0,"max_hp_loss":0.0,"gold_gain":0.0,"event_name":"Wheel of Change","player_choice":"Relic","floor":20.0,"gold_loss":0.0,"damage_taken":0.0},{"damage_healed":0,"gold_gain":0,"player_choice":"Max HP","damage_taken":0,"max_hp_gain":0,"max_hp_loss":4,"event_name":"Winding Halls","floor":36,"gold_loss":0},{"damage_healed":0,"gold_gain":0,"player_choice":"Copied","damage_taken":0,"max_hp_gain":0,"max_hp_loss":0,"event_name":"Duplicator","floor":38,"gold_loss":0,"cards_obtained":["Strike_R"]}],"is_beta":false,"boss_relics":[{"not_picked":["Snecko Eye","Runic Pyramid"],"picked":"Coffee Dripper"},{"not_picked":["Runic Dome","SacredBark"],"picked":"Cursed Key"}],"items_purged_floors":[28,48],"is_endless":false,"potions_floor_spawned":[1,3,7,10,12,16,25,27,29,31,35,37,40,44,47],"ascension_level":9}}