{"host":"gsp4qlltb0c3ynci","time":1613967426,"event":{"mods":["2.2 Compatiblity","Abigail Mod","Ascension Reborn","BaseMod","Friendly Minions","Minty Spire (QoL Compilation)","Prisma Mod","Replay The Spire","Say the Spire","StSLib"],"gold_per_floor":[147,192,234,291,16,118,193,283,335,434,536,75,168,255,255,564,723,753,178,214,319,376,484,57,159,159,159,249,348,438,560,487,805,817,868,1042,1054,524,578,689,794,35,62,167,266,353,404,806,1160,1160],"floor_reached":51,"language":"KOR","playtime":2273,"items_purged":["Strike_R+1","Strike_R+1","Strike_R+1","Flame Barrier+1"],"score":1787,"play_id":"674da9ff-896d-473f-8777-fe08b0d5b141","local_time":"20210222131706","daily_mods":["Vintage","Colorless Cards","Heirloom","Time Dilation","Flight","DeadlyEvents","Elite Swarm","Midas"],"is_ascension_mode":true,"campfire_choices":[{"floor":15,"key":"DIG"}],"circlet_count":0,"master_deck":["Strike_R+2","Strike_R+1","Defend_R+1","Defend_R+1","Defend_R+1","Defend_R+2","Bash+1","Limit Break+1","Pot Of Greed","ReplayUltimateDefense+1","ReplayTheSpireMod:Brewmster+1","Pot Of Greed+1","Impervious+1","Berserk","Seeing Red+1","Apotheosis+1","Barricade","Double Tap+1","ReplayTheSpireMod:Private Reserves+1","Flame Barrier+1","Violence+1","Master of Strategy+1","Body Slam","Pot Of Greed+1","Sadistic Nature","Crow Ritual","Madness+1","Demon Form","Flex+1","Replay:Bootleg Shield Generator+1"],"relics":["Burning Blood","Turnip","ReplayTheSpireMod:Shallot","Sundial","Ancient Tea Set","Ornamental Fan","ClockworkSouvenir","Peace Pipe","CeramicFish","Anchor","Grinning Jar","Lantern","Toolbox","InkBottle","Boot","Toxic Egg 2","Tiny House","Replay:Kaleidoscope","Pen Nib","HandDrill","PreservedInsect","Dream Catcher","Whetstone","Replay:Arrowhead","Replay:Baseball","Chemical X","Bottled Lightning","Onion Ring","Singing Bowl","Kunai","MawBank","Mango","Replay:Multitool","ReplayTheSpireMod:Lightbulb","Black Star","FossilizedHelix","Ginger","Gremlin Food","Medical Kit","Bag of Marbles","Replay:Wax Seal","Strawberry","Blue Doll","Simple Rune","Mummified Hand","Thread and Needle","Guide Book","Bag of Preparation","Orichalcum","StoneCalendar","Mirror","Replay:Bottled Flurry","Pantograph","Blood Vial","Old Coin","Replay:Bottled Snecko","BranchBurnRelic","War Paint"],"acts_visited":["Exordium","TheCity","TheBeyond"],"potions_floor_usage":[6,6,11,14,16,16,16,16,16,16,18,18,18,20,20,21,21,21,21,22,23,25,29,29,30,33,33,33,33,33,33,41,44,50,50,50,50,50,50,50,50],"damage_taken":[{"damage":0,"enemies":"Cultist","floor":1,"turns":2},{"damage":0,"enemies":"Small Slimes","floor":2,"turns":4},{"damage":0,"enemies":"Jaw Worm","floor":3,"turns":3},{"damage":5,"enemies":"Lots of Slimes","floor":4,"turns":5},{"damage":12,"enemies":"Gremlin Nob","floor":6,"turns":3},{"damage":11,"enemies":"3 Sentries","floor":8,"turns":8},{"damage":12,"enemies":"Gremlin Nob","floor":10,"turns":4},{"damage":0,"enemies":"Lagavulin","floor":11,"turns":7},{"damage":0,"enemies":"Replay:BlueRogue","floor":13,"turns":4},{"damage":0,"enemies":"Lagavulin","floor":14,"turns":7},{"damage":0,"enemies":"Fading Forest","floor":16,"turns":11},{"damage":0,"enemies":"Spheric Guardian","floor":18,"turns":6},{"damage":0,"enemies":"3 Byrds","floor":20,"turns":7},{"damage":0,"enemies":"Replay:Snechameleon","floor":21,"turns":5},{"damage":0,"enemies":"Snecko","floor":22,"turns":6},{"damage":0,"enemies":"Slavers","floor":23,"turns":6},{"damage":0,"enemies":"Book of Stabbing","floor":25,"turns":3},{"damage":0,"enemies":"Slavers","floor":28,"turns":4},{"damage":0,"enemies":"Replay:Snechameleon","floor":29,"turns":5},{"damage":0,"enemies":"Book of Stabbing","floor":30,"turns":4},{"damage":0,"enemies":"Cultist and Chosen","floor":31,"turns":5},{"damage":0,"enemies":"Automaton","floor":33,"turns":10},{"damage":0,"enemies":"Orb Walker","floor":35,"turns":1},{"damage":0,"enemies":"2 Orb Walkers","floor":36,"turns":7},{"damage":0,"enemies":"3 Darklings","floor":39,"turns":5},{"damage":0,"enemies":"Nemesis","floor":40,"turns":1},{"damage":0,"enemies":"Giant Head","floor":41,"turns":4},{"damage":0,"enemies":"R_Hoarder","floor":44,"turns":2},{"damage":0,"enemies":"Nemesis","floor":45,"turns":1},{"damage":0,"enemies":"Giant Head","floor":46,"turns":1},{"damage":0,"enemies":"Sphere and 2 Shapes","floor":47,"turns":1},{"damage":0,"enemies":"R_Hoarder","floor":48,"turns":2},{"damage":0,"enemies":"Time Eater","floor":50,"turns":7}],"seed_played":"2891127637947455772","potions_obtained":[{"floor":1,"key":"GamblersBrew"},{"floor":8,"key":"Dexterity Potion"},{"floor":11,"key":"Block Potion"},{"floor":13,"key":"DuplicationPotion"},{"floor":28,"key":"Milkshake"},{"floor":40,"key":"Explosive Potion"},{"floor":41,"key":"Explosive Potion"},{"floor":44,"key":"DuplicationPotion"}],"is_trial":true,"path_per_floor":["M","M","M","M","$","E","?","E","T","E","E","$","E","E","R","B",null,"M","$","M","E","M","E","$","E","T","T","E","E","E","M","R","B",null,"M","?","?","$","M","E","E","$","T","E","E","E","M","E","R","B",null],"character_chosen":"IRONCLAD","items_purchased":["ClockworkSouvenir","PowerPotion","ReplayTheSpireMod:Brewmster","Toolbox","Dexterity Potion","Apotheosis+1","Pen Nib","HandDrill","Replay:Baseball","Chemical X","ReplayTheSpireMod:Private Reserves+1","Flame Barrier+1","Gremlin Food","Medical Kit","Body Slam","PowerPotion","Mummified Hand","Thread and Needle","Guide Book","Madness+1"],"campfire_rested":0,"item_purchase_floors":[5,5,12,12,12,19,19,19,24,24,24,24,38,38,38,38,42,42,42,42],"current_hp_per_floor":[80,80,80,80,80,74,63,58,58,52,58,58,64,70,70,76,85,85,85,85,85,85,85,85,85,85,85,85,85,101,101,101,103,103,103,105,105,105,105,112,112,112,112,114,116,116,116,118,118,118],"gold":1160,"neow_bonus":"","is_daily":false,"chose_seed":false,"campfire_upgraded":0,"win_rate":0.0,"timestamp":1613967426,"path_taken":["M","?","M","?","$","E","?","E","T","?","E","$","E","E","R","BOSS","M","$","?","?","?","E","$","E","T","?","E","E","E","?","R","BOSS","M","?","?","$","?","E","E","$","T","E","E","E","?","E","R","BOSS"],"items_purchased_type":["Relic","Potion","Card","Relic","Potion","Card","Relic","Relic","Relic","Relic","Card","Card","Relic","Relic","Card","Potion","Relic","Relic","Relic","Card"],"build_version":"2020-12-22","purchased_purges":4,"victory":true,"max_hp_per_floor":[80,80,80,80,80,80,80,80,80,80,80,80,80,80,80,80,85,85,85,85,85,85,85,85,85,85,85,85,85,101,101,101,103,103,103,105,105,105,105,112,112,112,112,114,116,116,116,118,118,118],"card_choices":[{"not_picked":["Secret Weapon","Midas Touch","Mayhem"],"picked":"SKIP","floor":6},{"not_picked":["The Bomb","Metamorphosis"],"picked":"Limit Break","floor":8},{"not_picked":["Thinking Ahead","Berserk"],"picked":"ReplayUltimateDefense","floor":10},{"not_picked":["Violence","Hemogenesis","Brutality"],"picked":"SKIP","floor":11},{"not_picked":["ReplayTheSpireMod:Brewmster","Reaper","Secret Technique"],"picked":"SKIP","floor":13},{"not_picked":["ReplayTheSpireMod:Necrogeddon","Secret Weapon"],"picked":"Impervious","floor":14},{"not_picked":["Secret Technique+1","Chrysalis+1"],"picked":"Berserk","floor":16},{"not_picked":["Discovery+1","Replay:Undeath\u0027s Touch"],"picked":"Seeing Red+1","floor":17},{"not_picked":["ReplayTheSpireMod:Necrogeddon","Magnetism"],"picked":"Barricade","floor":21},{"not_picked":["Juggernaut","Fiend Fire"],"picked":"Double Tap+1","floor":23},{"not_picked":["Barricade","Reaper","Hemogenesis"],"picked":"SKIP","floor":25},{"not_picked":["The Bomb+1","Double Tap+1"],"picked":"Violence+1","floor":28},{"not_picked":["Secret Weapon+1","Violence+1"],"picked":"Master of Strategy+1","floor":29},{"not_picked":["Reaper","ReplayTheSpireMod:Necrogeddon","Hemogenesis"],"picked":"Singing Bowl","floor":30},{"not_picked":["Offering+1","Thinking Ahead+1","HandOfGreed"],"picked":"Singing Bowl","floor":33},{"not_picked":["Havoc+1","ReplayTheSpireMod:Uncanny Aura+1","Dropkick+1"],"picked":"Singing Bowl","floor":36},{"not_picked":["Double Tap+1","Offering+1"],"picked":"Sadistic Nature","floor":40},{"not_picked":["Brutality","Apotheosis+1"],"picked":"Crow Ritual","floor":41},{"not_picked":["Barricade","Chrysalis+1","Limit Break+1"],"picked":"Singing Bowl","floor":44},{"not_picked":["Magnetism","Apotheosis+1","Reaper"],"picked":"Singing Bowl","floor":45},{"not_picked":["Master of Strategy+1","Violence+1"],"picked":"Demon Form","floor":46},{"not_picked":["Apotheosis+1","Brutality","Hemogenesis"],"picked":"Singing Bowl","floor":48},{"not_picked":["ReplayTheSpireMod:Strike From Hell","Havoc+1"],"picked":"Flex+1","floor":49},{"not_picked":["Run Through","Fire Breathing+1"],"picked":"Replay:Bootleg Shield Generator+1","floor":49}],"player_experience":507684,"relics_obtained":[{"floor":1,"key":"ReplayTheSpireMod:Shallot"},{"floor":2,"key":"Sundial"},{"floor":3,"key":"Ancient Tea Set"},{"floor":4,"key":"Ornamental Fan"},{"floor":6,"key":"Peace Pipe"},{"floor":8,"key":"CeramicFish"},{"floor":9,"key":"Anchor"},{"floor":10,"key":"Grinning Jar"},{"floor":11,"key":"Lantern"},{"floor":13,"key":"InkBottle"},{"floor":14,"key":"Boot"},{"floor":15,"key":"Toxic Egg 2"},{"floor":18,"key":"Replay:Kaleidoscope"},{"floor":20,"key":"PreservedInsect"},{"floor":21,"key":"Dream Catcher"},{"floor":22,"key":"Whetstone"},{"floor":23,"key":"Replay:Arrowhead"},{"floor":25,"key":"Bottled Lightning"},{"floor":26,"key":"Onion Ring"},{"floor":27,"key":"Singing Bowl"},{"floor":28,"key":"Kunai"},{"floor":29,"key":"MawBank"},{"floor":30,"key":"Mango"},{"floor":31,"key":"Replay:Multitool"},{"floor":35,"key":"FossilizedHelix"},{"floor":36,"key":"Ginger"},{"floor":39,"key":"Bag of Marbles"},{"floor":40,"key":"Replay:Wax Seal"},{"floor":40,"key":"Strawberry"},{"floor":41,"key":"Blue Doll"},{"floor":41,"key":"Simple Rune"},{"floor":43,"key":"Bag of Preparation"},{"floor":44,"key":"Orichalcum"},{"floor":44,"key":"StoneCalendar"},{"floor":45,"key":"Mirror"},{"floor":45,"key":"Dead Branch"},{"floor":46,"key":"Replay:Bottled Flurry"},{"floor":46,"key":"Pantograph"},{"floor":47,"key":"Blood Vial"},{"floor":48,"key":"Old Coin"},{"floor":48,"key":"Replay:Bottled Snecko"},{"floor":49,"key":"War Paint"}],"event_choices":[{"damage_healed":0,"gold_gain":75,"player_choice":"Gather Gold","damage_taken":11,"max_hp_gain":0,"max_hp_loss":0,"event_name":"World of Goop","floor":7,"gold_loss":0},{"damage_healed":0,"gold_gain":0,"player_choice":"Obtained Relic","damage_taken":0,"relics_obtained":["ReplayTheSpireMod:Lightbulb"],"max_hp_gain":0,"max_hp_loss":0,"event_name":"Addict","floor":32,"gold_loss":85},{"damage_healed":0,"gold_gain":0,"player_choice":"Fight","damage_taken":0,"max_hp_gain":0,"max_hp_loss":0,"event_name":"Mysterious Sphere","floor":36,"gold_loss":0},{"damage_healed":0,"gold_gain":0,"player_choice":"Ignored","damage_taken":0,"max_hp_gain":0,"max_hp_loss":0,"event_name":"Tomb of Lord Red Mask","floor":37,"gold_loss":0}],"is_beta":false,"boss_relics":[{"not_picked":["Runic Pyramid","Ring of Chaos"],"picked":"Tiny House"},{"not_picked":["Electric Blood","ChewingGum"],"picked":"Black Star"}],"items_purged_floors":[5,12,19,38],"is_endless":false,"potions_floor_spawned":[1,8,11,13,14,25,28,29,30,31,40,41,44],"ascension_level":0}}