{"host":"72n3jwtrlpjobydj","time":1613985260,"event":{"mods":["AchievementEnabler","Act Like it!","Arknights","BaseMod","CapriCore","DeckTracker","Hermit","Koishi","Lobotomy","Marisa£¨Ùöéë¡¡Øª×âÞÞ£©","Minty Spire (QoL Compilation)","Permanent Neow","StSLib","SuperFastMode","The Cursed","The Gatherer","The Hierophant","The Immortal"],"gold_per_floor":[114,46,60,60,72,72,98,117,117,117,146,166,166,176,176,278,278,297,23,43,59,59,85,85,99,99,99,19,50,0,0,0],"floor_reached":31,"language":"KOR","playtime":890,"items_purged":["Koishi:BasicStrike","Koishi:BasicStrike"],"score":285,"play_id":"ba5df32a-a2e5-4ede-a464-e4d1f70537f9","local_time":"20210222181420","is_ascension_mode":false,"campfire_choices":[{"data":"Koishi:HauntingSlash","floor":6,"key":"SMITH"},{"floor":10,"key":"REST"},{"floor":13,"key":"REST"},{"floor":15,"key":"RECALL"},{"floor":24,"key":"REST"}],"circlet_count":0,"master_deck":["Koishi:BasicStrike","Koishi:BasicStrike","Koishi:BasicDefend","Koishi:BasicDefend","Koishi:BasicDefend","Koishi:BasicDefend","Koishi:Provoke","Koishi:HauntingSlash+1","Koishi:JumpScare","Koishi:UnseenTerror","Koishi:BloodcurdlingScream","Koishi:BloodcurdlingScream","Koishi:StingingMind","Koishi:ParalyzingFear","Koishi:DreadfulBlow+1","Koishi:Catatonia","Writhe","Koishi:DreadfulBlow"],"relics":["Koishi:ImaginaryFriend","Vajra","InkBottle","Matryoshka","Shuriken","Velvet Choker","Bronze Scales","The Courier","Toy Ornithopter","Letter Opener","Bottled Lightning","PreservedInsect"],"acts_visited":["Exordium","TheCity"],"potions_floor_usage":[16,16,21,23,25,29],"damage_taken":[{"damage":1,"enemies":"Cultist","floor":1,"turns":3},{"damage":3,"enemies":"ats:Genji","floor":3,"turns":4},{"damage":0,"enemies":"2 Louse","floor":5,"turns":4},{"damage":33,"enemies":"Lagavulin","floor":7,"turns":8},{"damage":12,"enemies":"Blue Slaver","floor":8,"turns":3},{"damage":21,"enemies":"Gremlin Nob","floor":11,"turns":4},{"damage":0,"enemies":"Exordium Wildlife","floor":12,"turns":3},{"damage":0,"enemies":"3 Louse","floor":14,"turns":1},{"damage":29,"enemies":"Slime Boss","floor":16,"turns":11},{"damage":5,"enemies":"Chosen","floor":18,"turns":5},{"damage":33,"enemies":"2 Thieves","floor":20,"turns":3},{"damage":16,"enemies":"Centurion and Healer","floor":21,"turns":5},{"damage":23,"enemies":"Gremlin Leader","floor":23,"turns":7},{"damage":10,"enemies":"Chosen and Byrds","floor":25,"turns":4},{"damage":46,"enemies":"Slavers","floor":29,"turns":5},{"damage":25,"enemies":"Shelled Parasite and Fungi","floor":31,"turns":3}],"seed_played":"-8995086110270192242","potions_obtained":[{"floor":3,"key":"Dexterity Potion"},{"floor":7,"key":"ColorlessPotion"},{"floor":12,"key":"ColorlessPotion"},{"floor":20,"key":"Fire Potion"},{"floor":21,"key":"DistilledChaos"},{"floor":23,"key":"GamblersBrew"}],"is_trial":false,"path_per_floor":["M","$","M","$","M","R","E","M","T","R","E","M","R","M","R","B",null,"M","$","M","M","?","E","R","M","T","?","$","E","?","M"],"character_chosen":"KOISHI","items_purchased":["Koishi:UnseenTerror","Koishi:ParalyzingFear","Bronze Scales"],"campfire_rested":3,"item_purchase_floors":[2,19,19],"current_hp_per_floor":[60,60,60,60,60,60,41,35,35,53,38,44,60,60,60,35,60,60,60,33,31,31,20,38,44,44,44,44,9,9,0,0],"gold":0,"neow_bonus":"RANDOM_COMMON_RELIC","is_daily":false,"chose_seed":false,"campfire_upgraded":1,"win_rate":0.0,"timestamp":1613985260,"path_taken":["M","$","M","$","M","R","E","M","T","R","E","?","R","M","R","BOSS","M","$","?","M","?","E","R","M","T","?","?","E","?","?"],"items_purchased_type":["Card","Card","Relic"],"build_version":"2020-12-22","purchased_purges":2,"victory":false,"max_hp_per_floor":[60,60,60,60,60,60,60,60,60,60,60,60,60,60,60,60,60,60,60,60,60,60,60,60,60,60,60,60,60,60,60,60],"card_choices":[{"not_picked":["Koishi:EmbryosDream","Koishi:RacingHeart"],"picked":"Koishi:JumpScare","floor":1},{"not_picked":["Koishi:Prune","Koishi:Jaunt","Koishi:GeneticsOfTheUnconscious"],"picked":"SKIP","floor":3},{"not_picked":["Koishi:RorschachInDanmaku","Koishi:UnansweredLove","Koishi:SubterraneanRose"],"picked":"SKIP","floor":5},{"not_picked":["Koishi:GrowingPain","Koishi:SprinkleStarAndHeart"],"picked":"Koishi:BloodcurdlingScream","floor":7},{"not_picked":["Koishi:SubterraneanRose","Koishi:Jaunt","Koishi:Untouchable"],"picked":"SKIP","floor":8},{"not_picked":["Koishi:ReflexRadar","Koishi:Whimsy"],"picked":"Koishi:BloodcurdlingScream","floor":11},{"not_picked":["Koishi:SubterraneanRose","Koishi:UnconsciousUrges","Koishi:Jaunt"],"picked":"SKIP","floor":12},{"not_picked":["Koishi:YoukaiPolygraph","Koishi:ParalyzingFear"],"picked":"Koishi:StingingMind","floor":14},{"not_picked":["Koishi:FleetingPhantom","Koishi:SubconsciousSweep+1","Koishi:EmbryosDream+1"],"picked":"SKIP","floor":18},{"not_picked":["Koishi:Bloodlust","Koishi:HeartfeltFancy"],"picked":"Koishi:DreadfulBlow+1","floor":20},{"not_picked":["Koishi:TraumaticStroke","Koishi:BramblyRoseGarden"],"picked":"Koishi:Catatonia","floor":21},{"not_picked":["Koishi:TraumaticStroke","Koishi:FidgetySnatcher","Koishi:SpiritedAway"],"picked":"SKIP","floor":23},{"not_picked":["Koishi:StingingMind","Koishi:SpiritedAway"],"picked":"Koishi:DreadfulBlow","floor":25},{"not_picked":["Koishi:EmbryosDream","Koishi:SpiritedAway+1","Koishi:Jaunt"],"picked":"SKIP","floor":29}],"player_experience":122293,"relics_obtained":[{"floor":7,"key":"InkBottle"},{"floor":9,"key":"Matryoshka"},{"floor":11,"key":"Shuriken"},{"floor":23,"key":"Toy Ornithopter"},{"floor":26,"key":"Letter Opener"},{"floor":26,"key":"Bottled Lightning"},{"floor":29,"key":"PreservedInsect"}],"event_choices":[{"damage_healed":0,"gold_gain":0,"player_choice":"Opened","damage_taken":0,"relics_obtained":["The Courier"],"max_hp_gain":0,"max_hp_loss":0,"event_name":"The Mausoleum","floor":22,"gold_loss":0,"cards_obtained":["Writhe"]},{"damage_healed":0,"gold_gain":0,"player_choice":"Ignored","damage_taken":0,"max_hp_gain":0,"max_hp_loss":0,"event_name":"Ghosts","floor":27,"gold_loss":0},{"damage_healed":0,"gold_gain":0,"player_choice":"Paid Fearfully","damage_taken":0,"max_hp_gain":0,"max_hp_loss":0,"event_name":"Masked Bandits","floor":30,"gold_loss":50}],"is_beta":false,"boss_relics":[{"not_picked":["SacredBark","SlaversCollar"],"picked":"Velvet Choker"}],"items_purged_floors":[19,28],"is_endless":false,"potions_floor_spawned":[3,7,12,14,20,21,23],"killed_by":"Shelled Parasite and Fungi","ascension_level":0}}