{"host":"dr01x95rw3kaiuk5","time":1613982854,"event":{"mods":["ATMod(阿瑾Mod)","Act Like it!","Arknights","BaseMod","Colored Powertips","Conspire","Energized Spire","Friendly Minions","Gensokyo","GifTheSpireLib","KinomotoSakuraMod(木之本樱)","Minty Spire (QoL Compilation)","MostiFishMod","Reliquary","Replay The Spire","Shop Mod","Spicy Shops","StSLib","TestMod","UnlockEverythingMod","[IsaacMod]以撒尖塔","【遗物卡牌】REMEMod"],"gold_per_floor":[169,183,10,20,98,129,54,81,108,108,108,108,108,120,120,221,221,231,257,25,46,63,100,500,520,601,601,601,619,663,281,281,403,403,426,426,464,479,179,179,202,240,240,253,475,494,494,86,86,96],"floor_reached":51,"language":"ZHS","playtime":2969,"items_purged":["ClowCardTheSword","ClowCardTheSword+1","ClowCardTheSword+1","ClowCardTheSword+1","ClowCardTheShield+1","SpellCardRelease"],"score":1088,"play_id":"a0625ed2-9969-427d-98e7-62b5fadb7d70","local_time":"20210222163414","is_ascension_mode":true,"campfire_choices":[{"floor":10,"key":"REST"},{"data":"ClowCardTheMist","floor":13,"key":"SMITH"},{"data":"ClowCardTheShadow","floor":15,"key":"SMITH"},{"floor":28,"key":"REST"},{"floor":32,"key":"REST"},{"floor":40,"key":"REST"},{"data":"ClowCardTheWave","floor":49,"key":"SMITH"}],"circlet_count":0,"master_deck":["SakuraCardTheSand+","SakuraCardTheMist+","ClowCardTheShield+1","SpellCardSeal+1","ClowCardTheRain+1","ClowCardTheFlower+1","ClowCardTheShadow+1","ClowCardTheSword+1","ClowCardTheThrough+1","ClowCardTheLight+1","ClowCardTheShot+1","ClowCardTheThrough+1","ClowCardTheFly+1","ClowCardTheMirror+1","ClowCardTheWood+1","ClowCardTheFly+1","ClowCardTheWood+1","ClowCardTheMist+1","ClowCardTheWave+1"],"relics":["KSMOD_SealedBook","KSMOD_SealedWand","HushsDoor","AT_ATBox","REME_ComplimentaryCards","DSteel32","BloodDonationMachine","testmod-Justice","SynthV:TestCard","Ice Cream","reliquary:PorcupineQuills","KSMOD_TouyasBicycle","Replay:Mystery Machine","DaveBox","OrangePellets","reliquary:ThirdArm","Red Mask","Membership Card","testmod-TheFather","reliquary:RosewoodLute","reliquary:TridentHead","ReplayTheSpireMod:Shallot","Oddly Smooth Stone","AT_EbonyIvory","Matryoshka","Bag of Marbles","energizedSpire:DeadBattery","reliquary:Sod","testmod-Antiphasic","reliquary:QuartzCube","MaYiHuaBei","reliquary:PartyBalloon","Replay:Ringing Soul","KSMOD_GemBrooch","reliquary:FerryPass","Vajra","TheAbacus"],"acts_visited":["Exordium","TheCity","TheBeyond"],"potions_floor_usage":[16,19,19,33,37,38,50],"damage_taken":[{"damage":0,"enemies":"2 Louse","floor":1,"turns":3},{"damage":3,"enemies":"ats:Genji","floor":2,"turns":3},{"damage":5,"enemies":"conspire:RoseBush","floor":4,"turns":2},{"damage":14,"enemies":"Gremlin Nob","floor":6,"turns":3},{"damage":11,"enemies":"Replay:BlueRogue","floor":8,"turns":5},{"damage":0,"enemies":"2 Fungi Beasts","floor":14,"turns":3},{"damage":0,"enemies":"Slime Boss","floor":16,"turns":4},{"damage":3,"enemies":"Spheric Guardian","floor":18,"turns":3},{"damage":9,"enemies":"Masked Bandits","floor":19,"turns":3},{"damage":11,"enemies":"3 Byrds","floor":21,"turns":4},{"damage":11,"enemies":"Sentry and Sphere","floor":22,"turns":4},{"damage":3,"enemies":"conspire:Head Lice","floor":23,"turns":4},{"damage":0,"enemies":"Centurion and Healer","floor":25,"turns":3},{"damage":2,"enemies":"Snake Plant","floor":29,"turns":3},{"damage":0,"enemies":"Gremlin Leader","floor":30,"turns":3},{"damage":0,"enemies":"Automaton","floor":33,"turns":4},{"damage":7,"enemies":"3 Shapes","floor":35,"turns":2},{"damage":10,"enemies":"conspire:MimicChest","floor":37,"turns":4},{"damage":14,"enemies":"Orb Walker","floor":38,"turns":2},{"damage":0,"enemies":"3 Darklings","floor":41,"turns":4},{"damage":0,"enemies":"R_Hoarder","floor":42,"turns":3},{"damage":0,"enemies":"Sphere and 2 Shapes","floor":44,"turns":1},{"damage":0,"enemies":"Spire Growth","floor":46,"turns":3},{"damage":21,"enemies":"Donu and Deca","floor":50,"turns":4}],"seed_played":"-3662960822639127278","potions_obtained":[{"floor":2,"key":"Energy Potion"},{"floor":6,"key":"Adrenaline Potion"},{"floor":16,"key":"SpeedPotion"},{"floor":19,"key":"Swift Potion"},{"floor":22,"key":"Swift Potion"},{"floor":29,"key":"Energy Potion"},{"floor":37,"key":"Weak Potion"},{"floor":41,"key":"SpeedPotion"},{"floor":46,"key":"Strength Potion"}],"is_trial":false,"path_per_floor":["M","M","$","M","?","E","$","E","T","R","?","?","R","M","R","B",null,"M","?","$","M","M","E","?","M","T","?","R","M","E","$","R","B",null,"M","?","?","M","$","R","M","E","T","M","?","M","?","$","R","B",null],"character_chosen":"KINOMOTOSAKURA","items_purchased":["Ice Cream","ClowCardTheRain+1","ClowCardTheLight","Membership Card","testmod-TheFather","Oddly Smooth Stone","AT_EbonyIvory","Matryoshka","Bag of Marbles","reliquary:QuartzCube","ClowCardTheFly","FearPotion","KSMOD_GemBrooch","reliquary:FerryPass","Vajra","TheAbacus","ClowCardTheWave"],"campfire_rested":4,"item_purchase_floors":[3,3,17,20,20,31,31,31,31,39,39,39,48,48,48,48,48],"current_hp_per_floor":[66,63,36,31,31,17,17,6,6,29,29,29,29,29,29,29,73,70,61,53,42,31,28,28,28,28,28,49,47,47,47,68,68,73,66,66,56,42,42,63,63,64,64,67,67,67,57,60,60,39],"gold":96,"neow_bonus":"TEN_PERCENT_HP_BONUS","is_daily":false,"chose_seed":false,"campfire_upgraded":3,"win_rate":0.0,"timestamp":1613982854,"path_taken":["M","M","$","M","?","E","$","E","T","R","?","?","R","M","R","BOSS","M","?","$","?","M","E","?","M","T","?","R","M","E","$","R","BOSS","M","?","?","M","$","R","M","E","T","M","?","M","?","?","R","BOSS"],"items_purchased_type":["Relic","Card","Card","Relic","Relic","Relic","Relic","Relic","Relic","Relic","Card","Potion","Relic","Relic","Relic","Relic","Card"],"build_version":"2020-12-22","purchased_purges":6,"victory":true,"max_hp_per_floor":[77,77,77,77,77,77,77,77,77,77,77,77,77,77,77,77,73,73,73,73,73,73,73,73,73,73,73,73,73,73,73,73,73,73,73,73,73,73,73,73,73,74,74,77,77,77,77,80,80,80],"card_choices":[{"not_picked":["ClowCardTheMaze","ClowCardTheSleep","ClowCardTheEarthy"],"picked":"SKIP","floor":1},{"not_picked":["ClowCardTheLittle","ClowCardTheWood","ClowCardTheMaze","ClowCardTheLoop"],"picked":"ClowCardTheMist","floor":2},{"not_picked":["ClowCardTheBig","ClowCardTheGlow","ClowCardTheWave","ClowCardTheErase"],"picked":"Bomb","floor":4},{"not_picked":["ClowCardTheChange","ClowCardTheFly","ClowCardTheJump","Bomb"],"picked":"ClowCardTheFlower","floor":6},{"not_picked":["ClowCardTheReturn","ClowCardTheFreeze","ClowCardTheErase","ClowCardTheArrow"],"picked":"ClowCardTheShadow","floor":8},{"not_picked":["ClowCardTheWatery","ClowCardThePower","ClowCardTheReturn","ClowCardTheSilent"],"picked":"ClowCardTheSand","floor":14},{"not_picked":["ClowCardTheThunder","ClowCardTheTime","ClowCardTheDash","ClowCardTheLight"],"picked":"ClowCardTheThrough","floor":16},{"not_picked":["ClowCardTheSilent","ClowCardTheBig","ClowCardTheMist","ClowCardTheMaze","ClowCardTheLock+1"],"picked":"SKIP","floor":18},{"not_picked":["ClowCardTheVoice+1","ClowCardTheLoop","ClowCardTheWave","ClowCardTheRain"],"picked":"ClowCardTheShot","floor":21},{"not_picked":["ClowCardTheCloud+1","ClowCardTheArrow","ClowCardTheRain","ClowCardThePower","ClowCardTheDream"],"picked":"SKIP","floor":22},{"not_picked":["ClowCardTheGlow","ClowCardTheFlower","ClowCardThePower","ClowCardTheShot+1"],"picked":"ClowCardTheThrough","floor":23},{"not_picked":["ClowCardTheErase","ClowCardTheSilent","ClowCardTheMist","ClowCardTheSand","ClowCardTheMaze+1"],"picked":"SKIP","floor":25},{"not_picked":["ClowCardTheStorm","ClowCardTheSong","ClowCardTheDream","ClowCardTheBubbles+1"],"picked":"ClowCardTheFly+1","floor":29},{"not_picked":["ClowCardTheGlow","ClowCardTheVoice+1","ClowCardTheFloat","ClowCardTheLoop","ClowCardTheLock"],"picked":"SKIP","floor":30},{"not_picked":["ClowCardTheTime","ClowCardTheDark","ClowCardTheThrough","ClowCardTheFight"],"picked":"ClowCardTheCreate","floor":33},{"not_picked":["ClowCardTheSweet","ClowCardTheFirey","ClowCardTheSnow","ClowCardTheJump"],"picked":"ClowCardTheMirror","floor":35},{"not_picked":["ClowCardTheRain+1","ClowCardTheGlow","ClowCardTheErase","ClowCardTheLoop+1"],"picked":"ClowCardTheWood","floor":37},{"not_picked":["ClowCardTheFlower+1","ClowCardTheWatery","ClowCardTheSilent","ClowCardTheLight","ClowCardTheWave+1"],"picked":"SKIP","floor":38},{"not_picked":["ClowCardTheMove+1","ClowCardThePower+1","ClowCardTheRain+1","ClowCardTheFreeze+1"],"picked":"ClowCardTheWood+1","floor":41},{"not_picked":["ClowCardTheChange","ClowCardTheLock","ClowCardTheWave+1","ClowCardTheCloud","ClowCardTheThunder"],"picked":"SKIP","floor":42},{"not_picked":["ClowCardTheCloud+1","ClowCardTheLoop+1","ClowCardTheLock+1","ClowCardTheSleep"],"picked":"ClowCardTheMist+1","floor":44},{"not_picked":["ClowCardTheMaze+1","ClowCardTheJump","ClowCardTheIllusion","ClowCardTheWindy","ClowCardTheLibra+1"],"picked":"SKIP","floor":46}],"player_experience":311694,"relics_obtained":[{"floor":1,"key":"SynthV:TestCard"},{"floor":6,"key":"reliquary:PorcupineQuills"},{"floor":8,"key":"KSMOD_TouyasBicycle"},{"floor":9,"key":"Replay:Mystery Machine"},{"floor":19,"key":"Red Mask"},{"floor":23,"key":"reliquary:RosewoodLute"},{"floor":26,"key":"reliquary:TridentHead"},{"floor":30,"key":"ReplayTheSpireMod:Shallot"},{"floor":37,"key":"reliquary:Sod"},{"floor":38,"key":"testmod-Antiphasic"},{"floor":42,"key":"MaYiHuaBei"},{"floor":43,"key":"reliquary:PartyBalloon"},{"floor":43,"key":"Replay:Ringing Soul"}],"event_choices":[{"damage_healed":0,"gold_gain":78,"player_choice":"Gained Gold","damage_taken":0,"max_hp_gain":0,"max_hp_loss":0,"event_name":"Golden Wing","floor":5,"gold_loss":0},{"damage_healed":0,"gold_gain":0,"player_choice":"Swap Relic","damage_taken":0,"relics_obtained":["DaveBox"],"max_hp_gain":0,"max_hp_loss":0,"event_name":"给自己的盒子","floor":11,"relics_lost":["DaveBox"],"gold_loss":0},{"damage_healed":0,"gold_gain":0,"player_choice":"Fought Bandits","damage_taken":0,"max_hp_gain":0,"max_hp_loss":0,"event_name":"Masked Bandits","floor":19,"gold_loss":0},{"damage_healed":0,"gold_gain":400,"player_choice":"Sell","damage_taken":0,"max_hp_gain":0,"max_hp_loss":0,"event_name":"恩洛斯的盘子","floor":24,"relics_lost":["testmod-TestBox"],"gold_loss":0},{"damage_healed":0,"gold_gain":222,"player_choice":"Wore Mask","damage_taken":0,"max_hp_gain":0,"max_hp_loss":0,"event_name":"Tomb of Lord Red Mask","floor":45,"gold_loss":0},{"damage_healed":0,"gold_gain":0,"player_choice":"Memory 3","damage_taken":10,"max_hp_gain":0,"max_hp_loss":0,"event_name":"SensoryStone","floor":47,"gold_loss":0}],"is_beta":false,"boss_relics":[{"not_picked":["testmod-EnergyCheck","BloodWine"],"picked":"reliquary:ThirdArm"},{"not_picked":[]},{"not_picked":["Velvet Choker","reliquary:Ember"],"picked":"energizedSpire:DeadBattery"},{"not_picked":[]}],"items_purged_floors":[7,20,20,31,39,48],"is_endless":false,"potions_floor_spawned":[2,6,16,19,22,23,29,37,41,46],"ascension_level":4}}