{"host":"2e5gbsni44p3458r","time":1613994869,"event":{"mods":["BaseMod","Colored Map","Downfall","Hermit","Minty Spire (QoL Compilation)","Replay The Spire","StSLib","The Cursed"],"gold_per_floor":[0,0,16,34,57,72,72,97,117,129,14,26,26,55,66,168,218,18,38,57,74,59,59,128,146,61,96,96,296,296,37,57,57,57,57],"floor_reached":33,"language":"ENG","playtime":2362,"items_purged":["Replay:Hysterical Blindness","downfall:Haunted"],"score":384,"play_id":"57b785c3-a058-4479-9c63-3664d837abcd","local_time":"20210222205429","is_ascension_mode":true,"campfire_choices":[{"data":"hexamod:Float","floor":1.0,"key":"SMITH"},{"floor":13.0,"key":"RECALL"},{"data":"hexamod:HexaLevel","floor":18.0,"key":"SMITH"}],"circlet_count":0,"master_deck":["hexamod:Strike","hexamod:Strike","hexamod:Defend+1","hexamod:Defend+1","hexamod:Defend","hexamod:Float+1","hexamod:FlameSwitch","hexamod:StepThrough","hexamod:Firestarter","hexamod:GhostflameBarrier","hexamod:FastForward","hexamod:HauntingEcho+1","hexamod:TimeOfNeed","hexamod:AdvancingGuard","hexamod:HexaLevel+1","hexamod:PhantomCloak","hexamod:RadiantFlame","hexamod:GhostOfSpireFuture","hexamod:ThirdSeal","hexamod:FourthSeal","hexamod:FastForward","hexamod:ForkedFlame"],"relics":["hexamod:SpiritBrand","WingedGreaves","HornCleat","Replay:Ringing Soul","Tiny House","downfall:HeartBlessingRed","downfall:HeartBlessingGreen","Blue Candle","War Paint"],"acts_visited":["Exordium","TheCity"],"potions_floor_usage":[30,33],"damage_taken":[{"damage":1.0,"enemies":"Cultist","floor":3.0,"turns":3.0},{"damage":0.0,"enemies":"Small Slimes","floor":4.0,"turns":4.0},{"damage":0.0,"enemies":"2 Louse","floor":6.0,"turns":3.0},{"damage":15.0,"enemies":"Lagavulin","floor":8.0,"turns":6.0},{"damage":3.0,"enemies":"2 Fungi Beasts","floor":9.0,"turns":3.0},{"damage":6.0,"enemies":"downfall:LooterAlt","floor":10.0,"turns":3.0},{"damage":0.0,"enemies":"downfall:FleeingMerchant","floor":11.0,"turns":4.0},{"damage":6.0,"enemies":"Lots of Slimes","floor":12.0,"turns":2.0},{"damage":6.0,"enemies":"Replay:BlueRogue","floor":14.0,"turns":6.0},{"damage":0.0,"enemies":"Exordium Wildlife","floor":15.0,"turns":4.0},{"damage":20.0,"enemies":"DF_ARCHETYPE_STREAMLINE","floor":16.0,"turns":11.0},{"damage":7.0,"enemies":"Spheric Guardian","floor":19.0,"turns":5.0},{"damage":1.0,"enemies":"Shell Parasite","floor":20.0,"turns":5.0},{"damage":11.0,"enemies":"Cultist and Chosen","floor":21.0,"turns":5.0},{"damage":0.0,"enemies":"downfall:FleeingMerchant","floor":22.0,"turns":4.0},{"damage":14.0,"enemies":"Centurion and Healer","floor":25.0,"turns":9.0},{"damage":0.0,"enemies":"downfall:FleeingMerchant","floor":26.0,"turns":4.0},{"damage":31.0,"enemies":"Gremlin Leader","floor":27.0,"turns":6.0},{"damage":0,"enemies":"Slavers","floor":30,"turns":1},{"damage":6,"enemies":"downfall:FleeingMerchant","floor":31,"turns":4},{"damage":7,"enemies":"Snake Plant","floor":32,"turns":5},{"damage":47,"enemies":"WA_ARCHETYPE_CALM","floor":33,"turns":5}],"seed_played":"-385824429842526635","potions_obtained":[{"floor":6.0,"key":"BlessingOfTheForge"},{"floor":9.0,"key":"Toxic Potion"},{"floor":10.0,"key":"SmokeBomb"},{"floor":12.0,"key":"Block Potion"},{"floor":17.0,"key":"GamblersBrew"},{"floor":20.0,"key":"hexamod:EctoCoolerPotion"},{"floor":25.0,"key":"GamblersBrew"},{"floor":27.0,"key":"LiquidBronze"},{"floor":31,"key":"sneckomod:MuddlingPotion"},{"floor":32,"key":"DistilledChaos"},{"floor":32,"key":"hexamod:SoulburnPotion"}],"is_trial":false,"path_per_floor":["R","?","M","M","T","M","T","E","M","M","$","M","R","E","M","B",null,"R","M","M","M","$","?","T","M","$","E","?","?","E","$","M","B"],"character_chosen":"THE_SPIRIT","items_purchased":["hexamod:AdvancingGuard","hexamod:GhostOfSpireFuture","hexamod:ForkedFlame"],"campfire_rested":0,"item_purchase_floors":[11,26,31],"current_hp_per_floor":[70,70,69,69,69,69,69,54,51,45,45,39,39,33,36,19,81,81,77,76,65,68,68,68,54,57,26,29,32,32,29,22,0,0,0],"gold":57,"neow_bonus":"THREE_RARE_CARDS","is_daily":false,"chose_seed":false,"campfire_upgraded":2,"win_rate":0.0,"timestamp":1613994869,"path_taken":["R","?","?","M","?","M","T","E","M","?","$","M","R","E","M","BOSS","R","M","?","M","$","?","T","?","?","E","?","?","E","$","M","BOSS"],"items_purchased_type":["Card","Card","Card"],"build_version":"2020-12-22","purchased_purges":2,"victory":false,"max_hp_per_floor":[70,70,70,70,70,70,70,70,70,70,70,70,70,70,73,76,81,81,84,84,84,87,87,87,87,90,90,93,96,96,99,99,99,99,99],"card_choices":[{"not_picked":["hexamod:GiftsFromTheDead","hexamod:GhostflameInferno"],"picked":"hexamod:FlameSwitch","floor":0.0},{"not_picked":["hexamod:Hexaguard","hexamod:ShieldOfDarkness"],"picked":"hexamod:FastForward","floor":3.0},{"not_picked":["hexamod:PhantomFireball","hexamod:Hexaguard"],"picked":"hexamod:HauntingEcho","floor":4.0},{"not_picked":["hexamod:Hexaguard","hexamod:SoulSteal","hexamod:RetreatToShadows"],"picked":"SKIP","floor":6.0},{"not_picked":["hexamod:HeatCrush","hexamod:Hexaguard"],"picked":"hexamod:TimeOfNeed","floor":8.0},{"not_picked":["hexamod:GhostShield","hexamod:NecessarySacrifice","hexamod:HeatMetal"],"picked":"SKIP","floor":9.0},{"not_picked":["hexamod:DynamicBlow","hexamod:Hexaguard","hexamod:GhostOfSpirePast"],"picked":"SKIP","floor":10.0},{"not_picked":["hexamod:ApocalypseNow","hexamod:Hexaguard","hexamod:HeatMetal"],"picked":"SKIP","floor":11.0},{"not_picked":["hexamod:HauntingEcho","hexamod:NightmareStrike","hexamod:InspiringFlames"],"picked":"SKIP","floor":12.0},{"not_picked":["hexamod:NightmareStrike","hexamod:BurningTouch","hexamod:GhostLash"],"picked":"SKIP","floor":14.0},{"not_picked":["hexamod:SkipABeat","hexamod:ShieldOfDarkness"],"picked":"hexamod:AdvancingGuard","floor":15.0},{"not_picked":["hexamod:ParanormalForm","hexamod:SixthSeal"],"picked":"hexamod:HexaLevel","floor":16.0},{"not_picked":["hexamod:SoulSteal","hexamod:BacktrackSmack"],"picked":"hexamod:PhantomCloak","floor":19.0},{"not_picked":["hexamod:FlamesFromBeyond","hexamod:NightmareGuise","hexamod:Firestarter"],"picked":"SKIP","floor":20.0},{"not_picked":["hexamod:NightmareStrike+1","hexamod:BurningTouch","hexamod:SwordOfDarkness"],"picked":"SKIP","floor":21.0},{"not_picked":["hexamod:AdvancingGuard+1","hexamod:Again"],"picked":"hexamod:RadiantFlame","floor":22.0},{"not_picked":["hexamod:SuperheatedStrike","hexamod:AdvancingGuard","hexamod:Hexaguard"],"picked":"SKIP","floor":25.0},{"not_picked":["hexamod:SearingWound","hexamod:DynamicBlow","hexamod:RainOfEmbers"],"picked":"SKIP","floor":26.0},{"not_picked":["hexamod:EtherealExpedition","hexamod:ThermalTransfer","hexamod:GhostLash"],"picked":"SKIP","floor":27.0},{"not_picked":["hexamod:Firestarter","hexamod:PowerFromBeyond"],"picked":"hexamod:FastForward","floor":31},{"not_picked":["hexamod:PowerFromBeyond","hexamod:HeatMetal","hexamod:BurningTouch"],"picked":"SKIP","floor":31},{"not_picked":["hexamod:SoulSteal+1","hexamod:GhostShield","hexamod:Rewind+1"],"picked":"SKIP","floor":32}],"player_experience":842163,"relics_obtained":[{"floor":7.0,"key":"WingedGreaves"},{"floor":8.0,"key":"HornCleat"},{"floor":14.0,"key":"Replay:Ringing Soul"},{"floor":24.0,"key":"Blue Candle"},{"floor":27.0,"key":"War Paint"}],"event_choices":[],"is_beta":false,"boss_relics":[{"not_picked":["bronze:MakeshiftBattery","ChewingGum"],"picked":"Tiny House"}],"items_purged_floors":[11,31],"is_endless":false,"potions_floor_spawned":[6,9,10,12,20,25,27,32],"killed_by":"WA_ARCHETYPE_CALM","ascension_level":4}}