{"host":"vpaavrwbmey593fx","time":1613952135,"event":{"mods":["AchievementEnabler","BaseMod","Bestiary","Colored Map","Colored Powertips","DeckTracker","Minty Spire (QoL Compilation)","Relic Sorter"],"gold_per_floor":[114,289,304,319,84,114,114,144,144,144,174,204,216,258,270,382,394,421,348,360,387,399,411,423,465,552,594,606,648,660,672,684,796,808,835,849,861,573,573,603,603,633,633,663,693,693,723,161,161,161],"floor_reached":51,"language":"ENG","playtime":3652,"items_purged":["Doubt"],"score":1077,"play_id":"f0710506-f8f0-48c2-86cb-b83f54d97401","local_time":"20210221160215","daily_mods":["SealedDeck","Flight","Elite Swarm"],"is_ascension_mode":false,"campfire_choices":[{"data":"Entrench","floor":7,"key":"SMITH"},{"data":"Armaments","floor":10,"key":"SMITH"},{"data":"1","floor":13,"key":"LIFT"},{"data":"2","floor":15,"key":"LIFT"},{"data":"3","floor":23,"key":"LIFT"},{"data":"Body Slam","floor":24,"key":"SMITH"},{"data":"Brutality","floor":32,"key":"SMITH"},{"data":"Limit Break","floor":41,"key":"SMITH"},{"data":"Rupture","floor":49,"key":"SMITH"}],"circlet_count":0,"master_deck":["True Grit","Body Slam+1","Iron Wave","Armaments+1","Dual Wield","Shrug It Off","Shrug It Off","Heavy Blade","Rupture+1","Hemokinesis","Headbutt","Entrench+1","Metallicize","Reaper","Immolate","Feed","Demon Form+1","Brutality+1","Reaper","Double Tap","Shockwave+1","True Grit+1","Limit Break+1","Impervious","Impervious","Offering","Apotheosis"],"relics":["Burning Blood","FossilizedHelix","Bronze Scales","White Beast Statue","Girya","MawBank","MealTicket","Coffee Dripper","Letter Opener","Nilry\u0027s Codex","Orichalcum","Mercury Hourglass","Pantograph","Bottled Lightning","SlaversCollar","Thread and Needle","Strange Spoon","Anchor","HornCleat","Juzu Bracelet","Eternal Feather","Bag of Preparation","Meat on the Bone","Sundial","OrangePellets","Blue Candle"],"acts_visited":["Exordium","TheCity","TheBeyond"],"potions_floor_usage":[16,27,33,33,33,40,40,50],"damage_taken":[{"damage":4,"enemies":"Small Slimes","floor":1,"turns":3},{"damage":0,"enemies":"2 Louse","floor":3,"turns":2},{"damage":4,"enemies":"Cultist","floor":4,"turns":3},{"damage":26,"enemies":"Gremlin Nob","floor":6,"turns":5},{"damage":15,"enemies":"Lagavulin","floor":8,"turns":8},{"damage":13,"enemies":"Gremlin Nob","floor":11,"turns":5},{"damage":6,"enemies":"Lagavulin","floor":12,"turns":8},{"damage":5,"enemies":"Gremlin Nob","floor":14,"turns":4},{"damage":25,"enemies":"The Guardian","floor":16,"turns":9},{"damage":4,"enemies":"Chosen","floor":18,"turns":4},{"damage":12,"enemies":"2 Thieves","floor":21,"turns":2},{"damage":2,"enemies":"Book of Stabbing","floor":25,"turns":5},{"damage":22,"enemies":"Slavers","floor":27,"turns":3},{"damage":14,"enemies":"Gremlin Leader","floor":29,"turns":5},{"damage":55,"enemies":"Collector","floor":33,"turns":7},{"damage":12,"enemies":"3 Darklings","floor":35,"turns":4},{"damage":28,"enemies":"2 Orb Walkers","floor":36,"turns":4},{"damage":22,"enemies":"Reptomancer","floor":40,"turns":4},{"damage":12,"enemies":"Giant Head","floor":42,"turns":6},{"damage":35,"enemies":"Nemesis","floor":44,"turns":7},{"damage":4,"enemies":"Reptomancer","floor":45,"turns":6},{"damage":6,"enemies":"Nemesis","floor":47,"turns":5},{"damage":12,"enemies":"Donu and Deca","floor":50,"turns":5}],"seed_played":"-7397021786818157212","potions_obtained":[{"floor":6,"key":"Explosive Potion"},{"floor":11,"key":"SkillPotion"},{"floor":12,"key":"GamblersBrew"},{"floor":16,"key":"SteroidPotion"},{"floor":18,"key":"Ancient Potion"},{"floor":25,"key":"PowerPotion"},{"floor":27,"key":"BlessingOfTheForge"},{"floor":33,"key":"SteroidPotion"},{"floor":35,"key":"BloodPotion"},{"floor":36,"key":"Swift Potion"},{"floor":40,"key":"BloodPotion"},{"floor":42,"key":"Weak Potion"},{"floor":44,"key":"Swift Potion"}],"is_trial":false,"path_per_floor":["M","?","M","M","$","E","R","E","T","R","E","E","R","E","R","B",null,"M","?","?","M","$","R","R","E","T","E","$","E","$","?","R","B",null,"M","?","?","$","?","E","R","E","T","E","E","?","E","$","R","B",null],"character_chosen":"IRONCLAD","items_purchased":["Entrench","Metallicize","Strange Spoon","Anchor","Apotheosis","OrangePellets","Blue Candle"],"campfire_rested":0,"item_purchase_floors":[5,5,38,38,48,48,48],"current_hp_per_floor":[80,80,80,80,80,60,60,51,51,51,44,49,49,54,54,39,88,88,88,72,82,92,92,92,92,92,76,91,92,92,92,92,92,92,92,83,83,95,95,82,82,101,101,95,107,102,102,102,102,96],"gold":161,"neow_bonus":"","is_daily":true,"chose_seed":false,"campfire_upgraded":6,"win_rate":0.0,"timestamp":1613952135,"path_taken":["M","?","M","M","$","E","R","E","T","R","E","E","R","E","R","BOSS","M","?","?","M","$","R","R","E","T","E","$","E","$","?","R","BOSS","M","?","?","$","?","E","R","E","T","E","E","?","E","$","R","BOSS"],"items_purchased_type":["Card","Card","Relic","Relic","Card","Relic","Relic"],"build_version":"2020-12-22","purchased_purges":1,"victory":true,"max_hp_per_floor":[80,80,80,80,80,80,80,80,80,80,80,80,80,84,84,88,88,88,88,88,92,92,92,92,92,92,92,92,92,92,92,92,92,92,92,95,95,95,95,98,98,101,101,104,107,102,102,102,102,102],"card_choices":[{"not_picked":["Rampage","Anger","True Grit"],"picked":"SKIP","floor":1},{"not_picked":["Infernal Blade","Iron Wave","Cleave"],"picked":"SKIP","floor":3},{"not_picked":["Reckless Charge","Armaments"],"picked":"Headbutt","floor":4},{"not_picked":["Barricade","Offering"],"picked":"Reaper","floor":6},{"not_picked":["Demon Form","Corruption"],"picked":"Reaper","floor":8},{"not_picked":["Juggernaut","Exhume"],"picked":"Immolate","floor":11},{"not_picked":["Impervious","Exhume"],"picked":"Feed","floor":12},{"not_picked":["Exhume","Berserk"],"picked":"Demon Form","floor":14},{"not_picked":["Flex+1","Searing Blow+1","Reckless Charge+1"],"picked":"SKIP","floor":18},{"not_picked":["Twin Strike","Headbutt","Metallicize"],"picked":"SKIP","floor":21},{"not_picked":["Reaper","Barricade"],"picked":"Brutality","floor":25},{"not_picked":["Barricade","Impervious"],"picked":"Reaper","floor":27},{"not_picked":["Demon Form","Brutality","Barricade"],"picked":"SKIP","floor":29},{"not_picked":["Immolate","Juggernaut"],"picked":"Double Tap","floor":33},{"not_picked":["Twin Strike+1","Whirlwind"],"picked":"Shockwave+1","floor":35},{"not_picked":["Perfected Strike","Whirlwind"],"picked":"True Grit+1","floor":36},{"not_picked":["Reaper","Demon Form"],"picked":"Limit Break","floor":40},{"not_picked":["Corruption","Berserk"],"picked":"Impervious","floor":42},{"not_picked":["Feed","Berserk","Demon Form"],"picked":"SKIP","floor":44},{"not_picked":["Bludgeon","Barricade"],"picked":"Impervious","floor":45},{"not_picked":["Feed","Immolate"],"picked":"Offering","floor":47}],"player_experience":405453,"relics_obtained":[{"floor":6,"key":"FossilizedHelix"},{"floor":8,"key":"Bronze Scales"},{"floor":9,"key":"White Beast Statue"},{"floor":11,"key":"Girya"},{"floor":12,"key":"MawBank"},{"floor":14,"key":"MealTicket"},{"floor":20,"key":"Nilry\u0027s Codex"},{"floor":25,"key":"Orichalcum"},{"floor":26,"key":"Mercury Hourglass"},{"floor":27,"key":"Pantograph"},{"floor":29,"key":"Bottled Lightning"},{"floor":36,"key":"Thread and Needle"},{"floor":40,"key":"HornCleat"},{"floor":42,"key":"Juzu Bracelet"},{"floor":43,"key":"Eternal Feather"},{"floor":44,"key":"Bag of Preparation"},{"floor":45,"key":"Meat on the Bone"},{"floor":47,"key":"Sundial"}],"event_choices":[{"damage_healed":0,"gold_gain":175,"player_choice":"AGREE","damage_taken":0,"max_hp_gain":0,"max_hp_loss":0,"event_name":"Liars Game","floor":2,"gold_loss":0,"cards_obtained":["Doubt"]},{"damage_healed":0,"gold_gain":0,"player_choice":"Obtained Relic","damage_taken":0,"relics_obtained":["Letter Opener"],"max_hp_gain":0,"max_hp_loss":0,"event_name":"Addict","floor":19,"gold_loss":85},{"damage_healed":0,"gold_gain":0,"player_choice":"Obtained Book","damage_taken":16,"max_hp_gain":0,"max_hp_loss":0,"event_name":"Cursed Tome","floor":20,"gold_loss":0},{"damage_healed":0,"gold_gain":0,"player_choice":"Ignored","damage_taken":0,"max_hp_gain":0,"max_hp_loss":0,"event_name":"The Mausoleum","floor":31,"gold_loss":0},{"damage_healed":0,"gold_gain":0,"player_choice":"Fight","damage_taken":0,"max_hp_gain":0,"max_hp_loss":0,"event_name":"Mysterious Sphere","floor":36,"gold_loss":0},{"cards_removed":["Reaper"],"damage_healed":0,"gold_gain":0,"player_choice":"Removed Attack","damage_taken":0,"max_hp_gain":0,"max_hp_loss":0,"event_name":"Falling","floor":37,"gold_loss":0},{"damage_healed":0,"gold_gain":0,"player_choice":"Upgraded","damage_taken":0,"max_hp_gain":0,"max_hp_loss":0,"event_name":"Upgrade Shrine","floor":39,"gold_loss":0,"cards_upgraded":["Demon Form"]},{"damage_healed":0,"gold_gain":0,"player_choice":"Max HP","damage_taken":0,"max_hp_gain":0,"max_hp_loss":5,"event_name":"Winding Halls","floor":46,"gold_loss":0}],"is_beta":false,"boss_relics":[{"not_picked":["Velvet Choker","Calling Bell"],"picked":"Coffee Dripper"},{"not_picked":["Philosopher\u0027s Stone","Tiny House"],"picked":"SlaversCollar"}],"items_purged_floors":[5],"is_endless":false,"potions_floor_spawned":[6,11,12,14,16,18,21,25,27,29,33,35,36,40,42,44,45,47],"ascension_level":0}}