{"host":"8akdrwfmzu5ai7mr","time":1613972779,"event":{"mods":["BaseMod","Colored Powertips","Decade(王小明)","Downfall","Marisa（F雨　魔理沙）","Minty Spire (QoL Compilation)","Quick Restart","Reimu（博丽灵梦）","Replay The Spire","StSLib","The Administrix","The Runesmith","The Servant 0.9.4","【遗物卡牌】REMEMod"],"gold_per_floor":[116,18,18,35,53,53,72,72,99,116,132,150,150,170,170,272,272,290,290,250,260,20,54,72,72,97,97,115,129,142,142,142,142,142],"floor_reached":33,"language":"ZHS","playtime":3468,"items_purged":[],"score":263,"play_id":"89db71c1-9e35-4d91-9a18-5805d89dc028","local_time":"20210222134619","is_ascension_mode":false,"campfire_choices":[{"data":"AdministrixMod:SealAway","floor":6,"key":"SMITH"},{"floor":13,"key":"REST"},{"floor":15,"key":"REST"},{"floor":25,"key":"REST"},{"floor":32,"key":"REST"}],"circlet_count":0,"master_deck":["AdministrixMod:Strike_Administrix","AdministrixMod:Strike_Administrix+1","AdministrixMod:Strike_Administrix","AdministrixMod:Strike_Administrix+1","AdministrixMod:RedCloak","AdministrixMod:Defend_Administrix+1","AdministrixMod:Defend_Administrix","AdministrixMod:Defend_Administrix+1","AdministrixMod:Defend_Administrix+1","AdministrixMod:BlueCloak","Panache","AdministrixMod:ImmortalPurity+1","AdministrixMod:SipOfSparks","AdministrixMod:DreamsMausoleum","AdministrixMod:UnstableVigor","AdministrixMod:SealAway+1","AdministrixMod:FiendishCrimson","AdministrixMod:RebukeDesires","AdministrixMod:CenturiesAscent+1","AdministrixMod:FaithfulFlames","AdministrixMod:ExtolVirtue","AdministrixMod:StarSwordSoul","AdministrixMod:RebukeDesires+1","ZunPunch:ReiMu","AdministrixMod:ImmortalPurity+1","AdministrixMod:ShadowPlay","AdministrixMod:CenturiesAscent","AdministrixMod:GuanyinBlessing+1","AdministrixMod:SeventeenArticleLaser","AdministrixMod:DreamsMausoleum","AdministrixMod:BishamonBlessing","AdministrixMod:TouchOfCinnabar"],"relics":["AdministrixMod:ConductorRitualBaton","REME_ComplimentaryCards","NeowsBlessing","Gremlin Horn","Gremlin Food","Busted Crown","AdministrixMod:DragonsEyeCharm","ReplayTheSpireMod:Shallot","Whetstone","Blue Candle"],"acts_visited":["TheCity"],"potions_floor_usage":[16,16,16,23,24,33,33],"damage_taken":[{"damage":0,"enemies":"Cultist","floor":1,"turns":1},{"damage":0,"enemies":"Jaw Worm","floor":4,"turns":1},{"damage":0,"enemies":"2 Louse","floor":5,"turns":1},{"damage":13,"enemies":"Large Slime","floor":7,"turns":9},{"damage":4,"enemies":"Lots of Slimes","floor":10,"turns":2},{"damage":10,"enemies":"Blue Slaver","floor":11,"turns":2},{"damage":12,"enemies":"2 Fungi Beasts","floor":12,"turns":3},{"damage":7,"enemies":"Exordium Wildlife","floor":14,"turns":3},{"damage":12,"enemies":"Slime Boss","floor":16,"turns":7},{"damage":0,"enemies":"Chosen","floor":18,"turns":6},{"damage":22,"enemies":"Spheric Guardian","floor":21,"turns":5},{"damage":22,"enemies":"Replay:Snechameleon","floor":23,"turns":4},{"damage":6,"enemies":"3 Cultists","floor":24,"turns":4},{"damage":20,"enemies":"Cultist and Chosen","floor":28,"turns":6},{"damage":5,"enemies":"Chosen and Byrds","floor":29,"turns":5},{"damage":0,"enemies":"3 Cultists","floor":30,"turns":3},{"damage":53,"enemies":"Collector","floor":33,"turns":7}],"seed_played":"820546630366760420","potions_obtained":[{"floor":7,"key":"Strength Potion"},{"floor":10,"key":"Fire Potion"},{"floor":12,"key":"Fire Potion"},{"floor":14,"key":"Fire Potion"},{"floor":16,"key":"SpeedPotion"},{"floor":21,"key":"SkillPotion"},{"floor":23,"key":"Fire Potion"},{"floor":30,"key":"Fire Potion"}],"is_trial":false,"path_per_floor":["M","$","?","M","M","R","M","T","T","M","M","M","R","M","R","B",null,"M","?","?","M","$","E","M","R","T","?","M","M","M","?","R","B"],"character_chosen":"TheAdministrix","items_purchased":["AdministrixMod:SipOfSparks","AdministrixMod:DreamsMausoleum","AdministrixMod:DragonsEyeCharm","AdministrixMod:ShadowPlay","AdministrixMod:CenturiesAscent"],"campfire_rested":4,"item_purchase_floors":[2,2,22,22,22],"current_hp_per_floor":[65,65,65,65,65,65,52,52,52,52,46,38,57,54,65,53,65,65,54,54,39,39,21,19,40,40,40,24,23,27,22,43,0,0],"gold":142,"neow_bonus":"THREE_ENEMY_KILL","is_daily":false,"chose_seed":false,"campfire_upgraded":1,"win_rate":0.0,"timestamp":1613972779,"path_taken":["M","?","?","M","M","R","M","?","T","M","M","M","R","M","R","BOSS","M","?","?","M","$","E","M","R","T","?","M","M","?","?","R","BOSS"],"items_purchased_type":["Card","Card","Relic","Card","Card"],"build_version":"2020-12-22","purchased_purges":0,"victory":false,"max_hp_per_floor":[65,65,65,65,65,65,65,65,65,65,65,65,65,65,65,65,65,65,70,70,70,70,70,70,70,70,70,70,70,70,70,70,70,70],"card_choices":[{"not_picked":["AdministrixMod:CrackingPangu","AdministrixMod:RebukeDesires"],"picked":"AdministrixMod:ImmortalPurity","floor":1},{"not_picked":["AdministrixMod:WickedPunishment","AdministrixMod:FuneraryRites"],"picked":"AdministrixMod:UnstableVigor","floor":4},{"not_picked":["AdministrixMod:BegetEternity","AdministrixMod:ArmillarySphere"],"picked":"AdministrixMod:SealAway","floor":5},{"not_picked":["AdministrixMod:TouchOfCinnabar","AdministrixMod:FuneraryRites"],"picked":"AdministrixMod:FiendishCrimson","floor":7},{"not_picked":["AdministrixMod:QuietConspiracy","AdministrixMod:PlateOfAntiquity"],"picked":"AdministrixMod:RebukeDesires","floor":10},{"not_picked":["AdministrixMod:ShadowPlay","AdministrixMod:RegentEdict"],"picked":"AdministrixMod:CenturiesAscent","floor":11},{"not_picked":["AdministrixMod:QuietConspiracy","AdministrixMod:NoblePath"],"picked":"AdministrixMod:FaithfulFlames","floor":12},{"not_picked":["AdministrixMod:Metempsychosis","AdministrixMod:RebukeDesires"],"picked":"AdministrixMod:ExtolVirtue","floor":14},{"not_picked":["AdministrixMod:LuminaryPath","AdministrixMod:LifeforceNet"],"picked":"AdministrixMod:StarSwordSoul","floor":16},{"not_picked":[],"picked":"AdministrixMod:RebukeDesires+1","floor":18},{"not_picked":[],"picked":"AdministrixMod:ImmortalPurity+1","floor":21},{"not_picked":[],"picked":"AdministrixMod:GuanyinBlessing+1","floor":23},{"not_picked":[],"picked":"AdministrixMod:SeventeenArticleLaser","floor":24},{"not_picked":[],"picked":"AdministrixMod:BishamonBlessing","floor":28},{"not_picked":["AdministrixMod:Transcension"],"picked":"SKIP","floor":29},{"not_picked":[],"picked":"AdministrixMod:TouchOfCinnabar","floor":30}],"player_experience":117744,"relics_obtained":[{"floor":8,"key":"Gremlin Horn"},{"floor":9,"key":"Gremlin Food"},{"floor":23,"key":"ReplayTheSpireMod:Shallot"},{"floor":26,"key":"Whetstone"}],"event_choices":[{"damage_healed":0,"gold_gain":0,"player_choice":"Grow","damage_taken":0,"max_hp_gain":0,"max_hp_loss":0,"event_name":"Living Wall","floor":3,"gold_loss":0,"cards_upgraded":["AdministrixMod:ImmortalPurity"]},{"damage_healed":0,"gold_gain":0,"player_choice":"Shed Blood","damage_taken":16,"max_hp_gain":5,"max_hp_loss":0,"event_name":"Forgotten Altar","floor":19,"gold_loss":0},{"damage_healed":0,"gold_gain":0,"player_choice":"交出神酒","damage_taken":0,"max_hp_gain":0,"max_hp_loss":0,"event_name":"ZunEvent","floor":20,"relics_lost":["ZunR:ReiMu"],"gold_loss":0,"cards_obtained":["ZunPunch:ReiMu"]},{"damage_healed":0,"gold_gain":0,"player_choice":"Copied","damage_taken":0,"max_hp_gain":0,"max_hp_loss":0,"event_name":"Duplicator","floor":27,"gold_loss":0,"cards_obtained":["AdministrixMod:DreamsMausoleum"]}],"is_beta":false,"boss_relics":[{"not_picked":["Painkiller Herb","Astrolabe"],"picked":"Busted Crown"}],"items_purged_floors":[],"is_endless":false,"potions_floor_spawned":[7,10,12,14,16,21,23,30],"killed_by":"Collector","ascension_level":0}}