{"host":"i5vvwdf42szr3cje","time":1613988986,"event":{"mods":["BaseMod","Colored Map","Hermit","Minty Spire (QoL Compilation)","Replay The Spire","StSLib","The Disciple","The Hierophant"],"gold_per_floor":[110,129,144,115,115,115,71,71,71,104,104,119,119,137,137,262,262,320,320,320,391,455,455,491,491,563,552,552,578,691,756,756,917,917,923,920,888,657,724,724,842,973,997,997,1108,1108,1081,1150,1150,682,682,682,682,768,516],"floor_reached":56,"language":"ENG","playtime":3866,"items_purged":["hierophant:Strike_Hierophant"],"score":1550,"play_id":"0053ccfa-fe8f-4e8e-93cc-a951b32e81ea","local_time":"20210222021626","is_ascension_mode":true,"campfire_choices":[{"data":"hierophant:ChurchCoffers","floor":6.0,"key":"SMITH"},{"data":"hierophant:Glossolalia","floor":8.0,"key":"SMITH"},{"floor":13.0,"key":"REST"},{"data":"hierophant:DisplayOfPower","floor":15.0,"key":"SMITH"},{"data":"hierophant:BulkyChest","floor":25.0,"key":"SMITH"},{"data":"hierophant:AuricShield","floor":28.0,"key":"SMITH"},{"data":"hierophant:Defend_Hierophant","floor":32.0,"key":"PURGE"},{"data":"hierophant:SolarFlare","floor":40.0,"key":"SMITH"},{"floor":46,"key":"RECALL"},{"data":"hierophant:AuricShield","floor":49,"key":"SMITH"},{"data":"hierophant:AuricBeam","floor":52,"key":"SMITH"}],"circlet_count":0,"master_deck":["hierophant:Strike_Hierophant","hierophant:Strike_Hierophant+1","hierophant:Defend_Hierophant","hierophant:Defend_Hierophant","hierophant:Defend_Hierophant","hierophant:ChurchCoffers+1","hierophant:Glossolalia+1","hierophant:SolarFlare+1","hierophant:FieryStrike+1","hierophant:FieryStrike+1","hierophant:DisplayOfPower+1","hierophant:Alms+1","hierophant:AuricShield+1","hierophant:FieryStrike+1","hierophant:BulkyChest+1","hierophant:Sermon","hierophant:Doubloon+1","hierophant:AuricShield+1","hierophant:AuricBeam+1","hierophant:FlamingChariot+1","hierophant:DisplayOfPower+1","hierophant:WrathOfGod+1","hierophant:Levitation+1","hierophant:AuricShield+1","hierophant:Mercenaries+1","hierophant:Levitation+1","hierophant:AuricBeam+1"],"relics":["hierophant:PropheticMaskRelic","NeowsBlessing","Golden Idol","Pen Nib","Replay:Bottled Eggs","Ginger","Coffee Dripper","Golden Egg","Blood Vial","Oddly Smooth Stone","Velvet Choker","Whetstone","Centennial Puzzle","Replay:Kaleidoscope","Omamori","Vajra"],"acts_visited":["Exordium","TheCity","TheBeyond","TheEnding"],"potions_floor_usage":[41,55,55,55],"damage_taken":[{"damage":0.0,"enemies":"Cultist","floor":1.0,"turns":1.0},{"damage":0.0,"enemies":"2 Louse","floor":2.0,"turns":1.0},{"damage":0.0,"enemies":"Jaw Worm","floor":3.0,"turns":1.0},{"damage":11.0,"enemies":"Exordium Thugs","floor":4.0,"turns":3.0},{"damage":21.0,"enemies":"3 Sentries","floor":7.0,"turns":8.0},{"damage":13.0,"enemies":"Lagavulin","floor":10.0,"turns":3.0},{"damage":0.0,"enemies":"Red Slaver","floor":12.0,"turns":1.0},{"damage":1.0,"enemies":"Looter","floor":14.0,"turns":2.0},{"damage":0.0,"enemies":"Slime Boss","floor":16.0,"turns":4.0},{"damage":20.0,"enemies":"2 Thieves","floor":18.0,"turns":3.0},{"damage":2.0,"enemies":"Shell Parasite","floor":21.0,"turns":2.0},{"damage":7.0,"enemies":"Cultist and Chosen","floor":22.0,"turns":3.0},{"damage":19.0,"enemies":"Snake Plant","floor":24.0,"turns":3.0},{"damage":0.0,"enemies":"Book of Stabbing","floor":27.0,"turns":4.0},{"damage":0.0,"enemies":"Slavers","floor":29.0,"turns":3.0},{"damage":0.0,"enemies":"Centurion and Healer","floor":30.0,"turns":1.0},{"damage":0.0,"enemies":"Sentry and Sphere","floor":31.0,"turns":4.0},{"damage":0.0,"enemies":"Collector","floor":33.0,"turns":6.0},{"damage":5.0,"enemies":"3 Darklings","floor":35.0,"turns":4.0},{"damage":0.0,"enemies":"3 Shapes","floor":36.0,"turns":3.0},{"damage":0.0,"enemies":"Transient","floor":37.0,"turns":5.0},{"damage":0.0,"enemies":"Sphere and 2 Shapes","floor":39.0,"turns":3.0},{"damage":0,"enemies":"R_Hoarder","floor":41,"turns":3},{"damage":0,"enemies":"Mind Bloom Boss Battle","floor":42,"turns":2},{"damage":1,"enemies":"Nemesis","floor":45,"turns":5},{"damage":0,"enemies":"4 Shapes","floor":47,"turns":3},{"damage":1,"enemies":"Maw","floor":48,"turns":3},{"damage":30,"enemies":"Awakened One","floor":50,"turns":9},{"damage":10,"enemies":"Shield and Spear","floor":54,"turns":3},{"damage":23,"enemies":"The Heart","floor":55,"turns":4}],"seed_played":"563955175707119545","potions_obtained":[{"floor":1.0,"key":"EntropicBrew"},{"floor":10.0,"key":"Energy Potion"},{"floor":22.0,"key":"Energy Potion"},{"floor":24.0,"key":"Reflective Coating"},{"floor":31.0,"key":"Strength Potion"},{"floor":33.0,"key":"SteroidPotion"},{"floor":37.0,"key":"FearPotion"},{"floor":42,"key":"ColorlessPotion"},{"floor":45,"key":"Strength Potion"},{"floor":48,"key":"Swift Potion"}],"is_trial":false,"path_per_floor":["M","M","M","M","?","R","E","R","T","E","?","M","R","M","R","B",null,"M","?","?","M","M","$","M","R","T","E","R","E","M","M","R_BF","B",null,"M","M","M","$","M","R","E","?","T","?","E","R","M","M","R","B",null,"R","$","E","B",null],"character_chosen":"HIEROPHANT","items_purchased":["Whetstone"],"campfire_rested":1,"item_purchase_floors":[38],"current_hp_per_floor":[75,75,75,64,46,46,25,25,25,12,12,12,34,33,33,33,75,55,55,55,53,46,46,27,27,27,27,27,29,31,33,33,35,75,70,72,74,74,75,75,75,75,75,75,74,74,75,74,74,45,75,75,75,65,44],"gold":516,"neow_bonus":"THREE_ENEMY_KILL","is_daily":false,"chose_seed":false,"campfire_upgraded":8,"win_rate":0.0,"timestamp":1613988986,"path_taken":["M","M","M","?","?","R","E","R","T","E","?","M","R","M","R","BOSS","M","?","?","M","?","?","M","R","T","E","R","E","M","M","R_BF","BOSS","M","M","M","$","M","R","E","?","T","?","E","R","?","M","R","BOSS","R","$","E","BOSS"],"items_purchased_type":["Relic"],"build_version":"2020-12-22","purchased_purges":1,"victory":true,"max_hp_per_floor":[75,75,75,75,75,75,75,75,75,75,75,75,75,75,75,75,75,75,75,75,75,75,75,75,75,75,75,75,75,75,75,75,75,75,75,75,75,75,75,75,75,75,75,75,75,75,75,75,75,75,75,75,75,75,75],"card_choices":[{"not_picked":["hierophant:PristineSoul","hierophant:CursedGold"],"picked":"hierophant:Glossolalia","floor":1.0},{"not_picked":["hierophant:FaithHealing","hierophant:Shelter"],"picked":"hierophant:SolarFlare","floor":2.0},{"not_picked":["hierophant:Glossolalia","hierophant:Zeal"],"picked":"hierophant:FieryStrike","floor":3.0},{"not_picked":["hierophant:Martyrdom","hierophant:Smite"],"picked":"hierophant:FieryStrike","floor":4.0},{"not_picked":["hierophant:Prophecy","hierophant:OrnateBuckler"],"picked":"hierophant:DisplayOfPower","floor":7.0},{"not_picked":["hierophant:ThreeLashes","hierophant:Doubloon"],"picked":"hierophant:Alms","floor":10.0},{"not_picked":["hierophant:EyeForCoin","hierophant:Encroach"],"picked":"hierophant:AuricShield","floor":12.0},{"not_picked":["hierophant:SealAway","hierophant:Bribe"],"picked":"hierophant:FieryStrike","floor":14.0},{"not_picked":["hierophant:DivineIntervention","hierophant:Anathema"],"picked":"hierophant:BulkyChest","floor":16.0},{"not_picked":["hierophant:Doubloon","hierophant:SealAway","hierophant:FaithHealing+1"],"picked":"SKIP","floor":18.0},{"not_picked":["hierophant:Flagellation","hierophant:AuricBeam"],"picked":"hierophant:Doubloon+1","floor":21.0},{"not_picked":["hierophant:RecallFunds","hierophant:PassingBell"],"picked":"hierophant:AuricShield","floor":22.0},{"not_picked":["hierophant:WrathOfGod","hierophant:CoinFling"],"picked":"hierophant:AuricBeam","floor":24.0},{"not_picked":["hierophant:Encroach","hierophant:Community+1","hierophant:SealAway"],"picked":"SKIP","floor":27.0},{"not_picked":["hierophant:FieryStrike+1","hierophant:MorningPrayer+1"],"picked":"hierophant:FlamingChariot","floor":29.0},{"not_picked":["hierophant:PassingBell+1","hierophant:FlamingChariot"],"picked":"hierophant:DisplayOfPower+1","floor":30.0},{"not_picked":["hierophant:HammerAndAnvil","hierophant:CursedGold"],"picked":"hierophant:WrathOfGod","floor":31.0},{"not_picked":["hierophant:Invocation","hierophant:Batter"],"picked":"hierophant:Levitation","floor":33.0},{"not_picked":["hierophant:Remorse","hierophant:Doomsaying"],"picked":"hierophant:AuricShield+1","floor":35.0},{"not_picked":["hierophant:Alms","hierophant:Doubloon"],"picked":"hierophant:Mercenaries+1","floor":36.0},{"not_picked":["hierophant:Charity","hierophant:MorningPrayer","hierophant:Exaltation+1"],"picked":"SKIP","floor":37.0},{"not_picked":["hierophant:FlamingChariot+1","hierophant:OrnateBuckler","hierophant:Doubloon"],"picked":"SKIP","floor":39.0},{"not_picked":["hierophant:Endure","hierophant:RustyCrate"],"picked":"hierophant:Levitation","floor":41},{"not_picked":["hierophant:MirrorShield+1","hierophant:WrathOfGod","hierophant:Martyrdom"],"picked":"SKIP","floor":45},{"not_picked":["hierophant:Mercenaries","hierophant:Encroach","hierophant:RepressedViolence+1"],"picked":"SKIP","floor":47},{"not_picked":["hierophant:RepressedViolence+1","hierophant:Shelter"],"picked":"hierophant:AuricBeam+1","floor":48},{"not_picked":["hierophant:PassingBell","hierophant:DisplayOfPower","hierophant:HammerAndAnvil"],"picked":"SKIP","floor":54}],"player_experience":201647,"relics_obtained":[{"floor":7.0,"key":"Pen Nib"},{"floor":9.0,"key":"Replay:Bottled Eggs"},{"floor":10.0,"key":"Ginger"},{"floor":26.0,"key":"Golden Egg"},{"floor":27.0,"key":"Blood Vial"},{"floor":29.0,"key":"Oddly Smooth Stone"},{"floor":41,"key":"Centennial Puzzle"},{"floor":42,"key":"Replay:Kaleidoscope"},{"floor":45,"key":"Omamori"},{"floor":54,"key":"Vajra"}],"event_choices":[{"damage_healed":0.0,"max_hp_gain":0.0,"max_hp_loss":0.0,"gold_gain":0.0,"event_name":"Golden Idol","player_choice":"Take Damage","floor":5.0,"gold_loss":0.0,"damage_taken":18.0,"relics_obtained":["Golden Idol"]},{"damage_healed":0.0,"max_hp_gain":0.0,"max_hp_loss":0.0,"gold_gain":0.0,"event_name":"Accursed Blacksmith","player_choice":"Forge","floor":11.0,"gold_loss":0.0,"damage_taken":0.0,"cards_upgraded":["hierophant:Alms"]},{"damage_healed":0.0,"max_hp_gain":0.0,"max_hp_loss":0.0,"gold_gain":0.0,"cards_transformed":["hierophant:Strike_Hierophant"],"event_name":"Transmorgrifier","player_choice":"Transformed","floor":20.0,"gold_loss":0.0,"damage_taken":0.0,"cards_obtained":["hierophant:Sermon"]},{"damage_healed":0,"gold_gain":0,"player_choice":"Fight","damage_taken":0,"max_hp_gain":0,"max_hp_loss":0,"event_name":"MindBloom","floor":42,"gold_loss":0},{"cards_removed":["hierophant:Punish"],"damage_healed":0,"gold_gain":0,"player_choice":"Offered Basic","damage_taken":0,"max_hp_gain":0,"max_hp_loss":0,"event_name":"Bonfire Elementals","floor":44,"gold_loss":0}],"is_beta":false,"boss_relics":[{"not_picked":["Replay:Wanted Poster","Pandora\u0027s Box"],"picked":"Coffee Dripper"},{"not_picked":["Tiny House","Black Star"],"picked":"Velvet Choker"}],"items_purged_floors":[38],"is_endless":false,"potions_floor_spawned":[1,2,10,22,24,31,33,37,42,45,48,54],"ascension_level":2}}