{"host":"BaronFel","time":1613961681,"event":{"mods":["BaseMod","Filter the Spire","Highlight Path","Minty Spire (QoL Compilation)","Relic Stats","ojb\u0027s Info Mod"],"gold_per_floor":[110,35,35,35,51,63,63,81,131,150,178,250,277,289,289,365,365,385,398,398,398],"floor_reached":20,"language":"ENG","playtime":3204,"items_purged":[],"score":372,"play_id":"cab9a4a9-48bf-4916-8680-be134a2194d4","local_time":"20210221204121","is_ascension_mode":true,"campfire_choices":[{"floor":15.0,"key":"REST"}],"circlet_count":0,"master_deck":["AscendersBane","Strike_B","Strike_B","Strike_B","Defend_B","Defend_B","Defend_B","Defend_B","Zap","Dualcast","Sweeping Beam","Cold Snap","Hologram","Rebound","Sweeping Beam","Stack+1","Aggregate+1","Machine Learning","BootSequence+1","Lockon+1"],"relics":["Fusion Hammer","FaceOfCleric","Centennial Puzzle","Omamori","Toxic Egg 2","Blue Candle","Runic Pyramid"],"acts_visited":["Exordium","TheCity"],"potions_floor_usage":[20],"damage_taken":[{"damage":4.0,"enemies":"Small Slimes","floor":1.0,"turns":4.0},{"damage":2.0,"enemies":"Jaw Worm","floor":5.0,"turns":2.0},{"damage":1.0,"enemies":"Cultist","floor":6.0,"turns":4.0},{"damage":16.0,"enemies":"Exordium Thugs","floor":8.0,"turns":5.0},{"damage":4.0,"enemies":"Red Slaver","floor":10.0,"turns":4.0},{"damage":4.0,"enemies":"3 Sentries","floor":11.0,"turns":7.0},{"damage":30.0,"enemies":"Gremlin Nob","floor":13.0,"turns":4.0},{"damage":5.0,"enemies":"Blue Slaver","floor":14.0,"turns":3.0},{"damage":4.0,"enemies":"The Guardian","floor":16.0,"turns":14.0},{"damage":28.0,"enemies":"Shell Parasite","floor":18.0,"turns":8.0},{"damage":18,"enemies":"3 Byrds","floor":19,"turns":7},{"damage":28,"enemies":"Masked Bandits","floor":20,"turns":3}],"seed_played":"-3532193776384743194","potions_obtained":[{"floor":5.0,"key":"Weak Potion"},{"floor":8.0,"key":"FocusPotion"},{"floor":14.0,"key":"BlessingOfTheForge"},{"floor":16.0,"key":"AttackPotion"}],"is_trial":false,"path_per_floor":["M","?","$","?","M","M","$","M","T","M","E","T","E","M","R","B",null,"M","M","?"],"character_chosen":"DEFECT","items_purchased":[],"campfire_rested":1,"item_purchase_floors":[],"current_hp_per_floor":[60,60,60,60,59,59,59,44,44,41,38,38,9,5,28,25,66,39,22,0,0],"gold":398,"neow_bonus":"BOSS_RELIC","is_daily":false,"chose_seed":false,"campfire_upgraded":0,"win_rate":0.0,"timestamp":1613961681,"path_taken":["M","?","$","?","M","?","?","M","T","?","E","?","E","M","R","BOSS","M","M","?"],"items_purchased_type":[],"build_version":"2020-12-18","purchased_purges":0,"victory":false,"max_hp_per_floor":[71,71,71,71,72,73,73,74,74,75,76,76,77,78,78,79,79,80,81,81,81],"relic_stats":{"Centennial Puzzle":[24],"FaceOfCleric":10,"counters":[12,65],"Blue Candle":[0],"obtain_stats":[{"Centennial Puzzle":9,"FaceOfCleric":4,"Blue Candle":13,"Fusion Hammer":0,"Omamori":11,"Toxic Egg 2":12,"Cracked Core":0,"Runic Pyramid":17},{"Centennial Puzzle":4,"FaceOfCleric":1,"Blue Candle":7,"Fusion Hammer":0,"Omamori":6,"Toxic Egg 2":6,"Cracked Core":0,"Runic Pyramid":9},{"Centennial Puzzle":15,"FaceOfCleric":4,"Blue Candle":30,"Fusion Hammer":0,"Omamori":26,"Toxic Egg 2":26,"Cracked Core":0,"Runic Pyramid":47}]},"card_choices":[{"not_picked":["Storm","Barrage"],"picked":"Sweeping Beam","floor":1.0},{"not_picked":["Heatsinks","Blizzard","Coolheaded"],"picked":"SKIP","floor":5.0},{"not_picked":["Heatsinks","Conserve Battery"],"picked":"Cold Snap","floor":6.0},{"not_picked":["Steam","Gash"],"picked":"Hologram","floor":8.0},{"not_picked":["Conserve Battery","Darkness"],"picked":"Rebound","floor":10.0},{"not_picked":["Conserve Battery","Auto Shields"],"picked":"Sweeping Beam","floor":11.0},{"not_picked":["Lockon","Creative AI"],"picked":"Stack+1","floor":13.0},{"not_picked":["Sweeping Beam","Coolheaded+1"],"picked":"Aggregate+1","floor":14.0},{"not_picked":["Seek+1","Thunder Strike"],"picked":"Machine Learning","floor":16.0},{"not_picked":["Cold Snap","Leap+1"],"picked":"BootSequence+1","floor":18.0},{"not_picked":["Compile Driver","Self Repair"],"picked":"Lockon+1","floor":19}],"player_experience":1184898,"relics_obtained":[{"floor":9.0,"key":"Centennial Puzzle"},{"floor":11.0,"key":"Omamori"},{"floor":12.0,"key":"Toxic Egg 2"},{"floor":13.0,"key":"Blue Candle"}],"event_choices":[{"cards_removed":["Strike_B"],"damage_healed":0.0,"max_hp_gain":0.0,"max_hp_loss":0.0,"gold_gain":0.0,"event_name":"The Cleric","player_choice":"Card Removal","floor":2.0,"gold_loss":75.0,"damage_taken":0.0},{"damage_healed":0.0,"max_hp_gain":0.0,"max_hp_loss":0.0,"gold_gain":0.0,"event_name":"FaceTrader","player_choice":"Trade","floor":4.0,"gold_loss":0.0,"damage_taken":0.0,"relics_obtained":["FaceOfCleric"]},{"damage_healed":0,"gold_gain":0,"player_choice":"Fought Bandits","damage_taken":0,"max_hp_gain":0,"max_hp_loss":0,"event_name":"Masked Bandits","floor":20,"gold_loss":0}],"is_beta":true,"boss_relics":[{"not_picked":["Cursed Key","SacredBark"],"picked":"Runic Pyramid"}],"items_purged_floors":[],"is_endless":false,"potions_floor_spawned":[5,8,14,16],"killed_by":"Masked Bandits","ascension_level":20}}