{"host":"4lhs9mfpcz34ad49","time":1613966748,"event":{"mods":["AchievementEnabler","BaseMod","Colored Powertips","Minty Spire (QoL Compilation)","Replay The Spire","StSLib"],"gold_per_floor":[214,228,248,248,248,281,281,311,311,9,27,27,27,46,46,146,146,165,177,177,195,212,212,242,242,269,287,287,287],"floor_reached":28,"language":"ENG","playtime":810,"items_purged":["Languid"],"score":250,"play_id":"39bc1248-c54b-4d2d-80a1-213596ef20a5","local_time":"20210222010548","is_ascension_mode":false,"campfire_choices":[{"data":"Bash","floor":13,"key":"SMITH"},{"data":"Spot Weakness","floor":15,"key":"SMITH"},{"data":"Hemokinesis","floor":23,"key":"SMITH"}],"circlet_count":0,"master_deck":["Strike_R","Strike_R","Strike_R+1","Strike_R","Defend_R","Defend_R","Defend_R","Defend_R","Bash+1","Hemokinesis+1","Spot Weakness+1","Pummel+1","Armaments","Inflame","Demon Form","Headbutt+1","Whirlwind","Shrug It Off+1","Hemokinesis+1","Cleave","Rage+1"],"relics":["Burning Blood","Ring of Panic","Unceasing Top","Mercury Hourglass","Quantum Egg","Replay:Accelerometer","Lee\u0027s Waffle","Mark of Pain","ReplayFunnel","Whetstone","PreservedInsect"],"acts_visited":["Exordium","TheCity"],"potions_floor_usage":[8,16,16],"damage_taken":[{"damage":3.0,"enemies":"Jaw Worm","floor":1.0,"turns":5.0},{"damage":9.0,"enemies":"Small Slimes","floor":2.0,"turns":3.0},{"damage":2.0,"enemies":"Cultist","floor":3.0,"turns":2.0},{"damage":37,"enemies":"3 Sentries","floor":6,"turns":9},{"damage":5,"enemies":"Gremlin Nob","floor":8,"turns":3},{"damage":10,"enemies":"Red Slaver","floor":11,"turns":2},{"damage":11,"enemies":"Gremlin Gang","floor":14,"turns":2},{"damage":30,"enemies":"Hexaghost","floor":16,"turns":7},{"damage":19,"enemies":"Spheric Guardian","floor":18,"turns":4},{"damage":2,"enemies":"3 Byrds","floor":19,"turns":3},{"damage":27,"enemies":"Shelled Parasite and Fungi","floor":21,"turns":4},{"damage":7,"enemies":"Cultist and Chosen","floor":22,"turns":4},{"damage":23,"enemies":"Replay:Snechameleon","floor":24,"turns":4},{"damage":21,"enemies":"Snake Plant","floor":27,"turns":3},{"damage":27,"enemies":"Shelled Parasite and Fungi","floor":28,"turns":2}],"seed_played":"-1185452147492151378","potions_obtained":[{"floor":1.0,"key":"Reflective Coating"},{"floor":6,"key":"Adrenaline Potion"},{"floor":11,"key":"Weak Potion"},{"floor":14,"key":"Flashbang"},{"floor":19,"key":"Block Potion"},{"floor":21,"key":"Strength Potion"}],"is_trial":false,"path_per_floor":["M","M","M","?","?","E","?","E","T","$","M","$","R","M","R","B",null,"M","M","?","M","M","R","E","T","T","M","M"],"character_chosen":"IRONCLAD","items_purchased":["Lee\u0027s Waffle","Inflame"],"campfire_rested":0,"item_purchase_floors":[10,10],"current_hp_per_floor":[80,77,80,80,80,49,49,50,50,87,83,83,83,78,78,54,87,74,78,78,57,56,56,39,39,39,24,0,0],"gold":287,"neow_bonus":"HUNDRED_GOLD","is_daily":false,"chose_seed":false,"campfire_upgraded":3,"win_rate":0.0,"timestamp":1613966748,"path_taken":["M","M","M","?","?","E","?","E","T","$","?","?","R","M","R","BOSS","M","?","?","M","?","R","E","?","T","M","M"],"items_purchased_type":["Relic","Card"],"build_version":"2020-12-22","purchased_purges":1,"victory":false,"max_hp_per_floor":[80,80,80,80,80,80,80,80,80,87,87,87,87,87,87,87,87,87,87,87,87,87,87,87,87,87,87,87,87],"card_choices":[{"not_picked":["Body Slam","Heavy Blade"],"picked":"Hemokinesis","floor":1.0},{"not_picked":["Run Through","Body Slam"],"picked":"Clothesline","floor":2.0},{"not_picked":["ReplayTheSpireMod:Limb From Limb","Metallicize"],"picked":"Spot Weakness","floor":3.0},{"not_picked":["Reckless Charge","Exhume"],"picked":"Pummel","floor":6},{"not_picked":["Sentinel","Run Through"],"picked":"Armaments","floor":8},{"not_picked":["Dropkick","Run Through","ReplayTheSpireMod:Corrosion Curse"],"picked":"SKIP","floor":11},{"not_picked":["Evolve","Body Slam","Run Through"],"picked":"SKIP","floor":14},{"not_picked":["Feed","Impervious"],"picked":"Demon Form","floor":16},{"not_picked":["Perfected Strike","Rampage"],"picked":"Headbutt+1","floor":18},{"not_picked":["Clash","Dropkick"],"picked":"Whirlwind","floor":19},{"not_picked":["Replay:Undeath\u0027s Touch+1","Thunderclap"],"picked":"Shrug It Off+1","floor":21},{"not_picked":["Heavy Blade","Seeing Red"],"picked":"Hemokinesis","floor":22},{"not_picked":["Barricade","ReplayTheSpireMod:Strike From Hell"],"picked":"Cleave","floor":24},{"not_picked":["Twin Strike","Dual Wield"],"picked":"Rage+1","floor":27}],"player_experience":437458,"relics_obtained":[{"floor":5,"key":"Ring of Panic"},{"floor":6,"key":"Unceasing Top"},{"floor":8,"key":"Quantum Egg"},{"floor":9,"key":"Replay:Accelerometer"},{"floor":24,"key":"ReplayFunnel"},{"floor":25,"key":"Whetstone"},{"floor":26,"key":"PreservedInsect"}],"event_choices":[{"damage_healed":0.0,"max_hp_gain":0.0,"max_hp_loss":0.0,"gold_gain":0.0,"event_name":"Living Wall","player_choice":"Grow","floor":4.0,"gold_loss":0.0,"damage_taken":0.0,"cards_upgraded":["Hemokinesis"]},{"cards_removed":["Clothesline"],"damage_healed":0,"gold_gain":0,"player_choice":"Gave Card","damage_taken":0,"relics_obtained":["Mercury Hourglass"],"max_hp_gain":0,"max_hp_loss":0,"event_name":"WeMeetAgain","floor":7,"gold_loss":0},{"cards_removed":["Strike_R"],"damage_healed":0,"gold_gain":0,"player_choice":"Purged","damage_taken":0,"max_hp_gain":0,"max_hp_loss":0,"event_name":"Purifier","floor":20,"gold_loss":0}],"is_beta":false,"boss_relics":[{"not_picked":["Black Star","Runic Cube"],"picked":"Mark of Pain"}],"items_purged_floors":[10],"is_endless":false,"potions_floor_spawned":[1,6,11,14,19,21,24],"killed_by":"Shelled Parasite and Fungi","ascension_level":0}}