{"host":"xz7n3qy1zq36rzpg","time":1613956515,"event":{"mods":["BaseMod","Colored Map","Colored Powertips","Highlight Path","Minty Spire (QoL Compilation)","Quick Restart","Shop Mod"],"gold_per_floor":[118,130,150,250,264,291,291,316,316,316,316,316,316,333,333,438,438,458,136,149,149,113,113,113],"floor_reached":23,"language":"ENG","playtime":1318,"items_purged":[],"score":274,"play_id":"7577faf5-2e2f-455b-936a-0f457c3ef101","local_time":"20210222021515","is_ascension_mode":true,"campfire_choices":[{"data":"Eruption","floor":7.0,"key":"SMITH"},{"floor":11.0,"key":"REST"},{"data":"1","floor":13.0,"key":"LIFT"},{"floor":15.0,"key":"REST"}],"circlet_count":0,"master_deck":["Strike_P","Strike_P","Strike_P","Defend_P","Defend_P","Defend_P","Eruption+1","Vigilance","Trip","FollowUp+1","Pray","EmptyFist","Prostrate","FollowUp","ClearTheMind","WaveOfTheHand+1","PathToVictory+1","SashWhip+1","Consecrate+1","Wallop+1","Prostrate","Conclude+1"],"relics":["PureWater","Blue Candle","Lantern","Molten Egg 2","Girya","Astrolabe","Omamori","Nunchaku"],"acts_visited":["Exordium","TheCity"],"potions_floor_usage":[],"damage_taken":[{"damage":2.0,"enemies":"Jaw Worm","floor":1.0,"turns":5.0},{"damage":0.0,"enemies":"Cultist","floor":2.0,"turns":3.0},{"damage":1.0,"enemies":"Small Slimes","floor":3.0,"turns":4.0},{"damage":0.0,"enemies":"Looter","floor":5.0,"turns":1.0},{"damage":18.0,"enemies":"Lagavulin","floor":6.0,"turns":6.0},{"damage":37.0,"enemies":"Gremlin Nob","floor":8.0,"turns":6.0},{"damage":0.0,"enemies":"2 Fungi Beasts","floor":14.0,"turns":2.0},{"damage":0.0,"enemies":"Slime Boss","floor":16.0,"turns":8.0},{"damage":18.0,"enemies":"Shell Parasite","floor":18.0,"turns":4.0},{"damage":5.0,"enemies":"3 Byrds","floor":20.0,"turns":6.0},{"damage":49,"enemies":"Book of Stabbing","floor":23,"turns":5}],"seed_played":"373842893759429744","potions_obtained":[{"floor":1.0,"key":"Weak Potion"},{"floor":3.0,"key":"Dexterity Potion"},{"floor":6.0,"key":"PowerPotion"},{"floor":16.0,"key":"Energy Potion"}],"is_trial":false,"path_per_floor":["M","M","M","?","M","E","R","E","T","?","R","?","R","M","R","B",null,"M","$","M","?","$","E"],"character_chosen":"WATCHER","items_purchased":["Omamori","Wallop+1","Prostrate","PowerPotion","Conclude+1"],"campfire_rested":2,"item_purchase_floors":[19,19,19,19,22],"current_hp_per_floor":[70,70,69,69,69,51,51,14,14,14,35,35,35,35,56,56,72,54,54,49,49,49,0,0],"gold":113,"neow_bonus":"RANDOM_COLORLESS","is_daily":false,"chose_seed":false,"campfire_upgraded":1,"win_rate":0.0,"timestamp":1613956515,"path_taken":["M","M","M","?","?","E","R","E","T","?","R","?","R","M","R","BOSS","M","$","M","?","$","E"],"items_purchased_type":["Relic","Card","Card","Potion","Card"],"build_version":"2020-12-22","purchased_purges":0,"victory":false,"max_hp_per_floor":[72,72,72,72,72,72,72,72,72,72,72,72,72,72,72,72,72,72,72,72,72,72,72,72],"card_choices":[{"not_picked":["Forethought","Dramatic Entrance"],"picked":"Trip","floor":0.0},{"not_picked":["Prostrate","Halt"],"picked":"FollowUp","floor":1.0},{"not_picked":["FlurryOfBlows","Halt"],"picked":"Pray","floor":2.0},{"not_picked":["Indignation","FlyingSleeves"],"picked":"EmptyFist","floor":3.0},{"not_picked":["ClearTheMind","Vengeance"],"picked":"WaveOfTheHand","floor":5.0},{"not_picked":["JustLucky","WaveOfTheHand"],"picked":"Prostrate","floor":6.0},{"not_picked":["DeusExMachina","InnerPeace"],"picked":"FollowUp","floor":8.0},{"not_picked":["FlyingSleeves+1","JustLucky+1"],"picked":"ClearTheMind","floor":14.0},{"not_picked":["SashWhip+1","FollowUp+1"],"picked":"Consecrate+1","floor":18.0},{"not_picked":["Sanctity","Tantrum+1","EmptyBody+1"],"picked":"SKIP","floor":20.0}],"player_experience":562528,"relics_obtained":[{"floor":6.0,"key":"Blue Candle"},{"floor":8.0,"key":"Lantern"},{"floor":9.0,"key":"Molten Egg 2"},{"floor":21.0,"key":"Nunchaku"}],"event_choices":[{"damage_healed":0.0,"max_hp_gain":0.0,"max_hp_loss":0.0,"gold_gain":100.0,"event_name":"Golden Shrine","player_choice":"Pray","floor":4.0,"gold_loss":0.0,"damage_taken":0.0},{"damage_healed":0.0,"max_hp_gain":0.0,"max_hp_loss":0.0,"gold_gain":0.0,"event_name":"Dead Adventurer","player_choice":"Searched \u00271\u0027 times","floor":10.0,"gold_loss":0.0,"damage_taken":0.0,"relics_obtained":["Girya"]},{"damage_healed":0.0,"max_hp_gain":0.0,"max_hp_loss":0.0,"gold_gain":0.0,"event_name":"Living Wall","player_choice":"Grow","floor":12.0,"gold_loss":0.0,"damage_taken":0.0,"cards_upgraded":["FollowUp"]},{"damage_healed":0.0,"max_hp_gain":0.0,"max_hp_loss":0.0,"gold_gain":0.0,"event_name":"Wheel of Change","player_choice":"Relic","floor":21.0,"gold_loss":0.0,"damage_taken":0.0}],"is_beta":false,"boss_relics":[{"not_picked":["Runic Dome","Snecko Eye"],"picked":"Astrolabe"}],"items_purged_floors":[],"is_endless":false,"potions_floor_spawned":[1,3,6,16],"killed_by":"Book of Stabbing","ascension_level":2}}