{"host":"d73an99q9oevilk5","time":1613964317,"event":{"mods":["2.2 Compatiblity","AchievementEnabler","Act Like it!","Aspiration","BaseMod","Beaked The Cultist","Better Third Choice","BetterRewards","Colored Map","Colored Powertips","Conspire","Downfall","GifTheSpireLib","Halation","Hubris","Infinite Spire","Marisa????????","Mimic Mod","Minty Spire (QoL Compilation)","MostiFishMod","Quick Restart","Relic Sorter","Reliquary","Replay The Spire","Shop Mod","Spikes Relics","StSLib","Stuff the Spire","The Cursed","The Jungle","The Necromancer","The Saiyan","Waifu the Spire","egg","slay the spire mod where everything is the same but ironclad has a cowboy hat"],"gold_per_floor":[113,113,113,124,139,171,184,217,217,217,344,344,344,356,356,451,451,467,467,467,265,279,311,311,311,337,337,337,355,355,367,367,469,469,488,488,501,512,299,324,324,353,379,395,410,273,273,290,290,290],"floor_reached":51,"language":"ENG","playtime":3440,"items_purged":[],"score":1245,"play_id":"0514f679-ed99-4072-bd08-749ebe67dd0f","local_time":"20210221202517","is_ascension_mode":false,"campfire_choices":[{"data":"beaked:Ceremony","floor":12,"key":"SMITH"},{"data":"beaked:Ceremony","floor":15,"key":"SMITH"},{"data":"beaked:Foresight","floor":24,"key":"SMITH"},{"data":"beaked:Foresight","floor":25,"key":"SMITH"},{"data":"beaked:AwakenedForm","floor":27,"key":"SMITH"},{"data":"beaked:Ceremony","floor":32,"key":"SMITH"},{"data":"beaked:BloodRitual","floor":41,"key":"SMITH"},{"data":"beaked:KnowThyFoe","floor":47,"key":"SMITH"},{"data":"MostiFishMod:BrokenBlackCloak","floor":49,"key":"SMITH"}],"circlet_count":0,"master_deck":["beaked:Strike_Y","beaked:Strike_Y","beaked:Strike_Y","beaked:Strike_Y","beaked:Strike_Y","beaked:Defend_Y","beaked:Defend_Y","beaked:Defend_Y","beaked:Defend_Y","beaked:Ceremony+1","beaked:Ceremony+1","beaked:Ceremony+1","beaked:Foresight+1","beaked:CrazyRituals","beaked:MachineEssence","beaked:BloodRitual+1","beaked:HuntressSpirit","beaked:WarriorSpirit","beaked:Brace","beaked:Foresight+1","beaked:WarriorEssence","beaked:MaddeningMurmurs","beaked:AwakenedForm+1","beaked:Insight","beaked:Caw","beaked:HuntressSpirit","beaked:ScreechingChant","beaked:KnowThyFoe+1","beaked:MachineSpirit","MostiFishMod:BrokenBlackCloak+1","Trip","beaked:CrazyRituals","beaked:WarriorEssence","beaked:WarriorEssence","beaked:Foresight+1"],"relics":["beaked:MendingPlumage","hubris:Icosahedron","DaveBox","Membership Card","Omamori","Ice Cream","CrustySpines","StoneCalendar","Replay:PocketPolymizer","OriginationStaff","reliquary:TuningFork","SynthV:TestCard","ReplayTheSpireMod:Ninjato","hubris:SphereOfDissonance","Vajra","halation:QuantumPhysicsTextbook","StuffTheSpire:Tea","aspiration:FrozenJewel","ExplosiveVial","reliquary:PartyBalloon","MealTicket","halation:EternalFortune","ChiXiaoBlade","Replay:Fungal Core","halation:Thesaurus","infinitespire:Joker Card","aspiration:ChemicalBlood","HornCleat","reliquary:PrincelyHelmet","reliquary:Aerogel","StuffTheSpire:GrapeVine"],"acts_visited":["Exordium","Exordium","TheBeyond"],"potions_floor_usage":[0,8,8,8,16,16,23,40,40,48,48,50,50,50],"damage_taken":[{"damage":10,"enemies":"2 Louse","floor":1,"turns":4},{"damage":12,"enemies":"conspire:RoseBush","floor":4,"turns":6},{"damage":15,"enemies":"Small Slimes","floor":5,"turns":6},{"damage":50,"enemies":"3 Sentries","floor":6,"turns":7},{"damage":31,"enemies":"2 Fungi Beasts","floor":7,"turns":5},{"damage":12,"enemies":"Lagavulin","floor":8,"turns":6},{"damage":13,"enemies":"Replay:BlueRogue","floor":11,"turns":6},{"damage":19,"enemies":"Red Slaver","floor":14,"turns":5},{"damage":0,"enemies":"Slime Boss","floor":16,"turns":8},{"damage":13,"enemies":"theJungle:Flameango_and_Byrd","floor":18,"turns":5},{"damage":12,"enemies":"theJungle:MUSHROOMGANG","floor":22,"turns":6},{"damage":2,"enemies":"theJungle:MamaSnecko","floor":23,"turns":5},{"damage":13,"enemies":"theJungle:Snecko_Cultist_And_Trap","floor":29,"turns":5},{"damage":21,"enemies":"theJungle:SlimyTreeVines","floor":31,"turns":4},{"damage":12,"enemies":"theJungle:QueenSpyder","floor":33,"turns":6},{"damage":65,"enemies":"3 Shapes","floor":35,"turns":7},{"damage":21,"enemies":"Orb Walker","floor":37,"turns":5},{"damage":45,"enemies":"3 Darklings","floor":38,"turns":4},{"damage":34,"enemies":"Reptomancer","floor":40,"turns":4},{"damage":41,"enemies":"Nemesis","floor":42,"turns":7},{"damage":41,"enemies":"Writhing Mass","floor":44,"turns":4},{"damage":3,"enemies":"Maw","floor":45,"turns":5},{"damage":28,"enemies":"Transient","floor":48,"turns":5},{"damage":12,"enemies":"conspire:OrnateMirror","floor":50,"turns":4}],"seed_played":"8634067671550569902","potions_obtained":[{"floor":5,"key":"Ancient Potion"},{"floor":7,"key":"EntropicBrew"},{"floor":11,"key":"ColorlessPotion"},{"floor":14,"key":"LifebloodPotion"},{"floor":16,"key":"Dexterity Potion"},{"floor":18,"key":"DistilledChaos"},{"floor":23,"key":"FearPotion"},{"floor":29,"key":"PowerPotion"},{"floor":40,"key":"Weak Potion"},{"floor":40,"key":"beaked:MendingBrew"},{"floor":48,"key":"Fruit Juice"},{"floor":48,"key":"Adrenaline Potion"}],"is_trial":false,"path_per_floor":["M","?","$","M","M","E","M","E","T","?","E","R","?","M","R","B",null,"M","?","$","$","M","E","R","R","T","R","?","M","?","M","R","B",null,"M","AVR","M","M","$","E","R","E","T","M","M","$","R","M","R_BF","B",null],"character_chosen":"BEAKED_THE_CULTIST","items_purchased":["Omamori","beaked:Foresight","Fruit Juice","beaked:CrazyRituals","aspiration:FrozenJewel","ExplosiveVial","aspiration:ChemicalBlood","MostiFishMod:BrokenBlackCloak","Trip","StuffTheSpire:GrapeVine","DuplicationPotion","beaked:WarriorEssence"],"campfire_rested":0,"item_purchase_floors":[0,0,0,0,21,21,39,39,39,46,46,46],"current_hp_per_floor":[53,53,53,55,55,28,18,27,27,27,55,55,55,46,46,55,55,55,55,55,55,55,55,55,55,55,55,58,58,58,61,61,61,61,31,31,61,64,64,55,55,64,64,64,64,64,64,69,69,69],"gold":290,"neow_bonus":"","is_daily":false,"chose_seed":false,"campfire_upgraded":9,"win_rate":0.0,"timestamp":1613964317,"path_taken":["M","?","$","M","M","E","M","E","T","?","E","R","?","M","R","BOSS","M","?","$","$","?","E","R","R","T","R","?","M","?","M","R","BOSS","M","AVR","M","M","$","E","R","E","T","M","M","$","R","M","R_BF","BOSS"],"items_purchased_type":["Relic","Card","Potion","Card","Relic","Relic","Relic","Card","Card","Relic","Potion","Card"],"build_version":"2020-12-22","purchased_purges":0,"victory":true,"max_hp_per_floor":[55,55,55,55,55,55,55,55,55,55,55,55,55,55,55,55,55,55,55,55,55,55,55,55,55,55,55,58,58,58,61,61,61,61,61,61,61,64,64,64,64,64,64,64,64,64,64,69,69,69],"card_choices":[{"not_picked":["beaked:MimicMachine","beaked:FeelMyPain"],"picked":"beaked:BloodRitual","floor":1},{"not_picked":["beaked:Resilience","beaked:TuckingFeathers","beaked:WildInstinct","beaked:SurvivalInstinct"],"picked":"beaked:HuntressSpirit","floor":4},{"not_picked":["beaked:TuckingFeathers","ReplayTheSpireMod:Wings of Steel","ReplayTheSpireMod:Prepare the Ceremony","beaked:HuntressSpirit"],"picked":"beaked:WarriorSpirit","floor":5},{"not_picked":["beaked:Negation","beaked:Tradeoff","beaked:LiftOff","beaked:Recite"],"picked":"beaked:Brace","floor":6},{"not_picked":["beaked:BloodForTheGods","beaked:Resilience","beaked:Molting","beaked:Tweet"],"picked":"beaked:Foresight","floor":7},{"not_picked":["beaked:SacrificialScars","beaked:Poke","beaked:RitualOfBody","beaked:MaddeningMurmurs","beaked:Tradeoff"],"picked":"SKIP","floor":8},{"not_picked":["beaked:CursingBlood","beaked:Devastation","beaked:SacrificialAttack","beaked:DigDeeper"],"picked":"beaked:WarriorEssence","floor":11},{"not_picked":["beaked:Recite","beaked:DigDeep","ReplayTheSpireMod:RavenHex","beaked:HuntressSpirit"],"picked":"beaked:MaddeningMurmurs","floor":14},{"not_picked":["beaked:ScreechingChant","beaked:KnowThyFoe","beaked:LiftOff","beaked:Sacrifice"],"picked":"beaked:AwakenedForm","floor":16},{"not_picked":["beaked:HuntressEssence","beaked:Poke+1","beaked:Overexert","beaked:BraceForImpact"],"picked":"beaked:Insight","floor":18},{"not_picked":["beaked:Flinch","beaked:Resilience","beaked:Tweet","beaked:SurvivalInstinct","beaked:BraceForImpact"],"picked":"SKIP","floor":22},{"not_picked":["beaked:MaddeningMurmurs","beaked:Overexert","beaked:Pecker","ReplayTheSpireMod:Wings of Steel+1"],"picked":"beaked:Caw","floor":23},{"not_picked":["beaked:CursingBlood","beaked:Tweet+1","beaked:MimicWarrior","beaked:Tradeoff+1","beaked:Daydream"],"picked":"SKIP","floor":29},{"not_picked":["beaked:SurvivalInstinct+1","beaked:Resilience","beaked:Poke","beaked:Mantra"],"picked":"beaked:HuntressSpirit","floor":31},{"not_picked":["beaked:AwakenedForm","ReplayTheSpireMod:Owlgaze","beaked:DarkPact","beaked:FakeOut"],"picked":"beaked:ScreechingChant","floor":33},{"not_picked":["beaked:SurvivalInstinct+1","beaked:Cower","beaked:Flinch","beaked:Redirect","beaked:Tweet+1"],"picked":"SKIP","floor":35},{"not_picked":["beaked:VigorBurst+1","beaked:Brace+1","beaked:Poke","beaked:Redirect"],"picked":"beaked:KnowThyFoe","floor":37},{"not_picked":["beaked:Overexert+1","beaked:CursingBlood","beaked:SurvivalInstinct","beaked:DigDeep"],"picked":"beaked:MachineSpirit","floor":38},{"not_picked":["beaked:TuckingFeathers+1","beaked:SacrificialAttack+1","beaked:Windmill+1","beaked:CursingBlood"],"picked":"beaked:CrazyRituals","floor":40},{"not_picked":["beaked:SurvivalInstinct","beaked:Evade+1","beaked:DarkTribute","beaked:SacrificialDive+1"],"picked":"beaked:WarriorEssence","floor":42},{"not_picked":["beaked:RitualOfBody+1","beaked:Tradeoff+1","beaked:DigDeeper+1","beaked:StunningBlow","beaked:Overpower+1"],"picked":"SKIP","floor":44},{"not_picked":["beaked:HuntressSpirit","beaked:Tradeoff+1","beaked:FeelMyPain","beaked:Evade+1","beaked:Resilience"],"picked":"SKIP","floor":45},{"not_picked":["beaked:Hexing","beaked:MaddeningMurmurs","beaked:Daydream","beaked:Replenish+1"],"picked":"beaked:Foresight+1","floor":48}],"player_experience":1958297,"relics_obtained":[{"floor":1,"key":"SynthV:TestCard"},{"floor":6,"key":"hubris:SphereOfDissonance"},{"floor":8,"key":"Vajra"},{"floor":9,"key":"halation:QuantumPhysicsTextbook"},{"floor":11,"key":"StuffTheSpire:Tea"},{"floor":13,"key":"Du-Vu Doll"},{"floor":23,"key":"reliquary:PartyBalloon"},{"floor":26,"key":"MealTicket"},{"floor":31,"key":"halation:EternalFortune"},{"floor":38,"key":"halation:EternalFortune"},{"floor":40,"key":"HornCleat"},{"floor":42,"key":"reliquary:PrincelyHelmet"},{"floor":43,"key":"reliquary:Aerogel"}],"event_choices":[{"damage_healed":0,"gold_gain":0,"player_choice":"Box","damage_taken":0,"relics_obtained":["ReplayTheSpireMod:Ninjato"],"max_hp_gain":0,"max_hp_loss":0,"event_name":"Big Fish","floor":2,"gold_loss":0,"cards_obtained":["Regret"]},{"damage_healed":0,"gold_gain":0,"player_choice":"Ignored","damage_taken":0,"max_hp_gain":0,"max_hp_loss":0,"event_name":"NoteForYourself","floor":19,"gold_loss":0},{"damage_healed":0,"gold_gain":0,"player_choice":"Leave","damage_taken":0,"max_hp_gain":0,"max_hp_loss":0,"event_name":"conspire:Investor","floor":30,"gold_loss":0}],"is_beta":false,"boss_relics":[{"not_picked":["aspiration:RunicSpoon","Kintsugi","halation:HeavySnake"]},{"not_picked":["FixedStarFall","StuffTheSpire:Kangaroo"],"picked":"ChiXiaoBlade"}],"items_purged_floors":[],"is_endless":false,"potions_floor_spawned":[5,7,11,14,16,18,23,29,33,37,40,44,45],"ascension_level":0}}