{"host":"fwdkxxz7291ipt0p","time":1613992760,"event":{"mods":["Act Like it!","BaseMod","GifTheSpireLib","Minty Spire (QoL Compilation)","Reimu£®≤©¿ˆ¡È√Œ£©","Relic Filter Mod","StSLib","Stuff the Spire"],"gold_per_floor":[115,39,52,52,52,52,69,69,69,69,82,82,107,125,125,199,199,209,192,117,134,134,134,148,148,216,216,233,233,233],"floor_reached":29,"language":"ENG","playtime":1971,"items_purged":["Strike_G"],"score":394,"play_id":"cefdb678-0de1-46e0-a607-76dec83b3859","local_time":"20210222191920","is_ascension_mode":true,"campfire_choices":[{"data":"Neutralize","floor":6.0,"key":"SMITH"},{"data":"Footwork","floor":8.0,"key":"SMITH"},{"data":"Survivor","floor":10.0,"key":"SMITH"},{"data":"StuffTheSpire:BumpUp","floor":15.0,"key":"SMITH"},{"floor":23,"key":"REST"},{"floor":25,"key":"REST"}],"circlet_count":0,"master_deck":["AscendersBane","Strike_G","Strike_G","Strike_G","Strike_G","Defend_G","Defend_G","Defend_G","Defend_G","Defend_G","Survivor+1","Neutralize+1","Footwork+1","Dodge and Roll","Dash","StuffTheSpire:BumpUp+1","Footwork","Acrobatics","Adrenaline","Reflex+1","Distraction+1","Ghostly","Ghostly","Ghostly"],"relics":["Ring of the Snake","Pantograph","Akabeko","StuffTheSpire:ModemDavis","Letter Opener"],"acts_visited":["Exordium","TheCity"],"potions_floor_usage":[],"damage_taken":[{"damage":1.0,"enemies":"Jaw Worm","floor":1.0,"turns":7.0},{"damage":5.0,"enemies":"2 Louse","floor":3.0,"turns":6.0},{"damage":0.0,"enemies":"Cultist","floor":7.0,"turns":4.0},{"damage":10.0,"enemies":"Exordium Thugs","floor":11.0,"turns":6.0},{"damage":32.0,"enemies":"Gremlin Nob","floor":13.0,"turns":5.0},{"damage":0.0,"enemies":"Large Slime","floor":14.0,"turns":7.0},{"damage":21.0,"enemies":"The Guardian","floor":16.0,"turns":13.0},{"damage":6.0,"enemies":"Shell Parasite","floor":18.0,"turns":10.0},{"damage":20,"enemies":"2 Thieves","floor":19,"turns":4},{"damage":33,"enemies":"Shelled Parasite and Fungi","floor":21,"turns":8},{"damage":66,"enemies":"Chosen and Byrds","floor":24,"turns":11},{"damage":7,"enemies":"Snecko","floor":28,"turns":8},{"damage":7,"enemies":"Centurion and Healer","floor":29,"turns":3}],"seed_played":"-8642835417224849564","potions_obtained":[{"floor":3.0,"key":"FearPotion"},{"floor":7.0,"key":"FairyPotion"},{"floor":11.0,"key":"PowerPotion"},{"floor":13.0,"key":"Dexterity Potion"},{"floor":21,"key":"Regen Potion"},{"floor":28,"key":"Swift Potion"}],"is_trial":false,"path_per_floor":["M","$","M","$","?","R","M","R","T","R","M","?","E","M","R","B",null,"M","M","$","M","?","R","M","R","T","?","M","M"],"character_chosen":"THE_SILENT","items_purchased":["Footwork"],"campfire_rested":2,"item_purchase_floors":[2],"current_hp_per_floor":[64,64,59,59,64,64,64,64,64,64,54,54,22,22,22,26,64,58,38,38,5,5,28,15,38,38,38,31,24,24],"gold":233,"neow_bonus":"TEN_PERCENT_HP_BONUS","is_daily":false,"chose_seed":false,"campfire_upgraded":4,"win_rate":0.0,"timestamp":1613992760,"path_taken":["M","$","M","$","?","R","M","R","T","R","M","?","E","M","R","BOSS","M","?","$","M","?","R","M","R","T","?","M","M"],"items_purchased_type":["Card"],"build_version":"2020-12-22","purchased_purges":1,"victory":false,"max_hp_per_floor":[72,72,72,72,77,77,77,77,77,77,77,77,77,77,77,77,77,77,77,77,77,77,77,77,77,77,38,38,38,38],"card_choices":[{"not_picked":["Outmaneuver","StuffTheSpire:BrimstoneBlast","Dagger Throw"],"picked":"SKIP","floor":1.0},{"not_picked":["Heel Hook","Sucker Punch","Wraith Form v2"],"picked":"SKIP","floor":3.0},{"not_picked":["All Out Attack","Bane","Riddle With Holes"],"picked":"SKIP","floor":7.0},{"not_picked":["Flechettes","Sucker Punch"],"picked":"Dodge and Roll","floor":11.0},{"not_picked":["Heel Hook","Sucker Punch"],"picked":"Footwork","floor":13.0},{"not_picked":["Underhanded Strike","Catalyst"],"picked":"Acrobatics","floor":14.0},{"not_picked":["Wraith Form v2","A Thousand Cuts"],"picked":"Adrenaline","floor":16.0},{"not_picked":["Outmaneuver","PiercingWail"],"picked":"Reflex+1","floor":18.0},{"not_picked":["StuffTheSpire:BrimstoneBlast","Poisoned Stab","StuffTheSpire:Sprint"],"picked":"SKIP","floor":19},{"not_picked":["StuffTheSpire:Python","PiercingWail"],"picked":"Distraction+1","floor":21},{"not_picked":["StuffTheSpire:BrimstoneBlast","Setup","Prepared"],"picked":"SKIP","floor":24},{"not_picked":["Dagger Throw","StuffTheSpire:Python","Accuracy"],"picked":"SKIP","floor":28}],"player_experience":532351,"relics_obtained":[{"floor":9.0,"key":"Pantograph"},{"floor":13.0,"key":"Akabeko"},{"floor":26,"key":"Letter Opener"}],"event_choices":[{"damage_healed":0.0,"max_hp_gain":5.0,"max_hp_loss":0.0,"gold_gain":0.0,"event_name":"Big Fish","player_choice":"Donut","floor":5.0,"gold_loss":0.0,"damage_taken":0.0},{"damage_healed":0.0,"max_hp_gain":0.0,"max_hp_loss":0.0,"gold_gain":0.0,"event_name":"Match and Keep!","player_choice":"2 cards matched","floor":12.0,"gold_loss":0.0,"damage_taken":0.0,"cards_obtained":["Dash","StuffTheSpire:BumpUp"]},{"damage_healed":0,"gold_gain":0,"player_choice":"Became a Ghost","damage_taken":0,"max_hp_gain":0,"max_hp_loss":39,"event_name":"Ghosts","floor":27,"gold_loss":0,"cards_obtained":["Ghostly","Ghostly","Ghostly"]}],"is_beta":false,"boss_relics":[{"not_picked":["RedLine:ReiMu","StuffTheSpire:RunicHypercube"],"picked":"StuffTheSpire:ModemDavis"}],"items_purged_floors":[20],"is_endless":false,"potions_floor_spawned":[3,7,11,13,16,21,28],"killed_by":"Centurion and Healer","ascension_level":15}}