{"host":"i0m6ffz3lpe3z1ky","time":1613988893,"event":{"mods":["Aspiration","BaseMod","Bestiary","BetterRewards","Colored Map","Conspire","Energized Spire","Highlight Path","Hubris","Ironclad Rager","Minty Spire (QoL Compilation)","Quick Restart","Reliquary","Shop Mod","Spicy Shops","StSLib","Thieving Mod"],"gold_per_floor":[110,121,121,135,145,145,176,189,216,230,264,278,25,38,38,115,115,132,116,30,30,45,45,71,71,71,71,71,21,21,34,34,109,109,125,125,1,0,0,0,0,0,0,0,0],"floor_reached":44,"language":"KOR","playtime":2277,"items_purged":["Doubt","Strike_R"],"score":1049,"play_id":"a6fb2804-953a-43bc-ad92-d7c2b7adbee7","local_time":"20210222191453","is_ascension_mode":true,"campfire_choices":[{"data":"Metallicize","floor":6,"key":"SMITH"},{"data":"Barricade","floor":15,"key":"SMITH"},{"data":"Double Tap","floor":23,"key":"SMITH"},{"data":"Seeing Red","floor":25,"key":"SMITH"},{"data":"Ghostly Armor","floor":28,"key":"SMITH"},{"floor":32,"key":"RECALL"},{"data":"Fire Breathing","floor":42,"key":"SMITH"}],"circlet_count":0,"master_deck":["AscendersBane","Strike_R","Strike_R","Strike_R","Strike_R","Defend_R","Defend_R","Defend_R","Defend_R","Bash","Metallicize+1","Seeing Red+1","Shrug It Off","Barricade+1","Ghostly Armor+1","Double Tap+1","Shrug It Off","Sword Boomerang+1","Fire Breathing+1","Madness","Madness"],"relics":["Burning Blood","ClockworkSouvenir","Membership Card","aspiration:ChemicalBlood","Nunchaku","Orichalcum","aspiration:Nostalgia","PureWater","hubris:SphereOfDissonance","reliquary:PartyBalloon","Lee\u0027s Waffle","Happy Flower","Sozu","Mummified Hand","Vajra","The Courier","reliquary:HotPoker","hubris:Icosahedron","reliquary:RedPaperclip","Medical Kit","reliquary:Knoch","Red Mask"],"acts_visited":["Exordium","TheCity","TheBeyond","TheEnding"],"potions_floor_usage":[7,11,16,19],"damage_taken":[{"damage":5,"enemies":"Small Slimes","floor":1,"turns":4},{"damage":0,"enemies":"Cultist","floor":2,"turns":3},{"damage":0,"enemies":"conspire:RoseBush","floor":4,"turns":4},{"damage":4,"enemies":"3 Louse","floor":5,"turns":6},{"damage":21,"enemies":"Lagavulin","floor":7,"turns":12},{"damage":1,"enemies":"2 Fungi Beasts","floor":8,"turns":3},{"damage":0,"enemies":"Looter","floor":10,"turns":3},{"damage":22,"enemies":"3 Sentries","floor":11,"turns":11},{"damage":0,"enemies":"Blue Slaver","floor":12,"turns":4},{"damage":0,"enemies":"2 Fungi Beasts","floor":14,"turns":5},{"damage":0,"enemies":"Slime Boss","floor":16,"turns":17},{"damage":15,"enemies":"3 Byrds","floor":18,"turns":9},{"damage":7,"enemies":"2 Thieves","floor":19,"turns":4},{"damage":0,"enemies":"Snecko","floor":22,"turns":6},{"damage":14,"enemies":"Slavers","floor":24,"turns":15},{"damage":6,"enemies":"Chosen and Byrds","floor":31,"turns":6},{"damage":7,"enemies":"conspire:MysteriousRune","floor":33,"turns":13},{"damage":1,"enemies":"3 Darklings","floor":35,"turns":10},{"damage":8,"enemies":"conspire:OrnateMirror","floor":40,"turns":27},{"damage":84,"enemies":"Shield and Spear","floor":44,"turns":3}],"seed_played":"2502164863142133812","potions_obtained":[{"floor":2,"key":"SneckoOil"},{"floor":7,"key":"LiquidBronze"},{"floor":10,"key":"ColorlessPotion"},{"floor":12,"key":"DistilledChaos"}],"is_trial":false,"path_per_floor":["M","M","?","M","M","R","E","M","T","M","E","M","$","M","R","B",null,"M","M","$","?","M","R","E","R","T","?","R","$","?","M","R","B",null,"M","?","$","?","?","B",null,"R","$","E"],"character_chosen":"IRONCLAD","items_purchased":["ClockworkSouvenir","Metallicize","Membership Card","aspiration:ChemicalBlood","Nunchaku","Orichalcum","aspiration:Nostalgia","Lee\u0027s Waffle","Anchor","Happy Flower","Ghostly Armor","Mummified Hand","Medical Kit","reliquary:Knoch"],"campfire_rested":0,"item_purchase_floors":[0,0,0,0,0,0,0,13,13,13,13,20,37,37],"current_hp_per_floor":[37,43,43,49,51,51,36,41,41,47,31,37,87,87,87,87,87,78,77,77,77,83,83,75,75,75,75,75,75,75,75,75,74,84,87,76,76,76,76,74,84,84,84,0,0],"gold":0,"neow_bonus":"","is_daily":false,"chose_seed":false,"campfire_upgraded":6,"win_rate":0.0,"timestamp":1613988893,"path_taken":["M","M","?","M","M","R","E","M","T","M","E","?","?","M","R","BOSS","M","?","$","?","M","R","E","R","T","?","R","$","?","M","R","BOSS","M","?","$","?","?","BOSS","R","$","E"],"items_purchased_type":["Relic","Card","Relic","Relic","Relic","Relic","Relic","Relic","Relic","Relic","Card","Relic","Relic","Relic"],"build_version":"2020-12-22","purchased_purges":2,"victory":false,"max_hp_per_floor":[80,80,80,80,80,80,80,80,80,80,80,80,87,87,87,87,87,87,87,87,87,87,87,87,87,87,87,87,87,87,87,87,87,87,87,87,87,87,87,87,87,87,87,87,87],"card_choices":[{"not_picked":["Heavy Blade","Havoc","Pommel Strike"],"picked":"SKIP","floor":1},{"not_picked":["Clash","Havoc","Perfected Strike"],"picked":"SKIP","floor":2},{"not_picked":["Corruption","Power Through"],"picked":"Seeing Red","floor":4},{"not_picked":["Warcry","Flex"],"picked":"Shrug It Off","floor":5},{"not_picked":["Havoc","True Grit","Dual Wield"],"picked":"SKIP","floor":7},{"not_picked":["Flame Barrier","Anger"],"picked":"Barricade","floor":8},{"not_picked":["Reckless Charge","Perfected Strike","Anger"],"picked":"SKIP","floor":10},{"not_picked":["Armaments","Blood for Blood","Battle Trance"],"picked":"SKIP","floor":11},{"not_picked":["conspire:ExplosiveBarrier","hubris:ReadiedAction","Blood for Blood"],"picked":"SKIP","floor":12},{"not_picked":["hubris:SharpeningStone","Thunderclap","Headbutt"],"picked":"SKIP","floor":14},{"not_picked":["Bludgeon","Offering"],"picked":"Double Tap","floor":16},{"not_picked":["Pommel Strike","Sentinel"],"picked":"Shrug It Off","floor":18},{"not_picked":["Cleave","conspire:ExplosiveBarrier","Havoc"],"picked":"SKIP","floor":19},{"not_picked":["Perfected Strike","Anger","Heavy Blade"],"picked":"SKIP","floor":22},{"not_picked":["Pommel Strike","Perfected Strike"],"picked":"Sword Boomerang+1","floor":24},{"not_picked":["Headbutt","Clothesline","Whirlwind"],"picked":"SKIP","floor":31},{"not_picked":["Sword Boomerang","Heavy Blade","Disarm+1"],"picked":"SKIP","floor":35}],"player_experience":430089,"relics_obtained":[{"floor":7,"key":"hubris:SphereOfDissonance"},{"floor":11,"key":"reliquary:PartyBalloon"},{"floor":24,"key":"The Courier"},{"floor":26,"key":"reliquary:HotPoker"}],"event_choices":[{"damage_healed":0,"gold_gain":0,"player_choice":"Gave Potion","damage_taken":0,"relics_obtained":["Self Forming Clay"],"max_hp_gain":0,"max_hp_loss":0,"event_name":"WeMeetAgain","floor":3,"gold_loss":0},{"damage_healed":0,"gold_gain":0,"player_choice":"Leave","damage_taken":0,"max_hp_gain":0,"max_hp_loss":0,"event_name":"conspire:Investor","floor":21,"gold_loss":0},{"damage_healed":0,"gold_gain":0,"player_choice":"Read","damage_taken":0,"max_hp_gain":0,"max_hp_loss":0,"event_name":"The Library","floor":27,"gold_loss":0,"cards_obtained":["Fire Breathing"]},{"damage_healed":0,"gold_gain":0,"player_choice":"Embrace Madness","damage_taken":11,"max_hp_gain":0,"max_hp_loss":0,"event_name":"Winding Halls","floor":36,"gold_loss":0,"cards_obtained":["Madness","Madness"]},{"damage_healed":0,"gold_gain":0,"player_choice":"Paid","damage_taken":0,"relics_obtained":["Red Mask"],"max_hp_gain":0,"max_hp_loss":0,"event_name":"Tomb of Lord Red Mask","floor":38,"gold_loss":1},{"damage_healed":0,"gold_gain":0,"player_choice":"Took Portal","damage_taken":0,"max_hp_gain":0,"max_hp_loss":0,"event_name":"SecretPortal","floor":39,"gold_loss":0}],"is_beta":false,"boss_relics":[{"not_picked":["energizedSpire:SpiderWeb","reliquary:KinkedSpring"],"picked":"Sozu"},{"not_picked":["hubris:VirtuousBlindfold","conspire:RoyalGoblet"],"picked":"reliquary:RedPaperclip"}],"items_purged_floors":[20,29],"is_endless":false,"potions_floor_spawned":[2,7,10,12,14,19,24,31,33],"killed_by":"Shield and Spear","ascension_level":13}}