{"host":"gjwzgdilc53yxmt0","time":1613965050,"event":{"mods":["2.2 Compatiblity","BaseMod","Bestiary","Highlight Path","Minty Spire (QoL Compilation)","Relic Stats","StSLib","ojb\u0027s Info Mod"],"gold_per_floor":[109,124,124,49,62,62,96,0,25,60,60,100,80,105,105,201,201,221,136,186,212,227,266,266,300,327,327,327],"floor_reached":27,"language":"ENG","playtime":920,"items_purged":[],"score":584,"play_id":"44f6d72f-568b-4cac-8384-70ef7720c60e","local_time":"20210221223730","is_ascension_mode":true,"campfire_choices":[{"data":"Catalyst","floor":6.0,"key":"SMITH"},{"floor":11.0,"key":"REST"},{"data":"Noxious Fumes","floor":15.0,"key":"SMITH"},{"floor":24,"key":"REST"}],"circlet_count":0,"master_deck":["AscendersBane","Defend_G","Defend_G","Defend_G","Defend_G","Survivor","Neutralize","Bouncing Flask","Bouncing Flask","PiercingWail","Bouncing Flask","Catalyst+1","Noxious Fumes+1","Backflip","Backflip","Deflect","Envenom","Corpse Explosion","Well Laid Plans+1","Dash+1","Flechettes+1","Prepared","Cloak And Dagger+1","Dodge and Roll","Blade Dance"],"relics":["Ring of the Snake","Golden Idol","Orichalcum","Oddly Smooth Stone","The Specimen","Darkstone Periapt","Astrolabe","Boot","Akabeko","Nunchaku","Toy Ornithopter"],"acts_visited":["Exordium","TheCity"],"potions_floor_usage":[23,25,27],"damage_taken":[{"damage":0.0,"enemies":"Cultist","floor":1.0,"turns":3.0},{"damage":7.0,"enemies":"Small Slimes","floor":2.0,"turns":5.0},{"damage":2.0,"enemies":"2 Louse","floor":5.0,"turns":2.0},{"damage":44.0,"enemies":"3 Sentries","floor":7.0,"turns":12.0},{"damage":0.0,"enemies":"Lagavulin","floor":10.0,"turns":4.0},{"damage":8.0,"enemies":"Gremlin Nob","floor":12.0,"turns":3.0},{"damage":0.0,"enemies":"2 Fungi Beasts","floor":14.0,"turns":4.0},{"damage":1.0,"enemies":"The Guardian","floor":16.0,"turns":8.0},{"damage":9.0,"enemies":"2 Thieves","floor":18.0,"turns":3.0},{"damage":4.0,"enemies":"Chosen","floor":22.0,"turns":4.0},{"damage":15,"enemies":"Book of Stabbing","floor":23,"turns":5},{"damage":12,"enemies":"Slavers","floor":25,"turns":4},{"damage":27,"enemies":"Book of Stabbing","floor":27,"turns":4}],"seed_played":"-7459370775747543998","potions_obtained":[{"floor":7.0,"key":"PowerPotion"},{"floor":12.0,"key":"Block Potion"},{"floor":13.0,"key":"LiquidBronze"},{"floor":22.0,"key":"Block Potion"},{"floor":25,"key":"AttackPotion"}],"is_trial":false,"path_per_floor":["M","M","?","?","M","R","E","$","T","E","R","E","?","M","R","B",null,"M","?","?","T","M","E","R","E","T","E"],"character_chosen":"THE_SILENT","items_purchased":["Noxious Fumes","Backflip"],"campfire_rested":2,"item_purchase_floors":[8,8],"current_hp_per_floor":[59,52,52,52,50,50,6,6,6,6,22,14,14,14,14,13,44,35,35,35,35,31,16,32,20,20,0,0],"gold":327,"neow_bonus":"TRANSFORM_TWO_CARDS","is_daily":false,"chose_seed":false,"campfire_upgraded":2,"win_rate":0.0,"timestamp":1613965050,"path_taken":["M","?","?","?","M","R","E","$","T","E","R","E","?","?","R","BOSS","M","?","?","?","M","E","R","E","T","E"],"items_purchased_type":["Card","Card"],"build_version":"2020-12-22","purchased_purges":0,"victory":false,"max_hp_per_floor":[60,60,54,54,54,54,54,54,54,54,54,54,54,54,54,54,54,54,54,54,54,54,54,54,54,54,54,54],"relic_stats":{"Darkstone Periapt":0,"Nunchaku":[0],"counters":[13,61],"Golden Idol":71,"Astrolabe":["Well Laid Plans","Dash","Flechettes"],"Orichalcum":[90],"Boot":[16],"obtain_stats":[{"Darkstone Periapt":12,"Nunchaku":25,"The Specimen":10,"Golden Idol":3,"Astrolabe":17,"Oddly Smooth Stone":9,"Orichalcum":7,"Boot":19,"Akabeko":23,"Toy Ornithopter":26,"Ring of the Snake":0},{"Darkstone Periapt":6,"Nunchaku":12,"The Specimen":5,"Golden Idol":2,"Astrolabe":8,"Oddly Smooth Stone":4,"Orichalcum":4,"Boot":9,"Akabeko":11,"Toy Ornithopter":12,"Ring of the Snake":0},{"Darkstone Periapt":29,"Nunchaku":57,"The Specimen":26,"Golden Idol":8,"Astrolabe":41,"Oddly Smooth Stone":22,"Orichalcum":22,"Boot":44,"Akabeko":53,"Toy Ornithopter":57,"Ring of the Snake":0}],"Toy Ornithopter":5,"Ring of the Snake":[26]},"card_choices":[{"not_picked":["Poisoned Stab","Finisher"],"picked":"PiercingWail","floor":1.0},{"not_picked":["Caltrops","Calculated Gamble"],"picked":"Bouncing Flask","floor":2.0},{"not_picked":["Eviscerate","Dagger Throw"],"picked":"Catalyst","floor":5.0},{"not_picked":["Choke","Prepared","Blade Dance"],"picked":"SKIP","floor":7.0},{"not_picked":["Endless Agony","Outmaneuver"],"picked":"Backflip","floor":10.0},{"not_picked":["All Out Attack","Flying Knee"],"picked":"Deflect","floor":12.0},{"not_picked":["Acrobatics","Blade Dance"],"picked":"Envenom","floor":14.0},{"not_picked":["Burst","Phantasmal Killer"],"picked":"Corpse Explosion","floor":16.0},{"not_picked":["Slice","Bane"],"picked":"Prepared","floor":18.0},{"not_picked":["Prepared","Quick Slash"],"picked":"Cloak And Dagger+1","floor":22.0},{"not_picked":["Predator","Finisher"],"picked":"Dodge and Roll","floor":23},{"not_picked":["Noxious Fumes","Bouncing Flask"],"picked":"Blade Dance","floor":25}],"player_experience":4974496,"relics_obtained":[{"floor":7.0,"key":"Orichalcum"},{"floor":9.0,"key":"Oddly Smooth Stone"},{"floor":10.0,"key":"The Specimen"},{"floor":12.0,"key":"Darkstone Periapt"},{"floor":23,"key":"Akabeko"},{"floor":25,"key":"Nunchaku"},{"floor":26,"key":"Toy Ornithopter"}],"event_choices":[{"damage_healed":0.0,"max_hp_gain":0.0,"max_hp_loss":6.0,"gold_gain":0.0,"event_name":"Golden Idol","player_choice":"Lose Max HP","floor":3.0,"gold_loss":0.0,"damage_taken":0.0,"relics_obtained":["Golden Idol"]},{"cards_removed":["Strike_G"],"damage_healed":0.0,"max_hp_gain":0.0,"max_hp_loss":0.0,"gold_gain":0.0,"event_name":"The Cleric","player_choice":"Card Removal","floor":4.0,"gold_loss":75.0,"damage_taken":0.0},{"damage_healed":0.0,"max_hp_gain":0.0,"max_hp_loss":0.0,"gold_gain":0.0,"event_name":"The Woman in Blue","player_choice":"Bought 1 Potion","floor":13.0,"gold_loss":0.0,"damage_taken":0.0},{"damage_healed":0.0,"max_hp_gain":0.0,"max_hp_loss":0.0,"gold_gain":0.0,"event_name":"Addict","player_choice":"Obtained Relic","floor":19.0,"gold_loss":85.0,"damage_taken":0.0,"relics_obtained":["Boot"]},{"damage_healed":0.0,"max_hp_gain":0.0,"max_hp_loss":0.0,"gold_gain":50.0,"event_name":"Nest","player_choice":"Stole From Cult","floor":20.0,"gold_loss":0.0,"damage_taken":0.0}],"is_beta":false,"boss_relics":[{"not_picked":["SlaversCollar","Velvet Choker"],"picked":"Astrolabe"}],"items_purged_floors":[],"is_endless":false,"potions_floor_spawned":[7,12,14,22,25],"killed_by":"Book of Stabbing","ascension_level":20}}