{"host":"ec3b6qygjurkg9iw","time":1613979495,"event":{"mods":["AchievementEnabler","Act Like it!","BaseMod","BetterRewards","CatGirl Mod","Colored Map","Dio Mod","Downfall","Extra Virgin Snecko Oil","Good Game Mod","Hermit","Highlight Path","Hubris","Infinite Spire","JesterMod","Marisa????????","Minty Spire (QoL Compilation)","Pale of the Ancients","Reliquary","Replay The Spire","Small Relic Pack","Spicy Shops","StSLib","Steal the Spire","The Blue Laboratory","The Clintock","The Exalted","The Mystic","The Wild Card","Thieving Mod","Wandering Minibosses"],"gold_per_floor":[116,116,128,88,108,108,108],"floor_reached":6,"language":"ENG","playtime":507,"items_purged":[],"score":36,"play_id":"1ee95b6d-57e7-4b4a-9ebd-eb27070f3a79","local_time":"20210222023815","is_ascension_mode":false,"campfire_choices":[],"circlet_count":0,"master_deck":["jesterMod:Strike","jesterMod:Strike","jesterMod:Strike","jesterMod:Strike","jesterMod:Sickle","jesterMod:Defend","jesterMod:Defend","jesterMod:Defend","jesterMod:Defend","jesterMod:Dodge","dioMod:GoldVial","jesterMod:Hide","Decay","jesterMod:DaggerRain","jesterMod:SelfMockery"],"relics":["jesterMod:JesterCap","REME:ComplimentaryCards","NeowsBlessing"],"acts_visited":["Exordium"],"potions_floor_usage":[6,6],"damage_taken":[{"damage":0,"enemies":"Jaw Worm","floor":1,"turns":1},{"damage":0,"enemies":"Cultist","floor":3,"turns":1},{"damage":0,"enemies":"2 Louse","floor":5,"turns":2},{"damage":84,"enemies":"3 Sentries","floor":6,"turns":12}],"seed_played":"-6036573401051924365","potions_obtained":[{"floor":4,"key":"Languid Potion"},{"floor":4,"key":"SkillPotion"},{"floor":4,"key":"Ancient Potion"}],"is_trial":false,"path_per_floor":["M","?","M","?","M","E"],"character_chosen":"THE_JESTER","items_purchased":[],"campfire_rested":0,"item_purchase_floors":[],"current_hp_per_floor":[70,70,70,70,70,0,0],"gold":108,"neow_bonus":"THREE_ENEMY_KILL","is_daily":false,"chose_seed":false,"campfire_upgraded":0,"win_rate":0.0,"timestamp":1613979495,"path_taken":["M","?","?","?","M","E"],"items_purchased_type":[],"build_version":"2020-12-22","purchased_purges":0,"victory":false,"max_hp_per_floor":[70,70,70,70,70,70,70],"card_choices":[{"not_picked":["jesterMod:Discretion","jesterMod:Haste"],"picked":"jesterMod:Hide","floor":1},{"not_picked":["jesterMod:Arrythmia","jesterMod:ButterKnife"],"picked":"jesterMod:DaggerRain","floor":3},{"not_picked":["jesterMod:Patience","jesterMod:OblivionStrike"],"picked":"jesterMod:SelfMockery","floor":5}],"player_experience":110830,"relics_obtained":[],"event_choices":[{"damage_healed":0,"gold_gain":0,"player_choice":"Cursed","damage_taken":0,"max_hp_gain":0,"max_hp_loss":0,"event_name":"Wheel of Change","floor":2,"gold_loss":0,"cards_obtained":["Decay"]},{"damage_healed":0,"gold_gain":0,"player_choice":"Bought 3 Potions","damage_taken":0,"max_hp_gain":0,"max_hp_loss":0,"event_name":"The Woman in Blue","floor":4,"gold_loss":0}],"is_beta":false,"boss_relics":[],"items_purged_floors":[],"is_endless":false,"potions_floor_spawned":[5],"killed_by":"3 Sentries","ascension_level":0}}