{"host":"61r95uy0hn86b9iu","time":1613966826,"event":{"mods":["AchievementEnabler","BaseMod","Better Vampires","BetterRewards","Colored Powertips","Hubris","Minty Spire (QoL Compilation)","Shop Mod","StSLib"],"gold_per_floor":[115,115,115,40,58,58,333,333,333,333,359,125,158,158,158,231,231,244,260,260,272,272,272,292,342,397,397,160,160,160,160,160,238,238,252,269,269,122,122,122,122,122],"floor_reached":41,"language":"ENG","playtime":1267,"items_purged":["Pain","Regret","Writhe","hubris:PowerSurge"],"score":1104,"play_id":"f0571dfb-380c-4dc1-a17f-ec9c11a4c02a","local_time":"20210221220706","is_ascension_mode":true,"campfire_choices":[{"floor":6.0,"key":"REST"},{"floor":8.0,"key":"REST"},{"floor":15.0,"key":"REST"},{"floor":23.0,"key":"REST"},{"floor":30.0,"key":"REST"},{"floor":32.0,"key":"REST"},{"floor":40,"key":"REST"}],"circlet_count":0,"master_deck":["AscendersBane","Strike_B","Strike_B","Strike_B","Defend_B","Defend_B","Zap","Dualcast","Capacitor","Chill","Sunder","Conserve Battery","Core Surge","Echo Form+1","Loop","Darkness","Ball Lightning"],"relics":["Cracked Core","hubris:TinFlute","Juzu Bracelet","MerchantsRug","WarpedTongs","Kunai","Gremlin Horn","HornCleat","Sozu","Blood Vial","Orichalcum","hubris:Towel"],"acts_visited":["Exordium","TheCity","TheBeyond"],"potions_floor_usage":[],"damage_taken":[{"damage":16.0,"enemies":"Small Slimes","floor":1.0,"turns":3.0},{"damage":0.0,"enemies":"2 Louse","floor":5.0,"turns":2.0},{"damage":46.0,"enemies":"Gremlin Nob","floor":11.0,"turns":4.0},{"damage":0.0,"enemies":"3 Sentries","floor":13.0,"turns":9.0},{"damage":64.0,"enemies":"Slime Boss","floor":16.0,"turns":15.0},{"damage":3.0,"enemies":"Chosen","floor":18.0,"turns":6.0},{"damage":8.0,"enemies":"Shell Parasite","floor":19.0,"turns":5.0},{"damage":16.0,"enemies":"Snake Plant","floor":21.0,"turns":5.0},{"damage":43.0,"enemies":"3 Cultists","floor":24.0,"turns":7.0},{"damage":63,"enemies":"Collector","floor":33,"turns":12},{"damage":8,"enemies":"3 Shapes","floor":35,"turns":5},{"damage":35,"enemies":"Orb Walker","floor":36,"turns":5},{"damage":58,"enemies":"Transient","floor":41,"turns":6}],"seed_played":"-1116465369103827233","potions_obtained":[{"floor":1.0,"key":"SkillPotion"},{"floor":5.0,"key":"PotionOfCapacity"},{"floor":10.0,"key":"FocusPotion"},{"floor":10.0,"key":"Regen Potion"}],"is_trial":false,"path_per_floor":["M","?","?","$","M","R","?","R","T","?","E","$","E","?","R","B",null,"M","M","?","M","?","R","M","?","T","?","$","?","R","?","R","B",null,"M","M","?","$","?","R","M"],"character_chosen":"DEFECT","items_purchased":["hubris:TinFlute","Capacitor","Juzu Bracelet","Strawberry","MerchantsRug","Sunder","Conserve Battery","Echo Form","Ball Lightning"],"campfire_rested":7,"item_purchase_floors":[0,0,0,0,0,12,12,28,38],"current_hp_per_floor":[34,34,34,34,34,57,57,78,78,78,32,32,47,47,70,6,60,57,49,49,35,35,58,17,17,17,17,17,17,40,40,63,2,59,53,20,20,20,20,43,0,0],"gold":122,"neow_bonus":"","is_daily":false,"chose_seed":false,"campfire_upgraded":0,"win_rate":0.0,"timestamp":1613966826,"path_taken":["M","?","?","$","M","R","?","R","T","?","E","?","E","?","R","BOSS","M","M","?","M","?","R","M","?","T","?","$","?","R","?","R","BOSS","M","M","?","$","?","R","M"],"items_purchased_type":["Relic","Card","Relic","Relic","Relic","Card","Card","Card","Card"],"build_version":"2020-12-22","purchased_purges":4,"victory":false,"max_hp_per_floor":[78,78,78,78,78,78,78,78,78,78,78,78,78,78,78,78,78,78,78,78,78,78,78,78,78,78,78,78,78,78,78,78,78,78,78,78,78,78,78,78,78,78],"card_choices":[{"not_picked":["Turbo","Storm","Genetic Algorithm"],"picked":"SKIP","floor":1.0},{"not_picked":["Steam","Hologram","Recycle"],"picked":"SKIP","floor":5.0},{"not_picked":["Lockon","hubris:Prefetch"],"picked":"Chill","floor":11.0},{"not_picked":["Steam Power","Steam","Amplify"],"picked":"SKIP","floor":13.0},{"not_picked":["Biased Cognition","hubris:DoWhile"],"picked":"Core Surge","floor":16.0},{"not_picked":["Steam","Hologram+1","Redo"],"picked":"SKIP","floor":18.0},{"not_picked":["Rip and Tear","Gash","Stack"],"picked":"SKIP","floor":19.0},{"not_picked":["Barrage","Ball Lightning+1","Beam Cell"],"picked":"SKIP","floor":21.0},{"not_picked":["Conserve Battery","Gash"],"picked":"hubris:PowerSurge","floor":24.0},{"not_picked":["Coolheaded","Compile Driver"],"picked":"Loop","floor":35},{"not_picked":["Turbo","Leap"],"picked":"Darkness","floor":36}],"player_experience":3379919,"relics_obtained":[{"floor":9.0,"key":"Kunai"},{"floor":11.0,"key":"Gremlin Horn"},{"floor":13.0,"key":"HornCleat"},{"floor":26.0,"key":"Orichalcum"}],"event_choices":[{"damage_healed":0.0,"max_hp_gain":0.0,"max_hp_loss":0.0,"gold_gain":0.0,"event_name":"Golden Wing","player_choice":"Ignored","floor":2.0,"gold_loss":0.0,"damage_taken":0.0},{"damage_healed":0.0,"max_hp_gain":0.0,"max_hp_loss":0.0,"gold_gain":0.0,"event_name":"Accursed Blacksmith","player_choice":"Rummage","floor":3.0,"gold_loss":0.0,"damage_taken":0.0,"relics_obtained":["WarpedTongs"],"cards_obtained":["Pain"]},{"damage_healed":0.0,"max_hp_gain":0.0,"max_hp_loss":0.0,"gold_gain":275.0,"event_name":"Golden Shrine","player_choice":"Desecrate","floor":7.0,"gold_loss":0.0,"damage_taken":0.0,"cards_obtained":["Regret"]},{"damage_healed":0.0,"max_hp_gain":0.0,"max_hp_loss":0.0,"gold_gain":0.0,"event_name":"Lab","player_choice":"Got Potions","floor":10.0,"gold_loss":0.0,"damage_taken":0.0},{"damage_healed":0.0,"max_hp_gain":0.0,"max_hp_loss":0.0,"gold_gain":0.0,"event_name":"Match and Keep!","player_choice":"0 cards matched","floor":14.0,"gold_loss":0.0,"damage_taken":0.0,"cards_obtained":[]},{"damage_healed":0.0,"max_hp_gain":0.0,"max_hp_loss":0.0,"gold_gain":0.0,"event_name":"The Mausoleum","player_choice":"Opened","floor":20.0,"gold_loss":0.0,"damage_taken":0.0,"relics_obtained":["Blood Vial"],"cards_obtained":["Writhe"]},{"damage_healed":0.0,"max_hp_gain":0.0,"max_hp_loss":0.0,"gold_gain":0.0,"event_name":"Cursed Tome","player_choice":"Ignored","floor":22.0,"gold_loss":0.0,"damage_taken":0.0},{"damage_healed":0.0,"max_hp_gain":0.0,"max_hp_loss":0.0,"gold_gain":50.0,"event_name":"Golden Shrine","player_choice":"Pray","floor":25.0,"gold_loss":0.0,"damage_taken":0.0},{"damage_healed":0.0,"max_hp_gain":0.0,"max_hp_loss":0.0,"gold_gain":0.0,"event_name":"Ghosts","player_choice":"Ignored","floor":27.0,"gold_loss":0.0,"damage_taken":0.0},{"cards_removed":["Defend_B"],"damage_healed":0,"gold_gain":0,"player_choice":"Removed Skill","damage_taken":0,"max_hp_gain":0,"max_hp_loss":0,"event_name":"Falling","floor":37,"gold_loss":0},{"damage_healed":0,"gold_gain":0,"player_choice":"Ignored","damage_taken":0,"max_hp_gain":0,"max_hp_loss":0,"event_name":"Mysterious Sphere","floor":39,"gold_loss":0}],"is_beta":false,"boss_relics":[{"not_picked":["hubris:VirtuousBlindfold","hubris:GrandSneckoEye"],"picked":"Sozu"},{"not_picked":["hubris:Stopwatch","Black Star"],"picked":"Empty Cage"}],"items_purged_floors":[4,12,28,38],"is_endless":false,"potions_floor_spawned":[1,5,21,36],"killed_by":"Transient","ascension_level":19}}