{"host":"l1pzlbpva2o8t11s","time":1613992301,"event":{"mods":["AchievementEnabler","BaseMod","Block Reminder","Colored Map","Minty Spire (QoL Compilation)","Random Character Button","Relic Stats","StSLib","The Jungle"],"gold_per_floor":[118,92,92,17,31,31,65,77,103,133,143,218,238,251,251,349,349,361,361,380,136,136,167,186,186,186,199,199,199,217,217,217],"floor_reached":31,"language":"ENG","playtime":1917,"items_purged":["Regret","Defend_R"],"score":357,"play_id":"b5552d9f-8d17-4c25-b55e-0626d4507fe0","local_time":"20210222121141","is_ascension_mode":true,"campfire_choices":[{"data":"Pommel Strike","floor":6.0,"key":"SMITH"},{"data":"Perfected Strike","floor":15.0,"key":"SMITH"},{"floor":25.0,"key":"REST"},{"floor":28,"key":"REST"}],"circlet_count":0,"master_deck":["Strike_R","Strike_R","Strike_R","Strike_R","Strike_R","Defend_R","Defend_R","Defend_R","Bash","Shrug It Off","Pommel Strike+1","Perfected Strike+1","Clash","Heavy Blade","Flex","Pommel Strike","Feed","Armaments+1","Discovery","Spot Weakness","Armaments","Anger+1","Impervious"],"relics":["Black Blood","NeowsBlessing","Juzu Bracelet","Vajra","Blood Vial","Mango","Strawberry","Darkstone Periapt"],"acts_visited":["Exordium","TheCity"],"potions_floor_usage":[27,27],"damage_taken":[{"damage":0.0,"enemies":"2 Louse","floor":1.0,"turns":1.0},{"damage":0.0,"enemies":"Small Slimes","floor":5.0,"turns":1.0},{"damage":0.0,"enemies":"Gremlin Nob","floor":7.0,"turns":1.0},{"damage":0.0,"enemies":"Cultist","floor":8.0,"turns":2.0},{"damage":10.0,"enemies":"3 Sentries","floor":10.0,"turns":6.0},{"damage":6.0,"enemies":"2 Fungi Beasts","floor":11.0,"turns":2.0},{"damage":6.0,"enemies":"Exordium Thugs","floor":13.0,"turns":3.0},{"damage":2.0,"enemies":"Large Slime","floor":14.0,"turns":4.0},{"damage":59.0,"enemies":"The Guardian","floor":16.0,"turns":10.0},{"damage":2.0,"enemies":"Spheric Guardian","floor":18.0,"turns":3.0},{"damage":43.0,"enemies":"2 Thieves","floor":20.0,"turns":5.0},{"damage":81.0,"enemies":"Slavers","floor":23.0,"turns":8.0},{"damage":13.0,"enemies":"Shelled Parasite and Fungi","floor":24.0,"turns":3.0},{"damage":15,"enemies":"Cultist and Chosen","floor":27,"turns":4},{"damage":23,"enemies":"Centurion and Healer","floor":30,"turns":9},{"damage":58,"enemies":"Gremlin Leader","floor":31,"turns":8}],"seed_played":"4104868352541468030","potions_obtained":[{"floor":7.0,"key":"PowerPotion"},{"floor":8.0,"key":"FearPotion"},{"floor":11.0,"key":"CultistPotion"},{"floor":16.0,"key":"Fruit Juice"},{"floor":23.0,"key":"DistilledChaos"},{"floor":24.0,"key":"AttackPotion"}],"is_trial":false,"path_per_floor":["M","$","?","$","M","R","E","M","T","E","M","?","M","M","R","B",null,"M","?","M","$","?","E","M","R","T","M","R","?","M","E"],"character_chosen":"IRONCLAD","items_purchased":["Pommel Strike","Strawberry"],"campfire_rested":2,"item_purchase_floors":[2,21],"current_hp_per_floor":[80,80,80,80,80,80,80,80,80,90,92,81,83,89,89,38,94,97,97,66,73,73,15,19,53,53,52,86,86,77,21,21],"gold":217,"neow_bonus":"THREE_ENEMY_KILL","is_daily":false,"chose_seed":false,"campfire_upgraded":2,"win_rate":0.0,"timestamp":1613992301,"path_taken":["M","$","?","$","M","R","E","M","T","E","M","?","M","M","R","BOSS","M","?","M","$","?","E","M","R","T","M","R","?","M","E"],"items_purchased_type":["Card","Relic"],"build_version":"2020-12-22","purchased_purges":2,"victory":false,"max_hp_per_floor":[80,80,80,80,80,80,80,80,80,94,94,94,94,94,94,94,94,97,97,97,104,104,113,116,116,116,116,116,116,116,116,116],"relic_stats":{"Blood Vial":18,"Darkstone Periapt":0,"counters":[16,70],"Black Blood":92,"Juzu Bracelet":0,"obtain_stats":[{"Blood Vial":9,"Darkstone Periapt":23,"NeowsBlessing":0,"Strawberry":21,"Vajra":7,"Black Blood":17,"Mango":10,"Juzu Bracelet":3,"Burning Blood":0},{"Blood Vial":4,"Darkstone Periapt":12,"NeowsBlessing":0,"Strawberry":11,"Vajra":3,"Black Blood":9,"Mango":5,"Juzu Bracelet":1,"Burning Blood":0},{"Blood Vial":5,"Darkstone Periapt":46,"NeowsBlessing":0,"Strawberry":38,"Vajra":3,"Black Blood":30,"Mango":11,"Juzu Bracelet":1,"Burning Blood":0}]},"card_choices":[{"not_picked":["True Grit","Flex"],"picked":"Shrug It Off","floor":1.0},{"not_picked":["Warcry","Hemokinesis","Infernal Blade"],"picked":"SKIP","floor":5.0},{"not_picked":["Seeing Red","Body Slam"],"picked":"Perfected Strike","floor":7.0},{"not_picked":["Hemokinesis","Infernal Blade"],"picked":"Clash","floor":8.0},{"not_picked":["Searing Blow","Rupture"],"picked":"Heavy Blade","floor":10.0},{"not_picked":["Juggernaut","Cleave"],"picked":"Flex","floor":11.0},{"not_picked":["Flex","Anger"],"picked":"Pommel Strike","floor":13.0},{"not_picked":["Headbutt","Iron Wave","Heavy Blade"],"picked":"SKIP","floor":14.0},{"not_picked":["Bludgeon","Reaper"],"picked":"Feed","floor":16.0},{"not_picked":["Rupture","Hemokinesis"],"picked":"Armaments+1","floor":18.0},{"not_picked":["Heavy Blade","Metallicize"],"picked":"Armaments","floor":20.0},{"not_picked":["True Grit","Pommel Strike","Clothesline"],"picked":"SKIP","floor":23.0},{"not_picked":["Seeing Red","Sever Soul","Sword Boomerang+1"],"picked":"SKIP","floor":24.0},{"not_picked":["Armaments","Twin Strike"],"picked":"Anger+1","floor":27},{"not_picked":["Disarm","Rage","Perfected Strike"],"picked":"SKIP","floor":30}],"player_experience":189828,"relics_obtained":[{"floor":7.0,"key":"Vajra"},{"floor":9.0,"key":"Blood Vial"},{"floor":10.0,"key":"Mango"},{"floor":23.0,"key":"Darkstone Periapt"}],"event_choices":[{"damage_healed":0.0,"max_hp_gain":0.0,"max_hp_loss":0.0,"gold_gain":0.0,"event_name":"Big Fish","player_choice":"Box","floor":3.0,"gold_loss":0.0,"damage_taken":0.0,"relics_obtained":["Juzu Bracelet"],"cards_obtained":["Regret"]},{"damage_healed":0.0,"max_hp_gain":0.0,"max_hp_loss":0.0,"gold_gain":75.0,"event_name":"World of Goop","player_choice":"Gather Gold","floor":12.0,"gold_loss":0.0,"damage_taken":11.0},{"damage_healed":0.0,"max_hp_gain":0.0,"max_hp_loss":0.0,"gold_gain":0.0,"event_name":"Match and Keep!","player_choice":"2 cards matched","floor":19.0,"gold_loss":0.0,"damage_taken":0.0,"cards_obtained":["Discovery","Spot Weakness"]},{"damage_healed":0.0,"max_hp_gain":0.0,"max_hp_loss":0.0,"gold_gain":0.0,"event_name":"Cursed Tome","player_choice":"Ignored","floor":22.0,"gold_loss":0.0,"damage_taken":0.0},{"damage_healed":0,"gold_gain":0,"player_choice":"1 cards matched","damage_taken":0,"max_hp_gain":0,"max_hp_loss":0,"event_name":"Match and Keep!","floor":29,"gold_loss":0,"cards_obtained":["Impervious"]}],"is_beta":false,"boss_relics":[{"not_picked":["Tiny House","Cursed Key"],"picked":"Black Blood"}],"items_purged_floors":[4,21],"is_endless":false,"potions_floor_spawned":[7,8,11,16,23,24],"killed_by":"Gremlin Leader","ascension_level":1}}