{"host":"tq99ucv8ezzqzioe","time":1613957598,"event":{"mods":["BaseMod","Colored Map","Downfall","Highlight Path","Minty Spire (QoL Compilation)","StSLib"],"gold_per_floor":[111,26,42,58,71,71,106,122,122,133,149,184,198,234,234,344,425,439,85,113,30,30,30,73,93,93,93,120,156,178,178,178,289,289,313,341,361,378,69,69,21,49,49,90,90,124,159,194,194,194,194,194,37,65,65],"floor_reached":56,"language":"ENG","playtime":4074,"items_purged":["Battle Trance"],"score":1775,"play_id":"0858a061-79c1-46a9-9d5a-6cfcf1014ab0","local_time":"20210221203318","is_ascension_mode":true,"campfire_choices":[{"data":"Feed","floor":6,"key":"SMITH"},{"floor":15,"key":"RECALL"},{"data":"Pommel Strike","floor":23,"key":"SMITH"},{"data":"Fire Breathing","floor":27,"key":"SMITH"},{"floor":32,"key":"REST"},{"floor":40,"key":"REST"},{"floor":49,"key":"REST"},{"data":"Barricade","floor":52,"key":"SMITH"}],"circlet_count":0,"master_deck":["Bash","Pommel Strike+1","Feed+1","Carnage","Inflame","Shrug It Off","Sword Boomerang","Metallicize","Battle Trance","Evolve","Sword Boomerang","Bludgeon","Twin Strike","Carnage","Pommel Strike","Rampage","Battle Trance","Pommel Strike","Battle Trance","Inflame","Flame Barrier","Cleave+1","Fire Breathing+1","Iron Wave","Second Wind","Armaments+1","Barricade+1","Inflame","Impervious","Fire Breathing","Power Through","Heavy Blade+1","Fire Breathing","Metallicize","Seeing Red+1","Metallicize","Ghostly Armor","Metallicize","Ghostly Armor+1","Offering"],"relics":["bronze:MakeshiftBattery","CaptainsWheel","Thread and Needle","Ornamental Fan","CeramicFish","Pandora\u0027s Box","Regal Pillow","Self Forming Clay","Nunchaku","Mercury Hourglass","SlaversCollar","Mummified Hand","Oddly Smooth Stone","Prayer Wheel","Omamori","Cauldron","TungstenRod"],"acts_visited":["Exordium","TheCity","TheBeyond","TheEnding"],"potions_floor_usage":[14,16,16,25,28,33,33,33,37,44,50,50,50,54,54],"damage_taken":[{"damage":0,"enemies":"Jaw Worm","floor":1,"turns":4},{"damage":0,"enemies":"Cultist","floor":3,"turns":4},{"damage":4,"enemies":"Small Slimes","floor":4,"turns":3},{"damage":0,"enemies":"2 Fungi Beasts","floor":5,"turns":2},{"damage":20,"enemies":"Lagavulin","floor":7,"turns":4},{"damage":2,"enemies":"Lots of Slimes","floor":8,"turns":3},{"damage":2,"enemies":"Looter","floor":10,"turns":2},{"damage":0,"enemies":"Exordium Thugs","floor":11,"turns":3},{"damage":9,"enemies":"Gremlin Nob","floor":12,"turns":4},{"damage":0,"enemies":"3 Louse","floor":13,"turns":2},{"damage":0,"enemies":"Lagavulin","floor":14,"turns":3},{"damage":16,"enemies":"Slime Boss","floor":16,"turns":8},{"damage":2,"enemies":"3 Byrds","floor":18,"turns":5},{"damage":7,"enemies":"Spheric Guardian","floor":20,"turns":3},{"damage":2,"enemies":"Gremlin Leader","floor":24,"turns":7},{"damage":5,"enemies":"Snake Plant","floor":25,"turns":4},{"damage":0,"enemies":"Chosen and Byrds","floor":28,"turns":4},{"damage":24,"enemies":"Book of Stabbing","floor":29,"turns":6},{"damage":0,"enemies":"Cultist and Chosen","floor":30,"turns":4},{"damage":30,"enemies":"Collector","floor":33,"turns":10},{"damage":21,"enemies":"3 Darklings","floor":35,"turns":7},{"damage":20,"enemies":"3 Shapes","floor":36,"turns":3},{"damage":9,"enemies":"Sphere and 2 Shapes","floor":37,"turns":6},{"damage":28,"enemies":"Writhing Mass","floor":38,"turns":9},{"damage":0,"enemies":"Giant Head","floor":42,"turns":7},{"damage":34,"enemies":"Nemesis","floor":44,"turns":5},{"damage":0,"enemies":"3 Darklings","floor":46,"turns":4},{"damage":0,"enemies":"Spire Growth","floor":47,"turns":5},{"damage":7,"enemies":"Jaw Worm Horde","floor":48,"turns":5},{"damage":45,"enemies":"Awakened One","floor":50,"turns":14},{"damage":15,"enemies":"Shield and Spear","floor":54,"turns":6},{"damage":30,"enemies":"The Heart","floor":55,"turns":9}],"seed_played":"-3238709365131878986","potions_obtained":[{"floor":3,"key":"LiquidBronze"},{"floor":5,"key":"ElixirPotion"},{"floor":7,"key":"hexamod:SoulburnPotion"},{"floor":11,"key":"DuplicationPotion"},{"floor":20,"key":"SpeedPotion"},{"floor":24,"key":"Block Potion"},{"floor":25,"key":"Weak Potion"},{"floor":31,"key":"Ancient Potion"},{"floor":31,"key":"Swift Potion"},{"floor":31,"key":"SkillPotion"},{"floor":33,"key":"champ:CounterPotion"},{"floor":36,"key":"Fire Potion"},{"floor":38,"key":"Ancient Potion"},{"floor":47,"key":"champ:CounterPotion"},{"floor":48,"key":"EssenceOfSteel"},{"floor":53,"key":"FairyPotion"},{"floor":53,"key":"PowerPotion"},{"floor":53,"key":"SneckoOil"}],"is_trial":false,"path_per_floor":["M","?","M","M","M","R","E","M","T","M","M","E","M","E","R","B",null,"M","$","M","$","?","R","E","M","T","R","M","E","M","?","R","B",null,"M","M","M","M","$","R","$","E","T","E","?","M","M","M","R","B",null,"R","$","E","B",null],"character_chosen":"IRONCLAD","items_purchased":["Inflame","Flame Barrier","Regal Pillow","Fire Breathing","Iron Wave","Mummified Hand","Fire Breathing","Explosive Potion","Cauldron"],"campfire_rested":3,"item_purchase_floors":[19,19,19,21,21,39,39,41,53],"current_hp_per_floor":[72,72,72,71,74,74,58,60,60,58,62,53,57,57,57,45,91,89,89,82,82,82,82,80,75,75,75,75,51,55,55,103,73,101,80,64,59,31,31,81,81,81,81,47,47,47,47,40,90,45,100,100,100,85,55],"gold":65,"neow_bonus":"BOSS_RELIC","is_daily":false,"chose_seed":false,"campfire_upgraded":4,"win_rate":0.0,"timestamp":1613957598,"path_taken":["M","?","M","M","M","R","E","M","T","M","?","E","M","E","R","BOSS","M","$","M","$","?","R","E","M","T","R","M","E","M","?","R","BOSS","M","?","M","M","$","R","$","E","T","E","?","M","M","M","R","BOSS","R","$","E","BOSS"],"items_purchased_type":["Card","Card","Relic","Card","Card","Relic","Card","Potion","Relic"],"build_version":"2020-12-22","purchased_purges":1,"victory":true,"max_hp_per_floor":[80,80,80,83,86,86,90,94,94,94,98,98,102,102,102,106,106,106,106,106,106,106,106,106,106,106,106,106,106,110,110,110,110,110,110,114,118,118,118,118,118,118,118,118,118,118,118,118,118,118,118,118,118,118,118],"card_choices":[{"not_picked":["Shrug It Off","Clash"],"picked":"Pommel Strike","floor":1},{"not_picked":["Havoc","Cleave"],"picked":"Feed","floor":3},{"not_picked":["Heavy Blade","Iron Wave"],"picked":"Carnage","floor":4},{"not_picked":["Headbutt","Searing Blow"],"picked":"Inflame","floor":5},{"not_picked":["True Grit","Infernal Blade"],"picked":"Shrug It Off","floor":7},{"not_picked":["Warcry","Reckless Charge"],"picked":"Sword Boomerang","floor":8},{"not_picked":["Warcry","Power Through"],"picked":"Metallicize","floor":10},{"not_picked":["Headbutt","Iron Wave"],"picked":"Battle Trance","floor":11},{"not_picked":["Berserk","Body Slam","Thunderclap"],"picked":"SKIP","floor":12},{"not_picked":["Havoc","Clash"],"picked":"Evolve","floor":13},{"not_picked":["Iron Wave","Sentinel"],"picked":"Sword Boomerang","floor":14},{"not_picked":["Exhume","Fiend Fire"],"picked":"Bludgeon","floor":16},{"not_picked":["Dark Embrace","Searing Blow","Feel No Pain"],"picked":"SKIP","floor":18},{"not_picked":["Bloodletting","Havoc"],"picked":"Cleave+1","floor":20},{"not_picked":["True Grit+1","Shockwave"],"picked":"Second Wind","floor":24},{"not_picked":["Dual Wield","Clash","Heavy Blade"],"picked":"SKIP","floor":25},{"not_picked":["Rampage","Thunderclap"],"picked":"Armaments+1","floor":28},{"not_picked":["Combust+1","Havoc"],"picked":"Barricade","floor":29},{"not_picked":["Twin Strike","Flex"],"picked":"Inflame","floor":30},{"not_picked":["Berserk","Double Tap"],"picked":"Impervious","floor":33},{"not_picked":["Searing Blow+1","Hemokinesis+1"],"picked":"Fire Breathing","floor":35},{"not_picked":["Searing Blow","Anger"],"picked":"Power Through","floor":36},{"not_picked":["Reckless Charge","Wild Strike"],"picked":"Heavy Blade+1","floor":37},{"not_picked":["Feel No Pain","Flex+1","Anger+1"],"picked":"SKIP","floor":38},{"not_picked":["Clash","Clothesline+1","Armaments"],"picked":"SKIP","floor":42},{"not_picked":["Headbutt+1","Second Wind+1"],"picked":"Metallicize","floor":44},{"not_picked":["Cleave","Shrug It Off+1"],"picked":"Seeing Red+1","floor":46},{"not_picked":["Sword Boomerang+1","Twin Strike"],"picked":"Metallicize","floor":46},{"not_picked":["Perfected Strike+1","True Grit"],"picked":"Ghostly Armor","floor":47},{"not_picked":["Infernal Blade","Wild Strike"],"picked":"Metallicize","floor":47},{"not_picked":["Flame Barrier+1","Dark Embrace+1"],"picked":"Ghostly Armor+1","floor":48},{"not_picked":["Headbutt","Carnage"],"picked":"Offering","floor":48},{"not_picked":["Reckless Charge","Carnage+1","Havoc+1"],"picked":"SKIP","floor":54}],"player_experience":1016291,"relics_obtained":[{"floor":7,"key":"Thread and Needle"},{"floor":12,"key":"Ornamental Fan"},{"floor":14,"key":"CeramicFish"},{"floor":24,"key":"Self Forming Clay"},{"floor":26,"key":"Nunchaku"},{"floor":29,"key":"Mercury Hourglass"},{"floor":42,"key":"Oddly Smooth Stone"},{"floor":43,"key":"Prayer Wheel"},{"floor":44,"key":"Omamori"},{"floor":54,"key":"TungstenRod"}],"event_choices":[{"damage_healed":0,"gold_gain":0,"player_choice":"Paid Gold","damage_taken":0,"relics_obtained":["CaptainsWheel"],"max_hp_gain":0,"max_hp_loss":0,"event_name":"WeMeetAgain","floor":2,"gold_loss":85},{"damage_healed":0,"gold_gain":0,"player_choice":"Ignored","damage_taken":0,"max_hp_gain":0,"max_hp_loss":0,"event_name":"Ghosts","floor":22,"gold_loss":0},{"damage_healed":0,"gold_gain":0,"player_choice":"Got Potions","damage_taken":0,"max_hp_gain":0,"max_hp_loss":0,"event_name":"Lab","floor":31,"gold_loss":0},{"cards_removed":["Dark Embrace"],"damage_healed":0,"gold_gain":0,"player_choice":"Purged","damage_taken":0,"max_hp_gain":0,"max_hp_loss":0,"event_name":"Purifier","floor":45,"gold_loss":0}],"is_beta":false,"boss_relics":[{"not_picked":["Empty Cage","Snecko Eye"],"picked":"Pandora\u0027s Box"},{"not_picked":["Runic Cube","Philosopher\u0027s Stone"],"picked":"SlaversCollar"}],"items_purged_floors":[19],"is_endless":false,"potions_floor_spawned":[3,5,7,11,12,20,24,25,33,36,38,47,48],"ascension_level":8}}