{"host":"254qdhpnbonm8z0p","time":1613970671,"event":{"mods":["AchievementEnabler","BaseMod","Block Reminder","Colored Map","Colored Powertips","Minty Spire (QoL Compilation)","ojb\u0027s Better Paths Mod"],"gold_per_floor":[117,131,56,131,131,131,162,112,112,50,50,67,92,92,92,194,194,184,201,201,101,27,27,27,27],"floor_reached":24,"language":"ENG","playtime":2021,"items_purged":["Strike_B","Strike_B"],"score":220,"play_id":"56ceeedb-164d-456c-958c-f1f13cfb6485","local_time":"20210221211111","is_ascension_mode":true,"campfire_choices":[{"floor":6,"key":"REST"},{"data":"Echo Form","floor":11,"key":"SMITH"},{"floor":15,"key":"REST"},{"data":"Defragment","floor":23,"key":"SMITH"}],"circlet_count":0,"master_deck":["Strike_B","Strike_B","Defend_B","Defend_B","Defend_B","Zap+1","Dualcast","Coolheaded","Loop+1","Echo Form+1","Self Repair+1","White Noise","Creative AI","Coolheaded+1","Streamline","Defragment+1"],"relics":["Cracked Core","Nunchaku","MawBank","Bag of Marbles","Symbiotic Virus","Black Star"],"acts_visited":["Exordium","TheCity"],"potions_floor_usage":[24],"damage_taken":[{"damage":5,"enemies":"Small Slimes","floor":1,"turns":3},{"damage":7,"enemies":"Jaw Worm","floor":2,"turns":4},{"damage":23,"enemies":"3 Sentries","floor":7,"turns":8},{"damage":4,"enemies":"Cultist","floor":12,"turns":3},{"damage":18,"enemies":"Lagavulin","floor":13,"turns":7},{"damage":27,"enemies":"Slime Boss","floor":16,"turns":6},{"damage":47,"enemies":"2 Thieves","floor":18,"turns":5},{"damage":19,"enemies":"Shell Parasite","floor":19,"turns":4},{"damage":44,"enemies":"3 Cultists","floor":24,"turns":4}],"seed_played":"8150602540377570802","potions_obtained":[{"floor":2,"key":"Dexterity Potion"},{"floor":12,"key":"Swift Potion"},{"floor":13,"key":"FocusPotion"},{"floor":18,"key":"SkillPotion"}],"is_trial":false,"path_per_floor":["M","M","$","?","?","R","E","?","T","$","R","M","E","?","R","B",null,"M","M","?","$","$","R","M"],"character_chosen":"DEFECT","items_purchased":["Self Repair","Defragment"],"campfire_rested":2,"item_purchase_floors":[10,22],"current_hp_per_floor":[77,70,70,59,43,67,44,44,44,44,44,47,43,43,67,47,82,49,44,44,44,44,44,0,0],"gold":27,"neow_bonus":"TEN_PERCENT_HP_BONUS","is_daily":false,"chose_seed":false,"campfire_upgraded":2,"win_rate":0.0,"timestamp":1613970671,"path_taken":["M","M","$","?","?","R","E","?","T","?","R","?","E","?","R","BOSS","M","M","?","?","$","R","M"],"items_purchased_type":["Card","Card"],"build_version":"2020-12-22","purchased_purges":2,"victory":false,"max_hp_per_floor":[82,82,82,82,82,82,82,82,82,82,82,82,82,82,82,82,82,82,82,82,82,82,82,82,82],"card_choices":[{"not_picked":["Beam Cell","Darkness"],"picked":"Coolheaded","floor":1},{"not_picked":["Cold Snap","Steam Power"],"picked":"Loop","floor":2},{"not_picked":["Compile Driver","Hello World"],"picked":"Echo Form","floor":7},{"not_picked":["Hologram","Lockon"],"picked":"White Noise","floor":12},{"not_picked":["Stack","Chill","Aggregate"],"picked":"SKIP","floor":13},{"not_picked":["Machine Learning","Electrodynamics"],"picked":"Creative AI","floor":16},{"not_picked":["Static Discharge","Cold Snap"],"picked":"Coolheaded+1","floor":18},{"not_picked":["Compile Driver+1","Sweeping Beam"],"picked":"Streamline","floor":19}],"player_experience":136462,"relics_obtained":[{"floor":7,"key":"Nunchaku"},{"floor":9,"key":"MawBank"},{"floor":13,"key":"Bag of Marbles"}],"event_choices":[{"damage_healed":0,"gold_gain":75,"player_choice":"Gather Gold","damage_taken":11,"max_hp_gain":0,"max_hp_loss":0,"event_name":"World of Goop","floor":4,"gold_loss":0},{"damage_healed":0,"gold_gain":0,"player_choice":"Entered Light","damage_taken":16,"max_hp_gain":0,"max_hp_loss":0,"event_name":"Shining Light","floor":5,"gold_loss":0,"cards_upgraded":["Loop","Zap"]},{"cards_removed":["Defend_B"],"damage_healed":0,"gold_gain":0,"player_choice":"Card Removal","damage_taken":0,"max_hp_gain":0,"max_hp_loss":0,"event_name":"The Cleric","floor":8,"gold_loss":50},{"damage_healed":0,"gold_gain":0,"player_choice":"Gave Potion","damage_taken":0,"relics_obtained":["Symbiotic Virus"],"max_hp_gain":0,"max_hp_loss":0,"event_name":"WeMeetAgain","floor":14,"gold_loss":0},{"damage_healed":0,"gold_gain":0,"player_choice":"Forge","damage_taken":0,"max_hp_gain":0,"max_hp_loss":0,"event_name":"Accursed Blacksmith","floor":20,"gold_loss":0,"cards_upgraded":["Self Repair"]}],"is_beta":false,"boss_relics":[{"not_picked":["Ectoplasm","Fusion Hammer"],"picked":"Black Star"}],"items_purged_floors":[3,21],"is_endless":false,"potions_floor_spawned":[2,12,13,18],"killed_by":"3 Cultists","ascension_level":2}}