{"host":"7jbuhzz8yy5cuou7","time":1613961106,"event":{"mods":["AchievementEnabler","Act Like it!","BaseMod","Better Third Choice","Bossed Relics","Colored Map","Colored Powertips","Dark Map","DeckTracker","Minty Spire (QoL Compilation)","Permanent Neow","Quick Restart","Ruina","StSLib","The Cursed","The Hierophant","Weighted Paths"],"gold_per_floor":[17,17,28,42,57,57,88,103,103,115,139,186,198,210,222,234,234],"floor_reached":16,"language":"ENG","playtime":643,"items_purged":[],"score":202,"play_id":"164885b9-3e09-441e-9e62-75e3ebfd4d70","local_time":"20210221193146","is_ascension_mode":true,"campfire_choices":[{"data":"Capacitor","floor":6,"key":"SMITH"},{"floor":10,"key":"REST"},{"floor":15,"key":"REST"}],"circlet_count":0,"master_deck":["AscendersBane","Strike_B","Strike_B","Defend_B","Defend_B","Defend_B","Defend_B","Zap","Dualcast","Glacier+1","Capacitor+1","Capacitor+1","Barrage","Seek","Ball Lightning","Tempest"],"relics":["Cracked Core","Bottled Tornado","MawBank","Bag of Preparation"],"acts_visited":["Exordium"],"potions_floor_usage":[12,12],"damage_taken":[{"damage":1,"enemies":"Cultist","floor":1,"turns":3},{"damage":0,"enemies":"2 Louse","floor":3,"turns":4},{"damage":7,"enemies":"Jaw Worm","floor":4,"turns":6},{"damage":4,"enemies":"Red Slaver","floor":5,"turns":7},{"damage":16,"enemies":"Lagavulin","floor":7,"turns":10},{"damage":13,"enemies":"Blue Slaver","floor":8,"turns":6},{"damage":20,"enemies":"2 Fungi Beasts","floor":11,"turns":6},{"damage":22,"enemies":"Gremlin Nob","floor":12,"turns":5},{"damage":28,"enemies":"Slime Boss","floor":16,"turns":6}],"seed_played":"-4206243297711102412","potions_obtained":[{"floor":3,"key":"SteroidPotion"},{"floor":7,"key":"FearPotion"}],"is_trial":false,"path_per_floor":["M","?","M","M","M","R","E","M","T","R","M","E","?","?","R","B"],"character_chosen":"DEFECT","items_purchased":[],"campfire_rested":2,"item_purchase_floors":[],"current_hp_per_floor":[63,63,63,56,52,52,36,23,23,44,24,2,2,2,23,0,0],"gold":234,"neow_bonus":"REMOVE_TWO","is_daily":false,"chose_seed":false,"campfire_upgraded":1,"win_rate":0.0,"timestamp":1613961106,"path_taken":["M","?","M","M","M","R","E","M","T","R","?","E","?","?","R","BOSS"],"items_purchased_type":[],"build_version":"2020-12-22","purchased_purges":0,"victory":false,"max_hp_per_floor":[71,71,71,71,71,71,71,71,71,71,71,71,71,71,71,71,71],"card_choices":[{"not_picked":["Beam Cell","Hologram"],"picked":"Glacier","floor":1},{"not_picked":["Melter","Streamline"],"picked":"Capacitor","floor":3},{"not_picked":["Heatsinks","Steam","Reprogram"],"picked":"SKIP","floor":4},{"not_picked":["BootSequence","Leap"],"picked":"Capacitor","floor":5},{"not_picked":["Sweeping Beam","Loop"],"picked":"Barrage","floor":7},{"not_picked":["Barrage","Skim"],"picked":"Seek","floor":8},{"not_picked":["Self Repair","Streamline"],"picked":"Ball Lightning","floor":11},{"not_picked":["Reprogram","Double Energy"],"picked":"Tempest","floor":12}],"player_experience":430769,"relics_obtained":[{"floor":7,"key":"Bottled Tornado"},{"floor":9,"key":"MawBank"},{"floor":12,"key":"Bag of Preparation"}],"event_choices":[{"damage_healed":0,"gold_gain":0,"player_choice":"Upgraded","damage_taken":0,"max_hp_gain":0,"max_hp_loss":0,"event_name":"Upgrade Shrine","floor":2,"gold_loss":0,"cards_upgraded":["Glacier"]},{"damage_healed":0,"gold_gain":0,"player_choice":"Ignored","damage_taken":198,"max_hp_gain":0,"max_hp_loss":0,"event_name":"betterThird:BetterSerpent","floor":13,"gold_loss":0},{"damage_healed":0,"gold_gain":0,"player_choice":"Forge","damage_taken":0,"max_hp_gain":0,"max_hp_loss":0,"event_name":"Accursed Blacksmith","floor":14,"gold_loss":0,"cards_upgraded":["Capacitor"]}],"is_beta":false,"boss_relics":[],"items_purged_floors":[],"is_endless":false,"potions_floor_spawned":[3,7,8,11],"killed_by":"Slime Boss","ascension_level":16}}