{"host":"pboyrhtqteqd23la","time":1613972999,"event":{"mods":["Aspiration","BaseMod","Bestiary","Conspire","Downfall","Energized Spire","GungeonMod","Halation","Minty Spire (QoL Compilation)","Relic Stats","Reliquary","Shop Mod","StSLib","The Servant 0.9.4","Waifu the Spire"],"gold_per_floor":[115,143,193,193,252,252,252],"floor_reached":6,"language":"ENG","playtime":434,"items_purged":[],"score":38,"play_id":"406e87d4-01e6-49e4-bd10-6deb3ca6f482","local_time":"20210221224959","is_ascension_mode":false,"campfire_choices":[],"circlet_count":0,"master_deck":["DemoMod:Strike_Huntress","DemoMod:Strike_Huntress","DemoMod:Strike_Huntress","DemoMod:Defend_Huntress","DemoMod:Defend_Huntress","DemoMod:Defend_Huntress","DemoMod:Defend_Huntress","DemoMod:Roll","DemoMod:ManualReload","DemoMod:RustySidearm","DemoMod:CrossBow","DemoMod:MachoBrace","DemoMod:MegaHand","DemoMod:HungryBullets","DemoMod:SpreadAmmo","DemoMod:FortunesFavor"],"relics":["DemoMod:Dog","NeowsBlessing"],"acts_visited":["Exordium"],"potions_floor_usage":[],"damage_taken":[{"damage":0,"enemies":"Small Slimes","floor":1,"turns":1},{"damage":0,"enemies":"Jaw Worm","floor":2,"turns":1},{"damage":0,"enemies":"Cultist","floor":3,"turns":1},{"damage":3,"enemies":"Blue Slaver","floor":5,"turns":4},{"damage":61,"enemies":"Gremlin Nob","floor":6,"turns":6}],"seed_played":"-3815414977482666852","potions_obtained":[{"floor":2,"key":"AttackPotion"},{"floor":5,"key":"Energy Potion"}],"is_trial":false,"path_per_floor":["M","M","M","?","M","E"],"character_chosen":"HUNTRESS","items_purchased":[],"campfire_rested":0,"item_purchase_floors":[],"current_hp_per_floor":[70,70,70,70,67,6,6],"gold":252,"neow_bonus":"THREE_ENEMY_KILL","is_daily":false,"chose_seed":false,"campfire_upgraded":0,"win_rate":0.0,"timestamp":1613972999,"path_taken":["M","M","M","?","M","E"],"items_purchased_type":[],"build_version":"2020-12-22","purchased_purges":0,"victory":false,"max_hp_per_floor":[70,70,70,70,70,70,70],"relic_stats":{"counters":[5,13],"obtain_stats":[{"DemoMod:Dog":0,"NeowsBlessing":0,"DemoMod:GlassGuonStoneRelic":3},{"DemoMod:Dog":0,"NeowsBlessing":0,"DemoMod:GlassGuonStoneRelic":3},{"DemoMod:Dog":0,"NeowsBlessing":0,"DemoMod:GlassGuonStoneRelic":3}]},"card_choices":[{"not_picked":["DemoMod:ConditionalReflex","DemoMod:FastSwitch"],"picked":"DemoMod:MachoBrace","floor":1},{"not_picked":["DemoMod:HighKaliber","DemoMod:HungryBullets"],"picked":"DemoMod:MegaHand","floor":2},{"not_picked":["DemoMod:AC15","DemoMod:RadGun"],"picked":"DemoMod:HungryBullets","floor":3},{"not_picked":["DemoMod:SAA","DemoMod:PotionOfGunFriendShip"],"picked":"DemoMod:FortunesFavor","floor":5}],"player_experience":671471,"relics_obtained":[],"event_choices":[],"is_beta":false,"boss_relics":[],"items_purged_floors":[],"is_endless":false,"potions_floor_spawned":[2,5],"killed_by":"Gremlin Nob","ascension_level":0}}