{"host":"gbop6m4qugddaz18","time":1613963471,"event":{"mods":["2.2 Compatiblity","BaseMod","Better Third Choice","Block Reminder","Downfall","GifTheSpireLib","Highlight Path","Minty Spire (QoL Compilation)","Replay The Spire","StSLib"],"gold_per_floor":[99,99,549,549,549,549,549,549,549,259,259,271,289,309,326,422,422,422,422,439,449,31,31,54,72,87,87,100,116,116,141,157,157,157,157],"floor_reached":33,"language":"ENG","playtime":2557,"items_purged":["downfall:Icky"],"score":282,"play_id":"df81efb1-2916-4db1-bf00-59b13258d703","local_time":"20210221221111","is_ascension_mode":false,"campfire_choices":[{"data":"champ:Taunt","floor":1,"key":"SMITH"},{"data":"champ:EnGarde","floor":9,"key":"SMITH"},{"data":"champ:SetATrap","floor":11,"key":"SMITH"},{"data":"champ:BringItOn","floor":18,"key":"SMITH"},{"floor":27,"key":"REST"},{"floor":30,"key":"REST"}],"circlet_count":0,"master_deck":["champ:Execute","champ:Taunt+1","champ:EnGarde+1","downfall:Icky","champ:PreciseThrust","champ:SetATrap+1","champ:Shatter","champ:FlashCut","Crow Ritual","champ:Shatter","champ:DefensiveShout","champ:GutPunch","champ:StanceDance","champ:LastStand","champ:Lariat","champ:UltimateStance","champ:Encircle","champ:SkillfulDodge","champ:DeathBlow","champ:BringItOn+1","champ:PreciseThrust","champ:HeavySlash","Crow Ritual","champ:FaceSlap","champ:BringItOn","expansioncontent:PolyBeam","champ:EnragedBash","champ:FocusedDefense+1","champ:Haymaker","champ:AdrenalArmor","champ:FalseCounter","champ:Haymaker","champ:PreciseThrust","champ:EndlessRage","champ:FlashCut","champ:ArenaPreparation","champ:Backstep"],"relics":["champ:ChampionCrown","downfall:HeartsMalice","champ:LiftRelic","Letter Opener","Replay:Grab Bag","Replay:Bronze Core","Philosopher\u0027s Stone","Pandora\u0027s Box","Prayer Wheel","Ancient Tea Set","Orichalcum"],"acts_visited":["Exordium","TheCity"],"potions_floor_usage":[16,16,31,31,31,33],"damage_taken":[{"damage":0,"enemies":"Jaw Worm","floor":2,"turns":1},{"damage":0,"enemies":"Small Slimes","floor":6,"turns":1},{"damage":0,"enemies":"Cultist","floor":8,"turns":1},{"damage":25,"enemies":"downfall:FleeingMerchant","floor":10,"turns":4},{"damage":1,"enemies":"2 Fungi Beasts","floor":12,"turns":3},{"damage":10,"enemies":"downfall:LooterAlt","floor":13,"turns":3},{"damage":7,"enemies":"Exordium Wildlife","floor":14,"turns":3},{"damage":18,"enemies":"Red Slaver","floor":15,"turns":3},{"damage":75,"enemies":"IC_STATUS_ARCHETYPE","floor":16,"turns":8},{"damage":42,"enemies":"Shell Parasite","floor":20,"turns":4},{"damage":49,"enemies":"downfall:LooterAlt2","floor":21,"turns":4},{"damage":30,"enemies":"downfall:FleeingMerchant","floor":22,"turns":5},{"damage":8,"enemies":"Snake Plant","floor":25,"turns":3},{"damage":17,"enemies":"Centurion and Healer","floor":26,"turns":5},{"damage":40,"enemies":"Snecko","floor":28,"turns":6},{"damage":46,"enemies":"Snake Plant","floor":29,"turns":3},{"damage":28,"enemies":"Slavers","floor":31,"turns":4},{"damage":27,"enemies":"3 Cultists","floor":32,"turns":6},{"damage":14,"enemies":"SI_MIRROR_ARCHETYPE","floor":33,"turns":8}],"seed_played":"-1117570916067202773","potions_obtained":[{"floor":12,"key":"AttackPotion"},{"floor":13,"key":"SpeedPotion"},{"floor":14,"key":"Swift Potion"},{"floor":15,"key":"Languid Potion"},{"floor":16,"key":"ColorlessPotion"},{"floor":21,"key":"AttackPotion"},{"floor":31,"key":"Elixir"}],"is_trial":false,"path_per_floor":["R","M","?","?","?","M","T","M","R","$","R","M","M","M","M","B",null,"R","?","M","M","$","?","T","M","M","R","M","M","R","E","M","B"],"character_chosen":"THE_CHAMP","items_purchased":["champ:FlashCut","Crow Ritual","Prayer Wheel","expansioncontent:PolyBeam"],"campfire_rested":2,"item_purchase_floors":[10,10,22,22],"current_hp_per_floor":[90,90,90,90,90,90,90,90,90,90,90,89,89,82,74,29,90,90,90,68,44,24,54,54,46,44,71,51,15,42,34,12,0,0,0],"gold":157,"neow_bonus":"THREE_ENEMY_KILL","is_daily":false,"chose_seed":false,"campfire_upgraded":4,"win_rate":0.0,"timestamp":1613963471,"path_taken":["R","M","?","?","?","M","T","M","R","$","R","M","M","M","M","BOSS","R","?","?","M","$","?","T","M","M","R","M","M","R","E","M","BOSS"],"items_purchased_type":["Card","Card","Relic","Card"],"build_version":"2020-12-22","purchased_purges":1,"victory":false,"max_hp_per_floor":[90,90,90,90,90,90,90,90,90,90,90,90,90,90,90,90,90,90,90,90,90,90,90,90,90,90,90,90,90,90,90,90,90,90,90],"card_choices":[{"not_picked":["champ:Backstep","champ:AdrenalArmor"],"picked":"champ:EnGarde","floor":2},{"not_picked":["champ:FancyFootwork","champ:GutPunch"],"picked":"champ:PreciseThrust","floor":6},{"not_picked":["champ:EnGarde","champ:FanOfKnives"],"picked":"champ:SetATrap","floor":8},{"not_picked":["champ:DeathBlow","champ:FocusedBerserking"],"picked":"champ:Shatter","floor":10},{"not_picked":["champ:ShieldSlam","champ:RapidStrikes"],"picked":"champ:Shatter","floor":12},{"not_picked":["champ:GutPunch","champ:BladeFlurry"],"picked":"champ:DefensiveShout","floor":13},{"not_picked":["champ:CrownThrow","champ:EndlessRage"],"picked":"champ:GutPunch","floor":14},{"not_picked":["champ:BladeFlurry","champ:Devastate"],"picked":"champ:StanceDance","floor":15},{"not_picked":["champ:HeavySlash","champ:CheapShot"],"picked":"champ:LastStand","floor":16},{"not_picked":["champ:CrownThrow","champ:FocusedBerserking+1","champ:HeartStrike+1"],"picked":"SKIP","floor":20},{"not_picked":["champ:ShieldSlam","champ:RisingSlash"],"picked":"champ:FaceSlap","floor":21},{"not_picked":["champ:GutPunch","champ:FlashCut+1"],"picked":"champ:BringItOn","floor":22},{"not_picked":["champ:BladeFlurry","champ:HeartStrike"],"picked":"champ:EnragedBash","floor":25},{"not_picked":["champ:GutPunch","champ:PerfectedStrike+1"],"picked":"champ:FocusedDefense+1","floor":25},{"not_picked":["champ:StanceDance","champ:Shatter+1"],"picked":"champ:Haymaker","floor":26},{"not_picked":["champ:HeartStrike","champ:TornadoPunch"],"picked":"champ:AdrenalArmor","floor":26},{"not_picked":["champ:BringItOn","champ:CheapShot"],"picked":"champ:FalseCounter","floor":28},{"not_picked":["champ:BladeFlurry+1","champ:BerserkersShout"],"picked":"champ:Haymaker","floor":28},{"not_picked":["champ:PerfectedStrike","champ:FanOfKnives"],"picked":"champ:PreciseThrust","floor":29},{"not_picked":["champ:StanceDance","champ:DefensiveShout"],"picked":"champ:EndlessRage","floor":29},{"not_picked":["champ:RapidStrikes","champ:Haymaker"],"picked":"champ:FlashCut","floor":31},{"not_picked":["champ:GladiatorStyle+1","champ:CalledShot"],"picked":"champ:ArenaPreparation","floor":32},{"not_picked":["champ:BerserkersShout","champ:TornadoPunch"],"picked":"champ:Backstep","floor":32}],"player_experience":610701,"relics_obtained":[{"floor":7,"key":"Letter Opener"},{"floor":24,"key":"Ancient Tea Set"},{"floor":31,"key":"Orichalcum"}],"event_choices":[{"cards_removed":["downfall:Icky"],"damage_healed":0,"gold_gain":0,"player_choice":"Card Removal","damage_taken":0,"max_hp_gain":0,"max_hp_loss":0,"event_name":"The Cleric","floor":4,"gold_loss":0},{"damage_healed":30,"gold_gain":0,"player_choice":"Heal","damage_taken":0,"max_hp_gain":0,"max_hp_loss":0,"event_name":"The Library","floor":23,"gold_loss":0}],"is_beta":false,"boss_relics":[{"not_picked":["Coffee Dripper","Replay:Drink Me"],"picked":"Replay:Grab Bag"},{"not_picked":["Abe\u0027s Treasure","Painkiller Herb"],"picked":"Replay:Bronze Core"},{"not_picked":["Cursed Key","ChewingGum"],"picked":"Philosopher\u0027s Stone"},{"not_picked":["Runic Pyramid","Kintsugi"],"picked":"Pandora\u0027s Box"}],"items_purged_floors":[10],"is_endless":false,"potions_floor_spawned":[12,13,14,15,16,21,26,29,31],"killed_by":"SI_MIRROR_ARCHETYPE","ascension_level":0}}