{"host":"qz0goigh82dax5l2","time":1613998631,"event":{"mods":["Act Like it!","Alarm Clock","BaseMod","Energized Spire","Hallownest","Minty Spire (QoL Compilation)","Quick Restart","Reimu£®≤©¿ˆ¡È√Œ£©","Reliquary","StSLib","°æ“≈ŒÔø®≈∆°øREMEMod"],"gold_per_floor":[118,138,138,22,32,67,67,102,129,147,167,187,35,52,52,157,157,168,182,182,281,16,16,16],"floor_reached":23,"language":"ZHS","playtime":2529,"items_purged":[],"score":253,"play_id":"a56fffe6-3306-4762-a6cd-3ab224780067","local_time":"20210222205711","is_ascension_mode":false,"campfire_choices":[{"floor":7,"key":"REST"},{"floor":15,"key":"REST"}],"circlet_count":0,"master_deck":["Strike_Lin:ReiMu","Strike_Lin:ReiMu","Strike_Lin:ReiMu","Strike_Lin:ReiMu","Defend_Lin:ReiMu","Defend_Lin:ReiMu","Defend_Lin:ReiMu","Defend_Lin:ReiMu","NB:ReiMu","Stagnation:ReiMu","EmergencyTakeOff:ReiMu","SubAcupoint:ReiMu","AirManeuver:ReiMu","OrbThrow:ReiMu","OrbThrow:ReiMu","Secret Weapon","LearningPray:ReiMu","SubAcupoint:ReiMu","Dreaming2:ReiMu","ManaGlint:ReiMu","SpreadBorder2:ReiMu","YinYangSange:ReiMu","AlertArray:ReiMu","OrbThrow:ReiMu","WonderfulDomain:ReiMu","Free:ReiMu","EmergencyTakeOff:ReiMu","FineLineFantasy:ReiMu","Bandage Up","Conquer:ReiMu","SpringWay:ReiMu","AirStrike:ReiMu","PrepareRite:ReiMu"],"relics":["FlyPower:ReiMu","REME_ComplimentaryCards","NeowsBlessing","Bow_fan:ReiMu","Oddly Smooth Stone","RuthlessExorcism:ReiMu","energizedSpire:NeverEndingSparkler"],"acts_visited":["Exordium","TheCity"],"potions_floor_usage":[16,16,16,18],"damage_taken":[{"damage":0,"enemies":"Jaw Worm","floor":1,"turns":1},{"damage":0,"enemies":"Cultist","floor":2,"turns":1},{"damage":0,"enemies":"2 Louse","floor":5,"turns":1},{"damage":30,"enemies":"Lagavulin","floor":6,"turns":10},{"damage":17,"enemies":"3 Sentries","floor":8,"turns":7},{"damage":0,"enemies":"Large Slime","floor":10,"turns":5},{"damage":3,"enemies":"Exordium Wildlife","floor":11,"turns":4},{"damage":0,"enemies":"2 Fungi Beasts","floor":12,"turns":3},{"damage":0,"enemies":"Looter","floor":14,"turns":4},{"damage":0,"enemies":"Hexaghost","floor":16,"turns":10},{"damage":2,"enemies":"Spheric Guardian","floor":18,"turns":3},{"damage":18,"enemies":"2 Thieves","floor":19,"turns":5},{"damage":58,"enemies":"Slavers","floor":23,"turns":4}],"seed_played":"-4385193130753591336","potions_obtained":[{"floor":8,"key":"SteroidPotion"},{"floor":10,"key":"SteroidPotion"},{"floor":11,"key":"Weak Potion"},{"floor":16,"key":"EssenceOfSteel"},{"floor":18,"key":"AttackPotion"}],"is_trial":false,"path_per_floor":["M","M","?","$","M","E","R","E","T","M","M","M","$","M","R","B",null,"M","M","?","?","$","E"],"character_chosen":"REIMU","items_purchased":["AirManeuver:ReiMu","OrbThrow:ReiMu","YinYangSange:ReiMu","AlertArray:ReiMu","OrbThrow:ReiMu","Bandage Up","Conquer:ReiMu","SpringWay:ReiMu","AirStrike:ReiMu","PrepareRite:ReiMu"],"campfire_rested":2,"item_purchase_floors":[4,4,13,13,13,22,22,22,22,22],"current_hp_per_floor":[65,65,65,65,65,35,54,37,37,37,34,34,34,34,53,53,65,63,45,45,45,45,0,0],"gold":16,"neow_bonus":"THREE_ENEMY_KILL","is_daily":false,"chose_seed":false,"campfire_upgraded":0,"win_rate":0.0,"timestamp":1613998631,"path_taken":["M","M","?","?","M","E","R","E","T","M","?","M","$","?","R","BOSS","M","M","?","?","?","E"],"items_purchased_type":["Card","Card","Card","Card","Card","Card","Card","Card","Card","Card"],"build_version":"2020-12-22","purchased_purges":0,"victory":false,"max_hp_per_floor":[65,65,65,65,65,65,65,65,65,65,65,65,65,65,65,65,65,65,65,65,65,65,65,65],"card_choices":[{"not_picked":["LovePray:ReiMu","RainPray2:ReiMu"],"picked":"EmergencyTakeOff:ReiMu","floor":1},{"not_picked":["Gathering:ReiMu","Amulet:ReiMu"],"picked":"SubAcupoint:ReiMu","floor":2},{"not_picked":["Meditation:ReiMu","RainPray2:ReiMu"],"picked":"OrbThrow:ReiMu","floor":5},{"not_picked":["MountainWay:ReiMu","SealNeedle:ReiMu"],"picked":"LearningPray:ReiMu","floor":6},{"not_picked":["DoubleButterfly:ReiMu","AlertArray:ReiMu"],"picked":"SubAcupoint:ReiMu","floor":8},{"not_picked":["Intuition:ReiMu","ForcedLanding:ReiMu"],"picked":"Dreaming2:ReiMu","floor":10},{"not_picked":["Determination:ReiMu","CareerPray:ReiMu"],"picked":"ManaGlint:ReiMu","floor":11},{"not_picked":["PayForSelf:ReiMu","RainPray2:ReiMu"],"picked":"SpreadBorder2:ReiMu","floor":12},{"not_picked":["PrepareRite:ReiMu","YinYangSange:ReiMu"],"picked":"WonderfulDomain:ReiMu","floor":14},{"not_picked":["Authority:ReiMu","Shading:ReiMu"],"picked":"Free:ReiMu","floor":16},{"not_picked":["WonderfulDomain:ReiMu","Enchanting:ReiMu+1"],"picked":"EmergencyTakeOff:ReiMu","floor":18},{"not_picked":["Meditation:ReiMu","CollectionFlower2:ReiMu"],"picked":"FineLineFantasy:ReiMu","floor":19}],"player_experience":83739,"relics_obtained":[{"floor":6,"key":"Bow_fan:ReiMu"},{"floor":8,"key":"Oddly Smooth Stone"},{"floor":9,"key":"RuthlessExorcism:ReiMu"}],"event_choices":[{"damage_healed":0,"gold_gain":0,"player_choice":"Ignored","damage_taken":0,"max_hp_gain":0,"max_hp_loss":0,"event_name":"Purifier","floor":3,"gold_loss":0},{"damage_healed":0,"gold_gain":0,"player_choice":"Ignored","damage_taken":0,"max_hp_gain":0,"max_hp_loss":0,"event_name":"Ghosts","floor":20,"gold_loss":0},{"damage_healed":0,"gold_gain":99,"player_choice":"Stole From Cult","damage_taken":0,"max_hp_gain":0,"max_hp_loss":0,"event_name":"Nest","floor":21,"gold_loss":0}],"is_beta":false,"boss_relics":[{"not_picked":["reliquary:RedPaperclip","Astrolabe"],"picked":"energizedSpire:NeverEndingSparkler"}],"items_purged_floors":[],"is_endless":false,"potions_floor_spawned":[8,10,11,16,18],"killed_by":"Slavers","ascension_level":0}}