{"host":"8p5c6x4qt9411139","time":1613965607,"event":{"mods":["Aspiration","BaseMod","Better Third Choice","BetterRewards","Conspire","Friendly Minions","Hubris","Infinite Spire","Minty Spire (QoL Compilation)","Quick Restart","Relic Stats","Reliquary","Replay The Spire","Shop Mod","Spicy Shops","Spire Arcade","StSLib","The Jungle"],"gold_per_floor":[112,112,112,187,205,238,250,264,264,264,293,305,317,329,341,453,465,487,510,337,380,463,507,211,211,211,211,227,227,227,238,238,335,335,345,59,59,59,76,110,130,130,202,202,202,212,264,295,295,295,295],"floor_reached":50,"language":"ENG","playtime":1546,"items_purged":["Strike_R","Strike_R","conspire:Purge+1"],"score":799,"play_id":"fdd4a078-dabc-4c5a-b4d1-b3b8a0450e58","local_time":"20210221194647","is_ascension_mode":false,"campfire_choices":[{"floor":10,"key":"REST"},{"data":"Carnage","floor":13,"key":"SMITH"},{"data":"Flex","floor":15,"key":"SMITH"},{"data":"Metamorphosis","floor":25,"key":"SMITH"},{"data":"Battle Trance","floor":27,"key":"SMITH"},{"floor":42,"key":"REST"},{"floor":44,"key":"REST"},{"floor":49,"key":"REST"}],"circlet_count":0,"master_deck":["Bash","infinitespire:OneForAll+1","Flex+1","Shrug It Off","Carnage+1","Spot Weakness+1","Bludgeon+1","Enlightenment+1","Metamorphosis+1","Battle Trance+1","Bludgeon+1","hubris:ReadiedAction","Bash","infinitespire:OneForAll+1","Flex+1","Shrug It Off","Carnage+1","Spot Weakness+1","Bludgeon+1","Enlightenment+1","Metamorphosis+1","Battle Trance+1","Bludgeon+1","hubris:ReadiedAction"],"relics":["Burning Blood","Juzu Bracelet","aspiration:HatOfInfinitePower","Lantern","Ginger","hubris:ChampionShield","Pantograph","Meat on the Bone","MawBank","Replay:Ringing Soul","Busted Crown","theJungle:Creamberry","aspiration:HiddenCompartment","reliquary:IridiumChain","reliquary:WeakTea","ReplayTheSpireMod:ShopPack","Onion Ring","Toolbox","Pandora\u0027s Box","Membership Card","War Paint","MealTicket","Snack Pack","hubris:Spice","Du-Vu Doll"],"acts_visited":["Exordium","Exordium","TheBeyond"],"potions_floor_usage":[11,46,46,46,46,46,46,46,48,50],"damage_taken":[{"damage":1.0,"enemies":"Cultist","floor":1.0,"turns":3.0},{"damage":1.0,"enemies":"Jaw Worm","floor":5.0,"turns":2.0},{"damage":36.0,"enemies":"Lagavulin","floor":6.0,"turns":7.0},{"damage":0.0,"enemies":"2 Louse","floor":7.0,"turns":3.0},{"damage":0.0,"enemies":"2 Fungi Beasts","floor":8.0,"turns":2.0},{"damage":26,"enemies":"3 Sentries","floor":11,"turns":9},{"damage":27,"enemies":"The Guardian","floor":16,"turns":6},{"damage":15,"enemies":"theJungle:MUSHROOMGANG","floor":18,"turns":4},{"damage":18,"enemies":"theJungle:Flameango_and_Byrd","floor":19,"turns":5},{"damage":32,"enemies":"conspire:MimicChest","floor":21,"turns":4},{"damage":8,"enemies":"theJungle:2_Phrogs","floor":23,"turns":4},{"damage":5,"enemies":"theJungle:SlimyTreeVines","floor":28,"turns":2},{"damage":0,"enemies":"Snake Plant","floor":31,"turns":1},{"damage":11,"enemies":"theJungle:QueenSpyder","floor":33,"turns":4},{"damage":0,"enemies":"Orb Walker","floor":35,"turns":1},{"damage":13,"enemies":"3 Darklings","floor":39,"turns":2},{"damage":50,"enemies":"Nemesis","floor":40,"turns":5},{"damage":0,"enemies":"Transient","floor":41,"turns":5},{"damage":44,"enemies":"4 Shapes","floor":46,"turns":4},{"damage":10,"enemies":"2 Orb Walkers","floor":47,"turns":2},{"damage":10,"enemies":"Reptomancer","floor":48,"turns":2},{"damage":147,"enemies":"conspire:OrnateMirror","floor":50,"turns":2}],"seed_played":"-8646366178483046892","potions_obtained":[{"floor":5.0,"key":"BloodPotion"},{"floor":8,"key":"FearPotion"},{"floor":19,"key":"Fire Potion"},{"floor":23,"key":"Energy Potion"},{"floor":37,"key":"DuplicationPotion"},{"floor":47,"key":"Explosive Potion"}],"is_trial":false,"path_per_floor":["M","?","?","?","M","E","M","M","T","R","E","?","R","T","R","B",null,"M","M","?","?","T","E","$","R","T","R","M","AVR","?","M","R","B",null,"M","$","?","?","M","E","M","R","T","R","T","M","?","E","R","B"],"character_chosen":"IRONCLAD","items_purchased":["Juzu Bracelet","aspiration:HatOfInfinitePower","Lantern","infinitespire:OneForAll","ReplayTheSpireMod:ShopPack","Battle Trance","Membership Card","War Paint"],"campfire_rested":4,"item_purchase_floors":[0,0,0,0,24,24,36,36],"current_hp_per_floor":[54,54,36,25,30,16,22,28,28,52,44,44,44,44,44,51,83,74,62,62,48,48,61,64,64,64,64,65,65,77,83,89,87,95,95,95,95,98,91,59,65,94,94,98,106,68,68,74,108,0,0],"gold":295,"neow_bonus":"","is_daily":false,"chose_seed":false,"campfire_upgraded":4,"win_rate":0.0,"timestamp":1613965607,"path_taken":["M","?","?","?","M","E","M","M","T","R","E","?","R","?","R","BOSS","M","M","?","?","?","E","?","R","T","R","M","AVR","?","M","R","BOSS","M","$","?","?","M","E","M","R","T","R","?","M","?","E","R","BOSS"],"items_purchased_type":["Relic","Relic","Relic","Card","Relic","Card","Relic","Relic"],"build_version":"2020-12-22","purchased_purges":3,"victory":false,"max_hp_per_floor":[80,80,80,80,80,80,80,80,80,80,80,80,80,80,80,83,83,83,83,83,83,83,86,89,89,89,89,89,89,89,89,89,92,95,95,95,95,98,98,98,98,98,98,98,106,106,106,114,114,114,114],"relic_stats":{"Busted Crown":42,"counters":[49,151],"Pantograph":31,"Pandora\u0027s Box":["hubris:ReadiedAction"],"MealTicket":0,"Juzu Bracelet":1,"Ginger":[4],"War Paint":["Spot Weakness","conspire:Purge"],"MawBank":156,"obtain_stats":[{"reliquary:FeatherDuster":25,"Lantern":0,"Juzu Bracelet":0,"theJungle:Creamberry":20,"Ginger":0,"Burning Blood":0,"conspire:SeveredTorchhead":17,"Replay:Ringing Soul":14,"Shovel":10,"Pantograph":6,"Toolbox":29,"reliquary:NewFriend":23,"MealTicket":40,"hubris:ChampionShield":3,"Red Skull":14,"conspire:Dentures":27,"Gremlin Food":30,"MerchantsRug":0,"hubris:DisguiseKit":11,"hubris:DuctTape":0,"Counterbalance":19,"Eternal Feather":43,"hubris:MedicalManual":4,"Replay:Kaleidoscope":26,"reliquary:WeakTea":23,"Frozen Egg 2":12,"War Paint":36,"MawBank":11,"aspiration:HiddenCompartment":21,"White Beast Statue":41,"reliquary:IridiumChain":22,"Du-Vu Doll":15,"conspire:GiftBox":6,"CaptainsWheel":44,"Busted Crown":17,"Brimstone":0,"hubris:Spice":45,"Onion Ring":26,"Pandora\u0027s Box":34,"reliquary:SculptingSteel":9,"reliquary:MedicineBall":0,"infinitespire:EmpoweringShard":46,"Snack Pack":43,"Membership Card":36,"aspiration:HatOfInfinitePower":0,"Abe\u0027s Treasure":35,"Meat on the Bone":9,"ReplayTheSpireMod:ShopPack":24},{"reliquary:FeatherDuster":14,"Lantern":27,"Juzu Bracelet":27,"theJungle:Creamberry":36,"Ginger":27,"Burning Blood":0,"conspire:SeveredTorchhead":9,"Replay:Ringing Soul":33,"Shovel":6,"Pantograph":30,"Toolbox":39,"reliquary:NewFriend":12,"MealTicket":44,"hubris:ChampionShield":28,"Red Skull":8,"conspire:Dentures":14,"Gremlin Food":15,"MerchantsRug":0,"hubris:DisguiseKit":7,"hubris:DuctTape":0,"Counterbalance":10,"Eternal Feather":21,"hubris:MedicalManual":3,"Replay:Kaleidoscope":14,"reliquary:WeakTea":38,"Frozen Egg 2":7,"War Paint":42,"MawBank":33,"aspiration:HiddenCompartment":37,"White Beast Statue":20,"reliquary:IridiumChain":37,"Du-Vu Doll":8,"conspire:GiftBox":5,"CaptainsWheel":21,"Busted Crown":34,"Brimstone":0,"hubris:Spice":45,"Onion Ring":38,"Pandora\u0027s Box":41,"reliquary:SculptingSteel":6,"reliquary:MedicineBall":0,"infinitespire:EmpoweringShard":23,"Snack Pack":45,"Membership Card":42,"aspiration:HatOfInfinitePower":27,"Abe\u0027s Treasure":18,"Meat on the Bone":32,"ReplayTheSpireMod:ShopPack":38},{"reliquary:FeatherDuster":37,"Lantern":72,"Juzu Bracelet":72,"theJungle:Creamberry":113,"Ginger":72,"Burning Blood":0,"conspire:SeveredTorchhead":25,"Replay:Ringing Soul":98,"Shovel":17,"Pantograph":84,"Toolbox":123,"reliquary:NewFriend":32,"MealTicket":136,"hubris:ChampionShield":75,"Red Skull":21,"conspire:Dentures":37,"Gremlin Food":41,"MerchantsRug":0,"hubris:DisguiseKit":19,"hubris:DuctTape":0,"Counterbalance":27,"Eternal Feather":56,"hubris:MedicalManual":8,"Replay:Kaleidoscope":37,"reliquary:WeakTea":121,"Frozen Egg 2":19,"War Paint":129,"MawBank":98,"aspiration:HiddenCompartment":117,"White Beast Statue":53,"reliquary:IridiumChain":117,"Du-Vu Doll":21,"conspire:GiftBox":14,"CaptainsWheel":56,"Busted Crown":104,"Brimstone":0,"hubris:Spice":141,"Onion Ring":121,"Pandora\u0027s Box":128,"reliquary:SculptingSteel":17,"reliquary:MedicineBall":0,"infinitespire:EmpoweringShard":63,"Snack Pack":141,"Membership Card":129,"aspiration:HatOfInfinitePower":72,"Abe\u0027s Treasure":49,"Meat on the Bone":89,"ReplayTheSpireMod:ShopPack":121}],"Burning Blood":282,"Meat on the Bone":48},"card_choices":[{"not_picked":["ReplayTheSpireMod:Strike From Hell","Body Slam"],"picked":"Flex","floor":1.0},{"not_picked":["ReplayTheSpireMod:Strike From Hell","infinitespire:OneForAll"],"picked":"Shrug It Off","floor":5.0},{"not_picked":["Blood for Blood","Armaments","Clash"],"picked":"SKIP","floor":6.0},{"not_picked":["Cleave","Thunderclap"],"picked":"Carnage","floor":7.0},{"not_picked":["Heavy Blade","Ghostly Armor","Armaments"],"picked":"SKIP","floor":8},{"not_picked":["Dual Wield","Sword Boomerang"],"picked":"Spot Weakness","floor":11},{"not_picked":["Reaper","conspire:HitWhereItHurts"],"picked":"conspire:Purge","floor":16},{"not_picked":["Iron Wave"],"picked":"SKIP","floor":18},{"not_picked":["Feel No Pain"],"picked":"SKIP","floor":19},{"not_picked":[],"picked":"Bludgeon+1","floor":23},{"not_picked":[],"picked":"Enlightenment","floor":24},{"not_picked":[],"picked":"Metamorphosis","floor":24},{"not_picked":["infinitespire:OneForAll+1"],"picked":"SKIP","floor":28},{"not_picked":["True Grit"],"picked":"SKIP","floor":31},{"not_picked":[],"picked":"Bludgeon+1","floor":33},{"not_picked":["Ghostly Armor+1"],"picked":"SKIP","floor":35},{"not_picked":["ReplayTheSpireMod:LeadingStrike+1"],"picked":"SKIP","floor":39},{"not_picked":["Flex"],"picked":"SKIP","floor":40},{"not_picked":["Wild Strike"],"picked":"SKIP","floor":41},{"not_picked":["Blood for Blood+1"],"picked":"SKIP","floor":46},{"not_picked":["Evolve+1"],"picked":"SKIP","floor":48}],"player_experience":462914,"relics_obtained":[{"floor":6.0,"key":"Pantograph"},{"floor":9,"key":"Meat on the Bone"},{"floor":11,"key":"MawBank"},{"floor":14,"key":"Replay:Ringing Soul"},{"floor":21,"key":"aspiration:HiddenCompartment"},{"floor":22,"key":"reliquary:IridiumChain"},{"floor":23,"key":"reliquary:WeakTea"},{"floor":26,"key":"Onion Ring"},{"floor":40,"key":"MealTicket"},{"floor":43,"key":"Snack Pack"},{"floor":45,"key":"hubris:Spice"},{"floor":47,"key":"Du-Vu Doll"},{"floor":48,"key":"hubris:Spice"}],"event_choices":[{"damage_healed":0.0,"max_hp_gain":0.0,"max_hp_loss":0.0,"gold_gain":0.0,"event_name":"betterThird:BetterScrap","player_choice":"Relic ","floor":3.0,"gold_loss":0.0,"damage_taken":18.0,"cards_obtained":["hubris:Sniper"]},{"damage_healed":0.0,"max_hp_gain":0.0,"max_hp_loss":0.0,"gold_gain":75.0,"event_name":"betterThird:BetterGoop","player_choice":"Gold","floor":4.0,"gold_loss":0.0,"damage_taken":11.0},{"damage_healed":0,"gold_gain":0,"player_choice":"Got Potions","damage_taken":0,"max_hp_gain":0,"max_hp_loss":0,"event_name":"Lab","floor":37,"gold_loss":0},{"damage_healed":0,"gold_gain":0,"player_choice":"Fight","damage_taken":0,"max_hp_gain":0,"max_hp_loss":0,"event_name":"Mysterious Sphere","floor":47,"gold_loss":0}],"is_beta":false,"boss_relics":[{"not_picked":["Honey Jar","hubris:Stopwatch"],"picked":"Busted Crown"},{"not_picked":["Electric Blood","reliquary:Ember"],"picked":"Pandora\u0027s Box"}],"items_purged_floors":[0,24,36],"is_endless":false,"potions_floor_spawned":[5,8,19,23,28,31,39,41,47],"killed_by":"conspire:OrnateMirror","ascension_level":0}}