{"host":"7skunfutdkk39s14","time":1613979467,"event":{"mods":["BaseMod","Downfall","Infinite Spire","Minty Spire (QoL Compilation)","StSLib"],"gold_per_floor":[99,118,135,135,149,163,163,197,213,213,213,225,244,244,244,244],"floor_reached":14,"language":"ENG","playtime":2346,"items_purged":[],"score":94,"play_id":"6ca7b720-2c93-4fa7-8e73-09dbc7d72ca6","local_time":"20210222023747","is_ascension_mode":false,"campfire_choices":[{"data":"hexamod:ParanormalForm","floor":1,"key":"SMITH"},{"floor":10,"key":"REST"}],"circlet_count":0,"master_deck":["hexamod:Strike","hexamod:Strike","hexamod:Strike","hexamod:Strike","hexamod:Defend","hexamod:Defend","hexamod:Defend","hexamod:Defend","hexamod:Sear","hexamod:Float","hexamod:ParanormalForm+1","hexamod:AdvancingGuard","hexamod:HauntingEcho","Regret","hexamod:RadiantFlame","hexamod:HeatCrush","hexamod:WildfireWeapon","hexamod:ShieldOfDarkness","hexamod:GhostflameInferno","hexamod:FourthSeal"],"relics":["hexamod:SpiritBrand","Pear","Ancient Tea Set","Toy Ornithopter"],"acts_visited":["Exordium"],"potions_floor_usage":[8,14,14],"damage_taken":[{"damage":3,"enemies":"2 Louse","floor":2,"turns":3},{"damage":0,"enemies":"Jaw Worm","floor":3,"turns":3},{"damage":5,"enemies":"Small Slimes","floor":5,"turns":3},{"damage":27,"enemies":"2 Fungi Beasts","floor":6,"turns":5},{"damage":30,"enemies":"Gremlin Nob","floor":8,"turns":5},{"damage":10,"enemies":"Exordium Wildlife","floor":9,"turns":4},{"damage":6,"enemies":"Large Slime","floor":12,"turns":7},{"damage":7,"enemies":"2 Fungi Beasts","floor":13,"turns":3},{"damage":29,"enemies":"3 Sentries","floor":14,"turns":6}],"seed_played":"-8364252950960730563","potions_obtained":[{"floor":3,"key":"Fire Potion"},{"floor":6,"key":"LiquidBronze"},{"floor":9,"key":"SkillPotion"},{"floor":13,"key":"AttackPotion"}],"is_trial":false,"path_per_floor":["R","M","M","?","M","M","T","E","M","R","?","M","M","E"],"character_chosen":"THE_SPIRIT","items_purchased":[],"campfire_rested":1,"item_purchase_floors":[],"current_hp_per_floor":[70,67,67,77,72,45,45,15,5,29,29,23,16,0,0,0],"gold":244,"neow_bonus":"ONE_RANDOM_RARE_CARD","is_daily":false,"chose_seed":false,"campfire_upgraded":1,"win_rate":0.0,"timestamp":1613979467,"path_taken":["R","M","M","?","M","M","T","E","M","R","?","M","M","E"],"items_purchased_type":[],"build_version":"2020-12-22","purchased_purges":0,"victory":false,"max_hp_per_floor":[70,70,70,80,80,80,80,80,80,80,80,80,80,80,80,80],"card_choices":[{"not_picked":["hexamod:GhostShield","hexamod:Hexaguard"],"picked":"hexamod:AdvancingGuard","floor":2},{"not_picked":["hexamod:EtherealExpedition","hexamod:ThermalTransfer"],"picked":"hexamod:HauntingEcho","floor":3},{"not_picked":["hexamod:PhantomCloak","hexamod:Rewind"],"picked":"hexamod:RadiantFlame","floor":5},{"not_picked":["hexamod:NecessarySacrifice","hexamod:HauntingEcho"],"picked":"hexamod:HeatCrush","floor":6},{"not_picked":["hexamod:FourthSeal","hexamod:NightmareStrike"],"picked":"hexamod:WildfireWeapon","floor":8},{"not_picked":["hexamod:AdvancingGuard","hexamod:HauntingEcho"],"picked":"hexamod:ShieldOfDarkness","floor":9},{"not_picked":["hexamod:InspiringFlames","hexamod:HeatCrush"],"picked":"hexamod:GhostflameInferno","floor":12},{"not_picked":["hexamod:GhostOfSpireFuture","hexamod:GhostLash"],"picked":"hexamod:FourthSeal","floor":13}],"player_experience":693811,"relics_obtained":[{"floor":7,"key":"Ancient Tea Set"},{"floor":8,"key":"Toy Ornithopter"}],"event_choices":[{"damage_healed":0,"gold_gain":0,"player_choice":"Box","damage_taken":0,"relics_obtained":["Pear"],"max_hp_gain":0,"max_hp_loss":0,"event_name":"Big Fish","floor":4,"gold_loss":0,"cards_obtained":["Regret"]}],"is_beta":false,"boss_relics":[],"items_purged_floors":[],"is_endless":false,"potions_floor_spawned":[3,6,9,13],"killed_by":"3 Sentries","ascension_level":0}}