{"host":"aa6fvbpmsafso8gw","time":1613956877,"event":{"mods":["2.2 Compatiblity","Act Like it!","Arknights","Aspiration","Bartender","BaseMod","Beaked The Cultist","Better Altar","Better Match","Better Note","Better Sensory Stone","Better Skull","Better Third Choice","BetterRewards","CatGirl Mod","ChefMod","Colored Map","Colored Powertips","Conspire","Curses Come First","Dio Mod","Downfall","Energized Spire","GifTheSpireLib","Halation","Hallownest","Hubris","Infinite Spire","JesterMod","Jorbs\u0027s Wanderer Trilogy","Minty Spire (QoL Compilation)","MostiFishMod","Quick Restart","Rare Cards Sparkle","Reliquary","Replay The Spire","Retaliation","Robot Space Explorer","Ruina","Shade Mod","Shapeshifter Mod","Shop Mod","Spicy Shops","Spire Arcade","StSLib","Stuff the Spire","SuperFastMode","The Bug Knight","The Cursed","The Disciple","The Dragonkin","The Gatherer","The Hayseed","The Hierophant","The IronCluck","The Mystic","The Poker Player","The Problem Sleuth","The Sage","The Wild Card","TheFirefly","slay the spire mod where everything is the same but ironclad has a cowboy hat","thorton"],"gold_per_floor":[112,126,58,73,85,85,99,99,99,130,95,112,127,137,137,233,233,249,265,28,51,72,72,107,16,67,67,67,83,97,97,97,198,198,212,212,212,230,244,244,244,244,244,268,121,121,138,156,156,163,163,163,64,97,97,97,97],"floor_reached":55,"language":"ENG","playtime":7700,"items_purged":["PokerPlayerMod:Spade1"],"score":770,"play_id":"4e61b065-9730-455f-a4a0-a29d3011c30c","local_time":"20210221202117","is_ascension_mode":false,"metric_token":4050,"campfire_choices":[{"data":"PokerPlayerMod:Mulligan","floor":6.0,"key":"SMITH"},{"floor":8.0,"key":"REST"},{"floor":15.0,"key":"REST"},{"floor":23.0,"key":"REST"},{"data":"PokerPlayerMod:CardPrinter","floor":28.0,"key":"SMITH"},{"data":"PokerPlayerMod:ItsShowtime","floor":32.0,"key":"SMITH"},{"data":"PokerPlayerMod:Heart2","floor":40.0,"key":"SMITH"},{"floor":42.0,"key":"REST"},{"floor":46.0,"key":"RECALL"},{"data":"infinitespire:NeuralNetwork","floor":49.0,"key":"SMITH"},{"data":"PokerPlayerMod:Club1","floor":52.0,"key":"SMITH"}],"circlet_count":0,"master_deck":["PokerPlayerMod:Diamond2","PokerPlayerMod:Diamond3","PokerPlayerMod:Diamond4","PokerPlayerMod:Diamond5","PokerPlayerMod:Spade2","PokerPlayerMod:Spade3","PokerPlayerMod:Spade4","PokerPlayerMod:Club2","PokerPlayerMod:Club2","PokerPlayerMod:Heart3","PokerPlayerMod:TrumpStrike","PokerPlayerMod:BadJoker","PokerPlayerMod:Mulligan+1","PokerPlayerMod:Spade5","PokerPlayerMod:Diamond2","PokerPlayerMod:CardPrinter","PokerPlayerMod:Club3","PokerPlayerMod:ClubStrike","PokerPlayerMod:HiddenCard","Pot Of Greed","Pot Of Greed","PokerPlayerMod:ItsShowtime+1","PokerPlayerMod:FillThePot","PokerPlayerMod:ClubShade","Pot Of Greed","PokerPlayerMod:DiamondStrike","PokerPlayerMod:GamblerForm","PokerPlayerMod:Sharpen","PokerPlayerMod:CloakAndDiamond+1","PokerPlayerMod:Raise","PokerPlayerMod:CardPrinter+1","PokerPlayerMod:Configure","PokerPlayerMod:PoorCopy","PokerPlayerMod:Sharpen","PokerPlayerMod:Diamond7","PokerPlayerMod:DartThrow+1","PokerPlayerMod:WasteCollection","Pot Of Greed","PokerPlayerMod:WildCard","CurseOfTheBell","PokerPlayerMod:Heart4","MostiFishMod:SupremeArchaeology","Replay:Dark Deal","PokerPlayerMod:DartThrow+1","PokerPlayerMod:Club5","infinitespire:NeuralNetwork+1","PokerPlayerMod:CardBurn+1","PokerPlayerMod:Club6","PokerPlayerMod:CardBurn","PokerPlayerMod:ClubsClub+1","Pot Of Greed","PokerPlayerMod:SpadeStrike+1","PokerPlayerMod:Club7","PokerPlayerMod:Diamond5","PokerPlayerMod:MagicTrick","PokerPlayerMod:Extraction","PokerPlayerMod:Spade8","PokerPlayerMod:Harden","PokerPlayerMod:SpadeStrike","PokerPlayerMod:Heart4","PokerPlayerMod:Heart5"],"relics":["PokerPlayerMod:DeckCase","DaveBox","ThornShield","SynthV:TestCard","reliquary:Spinner","beaked:SacredNecklace","aspiration:SecretTechniqueScroll","MerchantsRug","PokerPlayerMod:FairLicense","Letter Opener","StuffTheSpire:Nightcore","hubris:KleinBottle","ReplayTheSpireMod:Lightbulb","Replay:Bottled Steam","reliquary:SharkskinSheath"],"acts_visited":["Exordium","TheCity","TheBeyond","TheEnding"],"potions_floor_usage":[55],"damage_taken":[{"damage":0.0,"enemies":"Cultist","floor":1.0,"turns":3.0},{"damage":2.0,"enemies":"conspire:RoseBush","floor":2.0,"turns":2.0},{"damage":1.0,"enemies":"ats:Genji","floor":4.0,"turns":3.0},{"damage":2.0,"enemies":"conspire:2 RoseBushes","floor":5.0,"turns":4.0},{"damage":22.0,"enemies":"Lots of Slimes","floor":7.0,"turns":2.0},{"damage":24.0,"enemies":"Lagavulin","floor":10.0,"turns":6.0},{"damage":3.0,"enemies":"3 Louse","floor":12.0,"turns":3.0},{"damage":12.0,"enemies":"Red Slaver","floor":13.0,"turns":2.0},{"damage":10.0,"enemies":"Exordium Thugs","floor":14.0,"turns":3.0},{"damage":39.0,"enemies":"The Guardian","floor":16.0,"turns":10.0},{"damage":28.0,"enemies":"2 Thieves","floor":18.0,"turns":3.0},{"damage":0.0,"enemies":"Spheric Guardian","floor":19.0,"turns":2.0},{"damage":0.0,"enemies":"Shelled Parasite and Fungi","floor":21.0,"turns":3.0},{"damage":11.0,"enemies":"Cultist and Chosen","floor":22.0,"turns":3.0},{"damage":0.0,"enemies":"conspire:Head Lice","floor":24.0,"turns":4.0},{"damage":19.0,"enemies":"Sentry and Sphere","floor":29.0,"turns":3.0},{"damage":0.0,"enemies":"Snake Plant","floor":30.0,"turns":2.0},{"damage":44.0,"enemies":"Automaton","floor":33.0,"turns":8.0},{"damage":1.0,"enemies":"Orb Walker","floor":35.0,"turns":3.0},{"damage":0.0,"enemies":"3 Darklings","floor":38.0,"turns":1.0},{"damage":0.0,"enemies":"Maw","floor":39.0,"turns":4.0},{"damage":34.0,"enemies":"Jaw Worm Horde","floor":44.0,"turns":4.0},{"damage":0.0,"enemies":"4 Shapes","floor":47.0,"turns":2.0},{"damage":0.0,"enemies":"Spire Growth","floor":48.0,"turns":3.0},{"damage":35.0,"enemies":"TheAcolyte","floor":50.0,"turns":5.0},{"damage":35.0,"enemies":"Shield and Spear","floor":54.0,"turns":4.0},{"damage":104,"enemies":"The Heart","floor":55,"turns":8}],"seed_played":"-693207456639905510","potions_obtained":[{"floor":1.0,"key":"Adrenaline Potion"},{"floor":5.0,"key":"PowerPotion"},{"floor":13.0,"key":"champ:CounterPotion"},{"floor":16.0,"key":"Languid Potion"},{"floor":30.0,"key":"Adrenaline Potion"},{"floor":47.0,"key":"Regen Potion"}],"is_trial":false,"path_per_floor":["M","M","$","M","M","R","M","R","T","E","?","M","M","M","R","B",null,"M","M","$","M","M","R","E","$","T","?","R","M","M","?","R","B",null,"M","?","AVR","M","M","R","$","R","T","M","$","R","M","M","R","B",null,"R","$","E","B"],"character_chosen":"THE_POKER_PLAYER","items_purchased":["PokerPlayerMod:CardPrinter","MerchantsRug","halation:IllGainedPizza","PokerPlayerMod:Raise","PokerPlayerMod:FairLicense","hubris:KleinBottle","ReplayTheSpireMod:Lightbulb","Orrery","PokerPlayerMod:Diamond5","BlessingOfTheForge","PokerPlayerMod:Spade8","PokerPlayerMod:Harden","PokerPlayerMod:SpadeStrike","PokerPlayerMod:Heart4"],"campfire_rested":4,"item_purchase_floors":[3,20,20,20,25,41,41,45,45,53,53,53,53,53],"current_hp_per_floor":[57,55,55,54,56,56,34,51,51,29,43,44,32,22,39,4,57,29,33,33,33,28,45,52,52,52,52,57,38,44,44,57,15,57,56,56,56,57,57,57,25,57,57,23,23,53,57,57,57,34,57,57,57,30,0,0,0],"gold":97,"neow_bonus":"TEN_PERCENT_HP_BONUS","is_daily":false,"chose_seed":false,"campfire_upgraded":6,"win_rate":0.0,"timestamp":1613956877,"path_taken":["M","M","$","M","M","R","?","R","T","E","?","M","M","M","R","BOSS","M","M","$","M","M","R","E","$","T","?","R","M","?","?","R","BOSS","M","?","AVR","M","M","R","?","R","T","M","$","R","M","M","R","BOSS","R","$","E","BOSS"],"items_purchased_type":["Card","Relic","Relic","Card","Relic","Relic","Relic","Relic","Card","Potion","Card","Card","Card","Card"],"build_version":"2020-12-22","purchased_purges":1,"victory":false,"max_hp_per_floor":[57,57,57,57,57,57,57,57,57,57,57,57,57,57,57,57,57,57,57,57,57,57,57,57,57,57,57,57,57,57,57,57,57,57,57,57,57,57,57,57,57,57,57,57,57,57,57,57,57,57,57,57,57,57,57,57,57],"card_choices":[{"not_picked":["PokerPlayerMod:Extraction","PokerPlayerMod:Heart2"],"picked":"PokerPlayerMod:Spade5","floor":1.0},{"not_picked":["PokerPlayerMod:Spade2","PokerPlayerMod:Harden","PokerPlayerMod:Club1","PokerPlayerMod:Diamond1"],"picked":"PokerPlayerMod:Diamond2","floor":2.0},{"not_picked":["PokerPlayerMod:Heart2","PokerPlayerMod:JackOfSpades","PokerPlayerMod:Spade2","PokerPlayerMod:Spade4"],"picked":"PokerPlayerMod:Club3","floor":4.0},{"not_picked":["PokerPlayerMod:DamnStraight","PokerPlayerMod:Club3","PokerPlayerMod:Spade1","PokerPlayerMod:Spade3"],"picked":"PokerPlayerMod:ClubStrike","floor":5.0},{"not_picked":["PokerPlayerMod:Duplicate","PokerPlayerMod:PoorCopy","PokerPlayerMod:HeartStrike","PokerPlayerMod:Diamond2"],"picked":"PokerPlayerMod:HiddenCard","floor":7.0},{"not_picked":["PokerPlayerMod:SpadeStrike","PokerPlayerMod:HeartStrike","PokerPlayerMod:Trickery","PokerPlayerMod:Diamond2"],"picked":"PokerPlayerMod:ItsShowtime","floor":10.0},{"not_picked":["PokerPlayerMod:Spade1","PokerPlayerMod:Heart2","PokerPlayerMod:Diamond2","PokerPlayerMod:Overdeal"],"picked":"PokerPlayerMod:FillThePot","floor":12.0},{"not_picked":["PokerPlayerMod:ClubStrike","PokerPlayerMod:Spade2","PokerPlayerMod:SpadeStrike","PokerPlayerMod:Club2"],"picked":"PokerPlayerMod:ClubShade","floor":13.0},{"not_picked":["PokerPlayerMod:Diamond2","PokerPlayerMod:MagicTrick","PokerPlayerMod:Club4","PokerPlayerMod:Club1"],"picked":"PokerPlayerMod:DiamondStrike","floor":14.0},{"not_picked":["PokerPlayerMod:TheDieIsCast","PokerPlayerMod:Spade8","PokerPlayerMod:ChangeRules","PokerPlayerMod:Promotion"],"picked":"PokerPlayerMod:GamblerForm","floor":16.0},{"not_picked":["PokerPlayerMod:Spade3","PokerPlayerMod:FillThePot+1","PokerPlayerMod:Diamond4","PokerPlayerMod:DartThrow+1"],"picked":"PokerPlayerMod:Sharpen","floor":18.0},{"not_picked":["PokerPlayerMod:Configure","PokerPlayerMod:DiamondStrike+1","PokerPlayerMod:Spade3","PokerPlayerMod:HotShotCut"],"picked":"PokerPlayerMod:CloakAndDiamond+1","floor":19.0},{"not_picked":["PokerPlayerMod:Extraction","PokerPlayerMod:Spade1","PokerPlayerMod:Fold+1","PokerPlayerMod:Trickery+1"],"picked":"PokerPlayerMod:CardPrinter","floor":21.0},{"not_picked":["PokerPlayerMod:DamnStraight+1","PokerPlayerMod:JackOfSpades","PokerPlayerMod:Club1","PokerPlayerMod:Trickery+1"],"picked":"PokerPlayerMod:Configure","floor":22.0},{"not_picked":["PokerPlayerMod:Spade3","PokerPlayerMod:Fold+1","PokerPlayerMod:Manipulation+1","PokerPlayerMod:MagicTrick"],"picked":"PokerPlayerMod:PoorCopy","floor":24.0},{"not_picked":["PokerPlayerMod:Diamond1","PokerPlayerMod:Trickery+1","PokerPlayerMod:Diamond2","PokerPlayerMod:Sharpen"],"picked":"PokerPlayerMod:Diamond7","floor":29.0},{"not_picked":["PokerPlayerMod:SpadeStrike","PokerPlayerMod:Spade3","PokerPlayerMod:Club2","PokerPlayerMod:Club1"],"picked":"PokerPlayerMod:DartThrow+1","floor":30.0},{"not_picked":["PokerPlayerMod:Spade7","PokerPlayerMod:FakeSymbols","PokerPlayerMod:Diamond10+","PokerPlayerMod:Promotion"],"picked":"PokerPlayerMod:WildCard","floor":33.0},{"not_picked":["PokerPlayerMod:Sharpen+1","PokerPlayerMod:MagicTrick","PokerPlayerMod:Raise","PokerPlayerMod:FillThePot+1"],"picked":"PokerPlayerMod:Heart4","floor":35.0},{"not_picked":["Panache","Specialist","Mind Blast","hubris:Ssssneak"],"picked":"MostiFishMod:SupremeArchaeology","floor":36.0},{"not_picked":["MostiFishMod:MusicBox","Purity","Trip","StuffTheSpire:PlasmaPulse"],"picked":"Replay:Dark Deal","floor":36.0},{"not_picked":["PokerPlayerMod:Diamond3","PokerPlayerMod:Spade4","PokerPlayerMod:Fold+1","PokerPlayerMod:MagicTrick"],"picked":"PokerPlayerMod:DartThrow+1","floor":38.0},{"not_picked":["PokerPlayerMod:Harden","PokerPlayerMod:Diamond3","PokerPlayerMod:Raise","PokerPlayerMod:Spade6"],"picked":"PokerPlayerMod:Club5","floor":39.0},{"not_picked":["ReplayTheSpireMod:??????????????????????","infinitespire:Oblivion"],"picked":"infinitespire:NeuralNetwork","floor":41.0},{"not_picked":["PokerPlayerMod:Spade3","PokerPlayerMod:CloakAndDiamond+1","PokerPlayerMod:Club2","PokerPlayerMod:Diamond4"],"picked":"PokerPlayerMod:CardBurn+1","floor":44.0},{"not_picked":["PokerPlayerMod:DiamondStrike","PokerPlayerMod:Club2","PokerPlayerMod:Diamond1","PokerPlayerMod:DamnStraight+1"],"picked":"PokerPlayerMod:Club6","floor":45.0},{"not_picked":["PokerPlayerMod:DamnStraight+1","PokerPlayerMod:Spade5","PokerPlayerMod:Spade1","PokerPlayerMod:Heart4"],"picked":"PokerPlayerMod:CardBurn","floor":45.0},{"not_picked":["PokerPlayerMod:CloakAndDiamond","PokerPlayerMod:Diamond3","PokerPlayerMod:FillThePot+1","PokerPlayerMod:MagicTrick"],"picked":"PokerPlayerMod:ClubsClub+1","floor":45.0},{"not_picked":["PokerPlayerMod:PoorCopy+1","PokerPlayerMod:MagicTrick","PokerPlayerMod:Heart3","PokerPlayerMod:CloakAndDiamond+1"],"picked":"PokerPlayerMod:SpadeStrike+1","floor":45.0},{"not_picked":["PokerPlayerMod:Extraction","PokerPlayerMod:Club4","PokerPlayerMod:Heart1","PokerPlayerMod:SpadeStrike"],"picked":"PokerPlayerMod:Club7","floor":45.0},{"not_picked":["PokerPlayerMod:Spade2","PokerPlayerMod:Spade4","PokerPlayerMod:SpadeStrike","PokerPlayerMod:CloakAndDiamond"],"picked":"PokerPlayerMod:MagicTrick","floor":47.0},{"not_picked":["PokerPlayerMod:Diamond1","PokerPlayerMod:ClubsClub","PokerPlayerMod:Club2","PokerPlayerMod:Club4"],"picked":"PokerPlayerMod:Extraction","floor":48.0},{"not_picked":["PokerPlayerMod:Diamond3","PokerPlayerMod:Harden","PokerPlayerMod:Trickery+1","PokerPlayerMod:ChangeRules"],"picked":"PokerPlayerMod:Heart5","floor":54.0}],"player_experience":343492,"relics_obtained":[{"floor":1.0,"key":"SynthV:TestCard"},{"floor":9.0,"key":"Grinning Jar"},{"floor":10.0,"key":"reliquary:Spinner"},{"floor":24.0,"key":"Eternal Feather"},{"floor":34.0,"key":"aspiration:TomeofQuesting"},{"floor":34.0,"key":"Letter Opener"},{"floor":34.0,"key":"aspiration:HatOfInfinitePower"},{"floor":43.0,"key":"Replay:Bottled Steam"},{"floor":54.0,"key":"reliquary:SharkskinSheath"}],"event_choices":[{"damage_healed":14.0,"max_hp_gain":0.0,"max_hp_loss":0.0,"gold_gain":0.0,"event_name":"The Cleric","player_choice":"Healed","floor":11.0,"gold_loss":35.0,"damage_taken":0.0},{"damage_healed":0.0,"max_hp_gain":0.0,"max_hp_loss":0.0,"gold_gain":0.0,"event_name":"Duplicator","player_choice":"Copied","floor":27.0,"gold_loss":0.0,"damage_taken":0.0,"cards_obtained":["PokerPlayerMod:Sharpen"]},{"damage_healed":0.0,"max_hp_gain":0.0,"max_hp_loss":0.0,"gold_gain":0.0,"cards_transformed":["PokerPlayerMod:Diamond1"],"event_name":"Transmorgrifier","player_choice":"Transformed","floor":31.0,"gold_loss":0.0,"damage_taken":0.0,"cards_obtained":["PokerPlayerMod:WasteCollection"]},{"damage_healed":0.0,"max_hp_gain":0.0,"max_hp_loss":0.0,"gold_gain":3.0,"event_name":"betterStone:BetterStone","player_choice":"1","floor":36.0,"gold_loss":0.0,"damage_taken":0.0}],"is_beta":false,"boss_relics":[{"not_picked":["thethorton:BottledFunds","bronze:MakeshiftBattery"],"picked":"Replay:Grab Bag"},{"not_picked":["energizedSpire:DeadBattery","Velvet Choker"],"picked":"beaked:SacredNecklace"},{"not_picked":["halation:CatFaceCupcake","energizedSpire:RedRose"],"picked":"sagemod:Falmels_Amulet"},{"not_picked":["Astrolabe","SacredBark"],"picked":"aspiration:SecretTechniqueScroll"},{"not_picked":["jesterMod:MachoBrace","hubris:ScarierMask"],"picked":"Calling Bell"}],"items_purged_floors":[25],"is_endless":false,"potions_floor_spawned":[1,5,13,16,22,30,33,39,47,48],"killed_by":"The Heart","ascension_level":0}}