{"host":"yx5rao87132cy5xq","time":1613959647,"event":{"mods":["2.2 Compatiblity","AchievementEnabler","BaseMod","Bestiary","Colored Map","Colored Powertips","Highlight Path","Minty Spire (QoL Compilation)","Quick Restart","Relic Stats","Slay-I","SuperFastMode"],"gold_per_floor":[116,112,131,143,68,85,85,111,111,111,386,397,397,397],"floor_reached":12,"language":"ENG","playtime":507,"items_purged":["Writhe"],"score":156,"play_id":"95627522-5db5-4d3c-929d-396fd0403749","local_time":"20210222030727","is_ascension_mode":true,"campfire_choices":[{"data":"Hemokinesis","floor":6.0,"key":"SMITH"},{"data":"Whirlwind","floor":8.0,"key":"SMITH"}],"circlet_count":0,"master_deck":["AscendersBane","Strike_R","Strike_R","Strike_R","Strike_R","Strike_R","Defend_R","Defend_R","Defend_R","Defend_R","Bash","Sword Boomerang","Hemokinesis+1","Cleave","Whirlwind+1","Iron Wave","Offering"],"relics":["Burning Blood","Turnip","Omamori","Juzu Bracelet"],"acts_visited":["Exordium"],"potions_floor_usage":[12],"damage_taken":[{"damage":12.0,"enemies":"Cultist","floor":1.0,"turns":5.0},{"damage":12.0,"enemies":"Jaw Worm","floor":2.0,"turns":3.0},{"damage":16.0,"enemies":"Small Slimes","floor":3.0,"turns":4.0},{"damage":16.0,"enemies":"Blue Slaver","floor":5.0,"turns":4.0},{"damage":10.0,"enemies":"Gremlin Nob","floor":7.0,"turns":3.0},{"damage":12.0,"enemies":"Gremlin Gang","floor":11.0,"turns":3.0},{"damage":27,"enemies":"Lagavulin","floor":12,"turns":3}],"seed_played":"-3363703154819914085","potions_obtained":[{"floor":2.0,"key":"Fire Potion"},{"floor":5.0,"key":"Explosive Potion"},{"floor":7.0,"key":"ElixirPotion"}],"is_trial":false,"path_per_floor":["M","M","M","$","M","R","E","R","T","?","M","E"],"character_chosen":"IRONCLAD","items_purchased":[],"campfire_rested":0,"item_purchase_floors":[],"current_hp_per_floor":[6,62,56,46,46,36,36,32,32,32,32,26,0,0],"gold":397,"neow_bonus":"ONE_RARE_RELIC","is_daily":false,"chose_seed":false,"campfire_upgraded":2,"win_rate":0.0,"timestamp":1613959647,"path_taken":["M","M","?","$","M","R","E","R","T","?","M","E"],"items_purchased_type":[],"build_version":"2020-12-22","purchased_purges":1,"victory":false,"max_hp_per_floor":[87,75,75,75,75,75,75,75,75,75,75,75,75,75],"relic_stats":{"counters":[7,25],"Turnip":[4],"Juzu Bracelet":0,"obtain_stats":[{"Turnip":0,"Omamori":7,"Juzu Bracelet":9,"Burning Blood":0},{"Turnip":0,"Omamori":5,"Juzu Bracelet":5,"Burning Blood":0},{"Turnip":0,"Omamori":19,"Juzu Bracelet":19,"Burning Blood":0}],"Burning Blood":36},"card_choices":[{"not_picked":["Dark Embrace","Burning Pact"],"picked":"Sword Boomerang","floor":1.0},{"not_picked":["Thunderclap","Fire Breathing"],"picked":"Hemokinesis","floor":2.0},{"not_picked":["Thunderclap","Wild Strike"],"picked":"Cleave","floor":3.0},{"not_picked":["Heavy Blade","Entrench"],"picked":"Whirlwind","floor":5.0},{"not_picked":["Seeing Red","Warcry"],"picked":"Iron Wave","floor":7.0},{"not_picked":["Havoc","Whirlwind"],"picked":"Offering","floor":11.0}],"player_experience":1117706,"relics_obtained":[{"floor":7.0,"key":"Omamori"},{"floor":9.0,"key":"Juzu Bracelet"}],"event_choices":[{"damage_healed":0.0,"max_hp_gain":0.0,"max_hp_loss":0.0,"gold_gain":275.0,"event_name":"Golden Shrine","player_choice":"Desecrate","floor":10.0,"gold_loss":0.0,"damage_taken":0.0,"cards_obtained":["Regret"]}],"is_beta":false,"boss_relics":[],"items_purged_floors":[4],"is_endless":false,"potions_floor_spawned":[2,5,7],"killed_by":"Lagavulin","ascension_level":19}}