{"host":"njcl8kinlkfw245p","time":1613958592,"event":{"mods":["BaseMod","Block Reminder","Colored Map","Googly Eyes","KinomotoSakuraMod(????)","Minty Spire (QoL Compilation)","StSLib","The Senshi","Unceasing Turn Reminder","everything is the same but u backflip on backflip"],"gold_per_floor":[112,112,112,128,140,140,90,90,165,196,206,232,67,167,167,272,272,289,301,312,331,24,24,24],"floor_reached":23,"language":"ENG","playtime":1234,"items_purged":[],"score":241,"play_id":"73f592a0-346b-4c10-af67-d2b77cd9219d","local_time":"20210221174952","is_ascension_mode":true,"campfire_choices":[{"data":"Noxious Fumes","floor":6,"key":"SMITH"},{"data":"Neutralize","floor":8,"key":"SMITH"},{"floor":15,"key":"REST"}],"circlet_count":0,"master_deck":["Strike_G","Strike_G","Strike_G","Strike_G","Defend_G","Defend_G","Defend_G","Defend_G","Defend_G","Survivor","Neutralize+1","Dash","Blade Dance+1","Noxious Fumes+1","Prepared+1","Underhanded Strike","Quick Slash","Sadistic Nature","Corpse Explosion+1","Noxious Fumes+1","Cloak And Dagger+1","Blade Dance+1","Bane","Apotheosis+1","Dagger Throw","Terror+1"],"relics":["HoveringKite","Toxic Egg 2","Matryoshka","Smiling Mask","StoneCalendar","Black Star"],"acts_visited":["Exordium","TheCity"],"potions_floor_usage":[10,23],"damage_taken":[{"damage":4,"enemies":"2 Louse","floor":1,"turns":5},{"damage":3,"enemies":"Jaw Worm","floor":4,"turns":6},{"damage":0,"enemies":"Cultist","floor":5,"turns":4},{"damage":8,"enemies":"Gremlin Nob","floor":10,"turns":4},{"damage":0,"enemies":"Blue Slaver","floor":11,"turns":4},{"damage":22,"enemies":"Lagavulin","floor":12,"turns":7},{"damage":28,"enemies":"Slime Boss","floor":16,"turns":7},{"damage":15,"enemies":"3 Byrds","floor":18,"turns":3},{"damage":2,"enemies":"Chosen","floor":19,"turns":4},{"damage":27,"enemies":"Snake Plant","floor":20,"turns":4},{"damage":11,"enemies":"Cultist and Chosen","floor":21,"turns":4},{"damage":21,"enemies":"Book of Stabbing","floor":23,"turns":2}],"seed_played":"3881909147203116985","potions_obtained":[{"floor":5,"key":"CunningPotion"},{"floor":12,"key":"DuplicationPotion"},{"floor":20,"key":"Fruit Juice"}],"is_trial":false,"path_per_floor":["M","?","?","M","M","R","?","R","T","E","M","E","$","?","R","B",null,"M","M","M","M","$","E"],"character_chosen":"THE_SILENT","items_purchased":["Sadistic Nature","Apotheosis+1","Dagger Throw","Terror+1"],"campfire_rested":1,"item_purchase_floors":[13,22,22,22],"current_hp_per_floor":[66,33,56,53,53,53,53,53,53,45,45,23,23,23,44,16,70,55,53,26,15,15,0,0],"gold":24,"neow_bonus":"BOSS_RELIC","is_daily":false,"chose_seed":false,"campfire_upgraded":2,"win_rate":0.0,"timestamp":1613958592,"path_taken":["M","?","?","M","M","R","?","R","T","E","M","E","$","?","R","BOSS","M","M","M","?","$","E"],"items_purchased_type":["Card","Card","Card","Card"],"build_version":"2020-12-22","purchased_purges":0,"victory":false,"max_hp_per_floor":[70,70,70,70,70,70,70,70,70,70,70,70,70,70,70,70,70,70,70,70,70,70,75,75],"card_choices":[{"not_picked":["Bane","Infinite Blades"],"picked":"Dash","floor":1},{"not_picked":["Deadly Poison+1","Masterful Stab"],"picked":"Blade Dance+1","floor":4},{"not_picked":["Expertise+1","Dodge and Roll+1"],"picked":"Noxious Fumes","floor":5},{"not_picked":["Deadly Poison+1","Blade Dance+1"],"picked":"Prepared+1","floor":10},{"not_picked":["Backflip+1","Blur+1"],"picked":"Underhanded Strike","floor":11},{"not_picked":["Deadly Poison+1","Slice"],"picked":"Quick Slash","floor":12},{"not_picked":["Adrenaline+1","Venomology+1"],"picked":"Corpse Explosion+1","floor":16},{"not_picked":["Outmaneuver+1","Cloak And Dagger+1"],"picked":"Noxious Fumes+1","floor":18},{"not_picked":["Dodge and Roll+1","Outmaneuver+1"],"picked":"Cloak And Dagger+1","floor":19},{"not_picked":["Outmaneuver+1","Bane"],"picked":"Blade Dance+1","floor":20},{"not_picked":["Blade Dance+1","Slice+1"],"picked":"Bane","floor":21}],"player_experience":966099,"relics_obtained":[{"floor":9,"key":"Matryoshka"},{"floor":10,"key":"Smiling Mask"},{"floor":12,"key":"StoneCalendar"}],"event_choices":[{"damage_healed":0,"gold_gain":0,"player_choice":"Success","damage_taken":33,"relics_obtained":["Toxic Egg 2"],"max_hp_gain":0,"max_hp_loss":0,"event_name":"Scrap Ooze","floor":2,"gold_loss":0},{"damage_healed":23,"gold_gain":0,"player_choice":"Banana","damage_taken":0,"max_hp_gain":0,"max_hp_loss":0,"event_name":"Big Fish","floor":3,"gold_loss":0},{"cards_removed":["Strike_G"],"damage_healed":0,"gold_gain":0,"player_choice":"Card Removal","damage_taken":0,"max_hp_gain":0,"max_hp_loss":0,"event_name":"The Cleric","floor":7,"gold_loss":50},{"damage_healed":0,"gold_gain":100,"player_choice":"Pray","damage_taken":0,"max_hp_gain":0,"max_hp_loss":0,"event_name":"Golden Shrine","floor":14,"gold_loss":0}],"is_beta":false,"boss_relics":[{"not_picked":["Coffee Dripper","Velvet Choker"],"picked":"Black Star"}],"items_purged_floors":[],"is_endless":false,"potions_floor_spawned":[5,12,20],"killed_by":"Book of Stabbing","ascension_level":4}}