{"host":"9tgfjs6cfo6gkncq","time":1613973163,"event":{"mods":["Aspiration","BaseMod","Better Vampires","Better-Laid Plans","CapriCore","Colored Powertips","Friendly Minions","GifTheSpireLib","KinomotoSakuraMod(木之本樱)","Marisa（F雨　魔理沙）","Minty Spire (QoL Compilation)","MostiFishMod","Quick Restart","Reimu（博丽灵梦）","Replay The Spire","Spicy Shops","StSLib","The Alterego","The Immortal","The Servant 0.9.4","WarShipGirlsR/战舰少女R mod","[IsaacMod]以撒尖塔","【功能Mod】聪明的最终Boss"],"gold_per_floor":[110,110,122,122,135,164,164,164,238,238,256,256,256,256],"floor_reached":13,"language":"ZHS","playtime":529,"items_purged":[],"score":83,"play_id":"2b08ede1-519e-4e8f-81d7-8021a0981d8d","local_time":"20210222135243","is_ascension_mode":false,"campfire_choices":[{"data":"DoctorFetus","floor":7,"key":"SMITH"},{"data":"rmod:supportaircraftcarrier","floor":12,"key":"SMITH"}],"circlet_count":0,"master_deck":["rmod:strick+1","rmod:strick+1","rmod:strick+1","rmod:strick+1","rmod:defend","rmod:defend+1","rmod:defend+1","rmod:basicallowance","rmod:maingunfire","DoctorFetus+1","Bomb","rmod:salvage","rmod:fletcherpendant","rmod:luckystar","rmod:fletcherpendant","Bomb","rmod:supportaircraftcarrier+1","rmod:fletcherpendant","rmod:tearstotiara"],"relics":["rmod:firstchargereward","HushsDoor","Void","Chameleon Ring","Lantern","Replay:Bottled Eggs"],"acts_visited":["Exordium"],"potions_floor_usage":[11],"damage_taken":[{"damage":0,"enemies":"2 Louse","floor":1,"turns":1},{"damage":0,"enemies":"Small Slimes","floor":3,"turns":2},{"damage":4,"enemies":"Jaw Worm","floor":5,"turns":3},{"damage":18,"enemies":"Lagavulin","floor":6,"turns":5},{"damage":0,"enemies":"Looter","floor":11,"turns":1},{"damage":0,"enemies":"Replay:BlueRogue","floor":13,"turns":1}],"seed_played":"5046744321603599760","potions_obtained":[{"floor":3,"key":"SpeedPotion"},{"floor":5,"key":"SmokeBomb"},{"floor":6,"key":"Explosive Potion"}],"is_trial":false,"path_per_floor":["M","?","M","$","M","E","R","?","T","?","M","R","E"],"character_chosen":"PRAEFECT","items_purchased":[],"campfire_rested":0,"item_purchase_floors":[],"current_hp_per_floor":[75,75,75,75,71,53,53,28,28,13,13,13,13,13],"gold":256,"neow_bonus":"THREE_ENEMY_KILL","is_daily":false,"chose_seed":false,"campfire_upgraded":2,"win_rate":0.0,"timestamp":1613973163,"path_taken":["M","?","M","$","M","E","R","?","T","?","M","R","E"],"items_purchased_type":[],"build_version":"2020-12-22","purchased_purges":0,"victory":false,"max_hp_per_floor":[75,75,75,75,75,75,75,75,75,75,75,75,75,75],"card_choices":[{"not_picked":[],"picked":"DoctorFetus","floor":0},{"not_picked":["rmod:luckystar","rmod:gendarmerie"],"picked":"Bomb","floor":1},{"not_picked":["Bomb","rmod:steelsupply"],"picked":"rmod:luckystar","floor":3},{"not_picked":["rmod:robin","rmod:supportescort"],"picked":"Bomb","floor":5},{"not_picked":["rmod:slowdown","rmod:launchingtorpedo"],"picked":"rmod:supportaircraftcarrier","floor":6},{"not_picked":["rmod:ammunitionsupply","rmod:fuelsupply"],"picked":"rmod:tearstotiara","floor":11}],"player_experience":131721,"relics_obtained":[{"floor":1,"key":"SynthV:TestCard"},{"floor":6,"key":"Chameleon Ring"},{"floor":9,"key":"Replay:Bottled Eggs"}],"event_choices":[{"damage_healed":0,"gold_gain":0,"cards_transformed":["rmod:defend"],"player_choice":"Change","damage_taken":0,"max_hp_gain":0,"max_hp_loss":0,"event_name":"Living Wall","floor":2,"gold_loss":0,"cards_obtained":["rmod:salvage"]},{"damage_healed":0,"gold_gain":0,"player_choice":"Success","damage_taken":25,"relics_obtained":["Lantern"],"max_hp_gain":0,"max_hp_loss":0,"event_name":"Scrap Ooze","floor":8,"gold_loss":0},{"damage_healed":0,"gold_gain":0,"player_choice":"Entered Light","damage_taken":15,"max_hp_gain":0,"max_hp_loss":0,"event_name":"Shining Light","floor":10,"gold_loss":0,"cards_upgraded":["rmod:defend","rmod:defend"]}],"is_beta":false,"boss_relics":[],"items_purged_floors":[],"is_endless":false,"potions_floor_spawned":[3,5,6],"killed_by":"Replay:BlueRogue","ascension_level":0}}