{"host":"m2qkn877fkm57m2k","time":1613964142,"event":{"mods":["AchievementEnabler","Bartender","BaseMod","Colored Map","Magitek Elite","Minty Spire (QoL Compilation)","Permanent Neow","Relic Sorter","StSLib"],"gold_per_floor":[115,126,144,160,6,6,40,40,40,66,66,78,98,109,109,211,211,223,223,223,17,17,17,51,51,51,79,99,174,174,184,184,286,286,297,297,308,308,321,355,355,383,461,490,490,490,515,529,529,529],"floor_reached":51,"language":"ENG","playtime":4563,"items_purged":["Strike_Bartender","Writhe"],"score":1083,"play_id":"e0929637-d2d4-458f-8e0c-9ccb5bd8d532","local_time":"20210222042222","is_ascension_mode":true,"campfire_choices":[{"data":"Rope_A_Dope","floor":6.0,"key":"SMITH"},{"data":"Momentum","floor":8,"key":"SMITH"},{"data":"Meditate","floor":11,"key":"SMITH"},{"data":"Momentum","floor":15,"key":"SMITH"},{"data":"Top_Shelf","floor":23,"key":"SMITH"},{"data":"Perfect_Balance","floor":25,"key":"SMITH"},{"data":"OpoOpo_Form","floor":30,"key":"SMITH"},{"data":"Windup","floor":32,"key":"SMITH"},{"data":"Cold_Blooded","floor":41,"key":"SMITH"},{"data":"Ball_Of_Ice","floor":45,"key":"SMITH"},{"data":"Sadistic Nature","floor":49,"key":"SMITH"}],"circlet_count":0,"master_deck":["Strike_Bartender","Defend_Bartender","Defend_Bartender","Defend_Bartender","Defend_Bartender","Somersault","Windup+1","Meditate+1","Moonsault_Kick","Rope_A_Dope+1","Wall_of_Ice","Momentum+1","Wall_of_Ice","Step_Of_The_Wind","Momentum+1","Top_Shelf+1","Perfect_Balance+1","Greased_Lightning","OpoOpo_Form+1","Press_Forward+1","Perfect_Balance+1","Cold_Blooded+1","Ball_Of_Ice+1","Glare","Scowl+1","Vortex+","Sadistic Nature+1"],"relics":["Sneakers","Dream Catcher","Sundial","Ribbon","Odd Mushroom","Gem_Box","Nilry\u0027s Codex","Matryoshka","Bottled Lightning","Potion Belt","Unceasing Top","Kunai","SlaversCollar","Bronze Scales","Lizard Tail","Blood Vial","Letter Opener","Juzu Bracelet","Protect_Vest"],"acts_visited":["Exordium","TheCity","TheBeyond"],"potions_floor_usage":[10,14,50,50],"damage_taken":[{"damage":2.0,"enemies":"Small Slimes","floor":1.0,"turns":4.0},{"damage":0.0,"enemies":"2 Louse","floor":2.0,"turns":2.0},{"damage":6.0,"enemies":"Cultist","floor":3.0,"turns":3.0},{"damage":5.0,"enemies":"2 Fungi Beasts","floor":4.0,"turns":4.0},{"damage":20,"enemies":"Gremlin Nob","floor":7,"turns":7},{"damage":2,"enemies":"3 Sentries","floor":10,"turns":6},{"damage":6,"enemies":"Red Slaver","floor":12,"turns":5},{"damage":0,"enemies":"The Mushroom Lair","floor":13,"turns":7},{"damage":0,"enemies":"Gremlin Gang","floor":14,"turns":7},{"damage":0,"enemies":"Slime Boss","floor":16,"turns":7},{"damage":0,"enemies":"Spheric Guardian","floor":18,"turns":3},{"damage":6,"enemies":"Gremlin Leader","floor":24,"turns":8},{"damage":0,"enemies":"Slavers","floor":27,"turns":8},{"damage":0,"enemies":"3 Byrds","floor":28,"turns":4},{"damage":0,"enemies":"Snake Plant","floor":31,"turns":5},{"damage":0,"enemies":"Champ","floor":33,"turns":8},{"damage":0,"enemies":"3 Darklings","floor":35,"turns":7},{"damage":0,"enemies":"Orb Walker","floor":37,"turns":3},{"damage":0,"enemies":"Writhing Mass","floor":39,"turns":3},{"damage":0,"enemies":"Nemesis","floor":40,"turns":5},{"damage":0,"enemies":"Giant Head","floor":42,"turns":4},{"damage":4,"enemies":"Nemesis","floor":44,"turns":5},{"damage":0,"enemies":"Jaw Worm Horde","floor":48,"turns":3},{"damage":0,"enemies":"Time Eater","floor":50,"turns":10}],"seed_played":"-7244571869628667851","potions_obtained":[{"floor":2.0,"key":"AttackPotion"},{"floor":3.0,"key":"Block Potion"},{"floor":7,"key":"Block Potion"},{"floor":10,"key":"CultistPotion"},{"floor":12,"key":"SpeedPotion"},{"floor":14,"key":"Swift Potion"},{"floor":28,"key":"SteroidPotion"},{"floor":31,"key":"SteroidPotion"},{"floor":33,"key":"Swift Potion"},{"floor":44,"key":"Regen Potion"}],"is_trial":false,"path_per_floor":["M","M","M","M","$","R","E","R","T","E","R","M","?","M","R","B",null,"M","?","?","$","?","R","E","R","T","E","M","?","R","M","R","B",null,"M","?","M","?","M","E","R","E","T","E","R","?","T","M","R","B",null],"character_chosen":"BARTENDER","items_purchased":["Wall_of_Ice","Greased_Lightning","OpoOpo_Form"],"campfire_rested":0,"item_purchase_floors":[5,21,21],"current_hp_per_floor":[61,61,55,50,50,50,30,30,30,28,28,22,22,22,22,22,63,63,47,47,47,47,47,41,41,41,41,41,35,35,35,35,35,63,63,63,63,63,63,63,63,63,63,59,59,59,59,61,61,63],"gold":529,"neow_bonus":"THREE_RARE_CARDS","is_daily":false,"chose_seed":false,"campfire_upgraded":11,"win_rate":0.0,"timestamp":1613964142,"path_taken":["M","M","M","M","$","R","E","R","T","E","R","M","?","M","R","BOSS","M","?","?","$","?","R","E","R","T","E","?","?","R","?","R","BOSS","M","?","?","?","M","E","R","E","T","E","R","?","?","M","R","BOSS"],"items_purchased_type":["Card","Card","Card"],"build_version":"2020-12-22","purchased_purges":2,"victory":true,"max_hp_per_floor":[63,63,63,63,63,63,63,63,63,63,63,63,63,63,63,63,63,63,63,63,63,63,63,63,63,63,63,63,63,63,63,63,63,63,63,63,63,63,63,63,63,63,63,63,63,63,63,63,63,63],"card_choices":[{"not_picked":["Liquid_Armor","Combo_Master"],"picked":"Windup","floor":0.0},{"not_picked":["Ripple","Scoop"],"picked":"Meditate","floor":1.0},{"not_picked":["Center_Self","Waterkick","Foot_Thrust"],"picked":"SKIP","floor":2.0},{"not_picked":["Hook","Bitters"],"picked":"Moonsault_Kick","floor":3.0},{"not_picked":["Well_Drinks","Free_Pour"],"picked":"Rope_A_Dope","floor":4.0},{"not_picked":["Elbow_Slash","Pony_Shot"],"picked":"Momentum","floor":7},{"not_picked":["Hook","Greased_Lightning"],"picked":"Wall_of_Ice","floor":10},{"not_picked":["Dragonkick","Center_Self","Meditate"],"picked":"SKIP","floor":12},{"not_picked":["With_A_Twist","Power_Up_Punch"],"picked":"Step_Of_The_Wind","floor":13},{"not_picked":["Windup","Center_Self"],"picked":"Momentum","floor":14},{"not_picked":["High_Tide","Dolphin_Blow"],"picked":"Top_Shelf","floor":16},{"not_picked":["Torment","Cross"],"picked":"Perfect_Balance","floor":18},{"not_picked":["Scoop","Fading_Blow"],"picked":"Press_Forward+1","floor":24},{"not_picked":["Greased_Lightning","Hook+1","On_The_House+1"],"picked":"SKIP","floor":27},{"not_picked":["Stick_and_Move","Coeurl_Form","Feint+1"],"picked":"SKIP","floor":28},{"not_picked":["Foot_Thrust+1","Fading_Blow+1"],"picked":"Perfect_Balance+1","floor":31},{"not_picked":["Windup","Moonsault_Kick"],"picked":"Cold_Blooded","floor":33},{"not_picked":["Hook+1","ThreeSidedStar+1","Wall_of_Ice+1"],"picked":"SKIP","floor":35},{"not_picked":["Dragonkick+1","Power_Up_Punch"],"picked":"Ball_Of_Ice","floor":37},{"not_picked":["Torment","Tornado_Kick+1"],"picked":"Glare","floor":39},{"not_picked":["On_The_House+1","Pony_Shot","Fading_Blow+1"],"picked":"SKIP","floor":40},{"not_picked":["Rising_Crane","Surge+1"],"picked":"Scowl+1","floor":42},{"not_picked":["With_A_Twist+1","Insight_B"],"picked":"Vortex+","floor":44},{"not_picked":["HandOfGreed","Dark Shackles"],"picked":"Sadistic Nature","floor":46},{"not_picked":["Cross+1","Torment+1","Foot_Thrust"],"picked":"SKIP","floor":48}],"player_experience":19697,"relics_obtained":[{"floor":7,"key":"Dream Catcher"},{"floor":9,"key":"Sundial"},{"floor":10,"key":"Ribbon"},{"floor":13,"key":"Odd Mushroom"},{"floor":19,"key":"Nilry\u0027s Codex"},{"floor":24,"key":"Bottled Lightning"},{"floor":26,"key":"Potion Belt"},{"floor":26,"key":"Unceasing Top"},{"floor":27,"key":"Kunai"},{"floor":40,"key":"Bronze Scales"},{"floor":42,"key":"Lizard Tail"},{"floor":43,"key":"Blood Vial"},{"floor":43,"key":"Letter Opener"},{"floor":44,"key":"Juzu Bracelet"},{"floor":47,"key":"Protect_Vest"}],"event_choices":[{"damage_healed":0,"gold_gain":0,"player_choice":"Fought Mushrooms","damage_taken":0,"max_hp_gain":0,"max_hp_loss":0,"event_name":"Mushrooms","floor":13,"gold_loss":0},{"damage_healed":0,"gold_gain":0,"player_choice":"Obtained Book","damage_taken":16,"max_hp_gain":0,"max_hp_loss":0,"event_name":"Cursed Tome","floor":19,"gold_loss":0},{"damage_healed":0,"gold_gain":0,"player_choice":"Opened","damage_taken":0,"relics_obtained":["Matryoshka"],"max_hp_gain":0,"max_hp_loss":0,"event_name":"The Mausoleum","floor":20,"gold_loss":0,"cards_obtained":["Writhe"]},{"cards_removed":["Strike_Bartender"],"damage_healed":0,"gold_gain":0,"player_choice":"Purged","damage_taken":0,"max_hp_gain":0,"max_hp_loss":0,"event_name":"Purifier","floor":22,"gold_loss":0},{"damage_healed":0,"gold_gain":75,"player_choice":"Touch","damage_taken":6,"max_hp_gain":0,"max_hp_loss":0,"event_name":"FaceTrader","floor":29,"gold_loss":0},{"damage_healed":0,"gold_gain":0,"player_choice":"Ignored","damage_taken":0,"max_hp_gain":0,"max_hp_loss":0,"event_name":"SecretPortal","floor":36,"gold_loss":0},{"cards_removed":["Strike_Bartender"],"damage_healed":0,"gold_gain":0,"player_choice":"Removed Attack","damage_taken":0,"max_hp_gain":0,"max_hp_loss":0,"event_name":"Falling","floor":38,"gold_loss":0},{"damage_healed":0,"gold_gain":0,"player_choice":"Memory 1","damage_taken":0,"max_hp_gain":0,"max_hp_loss":0,"event_name":"SensoryStone","floor":46,"gold_loss":0}],"is_beta":false,"boss_relics":[{"not_picked":["Busted Crown","Cursed Key"],"picked":"Gem_Box"},{"not_picked":["Fusion Hammer","Black Star"],"picked":"SlaversCollar"}],"items_purged_floors":[5,21],"is_endless":false,"potions_floor_spawned":[2,3,7,10,12,14,24,28,31,33,37,42,44],"ascension_level":1}}