{"host":"o3n4et6u1y1w2h5j","time":1613992384,"event":{"mods":["AchievementEnabler","BaseMod","Block Reminder","Colored Powertips","Minty Spire (QoL Compilation)","Rare Cards Sparkle","Relic Stats","StSLib"],"gold_per_floor":[17,17,17,37,48,77,77,87,114,149,74,91,117,17,17,116,116,134,134,134,154,154,189,189,33,60,94,112,112,37,71,71,176,176,190,190,27,47,47,47,62,62,62,89,89,89,49,69,69,69,69,69,20,47,47,47],"floor_reached":55,"language":"ENG","playtime":4124,"items_purged":["Strike_G","Strike_G"],"score":898,"play_id":"24cd57b5-3d9b-45d7-8251-401b1c572eba","local_time":"20210222031304","is_ascension_mode":true,"campfire_choices":[{"data":"Distraction","floor":7,"key":"SMITH"},{"floor":15,"key":"REST"},{"data":"Crippling Poison","floor":24,"key":"SMITH"},{"data":"Adrenaline","floor":29,"key":"SMITH"},{"floor":32,"key":"REST"},{"data":"Apotheosis","floor":40,"key":"SMITH"},{"data":"Catalyst","floor":46,"key":"SMITH"},{"floor":49,"key":"RECALL"},{"data":"Night Terror","floor":52,"key":"SMITH"}],"circlet_count":0,"master_deck":["Strike_G+1","Strike_G+1","Defend_G","Defend_G","Defend_G","Survivor","Neutralize","Corpse Explosion","Cloak And Dagger+1","Distraction+1","PiercingWail","Blur","A Thousand Cuts","Leg Sweep","Adrenaline+1","Concentrate+1","Grand Finale","Accuracy","Acrobatics","Crippling Poison+1","Night Terror+1","Caltrops+1","Calculated Gamble+1","Wraith Form v2","Distraction+1","Catalyst+1","Malaise","Calculated Gamble+1","Apotheosis+1","Acrobatics","Madness","Madness","Escape Plan","Thinking Ahead"],"relics":["Ring of the Snake","Whetstone","Art of War","Toy Ornithopter","Regal Pillow","Runic Pyramid","FossilizedHelix","Snake Skull","Ornamental Fan","Dream Catcher","Coffee Dripper","Boot","Paper Crane"],"acts_visited":["Exordium","TheCity","TheBeyond","TheEnding"],"potions_floor_usage":[6,13,13,23,27,31,41,44,50,55],"damage_taken":[{"damage":4,"enemies":"Small Slimes","floor":1,"turns":3},{"damage":0,"enemies":"2 Louse","floor":4,"turns":2},{"damage":3,"enemies":"Cultist","floor":5,"turns":4},{"damage":30,"enemies":"Lagavulin","floor":6,"turns":9},{"damage":0,"enemies":"Lots of Slimes","floor":8,"turns":2},{"damage":22,"enemies":"Gremlin Nob","floor":10,"turns":4},{"damage":5,"enemies":"3 Louse","floor":12,"turns":2},{"damage":2,"enemies":"3 Sentries","floor":13,"turns":3},{"damage":39,"enemies":"Hexaghost","floor":16,"turns":13},{"damage":9,"enemies":"3 Byrds","floor":18,"turns":3},{"damage":1,"enemies":"Shell Parasite","floor":21,"turns":3},{"damage":0,"enemies":"Gremlin Leader","floor":23,"turns":4},{"damage":15,"enemies":"Slavers","floor":27,"turns":3},{"damage":0,"enemies":"3 Cultists","floor":28,"turns":3},{"damage":24,"enemies":"Book of Stabbing","floor":31,"turns":8},{"damage":7,"enemies":"Champ","floor":33,"turns":8},{"damage":0,"enemies":"Orb Walker","floor":35,"turns":2},{"damage":13,"enemies":"3 Darklings","floor":38,"turns":4},{"damage":8,"enemies":"Sphere and 2 Shapes","floor":41,"turns":3},{"damage":0,"enemies":"Nemesis","floor":44,"turns":7},{"damage":0,"enemies":"4 Shapes","floor":48,"turns":4},{"damage":23,"enemies":"Donu and Deca","floor":50,"turns":4},{"damage":7,"enemies":"Shield and Spear","floor":54,"turns":4},{"damage":89,"enemies":"The Heart","floor":55,"turns":10}],"seed_played":"8039774112683765037","potions_obtained":[{"floor":4,"key":"ColorlessPotion"},{"floor":6,"key":"Fire Potion"},{"floor":12,"key":"LiquidMemories"},{"floor":16,"key":"Fire Potion"},{"floor":21,"key":"AttackPotion"},{"floor":27,"key":"CunningPotion"},{"floor":33,"key":"GamblersBrew"},{"floor":41,"key":"GhostInAJar"},{"floor":47,"key":"BlessingOfTheForge"},{"floor":47,"key":"FairyPotion"},{"floor":47,"key":"Energy Potion"}],"is_trial":false,"path_per_floor":["M","?","?","M","M","E","R","M","T","E","$","M","E","$","R","B",null,"M","?","?","M","?","E","R","$","T","E","M","R","$","E","R","B",null,"M","?","$","M","?","R","M","?","T","E","?","R","?","M","R","B",null,"R","$","E","B"],"character_chosen":"THE_SILENT","items_purchased":["Night Terror","Wraith Form v2","Apotheosis","FearPotion"],"campfire_rested":2,"item_purchase_floors":[25,30,37,53],"current_hp_per_floor":[66,66,66,66,63,33,33,33,33,11,11,6,14,14,50,11,70,61,61,61,60,60,65,65,65,65,55,55,55,55,36,70,63,70,70,70,70,57,57,57,54,45,45,50,50,50,50,50,50,32,70,70,70,63,0,0],"gold":47,"neow_bonus":"THREE_RARE_CARDS","is_daily":false,"chose_seed":false,"campfire_upgraded":6,"win_rate":0.0,"timestamp":1613992384,"path_taken":["M","?","?","?","M","E","R","M","T","E","?","?","E","$","R","BOSS","M","?","?","M","?","E","R","?","T","E","?","R","?","E","R","BOSS","M","?","$","M","?","R","?","?","T","E","?","R","?","?","R","BOSS","R","$","E","BOSS"],"items_purchased_type":["Card","Card","Card","Potion"],"build_version":"2020-12-22","purchased_purges":2,"victory":false,"max_hp_per_floor":[70,70,70,70,70,70,70,70,70,70,70,70,70,70,70,70,70,70,70,70,70,70,70,70,70,70,70,70,70,70,70,70,70,70,70,70,70,70,70,70,70,70,70,70,70,70,70,70,70,70,70,70,70,70,70,70],"relic_stats":{"Regal Pillow":28,"Dream Catcher":1,"counters":[24,112],"Ornamental Fan":[16],"Snake Skull":[65],"Art of War":[33],"Whetstone":["Strike_G","Strike_G"],"Boot":[13],"obtain_stats":[{"Regal Pillow":13,"Snake Skull":26,"Whetstone":6,"Paper Crane":54,"Boot":44,"Dream Catcher":31,"Ornamental Fan":27,"Art of War":9,"Coffee Dripper":34,"Toy Ornithopter":10,"FossilizedHelix":23,"Ring of the Snake":0,"Runic Pyramid":17},{"Regal Pillow":8,"Snake Skull":12,"Whetstone":4,"Paper Crane":23,"Boot":20,"Dream Catcher":15,"Ornamental Fan":13,"Art of War":5,"Coffee Dripper":16,"Toy Ornithopter":6,"FossilizedHelix":12,"Ring of the Snake":0,"Runic Pyramid":9},{"Regal Pillow":29,"Snake Skull":52,"Whetstone":18,"Paper Crane":102,"Boot":90,"Dream Catcher":66,"Ornamental Fan":55,"Art of War":20,"Coffee Dripper":74,"Toy Ornithopter":24,"FossilizedHelix":52,"Ring of the Snake":0,"Runic Pyramid":42}],"Toy Ornithopter":45,"Ring of the Snake":[48]},"card_choices":[{"not_picked":["Adrenaline","Doppelganger"],"picked":"Corpse Explosion","floor":0},{"not_picked":["Poisoned Stab","Deflect"],"picked":"Cloak And Dagger","floor":1},{"not_picked":["Dodge and Roll","Predator"],"picked":"PiercingWail","floor":4},{"not_picked":["Deflect","Riddle With Holes"],"picked":"Dagger Spray","floor":5},{"not_picked":["Acrobatics","Bane"],"picked":"Blur","floor":6},{"not_picked":["Prepared","Backflip","Outmaneuver"],"picked":"SKIP","floor":8},{"not_picked":["Masterful Stab","Dagger Spray"],"picked":"A Thousand Cuts","floor":10},{"not_picked":["Dagger Throw","Outmaneuver"],"picked":"Leg Sweep","floor":12},{"not_picked":["Setup","Dagger Throw","Dagger Spray"],"picked":"SKIP","floor":13},{"not_picked":["Unload","Bullet Time"],"picked":"Adrenaline","floor":16},{"not_picked":["Deadly Poison","Slice"],"picked":"Concentrate+1","floor":18},{"not_picked":["Heel Hook","Dagger Spray"],"picked":"Acrobatics","floor":21},{"not_picked":["Infinite Blades","Backflip+1"],"picked":"Crippling Poison","floor":23},{"not_picked":["Dash","Backflip+1"],"picked":"Caltrops+1","floor":27},{"not_picked":["Outmaneuver+1","Acrobatics"],"picked":"Calculated Gamble+1","floor":28},{"not_picked":["Dagger Spray+1","Expertise"],"picked":"Distraction+1","floor":31},{"not_picked":["Caltrops","Blur"],"picked":"Catalyst","floor":32},{"not_picked":["Storm of Steel","Night Terror"],"picked":"Malaise","floor":33},{"not_picked":["PiercingWail+1","Sucker Punch"],"picked":"Calculated Gamble+1","floor":35},{"not_picked":["Blade Dance","Well Laid Plans","Sucker Punch+1"],"picked":"SKIP","floor":38},{"not_picked":["Underhanded Strike+1","Sucker Punch+1"],"picked":"Acrobatics","floor":41},{"not_picked":["Underhanded Strike","Masterful Stab+1"],"picked":"Escape Plan","floor":44},{"not_picked":["Jack Of All Trades","HandOfGreed"],"picked":"Thinking Ahead","floor":45},{"not_picked":["Acrobatics","Dagger Spray","Quick Slash+1"],"picked":"SKIP","floor":48},{"not_picked":["Dagger Spray+1","Quick Slash+1","Deadly Poison+1"],"picked":"SKIP","floor":54}],"player_experience":100789,"relics_obtained":[{"floor":6,"key":"Whetstone"},{"floor":9,"key":"Art of War"},{"floor":10,"key":"Toy Ornithopter"},{"floor":13,"key":"Regal Pillow"},{"floor":23,"key":"FossilizedHelix"},{"floor":26,"key":"Snake Skull"},{"floor":27,"key":"Ornamental Fan"},{"floor":31,"key":"Dream Catcher"},{"floor":44,"key":"Boot"},{"floor":54,"key":"Paper Crane"}],"event_choices":[{"damage_healed":0,"gold_gain":0,"cards_transformed":["Defend_G"],"player_choice":"Change","damage_taken":0,"max_hp_gain":0,"max_hp_loss":0,"event_name":"Living Wall","floor":2,"gold_loss":0,"cards_obtained":["Distraction"]},{"damage_healed":0,"gold_gain":0,"player_choice":"Upgraded","damage_taken":0,"max_hp_gain":0,"max_hp_loss":0,"event_name":"Upgrade Shrine","floor":3,"gold_loss":0,"cards_upgraded":["Cloak And Dagger"]},{"damage_healed":0,"gold_gain":0,"cards_transformed":["Strike_G","Defend_G"],"player_choice":"Became Test Subject","damage_taken":0,"max_hp_gain":0,"max_hp_loss":0,"event_name":"Drug Dealer","floor":19,"gold_loss":0,"cards_obtained":["Grand Finale","Accuracy"]},{"damage_healed":0,"gold_gain":0,"player_choice":"Ignored","damage_taken":0,"max_hp_gain":0,"max_hp_loss":0,"event_name":"Vampires","floor":20,"gold_loss":0},{"damage_healed":0,"gold_gain":0,"player_choice":"Ignored","damage_taken":0,"max_hp_gain":0,"max_hp_loss":0,"event_name":"Beggar","floor":22,"gold_loss":0},{"damage_healed":0,"gold_gain":0,"player_choice":"Ignored","damage_taken":0,"max_hp_gain":0,"max_hp_loss":0,"event_name":"Tomb of Lord Red Mask","floor":36,"gold_loss":0},{"cards_removed":["Dagger Spray"],"damage_healed":0,"gold_gain":0,"player_choice":"Purged","damage_taken":0,"max_hp_gain":0,"max_hp_loss":0,"event_name":"Purifier","floor":39,"gold_loss":0},{"damage_healed":0,"gold_gain":0,"player_choice":"Embrace Madness","damage_taken":9,"max_hp_gain":0,"max_hp_loss":0,"event_name":"Winding Halls","floor":42,"gold_loss":0,"cards_obtained":["Madness","Madness"]},{"damage_healed":0,"gold_gain":0,"player_choice":"Memory 1","damage_taken":0,"max_hp_gain":0,"max_hp_loss":0,"event_name":"SensoryStone","floor":45,"gold_loss":0},{"damage_healed":0,"gold_gain":0,"player_choice":"Bought 3 Potions","damage_taken":0,"max_hp_gain":0,"max_hp_loss":0,"event_name":"The Woman in Blue","floor":47,"gold_loss":0}],"is_beta":false,"boss_relics":[{"not_picked":["Empty Cage","SacredBark"],"picked":"Runic Pyramid"},{"not_picked":["Tiny House","Fusion Hammer"],"picked":"Coffee Dripper"}],"items_purged_floors":[11,14],"is_endless":false,"potions_floor_spawned":[4,6,12,16,21,27,33,41,54],"killed_by":"The Heart","ascension_level":2}}