{"host":"yp2ga117svxnbcen","time":1613968554,"event":{"mods":["Act Like it!","Aspiration","BaseMod","BetterRewards","ChefMod","Colored Map","Conspire","Custom Start","Downfall","Elementarium","Gensokyo","GifTheSpireLib","Gold Saver","GungeonMod","Halation","Hallownest","Hermit","HornydragonMod","Hubris","Menagerie","Minty Spire (QoL Compilation)","Quick Restart","Remove Card Discount Mod","Replay The Spire","Shop Mod","Spicy Shops","StSLib","Stuff the Spire","The Blue Laboratory","The IronCluck","egg","slay the spire mod where everything is the same but ironclad has a cowboy hat","??????REMEMod"],"gold_per_floor":[209,209,209,220,239,239,257,288,315,334,361,21,41,41,41,51,51,155,155,165,165,8,26,101,101,119,119],"floor_reached":26,"language":"ENG","playtime":550,"items_purged":["Strike_B","Strike_B","Strike_B","expansioncontent:StudyTheSpire","Steam"],"score":429,"play_id":"f883c1dc-213c-41cf-92f9-86e7ecf8089d","local_time":"20210221203554","is_ascension_mode":true,"campfire_choices":[{"data":"Electrodynamics","floor":6.0,"key":"SMITH"},{"data":"Zap","floor":17.0,"key":"SMITH"},{"data":"ReplayTheSpireMod:Fabricate Wheel","floor":25.0,"key":"SMITH"}],"circlet_count":0,"master_deck":["Defend_B","Defend_B","Defend_B","Defend_B","Zap+1","Dualcast","Electrodynamics+1","Sunder","Ball Lightning","Ball Lightning","Melter","ReplayTheSpireMod:Fabricate Wheel+1","Storm+1"],"relics":["Cracked Core","REME_ComplimentaryCards","Counterbalance","REME_HandOfSuture","REME_PuzzleBoxRelic","Frozen Egg 2","conspire:SpecialSausage","REME_IWantAll","halation:Jellyphish","DemoMod:WeirdEgg"],"acts_visited":["Exordium","TheCity"],"potions_floor_usage":[],"damage_taken":[{"damage":0.0,"enemies":"2 Louse","floor":1.0,"turns":2.0},{"damage":0.0,"enemies":"Cultist","floor":4.0,"turns":3.0},{"damage":10.0,"enemies":"Jaw Worm","floor":5.0,"turns":3.0},{"damage":8.0,"enemies":"Red Slaver","floor":7.0,"turns":2.0},{"damage":0.0,"enemies":"Gremlin Nob","floor":8.0,"turns":3.0},{"damage":0.0,"enemies":"Exordium Wildlife","floor":10.0,"turns":2.0},{"damage":17.0,"enemies":"Lagavulin","floor":11.0,"turns":5.0},{"damage":4.0,"enemies":"Looter","floor":13.0,"turns":2.0},{"damage":0.0,"enemies":"Large Slime","floor":16.0,"turns":3.0},{"damage":12.0,"enemies":"Slime Boss","floor":18.0,"turns":6.0},{"damage":0.0,"enemies":"3 Byrds","floor":20.0,"turns":2.0},{"damage":0.0,"enemies":"2 Thieves","floor":23.0,"turns":2.0},{"damage":63,"enemies":"REME_1_Revenger","floor":26,"turns":3}],"seed_played":"-1303178696759853016","potions_obtained":[{"floor":5.0,"key":"Block Potion"},{"floor":11.0,"key":"blueLaboratory:EnragingPotion"},{"floor":13.0,"key":"blueLaboratory:BottleOfVodka"},{"floor":18.0,"key":"Energy Potion"}],"is_trial":false,"path_per_floor":["M","?","?","M","M","R","M","E","T","M","E","$","M","PTL","PTL","M","R","B",null,"M","?","$","M","?","R","E"],"character_chosen":"DEFECT","items_purchased":["Electrodynamics","Frozen Egg 2","Melter","Storm+1","halation:Jellyphish"],"campfire_rested":0,"item_purchase_floors":[0,12,12,22,22],"current_hp_per_floor":[75,68,75,75,65,65,57,57,57,57,40,40,36,36,36,36,36,24,62,62,62,62,62,55,55,0,0],"gold":119,"neow_bonus":"","is_daily":false,"chose_seed":false,"campfire_upgraded":3,"win_rate":0.0,"timestamp":1613968554,"path_taken":["M","?","?","?","?","R","M","E","T","M","E","$","M","PTL","PTL","M","R","BOSS","M","?","$","?","?","R","E"],"items_purchased_type":["Card","Relic","Card","Card","Relic"],"build_version":"2020-12-22","purchased_purges":5,"victory":false,"max_hp_per_floor":[75,75,75,75,75,75,75,75,75,75,75,75,75,75,75,75,75,75,75,75,75,75,75,75,75,75,75],"card_choices":[{"not_picked":["Panic Button","Streamline"],"picked":"Steam","floor":1.0},{"not_picked":["Panic Button","hubris:DoWhile"],"picked":"Sunder","floor":4.0},{"not_picked":["Fusion","Barrage"],"picked":"Ball Lightning","floor":5.0},{"not_picked":["ReplayTheSpireMod:Dual Polarity","Streamline"],"picked":"Ball Lightning","floor":7.0},{"not_picked":["Turbo","Chill","Rebound"],"picked":"SKIP","floor":8.0},{"not_picked":["Redo","ReplayRNGCard","Leap"],"picked":"SKIP","floor":10.0},{"not_picked":["Seek","Steam","Skim"],"picked":"SKIP","floor":11.0},{"not_picked":["Leap","Barrage","StuffTheSpire:LoadUp"],"picked":"SKIP","floor":13.0},{"not_picked":["Compile Driver","StuffTheSpire:LoadUp","Beam Cell"],"picked":"SKIP","floor":16.0},{"not_picked":["Buffer+1","Thunder Strike"],"picked":"ReplayTheSpireMod:Fabricate Wheel","floor":18.0},{"not_picked":["Compile Driver","Sweeping Beam","Rainbow"],"picked":"SKIP","floor":20.0},{"not_picked":["hubris:Ukulele","Go for the Eyes","StuffTheSpire:LoadUp"],"picked":"SKIP","floor":23.0}],"player_experience":1189093,"relics_obtained":[{"floor":8.0,"key":"Counterbalance"},{"floor":9.0,"key":"REME_HandOfSuture"},{"floor":11.0,"key":"REME_PuzzleBoxRelic"}],"event_choices":[{"cards_removed":["Strike_B"],"damage_healed":0.0,"max_hp_gain":0.0,"max_hp_loss":0.0,"gold_gain":0.0,"event_name":"Golden Wing","player_choice":"Card Removal","floor":2.0,"gold_loss":0.0,"damage_taken":7.0},{"damage_healed":0.0,"max_hp_gain":0.0,"max_hp_loss":0.0,"gold_gain":0.0,"event_name":"WeMeetAgain","player_choice":"Gave Potion","floor":21.0,"gold_loss":0.0,"damage_taken":0.0,"relics_obtained":["REME_IWantAll"]},{"damage_healed":0.0,"max_hp_gain":0.0,"max_hp_loss":0.0,"gold_gain":75.0,"event_name":"FaceTrader","player_choice":"Touch","floor":24.0,"gold_loss":0.0,"damage_taken":7.0}],"is_beta":false,"boss_relics":[{"not_picked":["conspire:SlowCooker","Coffee Dripper"],"picked":"conspire:SpecialSausage"}],"items_purged_floors":[0,0,12,12,22],"is_endless":false,"potions_floor_spawned":[5,11,13,18,23],"killed_by":"REME_1_Revenger","ascension_level":5}}