{"host":"tvwbxqry54t86y0v","time":1613964260,"event":{"mods":["2.2 Compatiblity","A Magickal Journey","Act Like it!","Arknights","Astrologer","BaseMod","Beaked The Cultist","BetterRewards","Block Reminder","Clockwork Mod","Colored Powertips","DeckTracker","Downfall","Fiend Mod","GungeonMod","Hermit","Hubris","Infinite Spire","Ironclad Rager","JesterMod","Marked Mod","Mimic Mod","Minty Spire (QoL Compilation)","Potionbrewer","Reliquary","Replay The Spire","Robot Space Explorer","Shade Mod","Somnambulant","StSLib","The Bug Knight","The Cursed","The Death Knight","The Druid","The Elementalist","The Exalted","The Forsaken","The Hierophant","The Jungle","The Marked","The Mystic","The Problem Sleuth","The Runesmith","The Senshi","The Spell Scribe","The Valiant","The Wild Card","TheFirefly","TheHeartMod","TheVacant","Unceasing Turn Reminder","thorton"],"gold_per_floor":[109,109,122,133,52,79,96,96,120,153,153,173,190,210,210,310,310,330,340,340,352,352,371,371,388,388,403,418,418,418,437,437,542,542,562,562,19,19,34,34,47,63,97,111,11,11,21,21,21],"floor_reached":48,"language":"ENG","playtime":3358,"items_purged":["theForsaken:PlagueCurse","theVacant:Whip+1"],"score":492,"play_id":"072204fb-5ac3-4f6d-88b3-11f553b2ee77","local_time":"20210222142420","is_ascension_mode":false,"campfire_choices":[{"data":"theVacant:IntoTheAbyss","floor":8,"key":"SMITH"},{"data":"theVacant:Carve","floor":11,"key":"SMITH"},{"data":"theVacant:Husk","floor":15,"key":"SMITH"},{"data":"theVacant:VoidForm","floor":24,"key":"SMITH"},{"floor":32,"key":"REST"},{"data":"theVacant:Rejection","floor":40,"key":"SMITH"}],"circlet_count":0,"master_deck":["theVacant:VacantStarterStrike","theVacant:VacantStarterStrike","theVacant:VacantStarterStrike","theVacant:VacantStarterStrike","theVacant:VacantStarterDefend","theVacant:VacantStarterDefend","theVacant:VacantStarterDefend","theVacant:VacantStarterDefend","theVacant:Release","theVacant:Crunch","theVacant:GraveDigger","theVacant:Carve+1","theVacant:Hex","theVacant:IntoTheAbyss+1","theVacant:Spinshield","theVacant:Barrage","theVacant:Husk+1","theVacant:VoidForm+1","theVacant:Sneeze","theVacant:SpiritOrb+1","theVacant:VoidEmbrace+1","theVacant:Recover","theVacant:ShriekingBlast+1","theVacant:Rejection+1","theVacant:ForgeSoul","theVacant:ShriekingBlast+1","theVacant:Snowball"],"relics":["theVacant:BrassGoblet","NeowsBlessing","reliquary:PartyBalloon","Bromod:ArcaneConsequence","Pet Ghost","reliquary:ThirdArm","hubris:Towel","Replay:Accelerometer","theForsaken:PlagueMask","hubris:Icosahedron","SacredBark","Oddly Smooth Stone","HollowMod:LifeEnderRelic","DemoMod:GundromedaStrain","reliquary:OuijaBoard"],"acts_visited":["Exordium","TheCity","TheBeyond"],"potions_floor_usage":[21,25,28,28,41,44,44,47],"damage_taken":[{"damage":0,"enemies":"Jaw Worm","floor":1,"turns":1},{"damage":0,"enemies":"Cultist","floor":3,"turns":1},{"damage":0,"enemies":"2 Louse","floor":4,"turns":1},{"damage":5,"enemies":"HollowMod:MossKnight","floor":6,"turns":5},{"damage":5,"enemies":"Blue Slaver","floor":7,"turns":5},{"damage":5,"enemies":"3 Louse","floor":10,"turns":5},{"damage":11,"enemies":"3 Louse","floor":12,"turns":3},{"damage":4,"enemies":"Exordium Thugs","floor":13,"turns":5},{"damage":0,"enemies":"Gremlin Gang","floor":14,"turns":6},{"damage":0,"enemies":"Slime Boss","floor":16,"turns":14},{"damage":29,"enemies":"Spheric Guardian","floor":18,"turns":6},{"damage":14,"enemies":"3 Byrds","floor":19,"turns":5},{"damage":23,"enemies":"3 Cultists","floor":21,"turns":7},{"damage":39,"enemies":"Shelled Parasite and Fungi","floor":23,"turns":6},{"damage":0,"enemies":"Sentry and Sphere","floor":25,"turns":4},{"damage":19,"enemies":"Cultist and Chosen","floor":27,"turns":6},{"damage":9,"enemies":"Snake Plant","floor":28,"turns":4},{"damage":8,"enemies":"Snecko","floor":31,"turns":3},{"damage":14,"enemies":"Automaton","floor":33,"turns":6},{"damage":21,"enemies":"Orb Walker","floor":35,"turns":4},{"damage":13,"enemies":"3 Darklings","floor":39,"turns":3},{"damage":53,"enemies":"4 Shapes","floor":41,"turns":12},{"damage":30,"enemies":"Maw","floor":42,"turns":5},{"damage":3,"enemies":"Writhing Mass","floor":43,"turns":5},{"damage":2,"enemies":"Writhing Mass","floor":44,"turns":4},{"damage":17,"enemies":"Transient","floor":47,"turns":5},{"damage":32,"enemies":"3 Darklings","floor":48,"turns":2}],"seed_played":"-1543208301731566510","potions_obtained":[{"floor":2,"key":"potionbrewer:BoundlessPotion"},{"floor":2,"key":"EssenceOfSteel"},{"floor":2,"key":"Milkshake"},{"floor":19,"key":"potionbrewer:InfectionPotion"},{"floor":21,"key":"potionbrewer:AcidPotion"},{"floor":28,"key":"potionbrewer:StunPotion"},{"floor":31,"key":"SpeedPotion"},{"floor":41,"key":"Dexterity Potion"}],"is_trial":false,"path_per_floor":["M","?","M","M","$","E","M","R","T","MIM","R","M","M","M","R","B",null,"M","M","?","M","?","M","R","M","T","M","M","?","?","M","R","B",null,"M","?","$","?","M","R","M","M","MIM","M","$","?","M","M"],"character_chosen":"THE_VACANT","items_purchased":["theVacant:IntoTheAbyss","Oddly Smooth Stone","HollowMod:LifeEnderRelic","Regen Potion"],"campfire_rested":1,"item_purchase_floors":[5,37,37,37],"current_hp_per_floor":[80,80,80,80,80,75,70,70,70,65,65,54,50,50,50,50,80,51,37,37,14,74,35,35,35,35,16,10,10,10,7,29,15,74,56,56,56,56,48,48,68,38,41,39,39,39,28,0,0],"gold":21,"neow_bonus":"THREE_ENEMY_KILL","is_daily":false,"chose_seed":false,"campfire_upgraded":5,"win_rate":0.0,"timestamp":1613964260,"path_taken":["M","?","?","M","$","E","M","R","T","?","R","M","M","?","R","BOSS","M","?","?","M","?","M","R","M","T","M","M","?","?","M","R","BOSS","M","?","$","?","?","R","?","M","MIM","M","$","?","M","M"],"items_purchased_type":["Card","Relic","Relic","Potion"],"build_version":"2020-12-22","purchased_purges":2,"victory":false,"max_hp_per_floor":[80,80,80,80,80,80,80,80,80,80,80,80,80,80,80,80,80,80,80,80,80,74,74,74,74,74,74,74,74,74,74,74,74,74,74,74,74,74,74,74,74,74,74,74,74,74,74,74,74],"card_choices":[{"not_picked":["theVacant:GraveWave","theVacant:EyePoke"],"picked":"theVacant:GraveDigger","floor":1},{"not_picked":["theVacant:EmptyShield","theVacant:WhenDarknessComes"],"picked":"theVacant:Carve","floor":3},{"not_picked":["theVacant:CursedBlast","theVacant:EmptyShield"],"picked":"theVacant:Hex","floor":4},{"not_picked":["theVacant:Enrage","theVacant:DimensionTear"],"picked":"theVacant:Spinshield","floor":6},{"not_picked":["theVacant:OnSecondThought","theVacant:Jab"],"picked":"theVacant:Barrage","floor":7},{"not_picked":["theVacant:Spinshield","theVacant:Soothe"],"picked":"theVacant:EyePoke","floor":12},{"not_picked":["theVacant:ShutAway","theVacant:CursedBlast","theVacant:ForgeSoul"],"picked":"SKIP","floor":13},{"not_picked":["theVacant:Recover","theVacant:Enrage"],"picked":"theVacant:Husk","floor":14},{"not_picked":["theVacant:TheAnvil","theVacant:Rejection"],"picked":"theVacant:VoidForm","floor":16},{"not_picked":["theVacant:LashOut","theVacant:CursedBlast"],"picked":"theVacant:Sneeze","floor":18},{"not_picked":["theVacant:EyePoke","theVacant:Fling"],"picked":"theVacant:SpiritOrb+1","floor":19},{"not_picked":["theVacant:Fortify","theVacant:Recover"],"picked":"theVacant:VoidEmbrace+1","floor":21},{"not_picked":["theVacant:Acceptance","theVacant:Gloom","theVacant:Sneeze+1"],"picked":"SKIP","floor":23},{"not_picked":["theVacant:WaitInWrath+1","theVacant:Enrage","theVacant:EmptyShield"],"picked":"SKIP","floor":25},{"not_picked":["theVacant:Spinshield","theVacant:Enrage"],"picked":"theVacant:Recover","floor":27},{"not_picked":["theVacant:BellToll","theVacant:Fling","theVacant:Enrage+1"],"picked":"SKIP","floor":28},{"not_picked":["theVacant:BellToll","theVacant:GraveDigger"],"picked":"theVacant:ShriekingBlast+1","floor":31},{"not_picked":["theVacant:FiendFrost","theVacant:Prevent"],"picked":"theVacant:Rejection","floor":33},{"not_picked":["theVacant:Unearth+1","theVacant:Cower","theVacant:FromNothing"],"picked":"SKIP","floor":35},{"not_picked":["theVacant:Anguish+1","theVacant:WaitInWrath","theVacant:Necromancy"],"picked":"SKIP","floor":39},{"not_picked":["theVacant:Husk+1","theVacant:WaitInWrath"],"picked":"theVacant:ForgeSoul","floor":41},{"not_picked":["theVacant:OnSecondThought+1","theVacant:Cower+1"],"picked":"theVacant:ShriekingBlast+1","floor":42},{"not_picked":["theVacant:CleanseSoul+1","theVacant:BattleScars"],"picked":"theVacant:Whip+1","floor":44},{"not_picked":["theVacant:EmbraceDarkness","theVacant:GraveWave","theVacant:CursedBlast"],"picked":"SKIP","floor":47}],"player_experience":1170799,"relics_obtained":[{"floor":6,"key":"reliquary:PartyBalloon"},{"floor":9,"key":"Bromod:ArcaneConsequence"},{"floor":10,"key":"Pet Ghost"},{"floor":26,"key":"Replay:Accelerometer"},{"floor":43,"key":"DemoMod:GundromedaStrain"},{"floor":43,"key":"reliquary:OuijaBoard"}],"event_choices":[{"damage_healed":0,"gold_gain":0,"player_choice":"Got Potions","damage_taken":0,"max_hp_gain":0,"max_hp_loss":0,"event_name":"Lab","floor":2,"gold_loss":0},{"damage_healed":0,"gold_gain":0,"player_choice":"Obtain Plague Curse","damage_taken":0,"max_hp_gain":0,"max_hp_loss":0,"event_name":"Plague Doctor","floor":29,"gold_loss":0,"cards_obtained":["theForsaken:PlagueCurse"]},{"cards_removed":["theVacant:EyePoke"],"damage_healed":0,"gold_gain":0,"player_choice":"Removed Attack","damage_taken":0,"max_hp_gain":0,"max_hp_loss":0,"event_name":"Falling","floor":36,"gold_loss":0},{"damage_healed":0,"gold_gain":0,"player_choice":"Ignored","damage_taken":0,"max_hp_gain":0,"max_hp_loss":0,"event_name":"NoteForYourself","floor":38,"gold_loss":0}],"is_beta":false,"boss_relics":[{"not_picked":["hubris:TerracottaHorce","Runic Dome"],"picked":"reliquary:ThirdArm"},{"not_picked":["hubris:HollowSoul","hubris:CrackedHourglass"],"picked":"SacredBark"}],"items_purged_floors":[37,45],"is_endless":false,"potions_floor_spawned":[3,7,12,16,19,21,28,31,39,41],"killed_by":"3 Darklings","ascension_level":0}}