{"host":"zsnmfqgcm92hlreo","time":1613956549,"event":{"mods":["AchievementEnabler","BaseMod","Bestiary","Block Reminder","Colored Map","Colored Powertips","Filter the Spire","Minty Spire (QoL Compilation)","Permanent Neow","Quick Restart","Relic Stats","StSLib","Weighted Paths"],"gold_per_floor":[110,110,110,122,135,162,74,102,102,121,196,225,225,254,254,330,330,346,346,346,358,374,374,400,400,453,453,453,484,3,17,17,91,91,106,106,124,424,438,465,257,289,289,324,343,343,343,343,343,343,343,343,343,24,53,53],"floor_reached":57,"language":"ENG","playtime":2106,"items_purged":[],"score":2933,"play_id":"94963180-2966-421e-b9d8-4d533708b17a","local_time":"20210221191548","is_ascension_mode":true,"campfire_choices":[{"floor":13.0,"key":"REST"},{"floor":15.0,"key":"REST"},{"floor":23.0,"key":"REST"},{"data":"1","floor":25.0,"key":"LIFT"},{"data":"2","floor":27.0,"key":"LIFT"},{"data":"3","floor":32.0,"key":"LIFT"},{"floor":47,"key":"RECALL"},{"floor":49,"key":"REST"},{"floor":53,"key":"REST"}],"circlet_count":0,"master_deck":["AscendersBane","Strike_R+1","Strike_R+1","Strike_R+1","Strike_R+1","Strike_R+1","Defend_R+1","Defend_R+1","Defend_R+1","Defend_R+1","Bash+1","Fire Breathing","Whirlwind+1","Clothesline","Pommel Strike","Feed+1","Juggernaut","Shockwave","Double Tap","Barricade","Uppercut","Heavy Blade+1","Blood for Blood","Flame Barrier","Impervious","Reaper+1","Offering","Heavy Blade+1","Immolate+1","Heavy Blade+1","Limit Break","Shockwave","Master of Strategy","Disarm"],"relics":["Snecko Eye","War Paint","Blue Candle","Bag of Marbles","Omamori","Whetstone","Fusion Hammer","Incense Burner","Girya","Regal Pillow","StrikeDummy","Centennial Puzzle","Molten Egg 2","Runic Cube","PreservedInsect","White Beast Statue","Vajra","StoneCalendar","Shuriken","Orichalcum"],"acts_visited":["Exordium","TheCity","TheBeyond","TheEnding"],"potions_floor_usage":[50,56],"damage_taken":[{"damage":8.0,"enemies":"2 Louse","floor":1.0,"turns":3.0},{"damage":0.0,"enemies":"Small Slimes","floor":4.0,"turns":2.0},{"damage":0.0,"enemies":"Jaw Worm","floor":5.0,"turns":3.0},{"damage":20.0,"enemies":"Lagavulin","floor":6.0,"turns":5.0},{"damage":24.0,"enemies":"Gremlin Nob","floor":8.0,"turns":4.0},{"damage":0.0,"enemies":"Exordium Wildlife","floor":10.0,"turns":1.0},{"damage":7.0,"enemies":"Lagavulin","floor":12.0,"turns":4.0},{"damage":21.0,"enemies":"Gremlin Nob","floor":14.0,"turns":4.0},{"damage":30.0,"enemies":"Slime Boss","floor":16.0,"turns":7.0},{"damage":0.0,"enemies":"3 Byrds","floor":18.0,"turns":3.0},{"damage":0.0,"enemies":"Spheric Guardian","floor":21.0,"turns":1.0},{"damage":31.0,"enemies":"Shelled Parasite and Fungi","floor":22.0,"turns":3.0},{"damage":9.0,"enemies":"Slavers","floor":24.0,"turns":5.0},{"damage":0.0,"enemies":"Gremlin Leader","floor":29.0,"turns":3.0},{"damage":3.0,"enemies":"Sentry and Sphere","floor":31.0,"turns":3.0},{"damage":2.0,"enemies":"Champ","floor":33.0,"turns":10.0},{"damage":1.0,"enemies":"3 Darklings","floor":35.0,"turns":4.0},{"damage":3.0,"enemies":"3 Shapes","floor":37.0,"turns":3.0},{"damage":11.0,"enemies":"Sphere and 2 Shapes","floor":39.0,"turns":3.0},{"damage":15.0,"enemies":"Reptomancer","floor":40.0,"turns":3.0},{"damage":2.0,"enemies":"Giant Head","floor":42.0,"turns":3.0},{"damage":21.0,"enemies":"Reptomancer","floor":44.0,"turns":4.0},{"damage":6.0,"enemies":"Writhing Mass","floor":45.0,"turns":2.0},{"damage":42,"enemies":"Donu and Deca","floor":50,"turns":7},{"damage":62,"enemies":"Awakened One","floor":51,"turns":7},{"damage":39,"enemies":"Shield and Spear","floor":55,"turns":3},{"damage":32,"enemies":"The Heart","floor":56,"turns":5}],"seed_played":"-2188643827569623274","potions_obtained":[{"floor":1.0,"key":"Block Potion"},{"floor":4.0,"key":"LiquidBronze"},{"floor":6.0,"key":"SpeedPotion"},{"floor":31.0,"key":"SteroidPotion"},{"floor":40.0,"key":"EssenceOfSteel"},{"floor":44.0,"key":"FearPotion"},{"floor":45.0,"key":"GamblersBrew"},{"floor":55,"key":"SpeedPotion"}],"is_trial":false,"path_per_floor":["M","?","?","M","M","E","$","E","T","M","?","E","R","E","R","B",null,"M","?","?","M","M","R","E","R","T","R","?","E","$","M","R","B",null,"M","?","M","?","M","E","$","E","T","E","M","?","R","T","R","B","B",null,"R","$","E","B",null],"character_chosen":"IRONCLAD","items_purchased":["Feed","Flame Barrier","Impervious","Molten Egg 2","Heavy Blade+1","Limit Break","Disarm","Shuriken"],"campfire_rested":5,"item_purchase_floors":[7,30,30,30,41,41,54,54],"current_hp_per_floor":[60,60,65,65,65,45,45,24,24,27,16,9,34,13,38,8,67,71,71,71,71,44,72,63,63,63,63,63,63,63,60,60,64,87,86,86,87,87,80,87,87,89,89,78,79,79,79,79,106,85,36,92,110,110,71,58],"gold":53,"neow_bonus":"BOSS_RELIC","is_daily":false,"chose_seed":false,"campfire_upgraded":0,"win_rate":0.0,"timestamp":1613956548,"path_taken":["M","?","?","M","M","E","$","E","T","M","?","E","R","E","R","BOSS","M","?","?","M","M","R","E","R","T","R","?","E","$","M","R","BOSS","M","?","M","?","M","E","$","E","T","E","?","?","R","?","R","BOSS","BOSS","R","$","E","BOSS"],"items_purchased_type":["Card","Card","Card","Relic","Card","Card","Card","Relic"],"build_version":"2020-12-22","purchased_purges":0,"victory":true,"max_hp_per_floor":[75,75,80,80,80,80,80,83,83,86,86,86,86,86,86,86,86,90,90,90,90,94,94,94,94,94,94,94,94,94,94,94,94,94,94,94,98,98,102,102,102,106,106,106,106,106,106,106,106,110,110,110,110,110,110,114],"relic_stats":{"Regal Pillow":0,"counters":[27,105],"Blue Candle":[0],"StoneCalendar":[0],"PreservedInsect":269,"Whetstone":["Feed","Whirlwind"],"War Paint":["Defend_R","Defend_R"],"Orichalcum":[18],"Centennial Puzzle":[39],"Shuriken":[7],"Snecko Eye":[178,183,198,197],"obtain_stats":[{"Girya":24,"Regal Pillow":26,"Blue Candle":8,"Vajra":44,"StoneCalendar":48,"PreservedInsect":40,"Omamori":12,"Incense Burner":19,"Whetstone":14,"War Paint":6,"Orichalcum":55,"Burning Blood":0,"White Beast Statue":42,"Centennial Puzzle":29,"Shuriken":54,"Snecko Eye":0,"Molten Egg 2":30,"Fusion Hammer":17,"Bag of Marbles":9,"StrikeDummy":28,"Runic Cube":34},{"Girya":13,"Regal Pillow":13,"Blue Candle":5,"Vajra":22,"StoneCalendar":23,"PreservedInsect":20,"Omamori":7,"Incense Burner":10,"Whetstone":8,"War Paint":4,"Orichalcum":26,"Burning Blood":0,"White Beast Statue":21,"Centennial Puzzle":14,"Shuriken":25,"Snecko Eye":0,"Molten Egg 2":14,"Fusion Hammer":9,"Bag of Marbles":5,"StrikeDummy":13,"Runic Cube":16},{"Girya":45,"Regal Pillow":45,"Blue Candle":17,"Vajra":81,"StoneCalendar":83,"PreservedInsect":74,"Omamori":22,"Incense Burner":36,"Whetstone":26,"War Paint":13,"Orichalcum":100,"Burning Blood":0,"White Beast Statue":77,"Centennial Puzzle":48,"Shuriken":97,"Snecko Eye":0,"Molten Egg 2":48,"Fusion Hammer":33,"Bag of Marbles":17,"StrikeDummy":45,"Runic Cube":61}],"Runic Cube":[48]},"card_choices":[{"not_picked":["Disarm","Iron Wave"],"picked":"Fire Breathing","floor":1.0},{"not_picked":["Pommel Strike","True Grit"],"picked":"Whirlwind","floor":4.0},{"not_picked":["Wild Strike","Warcry"],"picked":"Clothesline","floor":5.0},{"not_picked":["Bloodletting","Clash"],"picked":"Pommel Strike","floor":6.0},{"not_picked":["Searing Blow","Body Slam"],"picked":"Juggernaut","floor":8.0},{"not_picked":["Heavy Blade","Flex"],"picked":"Shockwave","floor":10.0},{"not_picked":["Combust","Sword Boomerang","Pommel Strike"],"picked":"SKIP","floor":12.0},{"not_picked":["Dropkick","Inflame"],"picked":"Double Tap","floor":14.0},{"not_picked":["Impervious","Corruption"],"picked":"Barricade","floor":16.0},{"not_picked":["Whirlwind","Bloodletting"],"picked":"Uppercut","floor":18.0},{"not_picked":["Pommel Strike","Wild Strike","Cleave"],"picked":"SKIP","floor":21.0},{"not_picked":["Sword Boomerang","Clothesline"],"picked":"Heavy Blade+1","floor":22.0},{"not_picked":["Body Slam","Shrug It Off"],"picked":"Blood for Blood","floor":24.0},{"not_picked":["Pommel Strike","Iron Wave","Sword Boomerang"],"picked":"SKIP","floor":29.0},{"not_picked":["Iron Wave+1","Clothesline+1"],"picked":"Reaper+1","floor":31.0},{"not_picked":["Corruption","Juggernaut"],"picked":"Offering","floor":33.0},{"not_picked":["Cleave+1","Reckless Charge+1","Dropkick+1"],"picked":"SKIP","floor":35.0},{"not_picked":["Clash+1","Body Slam+1"],"picked":"Heavy Blade+1","floor":37.0},{"not_picked":["True Grit","Wild Strike+1","Thunderclap+1"],"picked":"SKIP","floor":39.0},{"not_picked":["Sword Boomerang+1","Inflame"],"picked":"Immolate+1","floor":40.0},{"not_picked":["Clash+1","Sword Boomerang+1"],"picked":"Shockwave","floor":42.0},{"not_picked":["Carnage+1","Perfected Strike+1","Berserk"],"picked":"SKIP","floor":44.0},{"not_picked":["Anger+1","Searing Blow+1","Shockwave"],"picked":"SKIP","floor":45.0},{"not_picked":["PanicButton","Finesse"],"picked":"Master of Strategy","floor":46},{"not_picked":["Bloodletting","Cleave+1","Anger+1"],"picked":"SKIP","floor":55}],"player_experience":1257358,"relics_obtained":[{"floor":6.0,"key":"War Paint"},{"floor":8.0,"key":"Blue Candle"},{"floor":9.0,"key":"Bag of Marbles"},{"floor":12.0,"key":"Omamori"},{"floor":14.0,"key":"Whetstone"},{"floor":24.0,"key":"Girya"},{"floor":26.0,"key":"Regal Pillow"},{"floor":29.0,"key":"Centennial Puzzle"},{"floor":40.0,"key":"PreservedInsect"},{"floor":42.0,"key":"White Beast Statue"},{"floor":44.0,"key":"Vajra"},{"floor":48,"key":"StoneCalendar"},{"floor":55,"key":"Orichalcum"}],"event_choices":[{"damage_healed":0.0,"max_hp_gain":0.0,"max_hp_loss":0.0,"gold_gain":0.0,"event_name":"Living Wall","player_choice":"Grow","floor":2.0,"gold_loss":0.0,"damage_taken":0.0,"cards_upgraded":["Bash"]},{"damage_healed":0.0,"max_hp_gain":5.0,"max_hp_loss":0.0,"gold_gain":0.0,"event_name":"Big Fish","player_choice":"Donut","floor":3.0,"gold_loss":0.0,"damage_taken":0.0},{"damage_healed":0.0,"max_hp_gain":0.0,"max_hp_loss":0.0,"gold_gain":75.0,"event_name":"World of Goop","player_choice":"Gather Gold","floor":11.0,"gold_loss":0.0,"damage_taken":11.0},{"damage_healed":0.0,"max_hp_gain":0.0,"max_hp_loss":0.0,"gold_gain":0.0,"event_name":"Addict","player_choice":"Stole Relic","floor":19.0,"gold_loss":0.0,"damage_taken":0.0,"relics_obtained":["Incense Burner"],"cards_obtained":["Shame"]},{"damage_healed":0.0,"max_hp_gain":0.0,"max_hp_loss":0.0,"gold_gain":0.0,"event_name":"Back to Basics","player_choice":"Simplicity","floor":20.0,"gold_loss":0.0,"damage_taken":0.0,"cards_upgraded":["Strike_R","Strike_R","Strike_R","Strike_R","Strike_R","Defend_R","Defend_R"]},{"damage_healed":0.0,"max_hp_gain":0.0,"max_hp_loss":0.0,"gold_gain":0.0,"event_name":"The Mausoleum","player_choice":"Opened","floor":28.0,"gold_loss":0.0,"damage_taken":0.0,"relics_obtained":["StrikeDummy"],"cards_obtained":["Writhe"]},{"damage_healed":0.0,"max_hp_gain":0.0,"max_hp_loss":0.0,"gold_gain":0.0,"event_name":"Tomb of Lord Red Mask","player_choice":"Ignored","floor":36.0,"gold_loss":0.0,"damage_taken":0.0},{"damage_healed":0.0,"max_hp_gain":0.0,"max_hp_loss":0.0,"gold_gain":300.0,"event_name":"Wheel of Change","player_choice":"Gold","floor":38.0,"gold_loss":0.0,"damage_taken":0.0},{"damage_healed":0,"gold_gain":0,"player_choice":"Memory 1","damage_taken":0,"max_hp_gain":0,"max_hp_loss":0,"event_name":"SensoryStone","floor":46,"gold_loss":0}],"is_beta":false,"boss_relics":[{"not_picked":["Empty Cage","Runic Dome"],"picked":"Fusion Hammer"},{"not_picked":["Calling Bell","Coffee Dripper"],"picked":"Runic Cube"}],"items_purged_floors":[],"is_endless":false,"potions_floor_spawned":[1,4,6,14,22,24,31,37,39,40,42,44,45,55],"ascension_level":20}}