{"host":"ymw71f7rc9ndansy","time":1613971042,"event":{"mods":["100% Spire Juice","ATMod(阿瑾Mod)","Act Like it!","Aspiration","BaseMod","DeckTracker","Energized Spire","Gensokyo","Hubris","Koishi","Library of Ruina","Library of Ruina Extra","Minty Spire (QoL Compilation)","MostiFishMod","Relic Filter Mod","Reliquary","Remove Card Discount Mod","Replay The Spire","RumiaBox-露米娅的神秘盒子","StSLib","TestMod","【功能Mod】精心准备","【遗物卡牌】REMEMod"],"gold_per_floor":[112,112,112,131,131,165,42,69,92,92,92,92,92,84,84,84,84],"floor_reached":16,"language":"ZHS","playtime":610,"items_purged":["Injury","Strike_B","Strike_B","Defend_B"],"score":238,"play_id":"d6fb66cf-e79b-4b8e-9d7e-876b91d6508c","local_time":"20210222131722","is_ascension_mode":true,"campfire_choices":[{"data":"Defragment","floor":10,"key":"SMITH"},{"data":"MostiFishMod:GatherIntelligence","floor":12,"key":"SMITH"},{"data":"MostiFishMod:Nova","floor":15,"key":"SMITH"}],"circlet_count":0,"master_deck":["AscendersBane","Strike_B","Strike_B","Defend_B","Defend_B","Defend_B","Zap","AT_FamilyPortrait","MostiFishMod:Nova+1","MostiFishMod:GatherIntelligence+1","Gensokyo:BlemishedSteel","Defragment+1"],"relics":["testmod-TestBox","DaveBox","REME_ComplimentaryCards","AT_ATBox","AT_SeraphEmbrace","ChiXiaoBlade","testmod-TurbochargingSystem","NeowsBlessing","SynthV:TestCard","Gensokyo:PortableGap","Gensokyo:CelestialsFlawlessClothing","Gensokyo:Justice","Akabeko","White Beast Statue","Strawberry","Prayer Wheel"],"acts_visited":["Exordium"],"potions_floor_usage":[6,16],"damage_taken":[{"damage":0,"enemies":"Gensokyo:2_Kodama","floor":1,"turns":1},{"damage":0,"enemies":"Gensokyo:3_Fairies","floor":4,"turns":1},{"damage":0,"enemies":"Gensokyo:Cirno","floor":6,"turns":2},{"damage":23,"enemies":"Gensokyo:Aya","floor":8,"turns":5},{"damage":95,"enemies":"Gensokyo:Yukari","floor":16,"turns":10}],"seed_played":"-6678869549113726354","potions_obtained":[{"floor":1,"key":"Explosive Potion"},{"floor":4,"key":"Fire Potion"},{"floor":8,"key":"ColorlessPotion"}],"is_trial":false,"path_per_floor":["M","?","?","M","?","E","COS","E","T","R","?","R","?","$","R","B"],"character_chosen":"DEFECT","items_purchased":[],"campfire_rested":0,"item_purchase_floors":[],"current_hp_per_floor":[64,61,43,43,43,43,43,20,20,20,27,27,30,30,30,7,7],"gold":84,"neow_bonus":"THREE_ENEMY_KILL","is_daily":false,"chose_seed":false,"campfire_upgraded":3,"win_rate":0.0,"timestamp":1613971042,"path_taken":["M","?","?","?","?","E","COS","E","T","R","?","R","?","$","R","BOSS"],"items_purchased_type":[],"build_version":"2020-12-22","purchased_purges":4,"victory":false,"max_hp_per_floor":[71,61,61,61,61,61,61,61,58,58,65,65,65,65,65,65,65],"card_choices":[{"not_picked":["ReplaySolidLightProjector","BasicCrystalCard","Beam Cell","Double Energy"],"picked":"MostiFishMod:Nova","floor":4},{"not_picked":["Turbo","Panic Button","REME_ForAll","hubris:PowerSurge"],"picked":"MostiFishMod:GatherIntelligence","floor":6},{"not_picked":["Reboot","hubris:PowerSurge","Barrage","REME_DataAnalysis"],"picked":"Defragment","floor":8}],"player_experience":1118128,"relics_obtained":[{"floor":1,"key":"SynthV:TestCard"},{"floor":6,"key":"Akabeko"},{"floor":8,"key":"White Beast Statue"}],"event_choices":[],"is_beta":false,"boss_relics":[],"items_purged_floors":[14,14,14,14],"is_endless":false,"potions_floor_spawned":[1,4,8],"killed_by":"Gensokyo:Yukari","ascension_level":20}}