{"host":"g907ck67u7c3hrs6","time":1613996307,"event":{"mods":["BaseMod","Colored Map","DeckTracker","Force Act Four","Highlight Path","Keyboard Shortcuts","Minty Spire (QoL Compilation)","Permanent Neow","Say the Spire","SuperFastMode"],"gold_per_floor":[112,122,137,151,151,151,151,151,228,255,275,307,334,334,334],"floor_reached":14,"language":"KOR","playtime":536,"items_purged":[],"score":270,"play_id":"5cd71c3c-8dd1-4ae8-a69c-7dae0e20573b","local_time":"20210222211827","daily_mods":["SealedDeck","Heirloom","Time Dilation","Flight","DeadlyEvents","Elite Swarm"],"is_ascension_mode":true,"campfire_choices":[{"data":"Adaptation","floor":6,"key":"SMITH"},{"data":"Adaptation","floor":7,"key":"SMITH"},{"data":"Crescendo","floor":8,"key":"SMITH"}],"circlet_count":0,"master_deck":["AscendersBane","Perseverance","DeceiveReality","Conclude","FollowUp","ThirdEye","Crescendo+1","Halt","EmptyMind","FearNoEvil","Adaptation+1","Adaptation+1","Scrawl","Vault"],"relics":["PureWater","Peace Pipe","Singing Bowl","Eternal Feather","CloakClasp","Dead Branch"],"acts_visited":["Exordium"],"potions_floor_usage":[],"damage_taken":[{"damage":0,"enemies":"Cultist","floor":1,"turns":2},{"damage":0,"enemies":"2 Louse","floor":2,"turns":1},{"damage":5,"enemies":"Jaw Worm","floor":3,"turns":3},{"damage":5,"enemies":"Blue Slaver","floor":4,"turns":3},{"damage":0,"enemies":"Gremlin Nob","floor":10,"turns":2},{"damage":2,"enemies":"Large Slime","floor":11,"turns":2},{"damage":9,"enemies":"3 Sentries","floor":12,"turns":4},{"damage":1,"enemies":"Gremlin Nob","floor":13,"turns":3},{"damage":1,"enemies":"Lagavulin","floor":14,"turns":6}],"seed_played":"3936844280837163275","potions_obtained":[{"floor":2,"key":"Dexterity Potion"},{"floor":4,"key":"Ambrosia"}],"is_trial":true,"path_per_floor":["M","M","M","M","$","R","R","R","T","E","M","E","E","E"],"character_chosen":"WATCHER","items_purchased":[],"campfire_rested":0,"item_purchase_floors":[],"current_hp_per_floor":[61,61,56,51,51,51,51,51,51,51,51,44,43,42,42],"gold":334,"neow_bonus":"","is_daily":false,"chose_seed":false,"campfire_upgraded":3,"win_rate":0.0,"timestamp":1613996307,"path_taken":["M","M","M","M","$","R","R","R","T","E","M","E","E","E"],"items_purchased_type":[],"build_version":"2020-12-22","purchased_purges":0,"victory":false,"max_hp_per_floor":[68,68,68,68,68,68,68,68,68,68,70,72,72,72,72],"card_choices":[{"not_picked":["Consecrate","Halt"],"picked":"Adaptation","floor":1},{"not_picked":["SashWhip","CutThroughFate","Vengeance"],"picked":"SKIP","floor":2},{"not_picked":["EmptyFist","CutThroughFate","Worship"],"picked":"SKIP","floor":3},{"not_picked":["Prostrate","CarveReality","FlurryOfBlows"],"picked":"SKIP","floor":4},{"not_picked":["SpiritShield","Devotion"],"picked":"Scrawl","floor":10},{"not_picked":["Protect","CrushJoints","WaveOfTheHand"],"picked":"Singing Bowl","floor":11},{"not_picked":["Blasphemy","Omniscience","Wish"],"picked":"Singing Bowl","floor":12},{"not_picked":["Judgement","Scrawl"],"picked":"Vault","floor":13}],"player_experience":343237,"relics_obtained":[{"floor":9,"key":"Singing Bowl"},{"floor":10,"key":"Eternal Feather"},{"floor":12,"key":"CloakClasp"},{"floor":13,"key":"Dead Branch"}],"event_choices":[],"is_beta":false,"boss_relics":[],"items_purged_floors":[],"is_endless":false,"potions_floor_spawned":[2,4,11,12,13],"killed_by":"Lagavulin","ascension_level":20}}