{"host":"js2su9tbbk4rmjfl","time":1613953718,"event":{"mods":["AchievementEnabler","BaseMod","Block Reminder","Colored Map","Colored Powertips","Highlight Path","Minty Spire (QoL Compilation)","Relic Stats"],"gold_per_floor":[110,128,142,96,108,108,128,146,146,146,181,181,216,216,216,287,287,297,13,29,29,29,29,29,29],"floor_reached":24,"language":"ENG","playtime":1636,"items_purged":[],"score":406,"play_id":"e9ca9994-87e8-455e-9d51-6669153d3bf8","local_time":"20210222012838","is_ascension_mode":true,"campfire_choices":[{"data":"Apotheosis","floor":6,"key":"SMITH"},{"data":"Pommel Strike","floor":10,"key":"SMITH"},{"data":"Ghostly Armor","floor":12,"key":"SMITH"},{"floor":15,"key":"REST"},{"floor":23,"key":"REST"}],"circlet_count":0,"master_deck":["AscendersBane","Strike_R","Strike_R","Strike_R","Strike_R","Strike_R","Defend_R","Defend_R","Defend_R","Bash","Apotheosis+1","Uppercut","Ghostly Armor+1","Disarm","Cleave","Pommel Strike+1","Ghostly Armor","Seeing Red","Barricade","CurseOfTheBell","Ghostly Armor","Metallicize"],"relics":["Burning Blood","Question Card","Red Skull","Bottled Flame","Calling Bell","Bag of Marbles","Blue Candle","CaptainsWheel","Shuriken","InkBottle"],"acts_visited":["Exordium","TheCity"],"potions_floor_usage":[5,8,13,18,20],"damage_taken":[{"damage":3,"enemies":"Cultist","floor":1,"turns":4},{"damage":2,"enemies":"Jaw Worm","floor":2,"turns":6},{"damage":6,"enemies":"2 Louse","floor":3,"turns":5},{"damage":13,"enemies":"Exordium Thugs","floor":4,"turns":5},{"damage":4,"enemies":"3 Louse","floor":5,"turns":7},{"damage":0,"enemies":"2 Fungi Beasts","floor":7,"turns":6},{"damage":3,"enemies":"Exordium Thugs","floor":8,"turns":5},{"damage":26,"enemies":"Gremlin Nob","floor":11,"turns":4},{"damage":22,"enemies":"3 Sentries","floor":13,"turns":7},{"damage":18,"enemies":"Slime Boss","floor":16,"turns":8},{"damage":7,"enemies":"Chosen","floor":18,"turns":5},{"damage":41,"enemies":"3 Byrds","floor":20,"turns":8},{"damage":38,"enemies":"Slavers","floor":24,"turns":2}],"seed_played":"7893269955610667330","potions_obtained":[{"floor":4,"key":"Block Potion"},{"floor":5,"key":"GamblersBrew"},{"floor":7,"key":"SteroidPotion"},{"floor":8,"key":"Fire Potion"},{"floor":16,"key":"Regen Potion"},{"floor":20,"key":"AttackPotion"}],"is_trial":false,"path_per_floor":["M","M","M","M","M","R","M","M","T","R","E","R","E","?","R","B",null,"M","$","M","?","?","R","E"],"character_chosen":"IRONCLAD","items_purchased":["Shuriken"],"campfire_rested":2,"item_purchase_floors":[19],"current_hp_per_floor":[68,68,68,61,63,63,68,68,68,68,48,48,32,25,45,33,59,58,58,35,16,16,37,0,0],"gold":29,"neow_bonus":"RANDOM_COLORLESS_2","is_daily":false,"chose_seed":false,"campfire_upgraded":3,"win_rate":0.0,"timestamp":1613953718,"path_taken":["M","M","M","M","M","R","M","M","T","R","E","R","E","?","R","BOSS","M","$","M","?","?","R","E"],"items_purchased_type":["Relic"],"build_version":"2020-12-22","purchased_purges":0,"victory":false,"max_hp_per_floor":[68,68,68,68,68,68,68,68,68,68,68,68,68,68,68,68,68,68,68,68,73,73,73,73,73],"relic_stats":{"counters":[13,72],"Shuriken":[1],"Blue Candle":[1],"Question Card":6,"obtain_stats":[{"Calling Bell":17,"Bottled Flame":13,"CaptainsWheel":17,"Shuriken":19,"Blue Candle":17,"Bag of Marbles":17,"Question Card":9,"Burning Blood":0,"Red Skull":11,"InkBottle":22},{"Calling Bell":10,"Bottled Flame":9,"CaptainsWheel":10,"Shuriken":11,"Blue Candle":10,"Bag of Marbles":10,"Question Card":7,"Burning Blood":0,"Red Skull":8,"InkBottle":12},{"Calling Bell":57,"Bottled Flame":49,"CaptainsWheel":57,"Shuriken":62,"Blue Candle":57,"Bag of Marbles":57,"Question Card":38,"Burning Blood":0,"Red Skull":42,"InkBottle":70}],"Burning Blood":61,"InkBottle":[0]},"card_choices":[{"not_picked":["Chrysalis","Mayhem"],"picked":"Apotheosis","floor":0},{"not_picked":["Sword Boomerang","Armaments","Warcry"],"picked":"SKIP","floor":1},{"not_picked":["Headbutt","Thunderclap"],"picked":"Uppercut","floor":2},{"not_picked":["Wild Strike","True Grit"],"picked":"Ghostly Armor","floor":3},{"not_picked":["Fiend Fire","Iron Wave","Shockwave"],"picked":"SKIP","floor":4},{"not_picked":["Havoc","Heavy Blade"],"picked":"Disarm","floor":5},{"not_picked":["Warcry","Battle Trance"],"picked":"Cleave","floor":7},{"not_picked":["Armaments","Infernal Blade"],"picked":"Pommel Strike","floor":8},{"not_picked":["Anger","Brutality","Intimidate"],"picked":"Ghostly Armor","floor":11},{"not_picked":["Cleave","True Grit","Heavy Blade"],"picked":"Seeing Red","floor":13},{"not_picked":["Immolate","Bludgeon","Juggernaut"],"picked":"Barricade","floor":16},{"not_picked":["Rampage","True Grit","Heavy Blade"],"picked":"Ghostly Armor","floor":18},{"not_picked":["Heavy Blade","Thunderclap","Wild Strike"],"picked":"Metallicize","floor":20}],"player_experience":894774,"relics_obtained":[{"floor":9,"key":"Question Card"},{"floor":11,"key":"Red Skull"},{"floor":13,"key":"Bottled Flame"},{"floor":17,"key":"Bag of Marbles"},{"floor":17,"key":"Blue Candle"},{"floor":17,"key":"CaptainsWheel"}],"event_choices":[{"cards_removed":["Defend_R"],"damage_healed":0,"gold_gain":0,"player_choice":"Card Removal","damage_taken":7,"max_hp_gain":0,"max_hp_loss":0,"event_name":"Golden Wing","floor":14,"gold_loss":0},{"damage_healed":0,"gold_gain":0,"player_choice":"Shed Blood","damage_taken":24,"max_hp_gain":5,"max_hp_loss":0,"event_name":"Forgotten Altar","floor":21,"gold_loss":0},{"damage_healed":0,"gold_gain":0,"player_choice":"Gave Potion","damage_taken":0,"relics_obtained":["InkBottle"],"max_hp_gain":0,"max_hp_loss":0,"event_name":"WeMeetAgain","floor":22,"gold_loss":0}],"is_beta":false,"boss_relics":[{"not_picked":["Black Blood","Sozu"],"picked":"Calling Bell"}],"items_purged_floors":[],"is_endless":false,"potions_floor_spawned":[4,5,7,8,16,20],"killed_by":"Slavers","ascension_level":19}}