{"host":"elacvoo1ojii4e8w","time":1613973356,"event":{"mods":["Aspiration","Bard","BaseMod","BetterRewards","Challenge The Spire","Colored Map","Colored Powertips","Conspire","Downfall","Energized Spire","Friendly Minions","GifTheSpireLib","Halation","Highlight Path","Hubris","Infinite Spire","Mad Scientist","Marisa????????","Minty Spire (QoL Compilation)","Quick Restart","RNG Fix","Relic Sorter","Reliquary","Replay The Spire","Spikes Relics","StS++","StSLib","Stuff the Spire","The Blackbeard","The Disciple","The Gatherer","The Jungle","The Marked","The Runesmith","The Servant 0.9.4","The Valiant","Unceasing Turn Reminder"],"gold_per_floor":[117,117,117,134,107,107,138,148,202,212,222,238,255,23,23,124,124,142,142,156,156,173,173,221,234,234,234,246,275,275,302,302,406,406,425,445,456,456,456],"floor_reached":38,"language":"ENG","playtime":1728,"items_purged":[],"score":470,"play_id":"a840c1bf-6a89-4fa2-893b-99d07e4538bb","local_time":"20210221235556","is_ascension_mode":false,"campfire_choices":[{"data":"Flame Barrier","floor":6,"key":"SMITH"},{"data":"Apotheosis","floor":15,"key":"SMITH"},{"data":"infinitespire:TheBestDefense","floor":23,"key":"SMITH"},{"data":"hubris:Fate","floor":27,"key":"SMITH"},{"data":"infinitespire:OneForAll","floor":32,"key":"SMITH"}],"circlet_count":0,"master_deck":["Strike_R","Strike_R","Strike_R","Strike_R","Strike_R","Defend_R","Defend_R","Defend_R","Defend_R","Bash","Perfected Strike","Flame Barrier+1","Cleave","Invigoration","Infernal Blade","Pommel Strike","Twin Strike","Heavy Blade","Run Through","Apotheosis+1","Whirlwind","Whirlwind","Juggernaut","Perfected Strike","StuffTheSpire:Resist+1","hubris:Fate+1","infinitespire:TheBestDefense+1","infinitespire:Gouge","Twin Strike","Infernal Blade+1","Perfected Strike","infinitespire:OneForAll+1","StuffTheSpire:Harmony","Metallicize+1","Feed","StSpp:TheBiggerTheyAre+1","Headbutt+1","Searing Blow+1"],"relics":["Burning Blood","NeowsBlessing","halation:PinkSoulGem","StuffTheSpire:CocoNut","Happy Flower","SlaversCollar","aspiration:RitualDagger","Meat on the Bone","Toy Ornithopter","ReplayTheSpireMod:Lightbulb","RoseTintedShades","conspire:RoyalGoblet"],"acts_visited":["Exordium","TheCity","TheBeyond"],"potions_floor_usage":[10,16,25,25,28,29,31,35,35,35,38],"damage_taken":[{"damage":0,"enemies":"Cultist","floor":1,"turns":1},{"damage":2,"enemies":"conspire:RoseBush","floor":4,"turns":1},{"damage":0,"enemies":"3 Sentries","floor":7,"turns":2},{"damage":3,"enemies":"infinitespire:Voidling","floor":8,"turns":3},{"damage":4,"enemies":"2 Fungi Beasts","floor":10,"turns":3},{"damage":0,"enemies":"Large Slime","floor":11,"turns":4},{"damage":9,"enemies":"Blue Slaver","floor":12,"turns":3},{"damage":2,"enemies":"3 Louse","floor":13,"turns":3},{"damage":15,"enemies":"The Guardian","floor":16,"turns":8},{"damage":18,"enemies":"Spheric Guardian","floor":18,"turns":4},{"damage":0,"enemies":"Chosen","floor":20,"turns":4},{"damage":17,"enemies":"Snecko","floor":22,"turns":3},{"damage":43,"enemies":"Shelled Parasite and Fungi","floor":25,"turns":4},{"damage":77,"enemies":"Cultist and Chosen","floor":28,"turns":6},{"damage":27,"enemies":"Slavers","floor":29,"turns":3},{"damage":34,"enemies":"conspire:Head Lice","floor":31,"turns":7},{"damage":95,"enemies":"Champ","floor":33,"turns":8},{"damage":50,"enemies":"3 Shapes","floor":35,"turns":4},{"damage":21,"enemies":"Orb Walker","floor":36,"turns":3},{"damage":87,"enemies":"4 Shapes","floor":37,"turns":5},{"damage":66,"enemies":"2 Orb Walkers","floor":38,"turns":3}],"seed_played":"1837189155351000606","potions_obtained":[{"floor":1,"key":"StSpp:InhibitionPotion"},{"floor":12,"key":"conspire:TimeTravelPotion"},{"floor":13,"key":"infinitespire:BlackPotion"},{"floor":16,"key":"ElixirPotion"},{"floor":25,"key":"BloodPotion"},{"floor":28,"key":"Flashbang"},{"floor":29,"key":"bronze:BurnAndBuffPotion"},{"floor":33,"key":"StSpp:ScatteredPotion"},{"floor":37,"key":"Flashbang"}],"is_trial":false,"path_per_floor":["M","?","?","M","$","R","E","M","T","M","M","M","M","$","R","B",null,"M","?","M","AVR","M","R","T","M","T","R","M","E","?","E","R","B",null,"M","M","M","?"],"character_chosen":"IRONCLAD","items_purchased":["Cleave","Apotheosis","Whirlwind"],"campfire_rested":0,"item_purchase_floors":[5,14,14],"current_hp_per_floor":[80,80,80,80,80,80,87,87,87,87,87,84,87,87,87,78,87,75,75,81,81,70,70,70,55,55,55,87,80,80,82,82,49,87,62,65,35,0,0],"gold":456,"neow_bonus":"THREE_ENEMY_KILL","is_daily":false,"chose_seed":false,"campfire_upgraded":5,"win_rate":0.0,"timestamp":1613973356,"path_taken":["M","?","?","M","$","R","E","M","T","M","M","?","M","$","R","BOSS","M","?","M","AVR","M","R","?","M","T","R","M","E","?","E","R","BOSS","M","M","M","?"],"items_purchased_type":["Card","Card","Card"],"build_version":"2020-12-22","purchased_purges":0,"victory":false,"max_hp_per_floor":[80,80,80,80,80,80,87,87,87,87,87,87,87,87,87,87,87,87,87,87,87,87,87,87,87,87,87,87,87,87,87,87,87,87,87,87,87,87,87],"card_choices":[{"not_picked":["StSpp:TheBiggerTheyAre","Shrug It Off"],"picked":"Perfected Strike","floor":1},{"not_picked":["StSpp:Succumb","Sever Soul"],"picked":"Flame Barrier","floor":4},{"not_picked":["Body Slam","Armaments"],"picked":"Invigoration","floor":7},{"not_picked":["Bludgeon","Headbutt"],"picked":"Infernal Blade","floor":8},{"not_picked":["Dual Wield","Iron Wave"],"picked":"Pommel Strike","floor":10},{"not_picked":["Reckless Charge","Perfected Strike"],"picked":"Twin Strike","floor":11},{"not_picked":["Shockwave","StuffTheSpire:Slingshot"],"picked":"Heavy Blade","floor":12},{"not_picked":["Power Through","StuffTheSpire:Incineration"],"picked":"Run Through","floor":13},{"not_picked":["Hemogenesis","StSpp:Betrayal"],"picked":"Juggernaut","floor":16},{"not_picked":["Hemokinesis","Sword Boomerang"],"picked":"Perfected Strike","floor":18},{"not_picked":["StSpp:Sprint+1","Reckless Charge+1"],"picked":"StuffTheSpire:Resist+1","floor":20},{"not_picked":["Headbutt","Armaments"],"picked":"Twin Strike","floor":22},{"not_picked":["StuffTheSpire:Incineration","Sword Boomerang"],"picked":"Infernal Blade+1","floor":25},{"not_picked":["Berserk","Thunderclap+1"],"picked":"Perfected Strike","floor":28},{"not_picked":["Warcry+1","Combust"],"picked":"infinitespire:OneForAll","floor":29},{"not_picked":["StuffTheSpire:Innocence","StuffTheSpire:BrainWave"],"picked":"StuffTheSpire:Harmony","floor":30},{"not_picked":["ReplayTheSpireMod:Strike From Hell","Hemokinesis"],"picked":"Metallicize+1","floor":31},{"not_picked":["Double Tap","Impervious"],"picked":"Feed","floor":33},{"not_picked":["Sword Boomerang","StuffTheSpire:RockThrow+1"],"picked":"StSpp:TheBiggerTheyAre+1","floor":35},{"not_picked":["Sword Boomerang","Anger+1"],"picked":"Headbutt+1","floor":36},{"not_picked":["Warcry","Shrug It Off"],"picked":"Searing Blow+1","floor":37}],"player_experience":75650,"relics_obtained":[{"floor":2,"key":"Lantern"},{"floor":7,"key":"StuffTheSpire:CocoNut"},{"floor":9,"key":"Happy Flower"},{"floor":24,"key":"Toy Ornithopter"},{"floor":29,"key":"ReplayTheSpireMod:Lightbulb"},{"floor":31,"key":"RoseTintedShades"}],"event_choices":[{"damage_healed":0,"gold_gain":0,"player_choice":"Ignored","damage_taken":0,"max_hp_gain":0,"max_hp_loss":0,"event_name":"Vampires","floor":19,"gold_loss":0},{"damage_healed":0,"gold_gain":0,"player_choice":"Fight","damage_taken":0,"max_hp_gain":0,"max_hp_loss":0,"event_name":"Mysterious Sphere","floor":38,"gold_loss":0}],"is_beta":false,"boss_relics":[{"not_picked":["ReplayTheSpireMod:DimensionalGlitch","halation:PlatinumPhoenix"],"picked":"SlaversCollar"},{"not_picked":["energizedSpire:TabascoSauce","Replay:Wanted Poster"],"picked":"conspire:RoyalGoblet"}],"items_purged_floors":[],"is_endless":false,"potions_floor_spawned":[1,12,13,16,25,28,29,33,37],"killed_by":"2 Orb Walkers","ascension_level":0}}