{"host":"yn1175etg9ni8l0q","time":1613993024,"event":{"mods":["AchievementEnabler","BaseMod","Colored Map","Colored Powertips","DeckTracker","Minty Spire (QoL Compilation)","Rare Cards Sparkle","Relic Stats","SuperFastMode","everything is the same but u backflip on backflip"],"gold_per_floor":[32,66,123,180,180,180,283,375,375,419,484,527,570,659,659,784,784,820,838,838,905,524,524,587,114,141,141,141,209,209,209,209,333,333,346,387,424,155,155],"floor_reached":38,"language":"KOR","playtime":1120,"items_purged":["Strike_G","Strike_G","Shame"],"score":411,"play_id":"13ee97fd-266a-41e4-8175-6dbbd35c0448","local_time":"20210222202344","is_ascension_mode":false,"campfire_choices":[{"data":"HandOfGreed","floor":6.0,"key":"SMITH"},{"floor":15.0,"key":"REST"},{"data":"Phantasmal Killer","floor":23.0,"key":"SMITH"},{"floor":28.0,"key":"REST"},{"floor":32.0,"key":"REST"}],"circlet_count":0,"master_deck":["Strike_G+1","Defend_G","Defend_G","Survivor","Neutralize+1","HandOfGreed+1","Acrobatics","Defend_B","Dagger Throw","Backflip","Unload","Terror","Footwork","Phantasmal Killer+1","Prepared","Venomology","Adrenaline","Dagger Spray","Corpse Explosion","Finisher+1","Grand Finale+1","Infinite Blades+1","PiercingWail"],"relics":["Ring of the Snake","White Beast Statue","Mango","SacredBark","Lizard Tail","Potion Belt","Whetstone","Nunchaku","Bag of Preparation","Anchor","Astrolabe","Orrery"],"acts_visited":["Exordium","TheCity","TheBeyond"],"potions_floor_usage":[],"damage_taken":[{"damage":0.0,"enemies":"Small Slimes","floor":1.0,"turns":5.0},{"damage":4.0,"enemies":"Cultist","floor":2.0,"turns":5.0},{"damage":0.0,"enemies":"2 Louse","floor":3.0,"turns":4.0},{"damage":0.0,"enemies":"Exordium Wildlife","floor":4.0,"turns":3.0},{"damage":55.0,"enemies":"3 Sentries","floor":7.0,"turns":13.0},{"damage":8.0,"enemies":"3 Louse","floor":8.0,"turns":5.0},{"damage":0.0,"enemies":"Looter","floor":10.0,"turns":3.0},{"damage":0.0,"enemies":"Exordium Thugs","floor":11.0,"turns":2.0},{"damage":5.0,"enemies":"Blue Slaver","floor":12.0,"turns":4.0},{"damage":2.0,"enemies":"Looter","floor":13.0,"turns":2.0},{"damage":1.0,"enemies":"3 Louse","floor":14.0,"turns":6.0},{"damage":8.0,"enemies":"The Guardian","floor":16.0,"turns":10.0},{"damage":0.0,"enemies":"3 Byrds","floor":18.0,"turns":2.0},{"damage":42.0,"enemies":"Spheric Guardian","floor":19.0,"turns":10.0},{"damage":22.0,"enemies":"Shelled Parasite and Fungi","floor":21.0,"turns":8.0},{"damage":5.0,"enemies":"Centurion and Healer","floor":24.0,"turns":8.0},{"damage":28.0,"enemies":"Sentry and Sphere","floor":29.0,"turns":8.0},{"damage":73.0,"enemies":"Collector","floor":33.0,"turns":10.0},{"damage":32,"enemies":"3 Darklings","floor":35,"turns":6},{"damage":30,"enemies":"3 Shapes","floor":36,"turns":4},{"damage":26,"enemies":"Sphere and 2 Shapes","floor":37,"turns":4}],"seed_played":"5501447125589236142","potions_obtained":[{"floor":3.0,"key":"DistilledChaos"},{"floor":8.0,"key":"Strength Potion"},{"floor":10.0,"key":"CunningPotion"},{"floor":11.0,"key":"Block Potion"},{"floor":12.0,"key":"ColorlessPotion"},{"floor":16.0,"key":"SkillPotion"},{"floor":18.0,"key":"FairyPotion"},{"floor":19.0,"key":"AttackPotion"},{"floor":21.0,"key":"Dexterity Potion"},{"floor":24.0,"key":"GhostInAJar"},{"floor":29.0,"key":"Fire Potion"},{"floor":33.0,"key":"Swift Potion"},{"floor":35,"key":"Regen Potion"},{"floor":36,"key":"Swift Potion"},{"floor":37,"key":"Block Potion"}],"is_trial":false,"path_per_floor":["M","M","M","M","?","R","E","M","T","M","M","M","M","M","R","B",null,"M","M","?","M","$","R","M","$","T","?","R","M","?","?","R","B",null,"M","M","M","$"],"character_chosen":"THE_SILENT","items_purchased":["Potion Belt","Whetstone","Adrenaline","Nunchaku","Bag of Preparation","Orrery"],"campfire_rested":3,"item_purchase_floors":[22,22,25,25,25,38],"current_hp_per_floor":[70,66,66,66,66,66,11,3,17,17,17,12,10,9,34,26,84,84,42,42,20,20,20,15,15,15,15,40,12,12,12,37,15,84,52,22,42,42,42],"gold":155,"neow_bonus":"RANDOM_COLORLESS_2","is_daily":false,"chose_seed":false,"campfire_upgraded":2,"win_rate":0.0,"timestamp":1613993024,"path_taken":["M","M","M","M","?","R","E","M","T","M","M","M","M","?","R","BOSS","M","M","?","M","$","R","M","$","T","?","R","M","?","?","R","BOSS","M","M","M","$"],"items_purchased_type":["Relic","Relic","Card","Relic","Relic","Relic"],"build_version":"2020-12-22","purchased_purges":3,"victory":false,"max_hp_per_floor":[70,70,70,70,70,70,70,70,84,84,84,84,84,84,84,84,84,84,84,84,84,84,84,84,84,84,84,84,84,84,84,84,84,84,84,84,84,84,84],"relic_stats":{"Lizard Tail":42,"Nunchaku":[6],"counters":[21,122],"Astrolabe":["Finisher","Grand Finale","Infinite Blades"],"Bag of Preparation":[10],"Whetstone":["Strike_G","Neutralize"],"obtain_stats":[{"Potion Belt":22,"Lizard Tail":20,"Nunchaku":25,"Anchor":26,"SacredBark":17,"Astrolabe":34,"Orrery":38,"Mango":9,"Bag of Preparation":25,"Whetstone":22,"White Beast Statue":7,"Ring of the Snake":0},{"Potion Belt":15,"Lizard Tail":14,"Nunchaku":16,"Anchor":16,"SacredBark":12,"Astrolabe":18,"Orrery":21,"Mango":6,"Bag of Preparation":16,"Whetstone":15,"White Beast Statue":5,"Ring of the Snake":0},{"Potion Belt":82,"Lizard Tail":74,"Nunchaku":90,"Anchor":90,"SacredBark":62,"Astrolabe":108,"Orrery":122,"Mango":35,"Bag of Preparation":90,"Whetstone":82,"White Beast Statue":30,"Ring of the Snake":0}],"Ring of the Snake":[42]},"card_choices":[{"not_picked":["The Bomb","Violence"],"picked":"HandOfGreed","floor":0.0},{"not_picked":["Prepared","Dagger Spray","Slice"],"picked":"SKIP","floor":1.0},{"not_picked":["Slice","Footwork"],"picked":"Acrobatics","floor":2.0},{"not_picked":["Deflect","Acrobatics","Skewer"],"picked":"SKIP","floor":3.0},{"not_picked":["Slice","Deflect","Storm of Steel"],"picked":"SKIP","floor":4.0},{"not_picked":["Quick Slash","Poisoned Stab"],"picked":"Dagger Throw","floor":7.0},{"not_picked":["Sucker Punch","Acrobatics"],"picked":"Backflip","floor":8.0},{"not_picked":["Poisoned Stab","Sucker Punch","Blade Dance"],"picked":"SKIP","floor":10.0},{"not_picked":["Dagger Spray","Finisher"],"picked":"Unload","floor":11.0},{"not_picked":["Noxious Fumes","Underhanded Strike"],"picked":"Terror","floor":12.0},{"not_picked":["Flying Knee","Catalyst"],"picked":"Footwork","floor":13.0},{"not_picked":["Backstab","All Out Attack","Sucker Punch"],"picked":"SKIP","floor":14.0},{"not_picked":["Glass Knife","Tools of the Trade"],"picked":"Phantasmal Killer","floor":16.0},{"not_picked":["Acrobatics","Dagger Spray"],"picked":"Prepared","floor":18.0},{"not_picked":["Bane","Poisoned Stab+1","Expertise"],"picked":"SKIP","floor":19.0},{"not_picked":["Escape Plan+1","PiercingWail"],"picked":"Venomology","floor":21.0},{"not_picked":["Slice+1","Heel Hook","Poisoned Stab"],"picked":"SKIP","floor":24.0},{"not_picked":["Slice","Backflip"],"picked":"Dagger Spray","floor":29.0},{"not_picked":["Tools of the Trade","Storm of Steel"],"picked":"Corpse Explosion","floor":33.0},{"not_picked":["Accuracy","Flying Knee+1"],"picked":"PiercingWail","floor":35},{"not_picked":["Quick Slash","Infinite Blades+1","Eviscerate+1"],"picked":"SKIP","floor":36},{"not_picked":["Accuracy+1","Prepared+1","Sucker Punch"],"picked":"SKIP","floor":37}],"player_experience":394793,"relics_obtained":[{"floor":7.0,"key":"White Beast Statue"},{"floor":9.0,"key":"Mango"},{"floor":26.0,"key":"Anchor"}],"event_choices":[{"cards_removed":["Defend_G"],"damage_healed":0.0,"max_hp_gain":0.0,"max_hp_loss":0.0,"gold_gain":0.0,"event_name":"NoteForYourself","player_choice":"Took Card","floor":5.0,"gold_loss":0.0,"damage_taken":0.0,"cards_obtained":["Defend_B"]},{"damage_healed":0.0,"max_hp_gain":0.0,"max_hp_loss":0.0,"gold_gain":0.0,"event_name":"The Mausoleum","player_choice":"Opened","floor":20.0,"gold_loss":0.0,"damage_taken":0.0,"relics_obtained":["Lizard Tail"]},{"cards_removed":["Strike_G"],"damage_healed":0.0,"max_hp_gain":0.0,"max_hp_loss":0.0,"gold_gain":0.0,"event_name":"Back to Basics","player_choice":"Elegance","floor":27.0,"gold_loss":0.0,"damage_taken":0.0},{"damage_healed":0.0,"max_hp_gain":0.0,"max_hp_loss":0.0,"gold_gain":0.0,"event_name":"Forgotten Altar","player_choice":"Smashed Altar","floor":30.0,"gold_loss":0.0,"damage_taken":0.0,"cards_obtained":["Decay"]},{"damage_healed":0.0,"max_hp_gain":0.0,"max_hp_loss":0.0,"gold_gain":0.0,"cards_transformed":["Decay"],"event_name":"Transmorgrifier","player_choice":"Transformed","floor":31.0,"gold_loss":0.0,"damage_taken":0.0,"cards_obtained":["Shame"]}],"is_beta":false,"boss_relics":[{"not_picked":["Cursed Key","Empty Cage"],"picked":"SacredBark"},{"not_picked":["Coffee Dripper","Velvet Choker"],"picked":"Astrolabe"}],"items_purged_floors":[22,25,38],"is_endless":false,"potions_floor_spawned":[3,8,10,11,12,13,14,16,18,19,21,24,29,33,35,36,37],"ascension_level":0}}