{"host":"p9t7qd83igtcp2bh","time":1613975681,"event":{"mods":["2.2 Compatiblity","AchievementEnabler","BaseMod","Colored Map","Colored Powertips","Custom Start","DeckTracker","Keyboard Shortcuts","Minty Spire (QoL Compilation)","Permanent Neow","StSLib","SuperFastMode","everything is the same but u backflip on backflip"],"gold_per_floor":[113,124,142,162,162,162,191,191,191,207,220,235,251,41,41,120,120,132,132,151,151,167,167,192,212,239,30,30,80,80,94,94,94,94],"floor_reached":33,"language":"KOR","playtime":1082,"items_purged":["Strike_G"],"score":542,"play_id":"fa65c0f1-a002-4498-9225-6fe2400bbf44","local_time":"20210222153441","is_ascension_mode":true,"campfire_choices":[{"data":"Neutralize","floor":6,"key":"SMITH"},{"data":"Malaise","floor":8,"key":"SMITH"},{"floor":15,"key":"REST"},{"floor":23,"key":"REST"},{"data":"Bouncing Flask","floor":30,"key":"SMITH"},{"data":"Outmaneuver","floor":32,"key":"SMITH"}],"circlet_count":0,"master_deck":["AscendersBane","Strike_G","Strike_G","Defend_G","Defend_G","Defend_G","Survivor","Neutralize+1","Dagger Spray","Expertise","Dagger Spray","Dagger Throw","Backflip","Noxious Fumes+1","Malaise+1","PiercingWail","Quick Slash","Caltrops","Poisoned Stab","Bouncing Flask+1","After Image","CurseOfTheBell","Leg Sweep","Leg Sweep","Backstab","Backflip","Outmaneuver+1","Footwork","Escape Plan"],"relics":["Ring of the Snake","Vajra","Ornamental Fan","Calling Bell","Bag of Marbles","White Beast Statue","Ice Cream","Blue Candle","PreservedInsect","Ancient Tea Set"],"acts_visited":["Exordium","TheCity"],"potions_floor_usage":[7,16,18,20,22,24,24,33,33],"damage_taken":[{"damage":1,"enemies":"Jaw Worm","floor":1,"turns":6},{"damage":0,"enemies":"2 Louse","floor":2,"turns":3},{"damage":4,"enemies":"Small Slimes","floor":3,"turns":3},{"damage":0,"enemies":"Blue Slaver","floor":4,"turns":5},{"damage":25,"enemies":"3 Sentries","floor":7,"turns":5},{"damage":0,"enemies":"Exordium Thugs","floor":10,"turns":4},{"damage":3,"enemies":"Red Slaver","floor":11,"turns":4},{"damage":1,"enemies":"Exordium Wildlife","floor":12,"turns":3},{"damage":3,"enemies":"2 Fungi Beasts","floor":13,"turns":3},{"damage":4,"enemies":"Hexaghost","floor":16,"turns":8},{"damage":5,"enemies":"Chosen","floor":18,"turns":4},{"damage":20,"enemies":"3 Byrds","floor":20,"turns":4},{"damage":9,"enemies":"Snake Plant","floor":22,"turns":4},{"damage":6,"enemies":"Slavers","floor":24,"turns":6},{"damage":5,"enemies":"Chosen and Byrds","floor":25,"turns":6},{"damage":6,"enemies":"Centurion and Healer","floor":31,"turns":7},{"damage":40,"enemies":"Automaton","floor":33,"turns":12}],"seed_played":"1097424791946530197","potions_obtained":[{"floor":1,"key":"ColorlessPotion"},{"floor":2,"key":"Ancient Potion"},{"floor":10,"key":"BlessingOfTheForge"},{"floor":16,"key":"SkillPotion"},{"floor":18,"key":"SteroidPotion"},{"floor":20,"key":"Energy Potion"},{"floor":22,"key":"CunningPotion"},{"floor":24,"key":"ColorlessPotion"},{"floor":25,"key":"Dexterity Potion"}],"is_trial":false,"path_per_floor":["M","M","M","M","?","R","E","R","T","M","M","M","M","$","R","B",null,"M","?","M","?","M","R","E","M","T","$","?","?","R","M","R","B"],"character_chosen":"THE_SILENT","items_purchased":["Bouncing Flask","FearPotion","Footwork","Ancient Tea Set"],"campfire_rested":2,"item_purchase_floors":[14,14,27,27],"current_hp_per_floor":[43,43,39,39,39,39,14,14,14,14,11,10,7,7,26,22,55,50,50,30,30,21,40,34,29,29,29,29,29,29,23,23,0,0],"gold":94,"neow_bonus":"TRANSFORM_TWO_CARDS","is_daily":false,"chose_seed":false,"campfire_upgraded":4,"win_rate":0.0,"timestamp":1613975681,"path_taken":["M","M","M","M","?","R","E","R","T","M","M","M","M","$","R","BOSS","M","?","M","?","M","R","E","M","T","$","?","?","R","?","R","BOSS"],"items_purchased_type":["Card","Potion","Card","Relic"],"build_version":"2020-12-22","purchased_purges":1,"victory":false,"max_hp_per_floor":[66,66,66,66,66,66,66,66,66,66,66,66,66,66,66,66,66,66,66,66,66,66,66,66,66,66,66,66,66,66,66,66,66,66],"card_choices":[{"not_picked":["Calculated Gamble","Outmaneuver"],"picked":"Dagger Spray","floor":1},{"not_picked":["Dodge and Roll","Outmaneuver"],"picked":"Dagger Throw","floor":2},{"not_picked":["Expertise","Accuracy"],"picked":"Backflip","floor":3},{"not_picked":["Sucker Punch","Quick Slash"],"picked":"Noxious Fumes","floor":4},{"not_picked":["All Out Attack","Underhanded Strike"],"picked":"Malaise","floor":7},{"not_picked":["Calculated Gamble","Poisoned Stab"],"picked":"PiercingWail","floor":10},{"not_picked":["Dagger Throw","Expertise"],"picked":"Quick Slash","floor":11},{"not_picked":["Dagger Spray","Sucker Punch"],"picked":"Caltrops","floor":12},{"not_picked":["Acrobatics","Backflip"],"picked":"Poisoned Stab","floor":13},{"not_picked":["Burst","A Thousand Cuts"],"picked":"After Image","floor":16},{"not_picked":["Prepared","Deflect"],"picked":"Leg Sweep","floor":18},{"not_picked":["Cloak And Dagger","Poisoned Stab"],"picked":"Leg Sweep","floor":20},{"not_picked":["Venomology","Poisoned Stab","Dagger Throw+1"],"picked":"SKIP","floor":22},{"not_picked":["Malaise","Bane"],"picked":"Outmaneuver","floor":24},{"not_picked":["Predator+1","Underhanded Strike","Reflex"],"picked":"SKIP","floor":25},{"not_picked":["Backflip","Envenom"],"picked":"Escape Plan","floor":31}],"player_experience":740276,"relics_obtained":[{"floor":7,"key":"Vajra"},{"floor":9,"key":"Ornamental Fan"},{"floor":17,"key":"Bag of Marbles"},{"floor":17,"key":"White Beast Statue"},{"floor":17,"key":"Ice Cream"},{"floor":24,"key":"Blue Candle"},{"floor":26,"key":"PreservedInsect"}],"event_choices":[{"damage_healed":0,"gold_gain":0,"player_choice":"Grow","damage_taken":0,"max_hp_gain":0,"max_hp_loss":0,"event_name":"Living Wall","floor":5,"gold_loss":0,"cards_upgraded":["Noxious Fumes"]},{"damage_healed":0,"gold_gain":0,"player_choice":"Ignored","damage_taken":0,"max_hp_gain":0,"max_hp_loss":0,"event_name":"Ghosts","floor":19,"gold_loss":0},{"damage_healed":0,"gold_gain":0,"cards_transformed":["Strike_G","Defend_G"],"player_choice":"Became Test Subject","damage_taken":0,"max_hp_gain":0,"max_hp_loss":0,"event_name":"Drug Dealer","floor":21,"gold_loss":0,"cards_obtained":["Backstab","Backflip"]},{"damage_healed":0,"gold_gain":50,"player_choice":"Stole From Cult","damage_taken":0,"max_hp_gain":0,"max_hp_loss":0,"event_name":"Nest","floor":29,"gold_loss":0}],"is_beta":false,"boss_relics":[{"not_picked":["SacredBark","Ring of the Serpent"],"picked":"Calling Bell"}],"items_purged_floors":[14],"is_endless":false,"potions_floor_spawned":[1,2,10,16,18,20,22,24,25,31],"killed_by":"Automaton","ascension_level":20}}