{"host":"gfybn4j1d26rvz5e","time":1613953405,"event":{"mods":["BaseMod","Better Altar","Better Match","Better Note","Better Sensory Stone","Better Skull","Better Third Choice","BetterRewards","Highlight Path","Minty Spire (QoL Compilation)","Random Character Button","Relic Stats","StSLib"],"gold_per_floor":[114,114,128,144,69,69,104,104,104,104,46,81,81,98,98,198,198,216,116,131,46,57,57,57],"floor_reached":23,"language":"ENG","playtime":1166,"items_purged":["Strike_R","Strike_R"],"score":449,"play_id":"23ca17ab-62f2-4c6e-9a27-e6ae298da3e6","local_time":"20210221182325","is_ascension_mode":true,"campfire_choices":[{"data":"Bash","floor":6,"key":"SMITH"},{"data":"Cleave","floor":8,"key":"SMITH"},{"data":"Clothesline","floor":10,"key":"SMITH"},{"data":"Limit Break","floor":13,"key":"SMITH"},{"floor":15,"key":"REST"}],"circlet_count":0,"master_deck":["AscendersBane","Strike_R","Strike_R","Defend_R","Defend_R","Defend_R","Defend_R","Bash+1","Inflame","Clothesline+1","Cleave+1","Shrug It Off","Body Slam+1","Limit Break+1","Offering","Disarm+1","Uppercut+1"],"relics":["Burning Blood","CaptainsWheel","Molten Egg 2","Omamori","Anchor","Tiny Chest","Snecko Eye","Unceasing Top"],"acts_visited":["Exordium","TheCity"],"potions_floor_usage":[16,23,23,23],"damage_taken":[{"damage":4,"enemies":"Jaw Worm","floor":1,"turns":4},{"damage":3,"enemies":"2 Louse","floor":3,"turns":2},{"damage":0,"enemies":"Cultist","floor":4,"turns":4},{"damage":27,"enemies":"3 Sentries","floor":7,"turns":8},{"damage":15,"enemies":"Lagavulin","floor":12,"turns":5},{"damage":11,"enemies":"Looter","floor":14,"turns":4},{"damage":3,"enemies":"Slime Boss","floor":16,"turns":7},{"damage":29,"enemies":"Shell Parasite","floor":18,"turns":6},{"damage":22,"enemies":"3 Byrds","floor":20,"turns":5},{"damage":9,"enemies":"Snake Plant","floor":22,"turns":5},{"damage":35,"enemies":"Gremlin Leader","floor":23,"turns":4}],"seed_played":"6627584288427466599","potions_obtained":[{"floor":14,"key":"AttackPotion"},{"floor":16,"key":"LiquidMemories"},{"floor":18,"key":"AttackPotion"},{"floor":20,"key":"Dexterity Potion"}],"is_trial":false,"path_per_floor":["M","?","M","M","$","R","E","R","T","R","?","E","R","M","R","B",null,"M","$","M","?","M","E"],"character_chosen":"IRONCLAD","items_purchased":["Inflame","Clothesline"],"campfire_rested":1,"item_purchase_floors":[0,0],"current_hp_per_floor":[74,67,70,76,76,76,55,55,55,55,55,46,46,41,65,68,77,54,54,38,38,35,0,0],"gold":57,"neow_bonus":"","is_daily":false,"chose_seed":false,"campfire_upgraded":4,"win_rate":0.0,"timestamp":1613953405,"path_taken":["M","?","M","M","$","R","E","R","T","R","?","E","R","M","R","BOSS","M","$","M","?","M","E"],"items_purchased_type":["Card","Card"],"build_version":"2020-12-22","purchased_purges":2,"victory":false,"max_hp_per_floor":[80,80,80,80,80,80,80,80,80,80,80,80,80,80,80,80,80,80,80,80,80,80,80,80],"relic_stats":{"counters":[121,557],"Snecko Eye":[105,84,85,92],"Tiny Chest":0,"obtain_stats":[{"Ice Cream":7,"Calipers":0,"Vajra":29,"Boot":12,"Sling":21,"FaceOfCleric":28,"Prayer Wheel":0,"MealTicket":7,"Oddly Smooth Stone":41,"Eternal Feather":9,"Pen Nib":13,"Du-Vu Doll":8,"SlaversCollar":17,"Bird Faced Urn":9,"Bronze Scales":43,"Snecko Eye":34,"Molten Egg 2":7,"Mark of Pain":17,"Unceasing Top":6,"Meat on the Bone":24,"Lantern":27,"Regal Pillow":11,"Torii":36,"Mango":25,"Bag of Preparation":0,"Empty Cage":34,"Smiling Mask":26,"Burning Blood":0,"Dream Catcher":9,"Matryoshka":9,"Mummified Hand":13,"Pantograph":24,"Tiny Chest":29,"WingedGreaves":29,"Red Skull":47,"Paper Frog":19,"Potion Belt":26,"Self Forming Clay":31,"Golden Idol":5,"The Courier":31,"PreservedInsect":0,"Omamori":26,"MawBank":26,"Anchor":19,"CaptainsWheel":0,"Busted Crown":17,"Ornamental Fan":45,"Art of War":14,"Coffee Dripper":17,"Membership Card":0,"Champion Belt":24,"Bottled Lightning":26,"Toy Ornithopter":7,"FossilizedHelix":0},{"Ice Cream":78,"Calipers":56,"Vajra":29,"Boot":101,"Sling":105,"FaceOfCleric":53,"Prayer Wheel":74,"MealTicket":90,"Oddly Smooth Stone":36,"Eternal Feather":78,"Pen Nib":22,"Du-Vu Doll":4,"SlaversCollar":6,"Bird Faced Urn":4,"Bronze Scales":37,"Snecko Eye":13,"Molten Egg 2":114,"Mark of Pain":48,"Unceasing Top":3,"Meat on the Bone":68,"Lantern":28,"Regal Pillow":62,"Torii":33,"Mango":52,"Bag of Preparation":41,"Empty Cage":31,"Smiling Mask":69,"Burning Blood":0,"Dream Catcher":19,"Matryoshka":60,"Mummified Hand":92,"Pantograph":9,"Tiny Chest":72,"WingedGreaves":54,"Red Skull":40,"Paper Frog":7,"Potion Belt":69,"Self Forming Clay":30,"Golden Idol":98,"The Courier":12,"PreservedInsect":15,"Omamori":27,"MawBank":9,"Anchor":66,"CaptainsWheel":86,"Busted Crown":65,"Ornamental Fan":39,"Art of War":5,"Coffee Dripper":82,"Membership Card":74,"Champion Belt":107,"Bottled Lightning":107,"Toy Ornithopter":19,"FossilizedHelix":41},{"Ice Cream":351,"Calipers":254,"Vajra":120,"Boot":460,"Sling":482,"FaceOfCleric":235,"Prayer Wheel":336,"MealTicket":401,"Oddly Smooth Stone":152,"Eternal Feather":351,"Pen Nib":98,"Du-Vu Doll":14,"SlaversCollar":22,"Bird Faced Urn":14,"Bronze Scales":155,"Snecko Eye":62,"Molten Egg 2":521,"Mark of Pain":214,"Unceasing Top":11,"Meat on the Bone":305,"Lantern":117,"Regal Pillow":276,"Torii":140,"Mango":230,"Bag of Preparation":177,"Empty Cage":131,"Smiling Mask":309,"Burning Blood":0,"Dream Catcher":86,"Matryoshka":270,"Mummified Hand":412,"Pantograph":37,"Tiny Chest":326,"WingedGreaves":241,"Red Skull":170,"Paper Frog":26,"Potion Belt":309,"Self Forming Clay":124,"Golden Idol":445,"The Courier":53,"PreservedInsect":71,"Omamori":114,"MawBank":37,"Anchor":295,"CaptainsWheel":385,"Busted Crown":292,"Ornamental Fan":165,"Art of War":16,"Coffee Dripper":369,"Membership Card":336,"Champion Belt":487,"Bottled Lightning":487,"Toy Ornithopter":86,"FossilizedHelix":177}],"Burning Blood":629,"Unceasing Top":[0]},"card_choices":[{"not_picked":["Body Slam","Sword Boomerang"],"picked":"Cleave","floor":1},{"not_picked":["Cleave","Iron Wave"],"picked":"Shrug It Off","floor":3},{"not_picked":["Twin Strike","Iron Wave","Power Through"],"picked":"SKIP","floor":4},{"not_picked":["Metallicize","Carnage+1"],"picked":"Body Slam+1","floor":7},{"not_picked":["Havoc","Sever Soul+1"],"picked":"Limit Break","floor":12},{"not_picked":["Clothesline+1","Fire Breathing","Intimidate"],"picked":"SKIP","floor":14},{"not_picked":["Brutality","Double Tap"],"picked":"Offering","floor":16},{"not_picked":["Shrug It Off+1","Whirlwind+1","Armaments"],"picked":"SKIP","floor":18},{"not_picked":["Battle Trance","Headbutt+1"],"picked":"Disarm+1","floor":20},{"not_picked":["Headbutt+1","Second Wind"],"picked":"Uppercut+1","floor":22}],"player_experience":671230,"relics_obtained":[{"floor":7,"key":"Molten Egg 2"},{"floor":9,"key":"Omamori"},{"floor":12,"key":"Tiny Chest"}],"event_choices":[{"cards_removed":["Strike_R"],"damage_healed":0,"gold_gain":0,"player_choice":"Card Removal","damage_taken":7,"max_hp_gain":0,"max_hp_loss":0,"event_name":"Golden Wing","floor":2,"gold_loss":0},{"damage_healed":0,"gold_gain":0,"player_choice":"Paid Gold","damage_taken":0,"relics_obtained":["Anchor"],"max_hp_gain":0,"max_hp_loss":0,"event_name":"WeMeetAgain","floor":11,"gold_loss":58},{"damage_healed":0,"gold_gain":0,"player_choice":"Obtained Relic","damage_taken":0,"relics_obtained":["Unceasing Top"],"max_hp_gain":0,"max_hp_loss":0,"event_name":"Addict","floor":21,"gold_loss":85}],"is_beta":false,"boss_relics":[{"not_picked":["Ectoplasm","Black Star"],"picked":"Snecko Eye"}],"items_purged_floors":[5,19],"is_endless":false,"potions_floor_spawned":[14,16,18,20],"killed_by":"Gremlin Leader","ascension_level":10}}