{"host":"ryvutu1u5hzf7gf9","time":1613995953,"event":{"mods":["BaseMod","BetterRewards","Colored Powertips","Downfall","Infinite Spire","Minty Spire (QoL Compilation)","MostiFishMod","Replay The Spire","Shop Mod","StSLib","The Poker Player","UnlockEverythingMod","[IsaacMod]ÒÔÈö¼âËþ","noobMod"],"gold_per_floor":[99,110,117,117,143,143,169,169,182,257,257,267,367,410,424,433,433,433],"floor_reached":16,"language":"ZHS","playtime":815,"items_purged":[],"score":100,"play_id":"cf482726-b4bc-4764-8abb-4896bf430342","local_time":"20210222201233","is_ascension_mode":false,"metric_token":918,"campfire_choices":[{"data":"PokerPlayerMod:Diamond4","floor":1,"key":"SMITH"},{"data":"PokerPlayerMod:Spade2","floor":8,"key":"SMITH"},{"data":"PokerPlayerMod:Raise","floor":11,"key":"SMITH"}],"circlet_count":0,"master_deck":["PokerPlayerMod:Diamond4","PokerPlayerMod:Diamond2","PokerPlayerMod:Diamond3","PokerPlayerMod:Diamond5","PokerPlayerMod:Diamond5","PokerPlayerMod:Spade3","PokerPlayerMod:Spade4","PokerPlayerMod:Spade5","PokerPlayerMod:Club1","PokerPlayerMod:Club2","PokerPlayerMod:Heart3","PokerPlayerMod:TrumpStrike+1","PokerPlayerMod:BadJoker+1","PokerPlayerMod:Mulligan","PokerPlayerMod:Raise+1","PokerPlayerMod:Club3"],"relics":["PokerPlayerMod:DeckCase","HushsDoor","ice","DaveBox","DSteel32","Damocles","SalivaCoin","Ancient Tea Set","SynthV:C4","Simple Rune","Pantograph","infinitespire:Midas Blood","Replay:Bottled Steam","ArrowTower","infinitespire:FocusingShard","Happy Flower","Replay:Accelerometer"],"acts_visited":["Exordium"],"potions_floor_usage":[],"damage_taken":[{"damage":1,"enemies":"2 Louse","floor":2,"turns":3},{"damage":11,"enemies":"Jaw Worm","floor":5,"turns":2},{"damage":0,"enemies":"Cultist","floor":9,"turns":1},{"damage":19,"enemies":"Lagavulin Event","floor":10,"turns":6},{"damage":0,"enemies":"2 Fungi Beasts","floor":12,"turns":1},{"damage":9,"enemies":"Lagavulin","floor":14,"turns":4},{"damage":0,"enemies":"Large Slime","floor":15,"turns":2},{"damage":0,"enemies":"IC_STATUS_ARCHETYPE","floor":16,"turns":2}],"seed_played":"4996423988483196234","potions_obtained":[{"floor":2,"key":"FearPotion"},{"floor":10,"key":"Block Potion"},{"floor":15,"key":"LifebloodPotion"}],"is_trial":false,"path_per_floor":["R","M","?","?","M","?","T","R","M","?","R","M","?","E","M","B"],"character_chosen":"THE_POKER_PLAYER","items_purchased":[],"campfire_rested":0,"item_purchase_floors":[],"current_hp_per_floor":[57,56,41,41,30,30,30,30,30,15,15,15,15,13,18,0,0,0],"gold":433,"neow_bonus":"TEN_PERCENT_HP_BONUS","is_daily":false,"chose_seed":false,"campfire_upgraded":3,"win_rate":0.0,"timestamp":1613995953,"path_taken":["R","M","?","?","?","?","T","R","?","?","R","M","?","E","M","BOSS"],"items_purchased_type":[],"build_version":"2020-12-22","purchased_purges":0,"victory":false,"max_hp_per_floor":[57,57,57,57,57,57,57,57,57,57,57,57,57,57,57,57,57,57],"card_choices":[{"not_picked":["PokerPlayerMod:Spade3","PokerPlayerMod:SecondChance","PokerPlayerMod:SpadeStrike"],"picked":"SKIP","floor":2},{"not_picked":["PokerPlayerMod:HotShotCut","PokerPlayerMod:Spade2","PokerPlayerMod:Heart3"],"picked":"SKIP","floor":5},{"not_picked":["PokerPlayerMod:MagicTrick","PokerPlayerMod:Spade1","PokerPlayerMod:Configure"],"picked":"SKIP","floor":9},{"not_picked":["PokerPlayerMod:Diamond4","PokerPlayerMod:Diamond1"],"picked":"PokerPlayerMod:Raise","floor":10},{"not_picked":["PokerPlayerMod:DartThrow","PokerPlayerMod:Raise","PokerPlayerMod:Trickery"],"picked":"SKIP","floor":12},{"not_picked":["PokerPlayerMod:Spade4","PokerPlayerMod:Heart5"],"picked":"PokerPlayerMod:Club3","floor":14},{"not_picked":["PokerPlayerMod:Raise","PokerPlayerMod:Fold","PokerPlayerMod:Club3"],"picked":"SKIP","floor":15}],"player_experience":134012,"relics_obtained":[{"floor":2,"key":"SalivaCoin"},{"floor":5,"key":"SynthV:C4"},{"floor":7,"key":"Simple Rune"},{"floor":9,"key":"Pantograph"},{"floor":10,"key":"infinitespire:Midas Blood"},{"floor":10,"key":"Replay:Bottled Steam"},{"floor":12,"key":"ArrowTower"},{"floor":14,"key":"infinitespire:FocusingShard"},{"floor":14,"key":"Happy Flower"},{"floor":15,"key":"Replay:Accelerometer"}],"event_choices":[],"is_beta":false,"boss_relics":[],"items_purged_floors":[],"is_endless":false,"potions_floor_spawned":[2,10,15],"killed_by":"IC_STATUS_ARCHETYPE","ascension_level":0}}