{"host":"btkbr53c3gip0r7d","time":1613972742,"event":{"mods":["BaseMod","Better Altar","Better Match","Better Note","Better Sensory Stone","Better Skull","Better Third Choice","Colored Map","Curses Come First","Downfall","Minty Spire (QoL Compilation)","StSLib","The Cursed","The Marked"],"gold_per_floor":[99,117,117,135,155,193,193,293,320,653,953,987,887,921,932,1035,1035,1035,1035,371,388,388,438,438,476,476,476,521,521,539,571,592,697,697,697,716,716,425,425,425,425,517,564,585,118,155,155,172,187,187],"floor_reached":51,"language":"ENG","playtime":8372,"items_purged":["downfall:Icky","downfall:Icky"],"score":975,"play_id":"f4d5ddf1-34d3-41a9-a0c9-df121be110bf","local_time":"20210221224542","is_ascension_mode":true,"campfire_choices":[{"data":"hexamod:Sear","floor":1,"key":"SMITH"},{"data":"hexamod:ParanormalForm","floor":13,"key":"SMITH"},{"data":"hexamod:SearingWound","floor":18,"key":"SMITH"},{"floor":26,"key":"REST"},{"data":"RitualDagger","floor":29,"key":"SMITH"},{"data":"hexamod:EtherealExpedition","floor":35,"key":"SMITH"},{"data":"Master of Strategy","floor":40,"key":"SMITH"},{"data":"hexamod:ParanormalForm","floor":47,"key":"SMITH"}],"circlet_count":0,"master_deck":["hexamod:Sear+1","hexamod:Float+1","hexamod:GhostLash+1","hexamod:SecondSeal","hexamod:CatchUp+1","hexamod:BurningTouch+1","hexamod:EmpoweredFlame+1","hexamod:FirstSeal","hexamod:FirstSeal","hexamod:ParanormalForm+1","hexamod:FastForward","hexamod:ThirdSeal","hexamod:SixthSeal","hexamod:ChargedBarrage","hexamod:SecondSeal","hexamod:SpectralSpark+1","hexamod:StepThrough+1","hexamod:SwordOfDarkness+1","hexamod:SoulSteal+1","hexamod:SearingWound+1","hexamod:EtherealExpedition+1","hexamod:FourthSeal","hexamod:SkipABeat+1","hexamod:Hexaguard+1","hexamod:NecessarySacrifice+1","RitualDagger+1","hexamod:PowerFromBeyond","hexamod:RainOfEmbers+1","hexamod:TimeWarp+1","hexamod:RetreatToShadows+1","hexamod:ParanormalForm+1","hexamod:TimeWarp+1","hexamod:HauntingEcho+1","Impatience+1","Master of Strategy+1","Master of Strategy+1","hexamod:DynamicBlow+1","hexamod:ForkedFlame+1","hexamod:Rewind","hexamod:HeatCrush+1","hexamod:ParanormalForm+1","hexamod:PhantomFireball+1"],"relics":["hexamod:UnbrokenSoul","Mango","WarpedTongs","Eternal Feather","FossilizedHelix","Old Coin","Strawberry","downfall:HeartBlessingGreen","Anchor","Pandora\u0027s Box","Bronze Scales","Pantograph","ClockworkSouvenir","Turnip","Molten Egg 2","Bag of Marbles","Blue Candle","Omamori","Mercury Hourglass","Whetstone","sneckomod:BlankCard","Thread and Needle","Oddly Smooth Stone"],"acts_visited":["Exordium","TheCity","TheBeyond"],"potions_floor_usage":[6,12,23,25,25,28,33,36,38,46,46,48,50,50],"damage_taken":[{"damage":0,"enemies":"Jaw Worm","floor":2,"turns":4},{"damage":3,"enemies":"Cultist","floor":4,"turns":3},{"damage":7,"enemies":"2 Louse","floor":5,"turns":2},{"damage":16,"enemies":"Lagavulin","floor":6,"turns":7},{"damage":26,"enemies":"downfall:Heads","floor":8,"turns":6},{"damage":0,"enemies":"2 Fungi Beasts","floor":9,"turns":3},{"damage":0,"enemies":"Gremlin Nob","floor":10,"turns":3},{"damage":4,"enemies":"3 Sentries","floor":12,"turns":5},{"damage":0,"enemies":"Gremlin Nob","floor":14,"turns":4},{"damage":0,"enemies":"Blue Slaver","floor":15,"turns":3},{"damage":21,"enemies":"DF_ARCHETYPE_STREAMLINE","floor":16,"turns":8},{"damage":0,"enemies":"downfall:FleeingMerchant","floor":20,"turns":4},{"damage":23,"enemies":"Shell Parasite","floor":21,"turns":4},{"damage":29,"enemies":"Book of Stabbing","floor":23,"turns":4},{"damage":18,"enemies":"Gremlin Leader","floor":25,"turns":5},{"damage":32,"enemies":"Slavers","floor":28,"turns":5},{"damage":0,"enemies":"3 Byrds","floor":30,"turns":2},{"damage":0,"enemies":"Centurion and Healer","floor":31,"turns":5},{"damage":32,"enemies":"3 Cultists","floor":32,"turns":5},{"damage":55,"enemies":"WA_ARCHETYPE_CALM","floor":33,"turns":9},{"damage":18,"enemies":"Orb Walker","floor":36,"turns":4},{"damage":6,"enemies":"downfall:FleeingMerchant","floor":38,"turns":4},{"damage":0,"enemies":"downfall:FleeingMerchant","floor":42,"turns":1},{"damage":12,"enemies":"Nemesis","floor":43,"turns":4},{"damage":0,"enemies":"3 Shapes","floor":44,"turns":3},{"damage":16,"enemies":"Reptomancer","floor":46,"turns":4},{"damage":0,"enemies":"Writhing Mass","floor":48,"turns":3},{"damage":4,"enemies":"Spire Growth","floor":49,"turns":3},{"damage":4,"enemies":"IC_BLOCK_ARCHETYPE","floor":50,"turns":6}],"seed_played":"2346680064003658422","potions_obtained":[{"floor":2,"key":"champ:CounterPotion"},{"floor":9,"key":"SpeedPotion"},{"floor":10,"key":"LiquidBronze"},{"floor":14,"key":"LiquidBronze"},{"floor":16,"key":"Fire Potion"},{"floor":21,"key":"sneckomod:MuddlingPotion"},{"floor":23,"key":"Dexterity Potion"},{"floor":25,"key":"sneckomod:MuddlingPotion"},{"floor":28,"key":"EssenceOfSteel"},{"floor":31,"key":"hexamod:SoulburnPotion"},{"floor":32,"key":"Slimebound:ThreeZeroPotion"},{"floor":33,"key":"DistilledChaos"},{"floor":38,"key":"DuplicationPotion"},{"floor":43,"key":"bronze:BurnAndBuffPotion"},{"floor":46,"key":"Strength Potion"},{"floor":48,"key":"Slimebound:ThreeZeroPotion"},{"floor":48,"key":"hexamod:DoubleChargePotion"},{"floor":49,"key":"Energy Potion"}],"is_trial":false,"path_per_floor":["R","M","?","M","M","E","T","?","M","E","?","E","R","E","M","B",null,"R","?","$","M","?","E","T","E","R","?","E","R","M","M","M","B",null,"R","M","?","$","?","R","T","$","E","M","$","E","R","M","M","B",null],"character_chosen":"THE_SPIRIT","items_purchased":["Bronze Scales","Pantograph","ClockworkSouvenir","hexamod:SkipABeat","Master of Strategy","Mercury Hourglass","sneckomod:BlankCard","Thread and Needle"],"campfire_rested":1,"item_purchase_floors":[20,20,20,20,38,42,45,45],"current_hp_per_floor":[77,77,77,74,67,51,51,25,25,32,32,49,61,68,75,54,84,84,84,84,61,55,40,40,22,62,62,44,59,59,73,55,25,84,84,73,73,74,74,84,84,84,72,72,72,63,84,84,80,80],"gold":187,"neow_bonus":"ONE_RARE_RELIC","is_daily":false,"chose_seed":false,"campfire_upgraded":7,"win_rate":0.0,"timestamp":1613972742,"path_taken":["R","M","?","M","?","E","T","?","M","E","?","E","R","E","M","BOSS","R","?","$","M","?","E","T","E","R","?","E","R","?","M","M","BOSS","R","M","?","?","?","R","T","$","E","?","$","E","R","M","M","BOSS"],"items_purchased_type":["Relic","Relic","Relic","Card","Card","Relic","Relic","Relic"],"build_version":"2020-12-22","purchased_purges":2,"victory":true,"max_hp_per_floor":[77,77,77,77,77,77,77,77,77,77,77,84,84,84,84,84,84,84,84,84,84,84,84,84,84,84,84,84,84,84,84,84,84,84,84,84,84,84,84,84,84,84,84,84,84,84,84,84,84,84],"card_choices":[{"not_picked":["hexamod:BurningTouch","hexamod:NightmareGuise"],"picked":"hexamod:GhostLash","floor":2},{"not_picked":["hexamod:SuperheatedStrike","hexamod:PhantomCloak"],"picked":"hexamod:GhostLash","floor":4},{"not_picked":["hexamod:InspiringFlames","hexamod:GhostShield"],"picked":"hexamod:SecondSeal","floor":5},{"not_picked":["hexamod:FlamesFromBeyond","hexamod:BacktrackSmack"],"picked":"hexamod:CatchUp","floor":6},{"not_picked":["hexamod:BurningTouch","hexamod:NecessarySacrifice"],"picked":"hexamod:EmpoweredFlame","floor":8},{"not_picked":["hexamod:EmpoweredFlame","hexamod:SuperheatedStrike"],"picked":"hexamod:FirstSeal","floor":9},{"not_picked":["hexamod:ChargedBarrage","hexamod:HauntingEcho"],"picked":"hexamod:FirstSeal","floor":10},{"not_picked":["hexamod:BacktrackSmack","hexamod:FastForward"],"picked":"hexamod:ParanormalForm","floor":12},{"not_picked":["hexamod:HauntingEcho","hexamod:NightmareStrike"],"picked":"hexamod:FastForward","floor":14},{"not_picked":["hexamod:ShieldOfDarkness","hexamod:NightmareStrike"],"picked":"hexamod:ThirdSeal","floor":15},{"not_picked":["hexamod:FlameSwitch","hexamod:ApocalypticArmor"],"picked":"hexamod:SixthSeal","floor":16},{"not_picked":["hexamod:GhostOfSpirePast","hexamod:SwordOfDarkness+1"],"picked":"hexamod:FourthSeal","floor":20},{"not_picked":["hexamod:ChargedBarrage","hexamod:FirstSeal","hexamod:BacktrackSmack"],"picked":"SKIP","floor":20},{"not_picked":["hexamod:BacktrackSmack+1","hexamod:HauntingEcho"],"picked":"hexamod:Hexaguard+1","floor":21},{"not_picked":["hexamod:HeatShield","hexamod:Firestarter"],"picked":"hexamod:NecessarySacrifice+1","floor":21},{"not_picked":["hexamod:ThirdSeal","hexamod:HeatMetal","hexamod:SoulSteal"],"picked":"SKIP","floor":23},{"not_picked":["hexamod:NightmareGuise","hexamod:HeatMetal+1","hexamod:Firestarter+1"],"picked":"SKIP","floor":25},{"not_picked":["hexamod:InspiringFlames+1","hexamod:RadiantFlame"],"picked":"hexamod:RainOfEmbers+1","floor":28},{"not_picked":["hexamod:FlamesFromBeyond+1","hexamod:InspiringFlames+1"],"picked":"hexamod:TimeWarp+1","floor":30},{"not_picked":["hexamod:FlamesFromBeyond","hexamod:Firestarter+1"],"picked":"hexamod:RetreatToShadows+1","floor":31},{"not_picked":["hexamod:CatchUp","hexamod:HeatMetal+1"],"picked":"hexamod:ParanormalForm","floor":32},{"not_picked":["hexamod:NecessarySacrifice","hexamod:NightmareStrike+1","hexamod:FastForward"],"picked":"SKIP","floor":32},{"not_picked":["hexamod:VolcanoVisage","hexamod:GhostOfSpirePresent"],"picked":"hexamod:TimeWarp+1","floor":33},{"not_picked":["hexamod:FlamesFromBeyond+1","hexamod:SpectersWail+1"],"picked":"hexamod:HauntingEcho+1","floor":36},{"not_picked":["hexamod:SuperheatedStrike+1","hexamod:AdvancingGuard+1","hexamod:HeatMetal+1"],"picked":"SKIP","floor":36},{"not_picked":["Finesse","Blind"],"picked":"Impatience","floor":37},{"not_picked":["Swift Strike+1","Flash of Steel+1"],"picked":"Master of Strategy","floor":37},{"not_picked":["hexamod:SwordOfDarkness+1","hexamod:Firestarter+1","hexamod:SoulSteal"],"picked":"SKIP","floor":38},{"not_picked":["hexamod:NightmareStrike+1","hexamod:NightmareGuise","hexamod:HauntingEcho+1"],"picked":"SKIP","floor":38},{"not_picked":["hexamod:GhostShield+1","hexamod:BurningTouch"],"picked":"hexamod:DynamicBlow+1","floor":42},{"not_picked":["hexamod:FastForward+1","hexamod:RadiantFlame"],"picked":"hexamod:ForkedFlame+1","floor":43},{"not_picked":["hexamod:NecessarySacrifice+1","hexamod:Hexaguard+1"],"picked":"hexamod:Rewind","floor":43},{"not_picked":["hexamod:EmpoweredFlame+1","hexamod:RadiantFlame+1"],"picked":"hexamod:HeatCrush+1","floor":44},{"not_picked":["hexamod:Rewind+1","hexamod:Firestarter+1"],"picked":"hexamod:ParanormalForm","floor":46},{"not_picked":["hexamod:GhostLash+1","hexamod:SwordOfDarkness+1"],"picked":"hexamod:PhantomFireball+1","floor":48},{"not_picked":["hexamod:ShieldOfDarkness+1","hexamod:BurningTouch","hexamod:GhostLash+1"],"picked":"SKIP","floor":49}],"player_experience":1507481,"relics_obtained":[{"floor":6,"key":"Eternal Feather"},{"floor":7,"key":"FossilizedHelix"},{"floor":10,"key":"Old Coin"},{"floor":12,"key":"Strawberry"},{"floor":14,"key":"Anchor"},{"floor":23,"key":"Turnip"},{"floor":24,"key":"Molten Egg 2"},{"floor":25,"key":"Bag of Marbles"},{"floor":28,"key":"Blue Candle"},{"floor":41,"key":"Omamori"},{"floor":43,"key":"Whetstone"},{"floor":46,"key":"Oddly Smooth Stone"}],"event_choices":[{"damage_healed":0,"gold_gain":0,"player_choice":"Rummage","damage_taken":0,"relics_obtained":["WarpedTongs"],"max_hp_gain":0,"max_hp_loss":0,"event_name":"Accursed Blacksmith","floor":3,"gold_loss":0,"cards_obtained":["Pain"]},{"damage_healed":0,"gold_gain":0,"player_choice":"Read","damage_taken":0,"max_hp_gain":0,"max_hp_loss":0,"event_name":"The Library","floor":19,"gold_loss":0,"cards_obtained":["hexamod:EtherealExpedition"]},{"damage_healed":0,"gold_gain":3,"player_choice":"1","damage_taken":0,"max_hp_gain":0,"max_hp_loss":0,"event_name":"betterStone:BetterStone","floor":37,"gold_loss":0}],"is_beta":false,"boss_relics":[{"not_picked":["Tiny House","Empty Cage"],"picked":"Pandora\u0027s Box"},{"not_picked":["Busted Crown","bronze:MakeshiftBattery"],"picked":"hexamod:UnbrokenSoul"}],"items_purged_floors":[20,38],"is_endless":false,"potions_floor_spawned":[2,9,10,14,16,23,25,31,43,48,49],"ascension_level":2}}