{"host":"b3fp0sgzld04crtx","time":1613961823,"event":{"mods":["AchievementEnabler","BaseMod","Colored Map","Colored Powertips","Highlight Path","Minty Spire (QoL Compilation)","Quick Restart","StSLib"],"gold_per_floor":[118,38,38,38,52,72,23,23,94,94,134,157,34,47,47,178,178,173,187,211,211,33,33,33,71,71,84,84,104,5,5,5,5,5],"floor_reached":33,"language":"ENG","playtime":2081,"items_purged":["Defend_P","Strike_P"],"score":315,"play_id":"5404fc3f-0cce-4ef9-b459-a95e74fca01d","local_time":"20210221204343","is_ascension_mode":false,"campfire_choices":[{"data":"Eruption","floor":10,"key":"SMITH"},{"data":"Conclude","floor":15,"key":"SMITH"},{"floor":23,"key":"REST"},{"floor":28,"key":"REST"},{"data":"Fasting2","floor":32,"key":"SMITH"}],"circlet_count":0,"master_deck":["Strike_P","Strike_P","Defend_P","Defend_P","Defend_P","Eruption+1","Vigilance","ReachHeaven","Conclude+1","Fasting2+1","DeceiveReality","Protect","Wallop","ClearTheMind+1","Ragnarok","CutThroughFate","CutThroughFate","Swivel+1","ThirdEye+1","Shame"],"relics":["SacredBark","Golden Idol","Question Card","Regal Pillow","Black Star","MutagenicStrength","Smiling Mask","HornCleat","Molten Egg 2","MealTicket"],"acts_visited":["Exordium","TheCity"],"potions_floor_usage":[11,11,16,19,20,25,25,27,33,33],"damage_taken":[{"damage":0,"enemies":"Small Slimes","floor":1,"turns":3},{"damage":1,"enemies":"Cultist","floor":5,"turns":3},{"damage":1,"enemies":"Jaw Worm","floor":6,"turns":4},{"damage":14,"enemies":"Gremlin Nob","floor":11,"turns":3},{"damage":11,"enemies":"Exordium Thugs","floor":12,"turns":5},{"damage":0,"enemies":"Lots of Slimes","floor":14,"turns":1},{"damage":0,"enemies":"Slime Boss","floor":16,"turns":5},{"damage":11,"enemies":"2 Thieves","floor":18,"turns":5},{"damage":7,"enemies":"Shell Parasite","floor":19,"turns":5},{"damage":30,"enemies":"Snake Plant","floor":20,"turns":6},{"damage":29,"enemies":"Slavers","floor":25,"turns":3},{"damage":24,"enemies":"Cultist and Chosen","floor":27,"turns":6},{"damage":5,"enemies":"Snecko","floor":29,"turns":7},{"damage":128,"enemies":"Collector","floor":33,"turns":8}],"seed_played":"-7195636953937934965","potions_obtained":[{"floor":1,"key":"SneckoOil"},{"floor":5,"key":"Energy Potion"},{"floor":16,"key":"Block Potion"},{"floor":18,"key":"Block Potion"},{"floor":20,"key":"LiquidMemories"},{"floor":25,"key":"Dexterity Potion"},{"floor":29,"key":"SpeedPotion"}],"is_trial":false,"path_per_floor":["M","$","?","?","M","M","$","?","T","R","E","M","$","M","R","B",null,"M","M","M","?","$","R","?","E","T","M","R","M","$","?","R","B"],"character_chosen":"WATCHER","items_purchased":["Conclude","Explosive Potion","PowerPotion","Regen Potion","FairyPotion"],"campfire_rested":2,"item_purchase_floors":[2,7,13,22,30],"current_hp_per_floor":[72,72,54,54,53,52,52,52,52,52,38,27,27,27,27,27,72,61,54,24,24,24,60,60,50,50,26,62,57,57,57,57,0,0],"gold":5,"neow_bonus":"BOSS_RELIC","is_daily":false,"chose_seed":false,"campfire_upgraded":3,"win_rate":0.0,"timestamp":1613961823,"path_taken":["M","$","?","?","?","M","?","?","T","R","E","?","?","M","R","BOSS","M","M","?","?","?","R","?","E","T","M","R","?","?","?","R","BOSS"],"items_purchased_type":["Card","Potion","Potion","Potion","Potion"],"build_version":"2020-12-22","purchased_purges":2,"victory":false,"max_hp_per_floor":[72,72,72,72,72,72,72,72,72,72,72,72,72,72,72,72,72,72,72,72,72,72,72,72,72,72,72,72,72,72,72,72,72,72],"card_choices":[{"not_picked":["CrushJoints","DeceiveReality"],"picked":"ReachHeaven","floor":1},{"not_picked":["JustLucky","ForeignInfluence"],"picked":"Fasting2","floor":5},{"not_picked":["ReachHeaven","Meditate"],"picked":"DeceiveReality","floor":6},{"not_picked":["Evaluate","Meditate","Tantrum"],"picked":"Protect","floor":11},{"not_picked":["EmptyBody","FollowUp","Vengeance"],"picked":"Wallop","floor":12},{"not_picked":["Consecrate","Fasting2","EmptyMind"],"picked":"ClearTheMind","floor":14},{"not_picked":["ConjureBlade","DevaForm","Omniscience"],"picked":"Ragnarok","floor":16},{"not_picked":["FlurryOfBlows","JustLucky","EmptyBody","Evaluate"],"picked":"SKIP","floor":18},{"not_picked":["TalkToTheHand","Prostrate","Consecrate"],"picked":"CutThroughFate","floor":19},{"not_picked":["Prostrate","SashWhip+1","WheelKick"],"picked":"CutThroughFate","floor":20},{"not_picked":["CrushJoints","Worship","CutThroughFate"],"picked":"Swivel+1","floor":25},{"not_picked":["Crescendo","CrushJoints+1","Evaluate+1"],"picked":"ThirdEye+1","floor":27},{"not_picked":["Perseverance","EmptyFist+1","Indignation","PathToVictory"],"picked":"SKIP","floor":29}],"player_experience":366846,"relics_obtained":[{"floor":9,"key":"Question Card"},{"floor":11,"key":"Regal Pillow"},{"floor":25,"key":"Smiling Mask"},{"floor":25,"key":"HornCleat"},{"floor":26,"key":"Molten Egg 2"}],"event_choices":[{"damage_healed":0,"gold_gain":0,"player_choice":"Take Damage","damage_taken":18,"relics_obtained":["Golden Idol"],"max_hp_gain":0,"max_hp_loss":0,"event_name":"Golden Idol","floor":3,"gold_loss":0},{"damage_healed":0,"gold_gain":0,"player_choice":"Ignored","damage_taken":0,"max_hp_gain":0,"max_hp_loss":0,"event_name":"NoteForYourself","floor":4,"gold_loss":0},{"cards_removed":["Strike_P"],"damage_healed":0,"gold_gain":0,"player_choice":"Offered Basic","damage_taken":0,"max_hp_gain":0,"max_hp_loss":0,"event_name":"Bonfire Elementals","floor":8,"gold_loss":0},{"damage_healed":0,"gold_gain":0,"player_choice":"Inject Mutagens","damage_taken":0,"relics_obtained":["MutagenicStrength"],"max_hp_gain":0,"max_hp_loss":0,"event_name":"Drug Dealer","floor":21,"gold_loss":0},{"damage_healed":0,"gold_gain":0,"player_choice":"Upgraded","damage_taken":0,"max_hp_gain":0,"max_hp_loss":0,"event_name":"Upgrade Shrine","floor":24,"gold_loss":0,"cards_upgraded":["ClearTheMind"]},{"damage_healed":0,"gold_gain":0,"player_choice":"Stole Relic","damage_taken":0,"relics_obtained":["MealTicket"],"max_hp_gain":0,"max_hp_loss":0,"event_name":"Addict","floor":31,"gold_loss":0,"cards_obtained":["Shame"]}],"is_beta":false,"boss_relics":[{"not_picked":["Velvet Choker","Fusion Hammer"],"picked":"Black Star"}],"items_purged_floors":[13,22],"is_endless":false,"potions_floor_spawned":[1,5,16,18,20,25,29],"killed_by":"Collector","ascension_level":0}}