{"host":"qfmqsclrfy207o1q","time":1613954730,"event":{"mods":["2.2 Compatiblity","AchievementEnabler","BaseMod","BetterRewards","Colored Map","Colored Powertips","Curses Come First","Dark Map","Downfall","Infinite Spire","Minty Spire (QoL Compilation)","Quick Restart","Rare Cards Sparkle","Relic Stats","StSLib"],"gold_per_floor":[117,117,292,292,292,292,367,367,394,394,10,84,49,66,66,162,162,180,180,180,180,198,228,228,239,239,239,254,266,296,296,296,395,395,405,405,405,405,416,416,448,448,448,448,463,463,482,482,482,482],"floor_reached":51,"language":"ENG","playtime":1869,"items_purged":["Doubt"],"score":781,"play_id":"d7b44efd-7ebb-47b1-aeaa-0c6f20057798","local_time":"20210221174530","is_ascension_mode":true,"campfire_choices":[{"data":"Zap","floor":6,"key":"SMITH"},{"data":"Dualcast","floor":8,"key":"SMITH"},{"data":"Consume","floor":10,"key":"SMITH"},{"data":"Ball Lightning","floor":15,"key":"SMITH"},{"data":"Echo Form","floor":24,"key":"SMITH"},{"floor":32,"key":"REST"},{"data":"Creative AI","floor":40,"key":"SMITH"},{"data":"Rainbow","floor":42,"key":"SMITH"},{"data":"infinitespire:SevenWalls","floor":44,"key":"SMITH"},{"data":"Ball Lightning","floor":49,"key":"SMITH"}],"circlet_count":0,"master_deck":["Strike_B+1","Strike_B","Strike_B+1","Defend_B","Defend_B","Defend_B","Defend_B","Zap+1","Dualcast+1","Consume+1","Self Repair","Coolheaded","Ball Lightning+1","Aggregate+1","BootSequence","Echo Form+1","Stack+1","infinitespire:SevenWalls+1","RitualDagger","Leap+1","Skim","Ball Lightning+1","Turbo+1","Compile Driver","Creative AI+1","Rainbow+1","Go for the Eyes","Deep Breath","Static Discharge+1","Leap","Conserve Battery","Sunder+1"],"relics":["FrozenCore","Whetstone","infinitespire:Beetle Shell","Ancient Tea Set","Strange Spoon","infinitespire:SolderingIron","Black Star","Bottled Lightning","Busted Crown","Incense Burner","Bag of Preparation","Eternal Feather","infinitespire:CheckeredPen","War Paint","infinitespire:CursedDice","Gremlin Horn","infinitespire:BottledMercury","Vajra","Pen Nib","Frozen Egg 2"],"acts_visited":["Exordium","TheCity","TheBeyond"],"potions_floor_usage":[22,22,30,39,45,50,50],"damage_taken":[{"damage":1,"enemies":"Jaw Worm","floor":1,"turns":3},{"damage":0,"enemies":"2 Louse","floor":14,"turns":1},{"damage":44,"enemies":"Hexaghost","floor":16,"turns":12},{"damage":20,"enemies":"Spheric Guardian","floor":18,"turns":5},{"damage":10,"enemies":"2 Thieves","floor":22,"turns":3},{"damage":24,"enemies":"Slavers","floor":23,"turns":6},{"damage":0,"enemies":"Snecko","floor":25,"turns":4},{"damage":0,"enemies":"Sentry and Sphere","floor":28,"turns":4},{"damage":6,"enemies":"Snake Plant","floor":29,"turns":3},{"damage":53,"enemies":"Gremlin Leader","floor":30,"turns":7},{"damage":38,"enemies":"Automaton","floor":33,"turns":9},{"damage":14,"enemies":"3 Darklings","floor":35,"turns":6},{"damage":9,"enemies":"Orb Walker","floor":39,"turns":4},{"damage":0,"enemies":"Reptomancer","floor":41,"turns":6},{"damage":0,"enemies":"Maw","floor":45,"turns":8},{"damage":0,"enemies":"Writhing Mass","floor":47,"turns":5},{"damage":49,"enemies":"Donu and Deca","floor":50,"turns":8}],"seed_played":"-7653513595004720249","potions_obtained":[{"floor":16,"key":"Explosive Potion"},{"floor":18,"key":"Regen Potion"},{"floor":28,"key":"EssenceOfSteel"},{"floor":29,"key":"FearPotion"},{"floor":30,"key":"SteroidPotion"},{"floor":33,"key":"FearPotion"},{"floor":35,"key":"Fruit Juice"},{"floor":41,"key":"sneckomod:MuddlingPotion"}],"is_trial":false,"path_per_floor":["M","?","?","?","?","R","?","R","T","R","$","T","$","M","R","B",null,"M","AVR","?","?","M","E","R","M","T","?","M","M","E","T","R","B",null,"M","?","?","?","M","R","E","R","T","R","M","?","M","T","R","B",null],"character_chosen":"DEFECT","items_purchased":["Self Repair","Strange Spoon","Coolheaded","Ball Lightning","Aggregate"],"campfire_rested":1,"item_purchase_floors":[11,11,11,11,13],"current_hp_per_floor":[74,74,74,74,79,79,68,68,68,68,68,68,68,68,68,31,80,67,67,61,61,67,50,62,62,62,62,69,70,31,31,70,39,80,66,66,66,66,76,85,85,85,85,85,85,85,85,85,85,43],"gold":482,"neow_bonus":"RANDOM_COMMON_RELIC","is_daily":false,"chose_seed":false,"campfire_upgraded":9,"win_rate":0.0,"timestamp":1613954730,"path_taken":["M","?","?","?","?","R","?","R","T","R","$","?","$","M","R","BOSS","M","AVR","?","?","M","E","R","M","T","?","M","M","E","?","R","BOSS","M","?","?","?","?","R","E","R","T","R","?","?","M","?","R","BOSS"],"items_purchased_type":["Card","Relic","Card","Card","Card"],"build_version":"2020-12-22","purchased_purges":1,"victory":true,"max_hp_per_floor":[75,75,75,75,80,80,80,80,80,80,80,80,80,80,80,80,80,80,80,80,80,80,80,80,80,80,80,80,80,80,80,80,80,80,80,80,80,80,85,85,85,85,85,85,85,85,85,85,85,85],"relic_stats":{"Strange Spoon":[11],"Busted Crown":30,"Gremlin Horn":[9,9],"counters":[17,94],"Eternal Feather":36,"Pen Nib":[3],"Black Star":3,"Bag of Preparation":[22],"Whetstone":["Strike_B","Strike_B"],"War Paint":["Stack","Aggregate"],"obtain_stats":[{"infinitespire:BottledMercury":41,"Gremlin Horn":31,"infinitespire:CursedDice":30,"Vajra":41,"Eternal Feather":23,"infinitespire:Beetle Shell":2,"Pen Nib":43,"Incense Burner":21,"Bag of Preparation":23,"Whetstone":0,"infinitespire:CheckeredPen":26,"War Paint":30,"Frozen Egg 2":48,"Ancient Tea Set":9,"FrozenCore":34,"Strange Spoon":11,"infinitespire:SolderingIron":12,"Busted Crown":19,"Black Star":17,"Bottled Lightning":19,"Cracked Core":0},{"infinitespire:BottledMercury":14,"Gremlin Horn":10,"infinitespire:CursedDice":10,"Vajra":14,"Eternal Feather":6,"infinitespire:Beetle Shell":1,"Pen Nib":14,"Incense Burner":4,"Bag of Preparation":6,"Whetstone":0,"infinitespire:CheckeredPen":7,"War Paint":10,"Frozen Egg 2":16,"Ancient Tea Set":1,"FrozenCore":11,"Strange Spoon":1,"infinitespire:SolderingIron":1,"Busted Crown":4,"Black Star":3,"Bottled Lightning":4,"Cracked Core":0},{"infinitespire:BottledMercury":73,"Gremlin Horn":48,"infinitespire:CursedDice":48,"Vajra":73,"Eternal Feather":30,"infinitespire:Beetle Shell":3,"Pen Nib":73,"Incense Burner":21,"Bag of Preparation":30,"Whetstone":0,"infinitespire:CheckeredPen":34,"War Paint":48,"Frozen Egg 2":86,"Ancient Tea Set":3,"FrozenCore":57,"Strange Spoon":3,"infinitespire:SolderingIron":3,"Busted Crown":21,"Black Star":16,"Bottled Lightning":21,"Cracked Core":0}],"FrozenCore":[18]},"card_choices":[{"not_picked":["Rebound","Sweeping Beam"],"picked":"Consume","floor":1},{"not_picked":["Ball Lightning","Steam"],"picked":"BootSequence","floor":14},{"not_picked":["Buffer","All For One"],"picked":"Echo Form","floor":16},{"not_picked":["Ball Lightning","Redo"],"picked":"Stack","floor":18},{"not_picked":[],"picked":"Leap+1","floor":22},{"not_picked":[],"picked":"Skim","floor":23},{"not_picked":[],"picked":"Ball Lightning","floor":25},{"not_picked":[],"picked":"Turbo+1","floor":28},{"not_picked":[],"picked":"Compile Driver","floor":29},{"not_picked":[],"picked":"Creative AI","floor":30},{"not_picked":[],"picked":"Rainbow","floor":33},{"not_picked":[],"picked":"Go for the Eyes","floor":35},{"not_picked":[],"picked":"Deep Breath","floor":36},{"not_picked":[],"picked":"Static Discharge+1","floor":39},{"not_picked":[],"picked":"Leap","floor":41},{"not_picked":[],"picked":"Conserve Battery","floor":45},{"not_picked":[],"picked":"Sunder+1","floor":47}],"player_experience":21806,"relics_obtained":[{"floor":2,"key":"infinitespire:Beetle Shell"},{"floor":9,"key":"Ancient Tea Set"},{"floor":12,"key":"infinitespire:SolderingIron"},{"floor":23,"key":"Bag of Preparation"},{"floor":23,"key":"Eternal Feather"},{"floor":26,"key":"infinitespire:CheckeredPen"},{"floor":30,"key":"War Paint"},{"floor":30,"key":"infinitespire:CursedDice"},{"floor":31,"key":"Gremlin Horn"},{"floor":41,"key":"infinitespire:BottledMercury"},{"floor":41,"key":"Vajra"},{"floor":43,"key":"Pen Nib"},{"floor":48,"key":"Frozen Egg 2"}],"event_choices":[{"damage_healed":0,"gold_gain":175,"player_choice":"AGREE","damage_taken":0,"max_hp_gain":0,"max_hp_loss":0,"event_name":"Liars Game","floor":3,"gold_loss":0,"cards_obtained":["Doubt"]},{"damage_healed":0,"gold_gain":0,"player_choice":"Donut","damage_taken":0,"max_hp_gain":5,"max_hp_loss":0,"event_name":"Big Fish","floor":5,"gold_loss":0},{"damage_healed":0,"gold_gain":75,"player_choice":"Gather Gold","damage_taken":11,"max_hp_gain":0,"max_hp_loss":0,"event_name":"World of Goop","floor":7,"gold_loss":0},{"damage_healed":0,"gold_gain":0,"player_choice":"Joined the Cult","damage_taken":6,"max_hp_gain":0,"max_hp_loss":0,"event_name":"Nest","floor":20,"gold_loss":0,"cards_obtained":["RitualDagger"]},{"damage_healed":0,"gold_gain":0,"player_choice":"Opened","damage_taken":0,"relics_obtained":["Incense Burner"],"max_hp_gain":0,"max_hp_loss":0,"event_name":"The Mausoleum","floor":21,"gold_loss":0},{"damage_healed":0,"gold_gain":0,"player_choice":"Ignored","damage_taken":0,"max_hp_gain":0,"max_hp_loss":0,"event_name":"Beggar","floor":27,"gold_loss":0},{"damage_healed":0,"gold_gain":0,"player_choice":"Memory 1","damage_taken":0,"max_hp_gain":0,"max_hp_loss":0,"event_name":"SensoryStone","floor":36,"gold_loss":0},{"damage_healed":0,"gold_gain":0,"player_choice":"Ignored","damage_taken":0,"max_hp_gain":0,"max_hp_loss":0,"event_name":"Mysterious Sphere","floor":38,"gold_loss":0},{"cards_removed":["Strike_B"],"damage_healed":0,"gold_gain":0,"player_choice":"Removed Attack","damage_taken":0,"max_hp_gain":0,"max_hp_loss":0,"event_name":"Falling","floor":46,"gold_loss":0}],"is_beta":false,"boss_relics":[{"not_picked":["infinitespire:Cupcake","Runic Dome"],"picked":"Black Star"},{"not_picked":["Empty Cage","Coffee Dripper"],"picked":"FrozenCore"}],"items_purged_floors":[11],"is_endless":false,"potions_floor_spawned":[16,18,28,29,30,33,35,41],"ascension_level":1}}