{"host":"zcqxp6x6rw0ud13y","time":1613998361,"event":{"mods":["BaseMod","Beaked The Cultist","Better Altar","Better Match","Better Note","Better Sensory Stone","Better Skull","Better Third Choice","Colored Map","Colored Powertips","Downfall","Energized Spire","Friendly Minions","Gremlin Mod","Highlight Path","Hubris","Minty Spire (QoL Compilation)","Random Character Button","Rare Cards Sparkle","Reliquary","Replay The Spire","SIMod","Slumbering Mod","Spicy Shops","StSLib","The Dragon Tamer","The Spell Scribe","TheBandit","Trackpad","Wandering Minibosses"],"gold_per_floor":[114,56,56,56,70,70,89,89,112,112,212,236,279,303,303,431,431,454,469,494,494,494,494,535,535,535,55,68,68,83,102,102,223,223,246,266,266,289,314,314,330,330,356,356,371,371,390,414,414,414],"floor_reached":51,"language":"ENG","playtime":4767,"items_purged":["Regret"],"score":898,"play_id":"fc20d49a-ea7d-4ea3-805a-8e0c16d849c1","local_time":"20210222135241","is_ascension_mode":false,"metric_token":1939,"campfire_choices":[{"data":"DTMod:CleansingStrike","floor":6,"key":"SMITH"},{"data":"DTMod:BlazingStrike","floor":8,"key":"SMITH"},{"data":"DTMod:Hide","floor":10,"key":"SMITH"},{"data":"DTMod:BuildUp","floor":15,"key":"SMITH"},{"data":"DTMod:GearUp","floor":23,"key":"SMITH"},{"data":"DTMod:BalancedStrike","floor":25,"key":"SMITH"},{"data":"DTMod:ComboAttack","floor":29,"key":"SMITH"},{"data":"DTMod:Training","floor":32,"key":"SMITH"},{"floor":40,"key":"REST"},{"data":"DTMod:HeadStart","floor":42,"key":"SMITH"},{"floor":49,"key":"REST"}],"dtmod_dragon_data":[13,58,2,0,12,0],"circlet_count":0,"master_deck":["DTMod:Strike","DTMod:Strike","DTMod:Strike","DTMod:Strike","DTMod:DoubleHit","DTMod:TargetDefense","DTMod:TargetDefense","DTMod:TargetDefense","DTMod:TargetDefense","DTMod:SwitchingTactic","DTMod:CleansingStrike+1","DTMod:SneakAttack+1","DTMod:Hide+1","DTMod:BlazingStrike+1","DTMod:BurningEnergy","DTMod:BuildUp+1","DTMod:GearUp+1","DTMod:Astonish","DTMod:Training+1","DTMod:BalancedStrike+1","DTMod:HeadStart+1","DTMod:ComboAttack+1","DTMod:Training+1","DTMod:ShieldDrain","DTMod:RepeatStrike+1","DTMod:FlameSlash+1","DTMod:Training+1","DTMod:PurifyingFlame+1"],"relics":["DTMod:PactStone","reliquary:WeakTea","Golden Idol","trackpad:PetRock","trackpad:ZombieHeart","Philosopher\u0027s Stone","hubris:Towel","reliquary:Boomerang","Incense Burner","trackpad:ByrdCharm","Black Star","Happy Flower"],"acts_visited":["Exordium","TheCity","TheBeyond"],"potions_floor_usage":[],"damage_taken":[{"damage":0,"enemies":"Cultist","floor":1,"turns":4},{"damage":0,"enemies":"theSlumbering:NewCultist","floor":5,"turns":2},{"damage":0,"enemies":"Jaw Worm","floor":7,"turns":2},{"damage":0,"enemies":"3 Louse","floor":12,"turns":2},{"damage":0,"enemies":"Gremlin Nob","floor":13,"turns":3},{"damage":7,"enemies":"Exordium Thugs","floor":14,"turns":2},{"damage":36,"enemies":"Fading Forest","floor":16,"turns":11},{"damage":0,"enemies":"Spheric Guardian","floor":18,"turns":3},{"damage":0,"enemies":"Chosen","floor":19,"turns":4},{"damage":17,"enemies":"Centurion and Healer","floor":20,"turns":5},{"damage":0,"enemies":"Book of Stabbing","floor":24,"turns":5},{"damage":0,"enemies":"Snake Plant","floor":28,"turns":4},{"damage":0,"enemies":"Cultist and Chosen","floor":30,"turns":5},{"damage":0,"enemies":"Sentry and Sphere","floor":31,"turns":4},{"damage":6,"enemies":"Pondfish","floor":33,"turns":14},{"damage":0,"enemies":"Orb Walker","floor":35,"turns":4},{"damage":1,"enemies":"3 Darklings","floor":36,"turns":4},{"damage":0,"enemies":"Spire Growth","floor":38,"turns":3},{"damage":0,"enemies":"Maw","floor":39,"turns":8},{"damage":0,"enemies":"Transient","floor":41,"turns":5},{"damage":0,"enemies":"Sphere and 2 Shapes","floor":45,"turns":3},{"damage":0,"enemies":"Maw","floor":47,"turns":6},{"damage":0,"enemies":"Spire Growth","floor":48,"turns":4},{"damage":37,"enemies":"Donu and Deca","floor":50,"turns":8}],"seed_played":"351847339754258409","potions_obtained":[{"floor":1,"key":"Swift Potion"},{"floor":12,"key":"Explosive Potion"},{"floor":14,"key":"Ancient Potion"},{"floor":24,"key":"Elixir"}],"is_trial":false,"path_per_floor":["M","$","?","?","M","R","M","R","T","R","?","M","E","M","R","B",null,"M","M","M","?","?","R","E","R","T","$","M","R","M","M","R","B",null,"M","M","?","M","M","R","M","R","T","?","M","?","M","M","R","B",null],"character_chosen":"THE_DT","items_purchased":["DTMod:SneakAttack+1","trackpad:ByrdCharm","DTMod:HeadStart"],"campfire_rested":2,"item_purchase_floors":[2,27,27],"current_hp_per_floor":[49,49,49,37,37,37,37,37,37,37,37,37,37,32,32,6,51,52,53,38,38,38,38,39,39,39,39,40,40,42,44,44,42,65,66,72,72,73,74,75,76,76,76,76,79,69,70,71,71,36],"gold":414,"neow_bonus":"TEN_PERCENT_HP_BONUS","is_daily":false,"chose_seed":false,"campfire_upgraded":9,"win_rate":0.0,"timestamp":1613998361,"path_taken":["M","?","?","?","M","R","M","R","T","R","?","M","E","?","R","BOSS","M","M","M","?","?","R","E","R","T","$","M","R","M","M","R","BOSS","M","M","?","M","M","R","M","R","T","?","M","?","M","M","R","BOSS"],"items_purchased_type":["Card","Relic","Card"],"build_version":"2020-12-22","purchased_purges":1,"victory":true,"max_hp_per_floor":[49,49,49,49,49,49,49,49,49,49,49,49,49,51,51,51,51,52,53,55,55,55,55,56,56,56,56,57,57,59,61,61,65,65,66,73,73,74,75,75,76,76,76,76,79,69,70,71,71,73],"card_choices":[{"not_picked":["DTMod:StarRain","DTMod:Conduct"],"picked":"DTMod:CleansingStrike","floor":1},{"not_picked":["DTMod:Weaken","DTMod:Cover"],"picked":"DTMod:Hide","floor":5},{"not_picked":["DTMod:Cover","DTMod:BuildUp"],"picked":"DTMod:BlazingStrike","floor":7},{"not_picked":["DTMod:QuickFly","DTMod:CleansingStrike","DTMod:LowKick"],"picked":"SKIP","floor":12},{"not_picked":["DTMod:QuickFly","DTMod:BuildUp"],"picked":"DTMod:BurningEnergy","floor":13},{"not_picked":["DTMod:SneakAttack","DTMod:TriAttack"],"picked":"DTMod:BuildUp","floor":14},{"not_picked":["DTMod:ExcessFootwork","DTMod:StunTrap"],"picked":"DTMod:GearUp","floor":16},{"not_picked":["DTMod:BlueScale","DTMod:Dissolve"],"picked":"DTMod:Astonish","floor":18},{"not_picked":["DTMod:BuildUp","DTMod:Weaken+1","DTMod:Conduct"],"picked":"SKIP","floor":19},{"not_picked":["DTMod:QuickFly","DTMod:Haste+1"],"picked":"DTMod:Training+1","floor":20},{"not_picked":["DTMod:MaximumCharge","DTMod:TauntingStrike"],"picked":"DTMod:BalancedStrike","floor":24},{"not_picked":["DTMod:BuildUp","DTMod:RunningTactic"],"picked":"DTMod:ComboAttack","floor":28},{"not_picked":["DTMod:Weaken","DTMod:Adaptation"],"picked":"DTMod:Training","floor":30},{"not_picked":["DTMod:Observe+1","DTMod:Threaten"],"picked":"DTMod:ShieldDrain","floor":31},{"not_picked":["DTMod:FierySynthesis","DTMod:EchoTactic"],"picked":"DTMod:RepeatStrike","floor":33},{"not_picked":["DTMod:BuildUp+1","DTMod:Threaten"],"picked":"DTMod:FlameSlash+1","floor":35},{"not_picked":["DTMod:Conduct+1","DTMod:ForkedFire+1","DTMod:Weaken"],"picked":"SKIP","floor":36},{"not_picked":["DTMod:BlazingStrike","DTMod:CrossStep"],"picked":"DTMod:Training+1","floor":38},{"not_picked":["DTMod:BizarreTactic","DTMod:Conduct","DTMod:BreakAttack"],"picked":"SKIP","floor":39},{"not_picked":["DTMod:DeepFocus+1","DTMod:Coolant+1","DTMod:Threaten+1"],"picked":"SKIP","floor":41},{"not_picked":["DTMod:ShieldDrain+1","DTMod:Punisher","DTMod:MagicField+1"],"picked":"SKIP","floor":45},{"not_picked":["DTMod:LowKick","DTMod:RecklessFlurry+1"],"picked":"DTMod:PurifyingFlame+1","floor":47},{"not_picked":["DTMod:Weaken+1","DTMod:MaximumCharge","DTMod:Cover"],"picked":"SKIP","floor":48}],"player_experience":81492,"relics_obtained":[{"floor":9,"key":"trackpad:PetRock"},{"floor":13,"key":"trackpad:ZombieHeart"},{"floor":24,"key":"reliquary:Boomerang"},{"floor":26,"key":"Incense Burner"},{"floor":43,"key":"Happy Flower"}],"event_choices":[{"damage_healed":0,"gold_gain":0,"player_choice":"Box","damage_taken":0,"relics_obtained":["reliquary:WeakTea"],"max_hp_gain":0,"max_hp_loss":0,"event_name":"Big Fish","floor":3,"gold_loss":0,"cards_obtained":["Regret"]},{"damage_healed":0,"gold_gain":0,"player_choice":"Take Damage","damage_taken":12,"relics_obtained":["Golden Idol"],"max_hp_gain":0,"max_hp_loss":0,"event_name":"Golden Idol","floor":4,"gold_loss":0},{"damage_healed":0,"gold_gain":100,"player_choice":"Pray","damage_taken":0,"max_hp_gain":0,"max_hp_loss":0,"event_name":"Golden Shrine","floor":11,"gold_loss":0},{"cards_removed":["DTMod:GearUp"],"damage_healed":0,"gold_gain":0,"player_choice":"Give","damage_taken":0,"max_hp_gain":0,"max_hp_loss":0,"event_name":"betterNote:BetterNote","floor":21,"gold_loss":0,"cards_obtained":["None"]},{"damage_healed":69,"gold_gain":0,"player_choice":"Heal","damage_taken":0,"max_hp_gain":0,"max_hp_loss":10,"event_name":"The Moai Head","floor":46,"gold_loss":0}],"is_beta":false,"boss_relics":[{"not_picked":["hubris:Stopwatch","Kintsugi"],"picked":"Philosopher\u0027s Stone"},{"not_picked":["Tiny House","Replay:Bronze Core"],"picked":"Black Star"}],"items_purged_floors":[27],"is_endless":false,"potions_floor_spawned":[1,12,14,16,19,24,31,33,38,45,47],"ascension_level":0}}