{"host":"b0hicta09nhxha44","time":1613985468,"event":{"mods":["BaseMod","Highlight Path","Minty Spire (QoL Compilation)","Slay-I"],"gold_per_floor":[114,130,4,15,26,26,61,61,61,93,93,113,113,127,127,201,201,214,214,214,231,231,231,262,262,286,321,67,84,96,122,122,122,122],"floor_reached":33,"language":"ENG","playtime":3400,"items_purged":["Writhe","Strike_P"],"score":600,"play_id":"d8da1bde-f8d8-48b4-99f5-f758bc62a0c1","local_time":"20210222091748","is_ascension_mode":true,"campfire_choices":[{"data":"Eruption","floor":6,"key":"SMITH"},{"floor":8,"key":"REST"},{"data":"Wallop","floor":13,"key":"SMITH"},{"data":"CrushJoints","floor":15,"key":"SMITH"},{"floor":23,"key":"REST"},{"floor":25,"key":"REST"},{"floor":32,"key":"REST"}],"circlet_count":0,"master_deck":["AscendersBane","Strike_P","Strike_P+1","Defend_P","Defend_P","Eruption+1","Vigilance","SashWhip","CrushJoints+1","Consecrate","Wallop+1","EmptyFist+1","ThirdEye","Wireheading","Blasphemy","Protect","InnerPeace","Wish","ReachHeaven","Tantrum","MentalFortress","Meditate","Prostrate","EmptyMind","Vengeance","JustLucky","Swivel","Prostrate","Ragnarok"],"relics":["HolyWater","Mango","Torii","Letter Opener","The Courier","Damaru","Pen Nib","Whetstone","Omamori"],"acts_visited":["Exordium","TheCity"],"potions_floor_usage":[2,16,24,30],"damage_taken":[{"damage":1,"enemies":"2 Louse","floor":1,"turns":4},{"damage":0,"enemies":"Cultist","floor":2,"turns":2},{"damage":2,"enemies":"Small Slimes","floor":4,"turns":3},{"damage":0,"enemies":"2 Fungi Beasts","floor":5,"turns":3},{"damage":57,"enemies":"Gremlin Nob","floor":7,"turns":5},{"damage":16,"enemies":"3 Sentries","floor":10,"turns":5},{"damage":0,"enemies":"Large Slime","floor":12,"turns":5},{"damage":0,"enemies":"Exordium Wildlife","floor":14,"turns":2},{"damage":5,"enemies":"The Guardian","floor":16,"turns":15},{"damage":12,"enemies":"Shell Parasite","floor":18,"turns":6},{"damage":19,"enemies":"Spheric Guardian","floor":21,"turns":4},{"damage":1,"enemies":"Slavers","floor":24,"turns":5},{"damage":12,"enemies":"Book of Stabbing","floor":27,"turns":4},{"damage":6,"enemies":"Snecko","floor":29,"turns":3},{"damage":12,"enemies":"Shelled Parasite and Fungi","floor":30,"turns":2},{"damage":64,"enemies":"Automaton","floor":33,"turns":6}],"seed_played":"-8340162674674243116","potions_obtained":[{"floor":1,"key":"Swift Potion"},{"floor":12,"key":"Energy Potion"},{"floor":18,"key":"Weak Potion"},{"floor":27,"key":"DistilledChaos"}],"is_trial":false,"path_per_floor":["M","M","$","M","M","R","E","R","T","E","?","M","R","M","R","B",null,"M","?","?","M","?","R","E","R","T","E","$","M","M","T","R","B"],"character_chosen":"WATCHER","items_purchased":["Consecrate","Vengeance","JustLucky","Swivel"],"campfire_rested":4,"item_purchase_floors":[3,28,28,28],"current_hp_per_floor":[74,74,74,72,72,72,15,39,39,23,23,23,23,23,23,18,66,54,30,30,11,11,37,36,62,62,50,50,44,32,32,58,0,0],"gold":122,"neow_bonus":"ONE_RARE_RELIC","is_daily":false,"chose_seed":false,"campfire_upgraded":3,"win_rate":0.0,"timestamp":1613985468,"path_taken":["M","M","$","M","M","R","E","R","T","E","?","?","R","M","R","BOSS","M","?","?","M","?","R","E","R","T","E","$","?","?","?","R","BOSS"],"items_purchased_type":["Card","Card","Card","Card"],"build_version":"2020-12-22","purchased_purges":2,"victory":false,"max_hp_per_floor":[82,82,82,82,82,82,82,82,82,82,82,82,82,82,82,82,82,82,87,87,87,87,87,87,87,87,87,87,87,87,87,87,87,87],"card_choices":[{"not_picked":["ForeignInfluence","BowlingBash"],"picked":"SashWhip","floor":1},{"not_picked":["JustLucky","Prostrate"],"picked":"CrushJoints","floor":2},{"not_picked":["Collect","CrushJoints"],"picked":"Wallop","floor":4},{"not_picked":["Crescendo","Consecrate"],"picked":"EmptyFist","floor":5},{"not_picked":["WreathOfFlame","Weave"],"picked":"ThirdEye","floor":7},{"not_picked":["Evaluate","Crescendo"],"picked":"Wireheading","floor":10},{"not_picked":["Halt","CutThroughFate"],"picked":"Protect","floor":12},{"not_picked":["SignatureMove","DeceiveReality"],"picked":"InnerPeace","floor":14},{"not_picked":["Blasphemy","MasterReality"],"picked":"Wish","floor":16},{"not_picked":["EmptyBody+1","CrushJoints"],"picked":"ReachHeaven","floor":18},{"not_picked":["Fasting2","Evaluate"],"picked":"Tantrum","floor":21},{"not_picked":["LessonLearned","PathToVictory"],"picked":"Prostrate","floor":24},{"not_picked":["FlyingSleeves","SignatureMove"],"picked":"EmptyMind","floor":27},{"not_picked":["SashWhip","Crescendo"],"picked":"Prostrate","floor":29},{"not_picked":["FollowUp","SignatureMove"],"picked":"Ragnarok","floor":30}],"player_experience":3623986,"relics_obtained":[{"floor":7,"key":"Torii"},{"floor":9,"key":"Letter Opener"},{"floor":10,"key":"The Courier"},{"floor":24,"key":"Damaru"},{"floor":26,"key":"Pen Nib"},{"floor":27,"key":"Whetstone"},{"floor":31,"key":"Omamori"}],"event_choices":[{"damage_healed":0,"gold_gain":0,"cards_transformed":["Defend_P"],"player_choice":"Transformed","damage_taken":0,"max_hp_gain":0,"max_hp_loss":0,"event_name":"Transmorgrifier","floor":11,"gold_loss":0,"cards_obtained":["Blasphemy"]},{"damage_healed":0,"gold_gain":0,"player_choice":"Shed Blood","damage_taken":29,"max_hp_gain":5,"max_hp_loss":0,"event_name":"Forgotten Altar","floor":19,"gold_loss":0},{"damage_healed":0,"gold_gain":0,"player_choice":"Ignored","damage_taken":0,"max_hp_gain":0,"max_hp_loss":0,"event_name":"The Mausoleum","floor":20,"gold_loss":0},{"damage_healed":0,"gold_gain":0,"cards_transformed":["Defend_P","Strike_P"],"player_choice":"Became Test Subject","damage_taken":0,"max_hp_gain":0,"max_hp_loss":0,"event_name":"Drug Dealer","floor":22,"gold_loss":0,"cards_obtained":["MentalFortress","Meditate"]}],"is_beta":false,"boss_relics":[{"not_picked":["Runic Dome","Calling Bell"],"picked":"HolyWater"}],"items_purged_floors":[3,28],"is_endless":false,"potions_floor_spawned":[1,12,18,27],"killed_by":"Automaton","ascension_level":19}}