{"host":"iv24d026eac8pm4e","time":1613953753,"event":{"mods":["BaseMod","Minty Spire (QoL Compilation)"],"gold_per_floor":[117,117,135,60,78,78,95,95,95,95,106,125,140,152,152,225,225,235,235,251,10,24,24,24,24],"floor_reached":24,"language":"ENG","playtime":1227,"items_purged":["Strike_G"],"score":384,"play_id":"61755ac5-2d45-4346-8931-7da65583af94","local_time":"20210221162913","is_ascension_mode":true,"campfire_choices":[{"data":"Panacea","floor":6,"key":"SMITH"},{"data":"Terror","floor":8,"key":"SMITH"},{"data":"Cloak And Dagger","floor":10,"key":"SMITH"},{"data":"Neutralize","floor":15,"key":"SMITH"},{"floor":23,"key":"REST"}],"circlet_count":0,"master_deck":["AscendersBane","Strike_G","Strike_G","Defend_G","Defend_G","Defend_G","Defend_G","Defend_G","Survivor","Neutralize+1","Panacea+1","Blade Dance","Cloak And Dagger+1","Terror+1","Blade Dance","Dash","Finisher","Cloak And Dagger","Escape Plan","A Thousand Cuts","CurseOfTheBell","Dash","Night Terror","Expertise"],"relics":["Ring of the Snake","Calling Bell","Akabeko","Sundial","Ice Cream","Centennial Puzzle"],"acts_visited":["Exordium","TheCity"],"potions_floor_usage":[11,22],"damage_taken":[{"damage":0,"enemies":"2 Louse","floor":1,"turns":4},{"damage":2,"enemies":"Jaw Worm","floor":3,"turns":6},{"damage":0,"enemies":"Cultist","floor":5,"turns":4},{"damage":13,"enemies":"Large Slime","floor":7,"turns":8},{"damage":1,"enemies":"Looter","floor":11,"turns":3},{"damage":7,"enemies":"Exordium Wildlife","floor":12,"turns":4},{"damage":4,"enemies":"Exordium Thugs","floor":13,"turns":2},{"damage":0,"enemies":"3 Louse","floor":14,"turns":3},{"damage":11,"enemies":"The Guardian","floor":16,"turns":13},{"damage":8,"enemies":"2 Thieves","floor":18,"turns":4},{"damage":22,"enemies":"3 Byrds","floor":20,"turns":7},{"damage":22,"enemies":"3 Cultists","floor":22,"turns":5},{"damage":37,"enemies":"Shelled Parasite and Fungi","floor":24,"turns":3}],"seed_played":"5771012075210613081","potions_obtained":[{"floor":1,"key":"Fire Potion"},{"floor":11,"key":"Fruit Juice"},{"floor":14,"key":"Weak Potion"}],"is_trial":false,"path_per_floor":["M","?","M","?","M","R","M","R","T","R","M","M","M","M","R","B",null,"M","?","M","$","M","R","M"],"character_chosen":"THE_SILENT","items_purchased":["Centennial Puzzle"],"campfire_rested":1,"item_purchase_floors":[21],"current_hp_per_floor":[59,52,50,50,50,50,37,37,37,37,41,34,30,30,30,19,58,50,50,28,28,6,27,0,0],"gold":24,"neow_bonus":"RANDOM_COLORLESS","is_daily":false,"chose_seed":false,"campfire_upgraded":4,"win_rate":0.0,"timestamp":1613953753,"path_taken":["M","?","M","?","M","R","M","R","T","R","M","M","M","M","R","BOSS","M","?","M","?","M","R","M"],"items_purchased_type":["Relic"],"build_version":"2020-12-22","purchased_purges":1,"victory":false,"max_hp_per_floor":[66,66,66,66,66,66,66,66,66,66,71,71,71,71,71,71,71,71,71,71,71,71,71,71,71],"card_choices":[{"not_picked":["Finesse","Discovery"],"picked":"Panacea","floor":0},{"not_picked":["Outmaneuver","Dodge and Roll"],"picked":"Blade Dance","floor":1},{"not_picked":["Outmaneuver","Choke"],"picked":"Cloak And Dagger","floor":3},{"not_picked":["Slice","Sucker Punch"],"picked":"Terror","floor":5},{"not_picked":["Masterful Stab","Prepared"],"picked":"Blade Dance","floor":7},{"not_picked":["Concentrate","Infinite Blades"],"picked":"Dash","floor":11},{"not_picked":["Caltrops","Outmaneuver"],"picked":"Finisher","floor":12},{"not_picked":["Slice","Dash"],"picked":"Cloak And Dagger","floor":13},{"not_picked":["Outmaneuver","Acrobatics"],"picked":"Escape Plan","floor":14},{"not_picked":["Venomology","Malaise"],"picked":"A Thousand Cuts","floor":16},{"not_picked":["Prepared","Deadly Poison","Backstab"],"picked":"SKIP","floor":18},{"not_picked":["Calculated Gamble","Eviscerate"],"picked":"Expertise","floor":20},{"not_picked":["Acrobatics","Deflect","Flechettes"],"picked":"SKIP","floor":22}],"player_experience":2565963,"relics_obtained":[{"floor":17,"key":"Akabeko"},{"floor":17,"key":"Sundial"},{"floor":17,"key":"Ice Cream"}],"event_choices":[{"cards_removed":["Strike_G"],"damage_healed":0,"gold_gain":0,"player_choice":"Card Removal","damage_taken":7,"max_hp_gain":0,"max_hp_loss":0,"event_name":"Golden Wing","floor":2,"gold_loss":0},{"cards_removed":["Strike_G"],"damage_healed":0,"gold_gain":0,"player_choice":"Card Removal","damage_taken":0,"max_hp_gain":0,"max_hp_loss":0,"event_name":"The Cleric","floor":4,"gold_loss":75},{"damage_healed":0,"gold_gain":0,"player_choice":"2 cards matched","damage_taken":0,"max_hp_gain":0,"max_hp_loss":0,"event_name":"Match and Keep!","floor":19,"gold_loss":0,"cards_obtained":["Dash","Night Terror"]}],"is_beta":false,"boss_relics":[{"not_picked":["Runic Dome","Snecko Eye"],"picked":"Calling Bell"}],"items_purged_floors":[21],"is_endless":false,"potions_floor_spawned":[1,11,14],"killed_by":"Shelled Parasite and Fungi","ascension_level":20}}