{"host":"ymrxmazrubg7ht5t","time":1613968109,"event":{"mods":["2.2 Compatiblity","Act Like it!","Arknights","Bartender","BaseMod","Better Match","Better Note","Colored Powertips","Conspire","Evolution","Gensokyo","HololiveMod","Infinite Spire","Jorbs\u0027s Wanderer Trilogy","Lobotomy","LobotomyExtend","Marisa????????","Minty Spire (QoL Compilation)","Relic Stats","Replay The Spire","Ruina","StSLib","The Cursed","The Marked"],"gold_per_floor":[109,131,143,158,158,184,211,236,236,236,236,264,264,264,264,368,418,437,437,437,453,453,453,473,552,621,621,238,238,263,283,283,283,283],"floor_reached":33,"language":"ENG","playtime":3877,"items_purged":[],"score":267,"play_id":"68a92d5b-776a-480b-a433-5fa525de0981","local_time":"20210222002829","is_ascension_mode":false,"campfire_choices":[{"floor":11,"key":"REST"},{"floor":13,"key":"REST"},{"floor":15,"key":"DIG"},{"floor":23,"key":"REST"},{"floor":27,"key":"REST"},{"data":"stsjorbsmod:Patron","floor":29,"key":"SMITH"},{"floor":32,"key":"REST"}],"circlet_count":0,"master_deck":["stsjorbsmod:ForbiddenGrimoire+1","stsjorbsmod:Strike_Wanderer+1","stsjorbsmod:Strike_Wanderer","stsjorbsmod:Strike_Wanderer","stsjorbsmod:Strike_Wanderer","stsjorbsmod:Defend_Wanderer","stsjorbsmod:Defend_Wanderer","stsjorbsmod:Defend_Wanderer","stsjorbsmod:Defend_Wanderer","stsjorbsmod:FreshAdventure","stsjorbsmod:EyeOfTheStorm","stsjorbsmod:BlackTentacles+1","stsjorbsmod:MagicMirror+1","stsjorbsmod:AnimateObjects","stsjorbsmod:Channel","Pot Of Greed","Pot Of Greed","stsjorbsmod:TrueStrike+1","stsjorbsmod:Message","Clumsy","stsjorbsmod:Rediscovery","stsjorbsmod:GatherPower","infinitespire:Collect","stsjorbsmod:HedgeWizard","stsjorbsmod:ThirstingSword","Pot Of Greed","stsjorbsmod:BurningFlask","stsjorbsmod:Patron+1","ruina:GoldRush","stsjorbsmod:Index+1","stsjorbsmod:FlameWard+1"],"relics":["stsjorbsmod:GrimoireRelic","EVO:Axolotl","Grinning Jar","Replay:Bottled Flurry","infinitespire:EmpoweringShard","Gensokyo:NagashiBinaDoll","Replay:Kaleidoscope","Gensokyo:Justice","Snack Pack","Tiny House","Nunchaku","Onion Ring","ReplayTheSpireMod:Lightbulb"],"acts_visited":["Gensokyo:Gensokyo","ruina:Briah"],"potions_floor_usage":[6,6,7,21,22,24,30,33,33],"damage_taken":[{"damage":1,"enemies":"Gensokyo:2_Kodama","floor":1,"turns":3},{"damage":0,"enemies":"Gensokyo:Gryphon","floor":2,"turns":3},{"damage":0,"enemies":"Gensokyo:3_Fairies","floor":3,"turns":4},{"damage":21,"enemies":"Gensokyo:Gryphon_and_Rabbit","floor":4,"turns":5},{"damage":6,"enemies":"Gensokyo:Mamizou","floor":6,"turns":7},{"damage":0,"enemies":"Gensokyo:LivingMonolith","floor":7,"turns":3},{"damage":9,"enemies":"Gensokyo:Aya","floor":8,"turns":6},{"damage":24,"enemies":"Gensokyo:Mamizou","floor":12,"turns":7},{"damage":24,"enemies":"Gensokyo:Kokoro","floor":16,"turns":9},{"damage":39,"enemies":"ruina:BadWolf","floor":18,"turns":5},{"damage":24,"enemies":"ruina:3_Bats","floor":21,"turns":5},{"damage":0,"enemies":"ruina:KnightOfDespair","floor":22,"turns":1},{"damage":19,"enemies":"ruina:QueenOfHate","floor":24,"turns":3},{"damage":20,"enemies":"ruina:KingOfGreed","floor":30,"turns":5},{"damage":31,"enemies":"ruina:3_Scarecrows","floor":31,"turns":4},{"damage":46,"enemies":"ruina:JesterOfNihil","floor":33,"turns":7}],"seed_played":"-3072928322013193936","potions_obtained":[{"floor":0,"key":"Energy Potion"},{"floor":0,"key":"Flashbang"},{"floor":0,"key":"GamblersBrew"},{"floor":3,"key":"Adrenaline Potion"},{"floor":6,"key":"Fire Potion"},{"floor":12,"key":"conspire:TimeTravelPotion"},{"floor":16,"key":"Reflective Coating"},{"floor":21,"key":"SmokeBomb"},{"floor":25,"key":"Dexterity Potion"},{"floor":31,"key":"Dexterity Potion"}],"is_trial":false,"path_per_floor":["M","M","M","M","?","E","M","E","T","?","R","E","R","?","R","B",null,"M","?","?","M","M","R","M","?","T","R","$","R","M","M","R","B"],"character_chosen":"WANDERER","items_purchased":["ruina:GoldRush","ReplayTheSpireMod:Lightbulb"],"campfire_rested":5,"item_purchase_floors":[28,28],"current_hp_per_floor":[68,68,68,49,49,45,46,39,39,39,59,35,55,55,55,35,73,40,62,44,22,23,45,42,42,42,64,64,64,48,19,41,0,0],"gold":283,"neow_bonus":"THREE_SMALL_POTIONS","is_daily":false,"chose_seed":false,"campfire_upgraded":1,"win_rate":0.0,"timestamp":1613968109,"path_taken":["M","M","M","M","?","E","M","E","T","?","R","E","R","?","R","BOSS","M","?","?","M","M","R","M","?","T","R","?","R","?","M","R","BOSS"],"items_purchased_type":["Card","Relic"],"build_version":"2020-12-22","purchased_purges":0,"victory":false,"max_hp_per_floor":[68,68,68,68,68,68,68,68,68,68,68,68,68,68,68,68,73,75,75,75,75,75,75,75,75,75,75,75,75,75,75,75,75,75],"relic_stats":{"Nunchaku":[1],"counters":[16,77],"obtain_stats":[{"Tiny House":17,"stsjorbsmod:GrimoireRelic":0,"Gensokyo:NagashiBinaDoll":10,"EVO:Axolotl":0,"Replay:Kaleidoscope":12,"Gensokyo:Justice":14,"Frozen Eye":31,"Nunchaku":25,"Onion Ring":26,"Replay:Bottled Flurry":8,"infinitespire:EmpoweringShard":9,"Snack Pack":15,"Grinning Jar":6,"ReplayTheSpireMod:Lightbulb":28},{"Tiny House":9,"stsjorbsmod:GrimoireRelic":0,"Gensokyo:NagashiBinaDoll":7,"EVO:Axolotl":0,"Replay:Kaleidoscope":8,"Gensokyo:Justice":8,"Frozen Eye":14,"Nunchaku":13,"Onion Ring":13,"Replay:Bottled Flurry":7,"infinitespire:EmpoweringShard":7,"Snack Pack":8,"Grinning Jar":5,"ReplayTheSpireMod:Lightbulb":13},{"Tiny House":47,"stsjorbsmod:GrimoireRelic":0,"Gensokyo:NagashiBinaDoll":31,"EVO:Axolotl":0,"Replay:Kaleidoscope":38,"Gensokyo:Justice":38,"Frozen Eye":66,"Nunchaku":61,"Onion Ring":61,"Replay:Bottled Flurry":31,"infinitespire:EmpoweringShard":31,"Snack Pack":38,"Grinning Jar":22,"ReplayTheSpireMod:Lightbulb":61}]},"card_choices":[{"not_picked":["stsjorbsmod:FracturedMind","stsjorbsmod:ArcaneWeapon"],"picked":"stsjorbsmod:BlackTentacles","floor":1},{"not_picked":["stsjorbsmod:HedgeWizard","stsjorbsmod:Mending"],"picked":"stsjorbsmod:MagicMirror","floor":2},{"not_picked":["stsjorbsmod:ChatteringStrike","stsjorbsmod:Hibernate"],"picked":"stsjorbsmod:AnimateObjects","floor":3},{"not_picked":["stsjorbsmod:TrueStrike","stsjorbsmod:Hurt"],"picked":"stsjorbsmod:Channel","floor":4},{"not_picked":["stsjorbsmod:Thorns","stsjorbsmod:BurningFlask"],"picked":"stsjorbsmod:Fear","floor":6},{"not_picked":["stsjorbsmod:BlackTentacles","stsjorbsmod:BurningFlask"],"picked":"stsjorbsmod:TrueStrike","floor":7},{"not_picked":["stsjorbsmod:UnseenServant","stsjorbsmod:DisguiseSelf"],"picked":"stsjorbsmod:Message","floor":8},{"not_picked":["stsjorbsmod:FracturedMind","stsjorbsmod:RayOfFrost"],"picked":"stsjorbsmod:Rediscovery","floor":12},{"not_picked":["stsjorbsmod:PurgeMind","stsjorbsmod:Withdraw"],"picked":"stsjorbsmod:GatherPower","floor":16},{"not_picked":["stsjorbsmod:Prestidigitation","stsjorbsmod:WeightOfMemory","stsjorbsmod:ArcaneWeapon"],"picked":"SKIP","floor":18},{"not_picked":["infinitespire:Fortify","infinitespire:NeuralNetwork"],"picked":"infinitespire:Collect","floor":20},{"not_picked":["stsjorbsmod:WeightOfMemory","stsjorbsmod:UnseenServant"],"picked":"stsjorbsmod:HedgeWizard","floor":21},{"not_picked":["stsjorbsmod:LocateObject","stsjorbsmod:DisguiseSelf+1"],"picked":"stsjorbsmod:ThirstingSword","floor":24},{"not_picked":["stsjorbsmod:BookOfTongues","stsjorbsmod:ChainLightning+1"],"picked":"stsjorbsmod:BurningFlask","floor":25},{"not_picked":["stsjorbsmod:Index+1","stsjorbsmod:BlackTentacles"],"picked":"stsjorbsmod:Patron","floor":25},{"not_picked":["stsjorbsmod:Message","stsjorbsmod:Introspection"],"picked":"stsjorbsmod:Index+1","floor":30},{"not_picked":["stsjorbsmod:Prepare+1","stsjorbsmod:PurgeMind"],"picked":"stsjorbsmod:FlameWard+1","floor":31}],"player_experience":480029,"relics_obtained":[{"floor":6,"key":"Grinning Jar"},{"floor":8,"key":"Replay:Bottled Flurry"},{"floor":9,"key":"infinitespire:EmpoweringShard"},{"floor":12,"key":"Replay:Kaleidoscope"},{"floor":15,"key":"Snack Pack"},{"floor":25,"key":"Nunchaku"},{"floor":26,"key":"Onion Ring"}],"event_choices":[],"is_beta":false,"boss_relics":[{"not_picked":["SacredBark","Coffee Dripper"],"picked":"Tiny House"}],"items_purged_floors":[],"is_endless":false,"potions_floor_spawned":[3,6,12,16,21,22,31],"killed_by":"ruina:JesterOfNihil","ascension_level":0}}