{"host":"2hea6pl5vmah38iy","time":1613968305,"event":{"mods":["AchievementEnabler","BaseMod","Colored Map","DeckTracker","Keyboard Shortcuts","Minty Spire (QoL Compilation)","Rare Cards Sparkle","StSLib","SuperFastMode","everything is the same but u backflip on backflip"],"gold_per_floor":[55,91,123,200,239,62,62,92,92,92,92,148,187,230,230,230,230],"floor_reached":16,"language":"KOR","playtime":529,"items_purged":["Strike_P"],"score":252,"play_id":"98937d82-60b5-43e9-b296-125052c70d81","local_time":"20210222133145","is_ascension_mode":true,"campfire_choices":[{"data":"HandOfGreed","floor":7.0,"key":"SMITH"},{"data":"Eruption","floor":10.0,"key":"SMITH"},{"data":"Prostrate","floor":15.0,"key":"SMITH"}],"circlet_count":0,"master_deck":["AscendersBane","Strike_P","Strike_P","Strike_P","Defend_P","Defend_P","Defend_P","Defend_P","Eruption+1","Vigilance","HandOfGreed+1","Prostrate+1","Tantrum","Flash of Steel","DeusExMachina","EmptyFist"],"relics":["PureWater","The Courier","Art of War"],"acts_visited":["Exordium"],"potions_floor_usage":[16,16],"damage_taken":[{"damage":1.0,"enemies":"Small Slimes","floor":1.0,"turns":3.0},{"damage":1.0,"enemies":"Cultist","floor":2.0,"turns":3.0},{"damage":0.0,"enemies":"2 Louse","floor":3.0,"turns":2.0},{"damage":9.0,"enemies":"Lots of Slimes","floor":4.0,"turns":7.0},{"damage":1.0,"enemies":"Large Slime","floor":5.0,"turns":6.0},{"damage":0.0,"enemies":"Gremlin Nob","floor":12.0,"turns":2.0},{"damage":4.0,"enemies":"Blue Slaver","floor":13.0,"turns":3.0},{"damage":3.0,"enemies":"Looter","floor":14.0,"turns":2.0},{"damage":45,"enemies":"Hexaghost","floor":16,"turns":9}],"seed_played":"-2205674243860429504","potions_obtained":[{"floor":1.0,"key":"Ancient Potion"},{"floor":4.0,"key":"LiquidBronze"},{"floor":5.0,"key":"LiquidMemories"},{"floor":13.0,"key":"LiquidBronze"},{"floor":14.0,"key":"Swift Potion"}],"is_trial":false,"path_per_floor":["M","M","M","M","M","$","R","?","T","R","?","E","M","M","R","B"],"character_chosen":"WATCHER","items_purchased":["Flash of Steel"],"campfire_rested":0,"item_purchase_floors":[6],"current_hp_per_floor":[60,59,59,50,49,49,49,49,49,49,49,49,45,42,42,0,0],"gold":230,"neow_bonus":"RANDOM_COLORLESS_2","is_daily":false,"chose_seed":false,"campfire_upgraded":3,"win_rate":0.0,"timestamp":1613968305,"path_taken":["M","M","M","M","M","$","R","?","T","R","?","E","?","M","R","BOSS"],"items_purchased_type":["Card"],"build_version":"2020-12-22","purchased_purges":1,"victory":false,"max_hp_per_floor":[68,68,68,68,68,68,68,68,68,68,68,68,68,68,68,68,68],"card_choices":[{"not_picked":["Mayhem","Apotheosis"],"picked":"HandOfGreed","floor":0.0},{"not_picked":["Crescendo","ClearTheMind"],"picked":"Prostrate","floor":1.0},{"not_picked":["Protect","BowlingBash"],"picked":"Tantrum","floor":2.0},{"not_picked":["ClearTheMind","CutThroughFate","Evaluate"],"picked":"SKIP","floor":3.0},{"not_picked":["ConjureBlade","FlyingSleeves","Wireheading"],"picked":"SKIP","floor":4.0},{"not_picked":["PathToVictory","WreathOfFlame","Evaluate"],"picked":"SKIP","floor":5.0},{"not_picked":["BattleHymn","CutThroughFate"],"picked":"EmptyFist","floor":12.0},{"not_picked":["Prostrate","EmptyFist","BowlingBash"],"picked":"SKIP","floor":13.0},{"not_picked":["LessonLearned","FlurryOfBlows","Prostrate"],"picked":"SKIP","floor":14.0}],"player_experience":608625,"relics_obtained":[{"floor":9.0,"key":"The Courier"},{"floor":12.0,"key":"Art of War"}],"event_choices":[{"damage_healed":0.0,"max_hp_gain":0.0,"max_hp_loss":0.0,"gold_gain":30.0,"event_name":"Dead Adventurer","player_choice":"Searched \u00271\u0027 times","floor":8.0,"gold_loss":0.0,"damage_taken":0.0},{"damage_healed":0.0,"max_hp_gain":0.0,"max_hp_loss":0.0,"gold_gain":0.0,"event_name":"Match and Keep!","player_choice":"1 cards matched","floor":11.0,"gold_loss":0.0,"damage_taken":0.0,"cards_obtained":["DeusExMachina"]}],"is_beta":false,"boss_relics":[],"items_purged_floors":[6],"is_endless":false,"potions_floor_spawned":[1,4,5,13,14],"killed_by":"Hexaghost","ascension_level":19}}