{"host":"tqx2hwjda5x2l78j","time":1613970063,"event":{"mods":["2.2 Compatiblity","Act Like it!","BaseMod","Better Match","Better Third Choice","BetterRewards","Block Reminder","Bossed Relics","Card Filter","Colored Map","Dark Map","Downfall","GifTheSpireLib","Gremlin Skip","Hubris","Marisa????????","Minty Spire (QoL Compilation)","Quick Restart","Rare Cards Sparkle","StSLib","Stuff the Spire","The Alterego","The Animator","The Jungle","Unceasing Turn Reminder"],"gold_per_floor":[99,118,36,36,52,67,93,133,133,44,67,67,127,62,107,238,238,238,273,333,333,333,333,333,17,27,27,27,86,86,120,139,264,264,64,132,184,184,184,84,84,117,117,135,10,37,37,61,84,89,89,143,143,143,155,164],"floor_reached":57,"language":"ENG","playtime":4499,"items_purged":["Strike_MRS","Strike_MRS","Defend_MRS"],"score":1303,"play_id":"71320717-0b59-4812-98f2-ab1ad7c38d25","local_time":"20210221230103","is_ascension_mode":false,"campfire_choices":[{"data":"MasterSpark","floor":1.0,"key":"SMITH"},{"data":"UpSweep","floor":9.0,"key":"SMITH"},{"data":"MagicChant","floor":12.0,"key":"SMITH"},{"data":"BinaryStars","floor":18.0,"key":"SMITH"},{"floor":23.0,"key":"RECALL"},{"data":"OortCloud","floor":30.0,"key":"SMITH"},{"data":"BinaryStars","floor":35.0,"key":"SMITH"},{"data":"StuffTheSpire:CelestialWarden","floor":40.0,"key":"SMITH"},{"data":"StarlightTyphoon","floor":43.0,"key":"SMITH"},{"data":"MeteoricShower","floor":47.0,"key":"SMITH"},{"data":"DragonMeteor","floor":54,"key":"SMITH"}],"circlet_count":0,"master_deck":["Strike_MRS","Defend_MRS","Defend_MRS","Defend_MRS","MasterSpark+1","UpSweep+1","StuffTheSpire:FreeRealEstate","GravityBeat","MagicAbsorber","PropBag","MasterSpark+1","Orbital","ShootTheMoon","MagicChant+1","WitchOfGreed","StarlightTyphoon+1","GalacticHalo","GasGiant","BinaryStars+1","WitchLeyline","WitchLeyline+1","DragonMeteor+1","animator:YachiyoNanami","MeteoricShower+1","BinaryStars+1","StuffTheSpire:CelestialWarden+1","OortCloud+1","SprinkleStarSeal+1"],"relics":["MiniHakkero","Pantograph","StuffTheSpire:SapphireSignet","bronze:MakeshiftBattery","ClockworkSouvenir","hubris:Towel","StuffTheSpire:OldFever","downfall:KnowingSkull","Omamori","downfall:HeartBlessingRed","downfall:HeartBlessingGreen","StuffTheSpire:Mouthbags","downfall:HeartBlessingBlue","Kunai","Strawberry","Lantern"],"acts_visited":["Exordium","TheCity","TheBeyond","TheEnding"],"potions_floor_usage":[48,55,55,56,56],"damage_taken":[{"damage":6.0,"enemies":"Jaw Worm","floor":2.0,"turns":3.0},{"damage":0.0,"enemies":"downfall:FleeingMerchant","floor":3.0,"turns":4.0},{"damage":0.0,"enemies":"Cultist","floor":5.0,"turns":2.0},{"damage":0.0,"enemies":"2 Louse","floor":6.0,"turns":3.0},{"damage":16.0,"enemies":"3 Sentries","floor":8.0,"turns":8.0},{"damage":2.0,"enemies":"downfall:FleeingMerchant","floor":10.0,"turns":4.0},{"damage":5.0,"enemies":"Exordium Wildlife","floor":11.0,"turns":4.0},{"damage":19.0,"enemies":"Lagavulin","floor":13.0,"turns":7.0},{"damage":10.0,"enemies":"downfall:FleeingMerchant","floor":14.0,"turns":4.0},{"damage":7.0,"enemies":"3 Louse","floor":15.0,"turns":5.0},{"damage":0.0,"enemies":"SI_SHIV_ARCHETYPE","floor":16.0,"turns":11.0},{"damage":0.0,"enemies":"downfall:LooterAlt2","floor":19.0,"turns":5.0},{"damage":4.0,"enemies":"downfall:FleeingMerchant","floor":20.0,"turns":4.0},{"damage":0.0,"enemies":"Spheric Guardian","floor":26.0,"turns":2.0},{"damage":4.0,"enemies":"Snake Plant","floor":29.0,"turns":3.0},{"damage":6.0,"enemies":"Book of Stabbing","floor":31.0,"turns":3.0},{"damage":0.0,"enemies":"Centurion and Healer","floor":32.0,"turns":3.0},{"damage":16.0,"enemies":"WA_ARCHETYPE_CALM","floor":33.0,"turns":6.0},{"damage":3.0,"enemies":"3 Shapes","floor":36.0,"turns":4.0},{"damage":23.0,"enemies":"3 Darklings","floor":42.0,"turns":4.0},{"damage":10.0,"enemies":"Spire Growth","floor":44.0,"turns":3.0},{"damage":8,"enemies":"Jaw Worm Horde","floor":48,"turns":4},{"damage":3,"enemies":"3 Darklings","floor":49,"turns":3},{"damage":0,"enemies":"IC_BLOCK_ARCHETYPE","floor":50,"turns":8},{"damage":1,"enemies":"downfall:CharBossMerchant","floor":52,"turns":5},{"damage":9,"enemies":"downfall:NeowBoss","floor":55,"turns":15},{"damage":8,"enemies":"downfall:NeowBossFinal","floor":56,"turns":8}],"seed_played":"4051761021482149548","potions_obtained":[{"floor":2.0,"key":"DistilledChaos"},{"floor":6.0,"key":"GamblersBrew"},{"floor":11.0,"key":"SteroidPotion"},{"floor":13.0,"key":"Strength Potion"},{"floor":13.0,"key":"FairyPotion"},{"floor":16.0,"key":"SkillPotion"},{"floor":19.0,"key":"Guardian:BlockOnCardUsePotion"},{"floor":29.0,"key":"LiquidBronze"},{"floor":33.0,"key":"hexamod:SoulburnPotion"},{"floor":36.0,"key":"PowerPotion"},{"floor":42.0,"key":"BottledSpark"}],"is_trial":false,"path_per_floor":["R","M","$","?","M","M","T","E","R","$","M","R","E","$","M","B",null,"R","M","$","?","?","R","T","$","M","?","?","M","R","E","M","B",null,"R","M","?","$","?","R","T","M","R","M","$","T","R","M","M","B",null,"E","$","R","B","B",null],"character_chosen":"MARISA","items_purchased":["PropBag","MagicChant","OortCloud","DragonMeteor","ClockworkSouvenir","MeteoricShower","StuffTheSpire:OldFever"],"campfire_rested":0,"item_purchase_floors":[3,10,14,20,20,25,25],"current_hp_per_floor":[75,69,69,69,69,69,69,53,53,51,46,46,27,17,10,35,75,75,75,71,71,71,71,71,71,71,71,66,64,64,58,58,59,75,75,72,72,72,72,82,82,59,59,49,49,56,56,48,45,70,92,91,91,91,92,86],"gold":164,"neow_bonus":"RANDOM_COLORLESS","is_daily":false,"chose_seed":false,"campfire_upgraded":10,"win_rate":0.0,"timestamp":1613970063,"path_taken":["R","M","$","?","?","M","T","E","R","$","M","R","E","?","M","BOSS","R","M","$","?","?","R","T","$","M","?","?","?","R","E","M","BOSS","R","M","?","$","?","R","T","M","R","M","$","?","R","M","M","BOSS","E","$","R","BOSS","BOSS"],"items_purchased_type":["Card","Card","Card","Card","Relic","Card","Relic"],"build_version":"2020-12-22","purchased_purges":3,"victory":true,"max_hp_per_floor":[75,75,75,75,75,75,75,75,75,75,75,75,75,75,75,75,75,75,75,75,75,75,75,75,75,75,75,75,75,75,75,75,75,75,75,75,75,75,75,85,85,85,85,85,85,92,92,92,92,92,92,92,92,92,92,92],"card_choices":[{"not_picked":["Flash of Steel","Dark Shackles"],"picked":"StuffTheSpire:FreeRealEstate","floor":0.0},{"not_picked":["OpenUniverse","PowerUp"],"picked":"GravityBeat","floor":2.0},{"not_picked":["OneTimeOff","AlicesGift"],"picked":"MagicAbsorber","floor":3.0},{"not_picked":["SporeBomb","DarkSpark"],"picked":"Orbital","floor":5.0},{"not_picked":["UnstableBomb","GalacticHalo","IllusionStar"],"picked":"SKIP","floor":6.0},{"not_picked":["FairyDestructionRay","EarthLightRay"],"picked":"ShootTheMoon","floor":8.0},{"not_picked":["GrandCross","DC","IllusionStar"],"picked":"SKIP","floor":10.0},{"not_picked":["SporeBomb","ManaConvection"],"picked":"WitchOfGreed","floor":11.0},{"not_picked":["WitchLeyline","MysteriousBeam"],"picked":"StarlightTyphoon","floor":13.0},{"not_picked":["MagicChant","DoubleSpark"],"picked":"GalacticHalo","floor":14.0},{"not_picked":["CollectingQuirk","UnstableBomb"],"picked":"GasGiant","floor":15.0},{"not_picked":["CasketOfStar","CollectingQuirk"],"picked":"BinaryStars","floor":16.0},{"not_picked":["Acceleration+1","DarkMatter"],"picked":"WitchLeyline","floor":19.0},{"not_picked":["LuminesStrike+1","WitchOfGreed"],"picked":"WitchLeyline+1","floor":20.0},{"not_picked":["SatelliteIllusion","Acceleration+1","GravityBeat+1"],"picked":"SKIP","floor":26.0},{"not_picked":["GalacticHalo","6A","AlicesGift"],"picked":"SKIP","floor":29.0},{"not_picked":["UnstableBomb","PropBag+1","AsteroidBelt+1"],"picked":"SKIP","floor":31.0},{"not_picked":["EventHorizon+1","MeteoricShower","LuminesStrike"],"picked":"SKIP","floor":32.0},{"not_picked":["CollectingQuirk","CasketOfStar"],"picked":"BinaryStars","floor":33.0},{"not_picked":["WitchOfGreed","MeteoricShower","GravityBeat"],"picked":"SKIP","floor":36.0},{"not_picked":["StuffTheSpire:BrainWave","StuffTheSpire:Brawn"],"picked":"StuffTheSpire:CelestialWarden","floor":39.0},{"not_picked":["ManaRampage","ShootingEcho+1","MagicChant"],"picked":"SKIP","floor":42.0},{"not_picked":["AsteroidBelt+1","GravityBeat+1","EventHorizon"],"picked":"SKIP","floor":44.0},{"not_picked":["MachineGunSpark","AsteroidBelt"],"picked":"SprinkleStarSeal+1","floor":48},{"not_picked":["Acceleration+1","SporeBomb","WitchOfGreed+1"],"picked":"SKIP","floor":49},{"not_picked":["TreasureHunter","GrandCross+1","DoubleSpark+1"],"picked":"SKIP","floor":52}],"player_experience":364765,"relics_obtained":[{"floor":7.0,"key":"StuffTheSpire:HeavyRock"},{"floor":8.0,"key":"Pantograph"},{"floor":13.0,"key":"StuffTheSpire:SapphireSignet"},{"floor":31.0,"key":"Omamori"},{"floor":37.0,"key":"StuffTheSpire:Mouthbags"},{"floor":41.0,"key":"Kunai"},{"floor":46.0,"key":"Strawberry"},{"floor":52,"key":"Lantern"}],"event_choices":[{"damage_healed":0.0,"max_hp_gain":0.0,"max_hp_loss":0.0,"gold_gain":0.0,"event_name":"The Library","player_choice":"Read","floor":22.0,"gold_loss":0.0,"damage_taken":0.0,"cards_obtained":["animator:YachiyoNanami"]},{"cards_removed":["Strike_MRS"],"damage_healed":0.0,"max_hp_gain":0.0,"max_hp_loss":0.0,"gold_gain":0.0,"event_name":"betterThird:BetterWriting","player_choice":"Elegance","floor":27.0,"gold_loss":0.0,"damage_taken":0.0}],"is_beta":false,"boss_relics":[{"not_picked":["SacredBark","ExperimentalFamiliar"],"picked":"bronze:MakeshiftBattery"},{"not_picked":["Runic Dome","hubris:VirtuousBlindfold","Snecko Eye"]}],"items_purged_floors":[20,25,45],"is_endless":false,"potions_floor_spawned":[2,6,11,13,29,33,36,42,49],"ascension_level":0}}