{"host":"w8xisjf5mgmfjvmt","time":1613981939,"event":{"mods":["BaseMod","BetterRewards","Challenge The Spire","Conspire","Energized Spire","Filter the Spire","Minty Spire (QoL Compilation)","Quarter Circle Forward PUNCH!","Quick Restart","Relic Filter Mod","Relic Stats","Reliquary","Replay The Spire","Say the Spire","Shop Mod","Spicy Shops","StSLib","¡¾ÒÅÎï¿¨ÅÆ¡¿REMEMod","óô»ðÖ¸ÄÏ"],"gold_per_floor":[113,127,127,143,158,192,192,212,212,224,224,257,267,296,296,296,296],"floor_reached":16,"language":"ZHS","playtime":708,"items_purged":[],"score":248,"play_id":"754a788a-313f-4a5e-8542-1da2f87afe43","local_time":"20210222161859","is_ascension_mode":true,"campfire_choices":[{"data":"Bash","floor":7.0,"key":"SMITH"},{"data":"Burning Pact","floor":11.0,"key":"SMITH"},{"data":"conspire:ExplosiveBarrier","floor":15,"key":"SMITH"}],"circlet_count":0,"master_deck":["AscendersBane","Strike_R","Strike_R","Strike_R","Strike_R","Strike_R","Defend_R","Defend_R","Defend_R","Defend_R","Bash+1","Feed","Reaper","Armaments+1","Twin Strike","conspire:ExplosiveBarrier+1","Burning Pact+1","Barricade+1","Shockwave+1","Infernal Blade+1","Flame Barrier+1","Dark Embrace+1"],"relics":["Burning Blood","REME_ComplimentaryCards","qcfpunch:Fighting_Gloves","Toxic Egg 2","Chameleon Ring","qcfpunch:Red_Gi"],"acts_visited":["Exordium"],"potions_floor_usage":[14,14],"damage_taken":[{"damage":3.0,"enemies":"2 Louse","floor":1.0,"turns":3.0},{"damage":6.0,"enemies":"Cultist","floor":2.0,"turns":4.0},{"damage":15.0,"enemies":"Small Slimes","floor":4.0,"turns":6.0},{"damage":5.0,"enemies":"2 Fungi Beasts","floor":5.0,"turns":5.0},{"damage":37.0,"enemies":"Lagavulin","floor":6.0,"turns":10.0},{"damage":16.0,"enemies":"Large Slime","floor":8.0,"turns":7.0},{"damage":20.0,"enemies":"Red Slaver","floor":10.0,"turns":7.0},{"damage":30.0,"enemies":"3 Sentries","floor":12.0,"turns":5.0},{"damage":1.0,"enemies":"3 Louse","floor":13.0,"turns":3.0},{"damage":8,"enemies":"Gremlin Nob","floor":14,"turns":4},{"damage":72,"enemies":"Fading Forest","floor":16,"turns":12}],"seed_played":"5689980116309160857","potions_obtained":[{"floor":2.0,"key":"Languid Potion"},{"floor":4.0,"key":"Doom Potion"},{"floor":10.0,"key":"Fire Potion"},{"floor":13.0,"key":"Venom Potion"}],"is_trial":false,"path_per_floor":["M","M","?","M","M","E","R","M","T","M","R","E","M","E","R","B"],"character_chosen":"IRONCLAD","items_purchased":[],"campfire_rested":0,"item_purchase_floors":[],"current_hp_per_floor":[71,74,74,73,80,60,60,56,56,49,49,36,45,43,43,0,0],"gold":296,"neow_bonus":"THREE_RARE_CARDS","is_daily":false,"chose_seed":false,"campfire_upgraded":3,"win_rate":0.0,"timestamp":1613981939,"path_taken":["M","M","?","?","M","E","R","M","T","M","R","E","?","E","R","BOSS"],"items_purchased_type":[],"build_version":"2020-12-22","purchased_purges":0,"victory":false,"max_hp_per_floor":[71,74,74,77,80,84,84,84,84,84,84,87,91,91,91,91,91],"relic_stats":{"counters":[11,66],"obtain_stats":[{"Chameleon Ring":12,"qcfpunch:Red_Gi":14,"qcfpunch:Fighting_Gloves":6,"Toxic Egg 2":9,"Burning Blood":0,"REME_ComplimentaryCards":0},{"Chameleon Ring":8,"qcfpunch:Red_Gi":10,"qcfpunch:Fighting_Gloves":5,"Toxic Egg 2":6,"Burning Blood":0,"REME_ComplimentaryCards":0},{"Chameleon Ring":47,"qcfpunch:Red_Gi":54,"qcfpunch:Fighting_Gloves":28,"Toxic Egg 2":35,"Burning Blood":0,"REME_ComplimentaryCards":0}],"Burning Blood":56},"card_choices":[{"not_picked":["REME_TheLastStrike","conspire:HitWhereItHurts"],"picked":"Feed","floor":0.0},{"not_picked":["Iron Wave","Cleave"],"picked":"Armaments","floor":1.0},{"not_picked":["Blood for Blood","Headbutt"],"picked":"Twin Strike","floor":2.0},{"not_picked":["Thunderclap","Run Through"],"picked":"conspire:ExplosiveBarrier","floor":4.0},{"not_picked":["Body Slam","REME_Cut"],"picked":"Burning Pact","floor":5.0},{"not_picked":["Clothesline","Warcry"],"picked":"Barricade","floor":6.0},{"not_picked":["Flex","Heavy Blade"],"picked":"Shockwave","floor":8.0},{"not_picked":["Hemokinesis","Sever Soul"],"picked":"Infernal Blade+1","floor":10.0},{"not_picked":["Thunderclap","Pommel Strike"],"picked":"Flame Barrier+1","floor":12.0},{"not_picked":["Thunderclap","REME_Cut","Wild Strike"],"picked":"SKIP","floor":13.0},{"not_picked":["Fire Breathing","REME_SingleHolding+1"],"picked":"Dark Embrace","floor":14}],"player_experience":1394193,"relics_obtained":[{"floor":6.0,"key":"qcfpunch:Fighting_Gloves"},{"floor":9.0,"key":"Toxic Egg 2"},{"floor":12.0,"key":"Chameleon Ring"},{"floor":14,"key":"qcfpunch:Red_Gi"}],"event_choices":[{"damage_healed":0.0,"max_hp_gain":0.0,"max_hp_loss":0.0,"gold_gain":0.0,"event_name":"Upgrade Shrine","player_choice":"Upgraded","floor":3.0,"gold_loss":0.0,"damage_taken":0.0,"cards_upgraded":["Armaments"]}],"is_beta":false,"boss_relics":[],"items_purged_floors":[],"is_endless":false,"potions_floor_spawned":[2,4,10,13],"killed_by":"Fading Forest","ascension_level":20}}