{"host":"2o3sockympbxxanu","time":1613982820,"event":{"mods":["AchievementEnabler","BaseMod","Colored Map","Colored Powertips","Conspire","Highlight Path","Infinite Spire","Minty Spire (QoL Compilation)","Replay The Spire","Shop Mod","StSLib","SuperFastMode"],"gold_per_floor":[110,110,110,385,112,112,125,125,125,43,81,81,81,97,97,217,217,238,262,262,262,262,262,280,293,293,293,53,53,68,111,111,243,243,279,279,320,68,68,68,68,68,68,95,95,95,95,135,135,135],"floor_reached":51,"language":"ZHS","playtime":1584,"items_purged":["Regret","Injury","Doubt"],"score":955,"play_id":"9fb7d73b-d42a-4380-8105-06f09f751df5","local_time":"20210222163340","daily_mods":["Draft","Vintage","Heirloom","Time Dilation","Flight"],"is_ascension_mode":false,"campfire_choices":[{"data":"Bane","floor":6,"key":"SMITH"},{"data":"Dagger Spray","floor":8,"key":"SMITH"},{"data":"Catalyst","floor":13,"key":"SMITH"},{"data":"Injury","floor":15,"key":"PURGE"},{"data":"Terror","floor":27,"key":"SMITH"},{"floor":29,"key":"REST"},{"data":"Phantasmal Killer","floor":32,"key":"SMITH"},{"data":"Outmaneuver","floor":40,"key":"SMITH"},{"data":"Blade Dance","floor":41,"key":"SMITH"}],"circlet_count":0,"master_deck":["Outmaneuver+1","Bane+1","Poisoned Stab","conspire:DoublingDagger+1","Deadly Poison","Deflect+1","Deadly Poison+1","Cloak And Dagger","conspire:PoisonWeapons","Poisoned Stab","Deadly Poison","Blade Dance+1","Deflect","Dagger Spray+1","Infinite Blades","Infinite Blades","Catalyst+1","Phantasmal Killer+1","CurseOfTheBell","Terror+1","Caltrops+1","Night Terror+1","ReplayTheSpireMod:Faulty Equipment","Injury","Slice","PiercingWail","Dagger Throw","Malaise"],"relics":["Ring of the Snake","replay:Trail_Library","The Specimen","Replay:Accelerometer","Tough Bandages","Golden Idol","Vajra","Akabeko","Bottled Lightning","Odd Mushroom","Strawberry","Calling Bell","Happy Flower","Gremlin Horn","StoneCalendar","Potion Belt","Ninja Scroll","Replay:Mystery Machine","Shuriken","Onion Ring","infinitespire:Eraser","Boot","Matryoshka","Pen Nib","Red Mask","infinitespire:EvilPickle","Replay:Ancient Bell","Tiny Chest","Divine Protection","Lizard Tail","PreservedInsect","War Paint","Guide Book","Darkstone Periapt","Snack Pack","Orichalcum","Kunai","Bronze Scales","infinitespire:Bottled Soul","ReplayTheSpireMod:Shallot"],"acts_visited":["Exordium","TheCity","TheBeyond"],"potions_floor_usage":[23,50],"damage_taken":[{"damage":7,"enemies":"2 Louse","floor":1,"turns":2},{"damage":0,"enemies":"Jaw Worm","floor":7,"turns":1},{"damage":0,"enemies":"The Mushroom Lair","floor":11,"turns":1},{"damage":0,"enemies":"Cultist","floor":14,"turns":2},{"damage":13,"enemies":"Slime Boss","floor":16,"turns":5},{"damage":22,"enemies":"Shell Parasite","floor":18,"turns":3},{"damage":10,"enemies":"Spheric Guardian","floor":19,"turns":3},{"damage":0,"enemies":"3 Cultists","floor":24,"turns":2},{"damage":13,"enemies":"Snake Plant","floor":25,"turns":2},{"damage":2,"enemies":"Snecko","floor":30,"turns":3},{"damage":3,"enemies":"Masked Bandits","floor":31,"turns":2},{"damage":16,"enemies":"Pondfish","floor":33,"turns":5},{"damage":0,"enemies":"3 Darklings","floor":35,"turns":1},{"damage":1,"enemies":"3 Shapes","floor":37,"turns":1},{"damage":0,"enemies":"R_Hoarder","floor":48,"turns":2},{"damage":37,"enemies":"Time Eater","floor":50,"turns":7}],"seed_played":"-5381983985518467547","potions_obtained":[{"floor":7,"key":"LiquidBronze"},{"floor":14,"key":"SkillPotion"},{"floor":16,"key":"Weak Potion"},{"floor":19,"key":"Cursed Concoction"},{"floor":23,"key":"Fruit Juice"},{"floor":23,"key":"Flashbang"},{"floor":31,"key":"Poison Potion"}],"is_trial":true,"path_per_floor":["M","?","?","?","$","R","M","R","T","$","?","?","R","M","R_BF","B",null,"M","M","AVR","$","?","?","M","M","T","R","$","R","M","?","R","B",null,"M","?","M","$","?","R","R","T","T","T","?","?","T","E","R_BF","B",null],"character_chosen":"THE_SILENT","items_purchased":["Infinite Blades","Vajra","Catalyst","Matryoshka","Guide Book"],"campfire_rested":1,"item_purchase_floors":[5,5,10,28,38],"current_hp_per_floor":[63,63,63,63,63,63,63,63,63,63,63,56,56,63,63,50,77,55,45,45,45,45,50,50,37,37,37,37,61,59,56,56,40,82,82,82,81,81,78,78,78,78,78,78,78,78,78,78,78,45],"gold":135,"neow_bonus":"","is_daily":false,"chose_seed":false,"campfire_upgraded":7,"win_rate":0.0,"timestamp":1613982820,"path_taken":["M","?","?","?","$","R","?","R","T","?","?","?","R","M","R_BF","BOSS","M","M","AVR","$","?","?","M","?","T","R","?","R","?","?","R","BOSS","M","?","?","$","?","R","R","?","T","?","?","?","?","E","R_BF","BOSS"],"items_purchased_type":["Card","Relic","Card","Relic","Relic"],"build_version":"2020-12-22","purchased_purges":3,"victory":true,"max_hp_per_floor":[70,70,70,70,70,70,70,70,70,70,70,70,70,77,77,77,77,77,77,77,77,77,82,82,82,82,82,82,82,82,82,82,82,82,82,82,82,82,78,78,78,78,78,78,78,78,78,78,78,78],"card_choices":[{"not_picked":["Dodge and Roll","Flying Knee"],"picked":"Outmaneuver","floor":0},{"not_picked":["ReplayTheSpireMod:The Works","Underhanded Strike"],"picked":"Acrobatics","floor":0},{"not_picked":["Poisoned Stab","Dash"],"picked":"Bane","floor":0},{"not_picked":["Setup","ReplayTheSpireMod:Scrap Shanks"],"picked":"Poisoned Stab","floor":0},{"not_picked":["Sneak Up","Quick Slash"],"picked":"conspire:DoublingDagger","floor":0},{"not_picked":["PiercingWail","Quick Slash"],"picked":"Deadly Poison","floor":0},{"not_picked":["Fluid Movement","Outmaneuver"],"picked":"Deflect","floor":0},{"not_picked":["Quick Slash","Sucker Punch"],"picked":"Deadly Poison","floor":0},{"not_picked":["Toxin Wave","All Out Attack"],"picked":"Cloak And Dagger","floor":0},{"not_picked":["Backflip","Outmaneuver"],"picked":"conspire:PoisonWeapons","floor":0},{"not_picked":["Backflip","Underhanded Strike"],"picked":"Poisoned Stab","floor":0},{"not_picked":["Hidden Blade","Fluid Movement"],"picked":"Deadly Poison","floor":0},{"not_picked":["Deadly Poison","Hidden Blade"],"picked":"Blade Dance","floor":0},{"not_picked":["Acrobatics","ReplayTheSpireMod:Shiv Toss"],"picked":"Deflect","floor":0},{"not_picked":["Heel Hook","Slice"],"picked":"Dagger Spray","floor":0},{"not_picked":["Unload","Wraith Form v2"],"picked":"Phantasmal Killer","floor":16},{"not_picked":["Heel Hook+1","Poisoned Stab"],"picked":"Caltrops+1","floor":31},{"not_picked":["Burst","Doppelganger"],"picked":"Night Terror","floor":33},{"not_picked":["Pain","Shame"],"picked":"ReplayTheSpireMod:Faulty Equipment","floor":34},{"not_picked":["Pain","infinitespire:Pacifist"],"picked":"Doubt","floor":34},{"not_picked":["Spreading Infection","Doubt"],"picked":"Injury","floor":34},{"not_picked":["Acrobatics+1","Deadly Poison","Deflect"],"picked":"SKIP","floor":48}],"player_experience":328110,"relics_obtained":[{"floor":1,"key":"Replay:Accelerometer"},{"floor":2,"key":"Tough Bandages"},{"floor":7,"key":"Akabeko"},{"floor":9,"key":"Bottled Lightning"},{"floor":11,"key":"Odd Mushroom"},{"floor":14,"key":"Strawberry"},{"floor":17,"key":"Happy Flower"},{"floor":17,"key":"Gremlin Horn"},{"floor":17,"key":"StoneCalendar"},{"floor":18,"key":"Potion Belt"},{"floor":19,"key":"Ninja Scroll"},{"floor":24,"key":"Onion Ring"},{"floor":25,"key":"infinitespire:Eraser"},{"floor":26,"key":"Boot"},{"floor":30,"key":"Pen Nib"},{"floor":31,"key":"Red Mask"},{"floor":37,"key":"War Paint"},{"floor":42,"key":"Darkstone Periapt"},{"floor":42,"key":"Snack Pack"},{"floor":43,"key":"Orichalcum"},{"floor":43,"key":"Kunai"},{"floor":44,"key":"Bronze Scales"},{"floor":47,"key":"infinitespire:Bottled Soul"},{"floor":48,"key":"ReplayTheSpireMod:Shallot"}],"event_choices":[{"damage_healed":0,"gold_gain":0,"player_choice":"Take Wound","damage_taken":0,"relics_obtained":["Golden Idol"],"max_hp_gain":0,"max_hp_loss":0,"event_name":"Golden Idol","floor":3,"gold_loss":0,"cards_obtained":["Injury"]},{"damage_healed":0,"gold_gain":275,"player_choice":"Desecrate","damage_taken":0,"max_hp_gain":0,"max_hp_loss":0,"event_name":"Golden Shrine","floor":4,"gold_loss":0,"cards_obtained":["Regret"]},{"damage_healed":0,"gold_gain":0,"player_choice":"Fought Mushrooms","damage_taken":0,"max_hp_gain":0,"max_hp_loss":0,"event_name":"Mushrooms","floor":11,"gold_loss":0},{"damage_healed":0,"gold_gain":0,"player_choice":"Opened","damage_taken":0,"relics_obtained":["Shuriken"],"max_hp_gain":0,"max_hp_loss":0,"event_name":"The Mausoleum","floor":22,"gold_loss":0},{"damage_healed":0,"gold_gain":0,"player_choice":"Got Potions","damage_taken":0,"max_hp_gain":0,"max_hp_loss":0,"event_name":"Lab","floor":23,"gold_loss":0},{"damage_healed":0,"gold_gain":0,"player_choice":"Fought Bandits","damage_taken":0,"max_hp_gain":0,"max_hp_loss":0,"event_name":"Masked Bandits","floor":31,"gold_loss":0},{"damage_healed":0,"gold_gain":0,"player_choice":"Gave Potion","damage_taken":0,"relics_obtained":["PreservedInsect"],"max_hp_gain":0,"max_hp_loss":0,"event_name":"WeMeetAgain","floor":36,"gold_loss":0},{"damage_healed":0,"gold_gain":0,"player_choice":"Max HP","damage_taken":0,"max_hp_gain":0,"max_hp_loss":4,"event_name":"Winding Halls","floor":39,"gold_loss":0},{"damage_healed":0,"gold_gain":0,"player_choice":"Ignored","damage_taken":0,"max_hp_gain":0,"max_hp_loss":0,"event_name":"The Moai Head","floor":46,"gold_loss":0}],"is_beta":false,"boss_relics":[{"not_picked":["Cursed Key","Fusion Hammer"],"picked":"Calling Bell"},{"not_picked":["Snecko Scales","ChewingGum"],"picked":"Replay:Ancient Bell"},{"not_picked":["Replay:Mystery Machine","infinitespire:Beetle Shell"],"picked":"Tiny Chest"},{"not_picked":["infinitespire:ShieldingShard","Mercury Hourglass"],"picked":"Divine Protection"},{"not_picked":["Unceasing Top","Dead Branch"],"picked":"Lizard Tail"}],"items_purged_floors":[5,20,38],"is_endless":false,"potions_floor_spawned":[7,14,16,19,31,33],"ascension_level":0}}