{"host":"3p4eynvdmgjf7qvn","time":1613972980,"event":{"mods":["Aspiration","BaseMod","Better Note","Better Skull","Colored Map","Colored Powertips","Downfall","Hermit","Hubris","Minty Spire (QoL Compilation)","Relic Stats","Robot Space Explorer","StSLib","The Bug Knight","The Disciple","The Forsaken","The Hierophant","The Jungle","The Marked","The Necromancer","TheBandit"],"gold_per_floor":[99,119,133,32,17,44,44,29,49,49,59,59,59,88,98,196,196,96,96,96,110,125,25,25,35,135,35,51,86,3,53,70,166,166,166,179,179,41,53,53,53,53,73,103,103,117,117,150,160,160,160,160,160,160],"floor_reached":52,"language":"ENG","playtime":7856,"items_purged":["hexamod:Defend"],"score":765,"play_id":"1eb7f754-8dde-43f0-acd8-adb3645c6f1d","local_time":"20210222064940","is_ascension_mode":false,"campfire_choices":[{"data":"hexamod:Float","floor":1,"key":"SMITH"},{"data":"hexamod:VolcanoVisage","floor":10,"key":"SMITH"},{"floor":18,"key":"RECALL"},{"data":"hexamod:ForkedFlame","floor":23,"key":"SMITH"},{"data":"hexamod:RadiantFlame","floor":27,"key":"SMITH"},{"data":"hexamod:EtherealExpedition","floor":35,"key":"SMITH"},{"data":"expansioncontent:QuickStudy","floor":40,"key":"SMITH"},{"floor":45,"key":"REST"},{"floor":47,"key":"REST"}],"circlet_count":0,"master_deck":["hexamod:Strike","hexamod:Strike","hexamod:Strike","hexamod:Strike","hexamod:Defend","hexamod:Defend","hexamod:Defend","hexamod:Sear","hexamod:Float+1","hexamod:HeatMetal","hexamod:EtherealExpedition+1","hexamod:HauntingEcho","hexamod:RadiantFlame+1","hexamod:HeatMetal","hexamod:VolcanoVisage+1","hexamod:TimeOfNeed+1","hexamod:StepThrough","hexamod:StepThrough","hexamod:BurningTouch","hexamod:ChargedBarrage","hexamod:AdvancingGuard","hexamod:ForkedFlame+1","hexamod:ThermalTransfer","theMarked:Improvise+1","hexamod:InspiringFlames","hexamod:BurningTouch+1","hexamod:DynamicBlow","hexamod:ExtraCrispy+1","hexamod:HeatMetal+1","hexamod:FastForward+1","expansioncontent:QuickStudy+1","hexamod:TimeOfNeed","hexamod:SkipABeat+1","hexamod:EtherealExpedition+1"],"relics":["hexamod:SpiritBrand","Frozen Egg 2","hexamod:MatchstickCase","Incense Burner","hubris:ScarierMask","downfall:HeartBlessingGreen","downfall:HeartBlessingRed","White Beast Statue","downfall:HeartBlessingBlue","Nunchaku","Dream Catcher","SlaversCollar","Bottled Tornado","hubris:GlazedTorus","Regal Pillow","Bronze Scales"],"acts_visited":["Exordium","TheCity","TheBeyond","TheEnding"],"potions_floor_usage":[6,8,15,15,26,26,29,29,30,32,33,43,44,46,50],"damage_taken":[{"damage":0,"enemies":"Cultist","floor":2,"turns":3},{"damage":0,"enemies":"Small Slimes","floor":3,"turns":3},{"damage":0,"enemies":"downfall:FleeingMerchant","floor":4,"turns":4},{"damage":0,"enemies":"downfall:FleeingMerchant","floor":5,"turns":4},{"damage":8,"enemies":"Gremlin Nob","floor":6,"turns":3},{"damage":6,"enemies":"downfall:FleeingMerchant","floor":8,"turns":4},{"damage":3,"enemies":"2 Louse","floor":9,"turns":3},{"damage":6,"enemies":"Lots of Slimes","floor":11,"turns":5},{"damage":8,"enemies":"3 Sentries","floor":14,"turns":5},{"damage":7,"enemies":"Large Slime","floor":15,"turns":4},{"damage":3,"enemies":"SI_SHIV_ARCHETYPE","floor":16,"turns":6},{"damage":0,"enemies":"Chosen","floor":19,"turns":1},{"damage":0,"enemies":"downfall:LooterAlt2","floor":21,"turns":3},{"damage":10,"enemies":"Snake Plant","floor":22,"turns":3},{"damage":0,"enemies":"3 Cultists","floor":25,"turns":3},{"damage":16,"enemies":"downfall:LadyInBlue","floor":26,"turns":9},{"damage":0,"enemies":"Centurion and Healer","floor":28,"turns":3},{"damage":2,"enemies":"HollowMod:Nosk","floor":29,"turns":6},{"damage":0,"enemies":"downfall:FleeingMerchant","floor":30,"turns":4},{"damage":13,"enemies":"Snecko","floor":32,"turns":5},{"damage":25,"enemies":"IC_MUSHROOM_ARCHETYPE","floor":33,"turns":7},{"damage":4,"enemies":"Orb Walker","floor":36,"turns":3},{"damage":11,"enemies":"downfall:FleeingMerchant","floor":38,"turns":3},{"damage":10,"enemies":"3 Darklings","floor":39,"turns":4},{"damage":10,"enemies":"Transient","floor":43,"turns":5},{"damage":44,"enemies":"Giant Head","floor":44,"turns":7},{"damage":4,"enemies":"Jaw Worm Horde","floor":46,"turns":4},{"damage":29,"enemies":"Nemesis","floor":48,"turns":5},{"damage":0,"enemies":"Transient","floor":49,"turns":5},{"damage":91,"enemies":"DF_ARCHETYPE_ORBS","floor":50,"turns":9},{"damage":165,"enemies":"downfall:CharBossMerchant","floor":52,"turns":8}],"seed_played":"5679296571152389288","potions_obtained":[{"floor":2,"key":"LiquidMemories"},{"floor":6,"key":"LiquidBronze"},{"floor":11,"key":"hexamod:EctoCoolerPotion"},{"floor":14,"key":"Fruit Juice"},{"floor":16,"key":"Guardian:BlockOnCardUsePotion"},{"floor":22,"key":"Block Potion"},{"floor":26,"key":"bronze:BurnAndBuffPotion"},{"floor":26,"key":"Swift Potion"},{"floor":26,"key":"hexamod:EctoCoolerPotion"},{"floor":28,"key":"Block Potion"},{"floor":29,"key":"LiquidBronze"},{"floor":30,"key":"AttackPotion"},{"floor":32,"key":"Strength Potion"},{"floor":33,"key":"FairyPotion"},{"floor":36,"key":"SteroidPotion"},{"floor":38,"key":"FairyPotion"},{"floor":39,"key":"CultistPotion"},{"floor":43,"key":"SteroidPotion"},{"floor":44,"key":"DistilledChaos"},{"floor":46,"key":"SteroidPotion"},{"floor":48,"key":"Swift Potion"},{"floor":49,"key":"BlessingOfTheForge"}],"is_trial":false,"path_per_floor":["R","M","M","$","$","E","T","$","M","R","M","?","?","E","M","B",null,"R","M","?","M","M","R","T","M","?","R","M","E","$","T","M","B",null,"R","M","?","$","M","R","T","?","M","E","R","M","R","E","M","B",null,"E"],"character_chosen":"THE_SPIRIT","items_purchased":["hexamod:RadiantFlame","hexamod:HeatMetal","hexamod:ExtraCrispy+1","Bottled Tornado","expansioncontent:QuickStudy"],"campfire_rested":2,"item_purchase_floors":[4,4,30,38,38],"current_hp_per_floor":[77,77,77,77,77,69,69,63,60,60,54,54,54,46,44,41,82,82,82,82,82,72,72,72,72,56,66,66,64,64,64,51,26,92,92,88,88,77,67,67,67,67,57,23,65,61,92,63,63,1,92,0,0,0],"gold":160,"neow_bonus":"TEN_PERCENT_HP_BONUS","is_daily":false,"chose_seed":false,"campfire_upgraded":6,"win_rate":0.0,"timestamp":1613972980,"path_taken":["R","M","M","?","$","E","T","$","M","R","M","?","?","E","M","BOSS","R","M","?","M","?","R","T","M","?","R","M","E","$","?","M","BOSS","R","M","?","$","M","R","T","?","M","E","R","?","R","E","M","BOSS","E"],"items_purchased_type":["Card","Card","Card","Relic","Card"],"build_version":"2020-12-22","purchased_purges":1,"victory":false,"max_hp_per_floor":[77,77,77,77,77,77,77,77,77,77,77,77,77,77,82,82,82,82,82,82,82,82,82,82,82,82,92,92,92,92,92,92,92,92,92,92,92,92,92,92,92,92,92,92,92,92,92,92,92,92,92,92,92,92],"relic_stats":{"Nunchaku":[12],"Dream Catcher":2,"Regal Pillow":19,"counters":[31,141],"Bronze Scales":[25],"obtain_stats":[{"Regal Pillow":44,"downfall:HeartBlessingRed":23,"downfall:HeartBlessingGreen":18,"Incense Burner":14,"Frozen Egg 2":6,"Bottled Tornado":38,"White Beast Statue":26,"hexamod:MatchstickCase":7,"SlaversCollar":34,"Nunchaku":29,"Dream Catcher":31,"downfall:BrokenWingStatue":12,"downfall:HeartBlessingBlue":27,"Bronze Scales":48,"hubris:ScarierMask":17,"hexamod:SpiritBrand":0,"hubris:GlazedTorus":41},{"Regal Pillow":26,"downfall:HeartBlessingRed":14,"downfall:HeartBlessingGreen":11,"Incense Burner":9,"Frozen Egg 2":5,"Bottled Tornado":23,"White Beast Statue":16,"hexamod:MatchstickCase":5,"SlaversCollar":21,"Nunchaku":18,"Dream Catcher":19,"downfall:BrokenWingStatue":8,"downfall:HeartBlessingBlue":16,"Bronze Scales":28,"hubris:ScarierMask":11,"hexamod:SpiritBrand":0,"hubris:GlazedTorus":24},{"Regal Pillow":110,"downfall:HeartBlessingRed":51,"downfall:HeartBlessingGreen":44,"Incense Burner":34,"Frozen Egg 2":17,"Bottled Tornado":94,"White Beast Statue":63,"hexamod:MatchstickCase":17,"SlaversCollar":88,"Nunchaku":72,"Dream Catcher":76,"downfall:BrokenWingStatue":29,"downfall:HeartBlessingBlue":63,"Bronze Scales":119,"hubris:ScarierMask":44,"hexamod:SpiritBrand":0,"hubris:GlazedTorus":98}]},"card_choices":[{"not_picked":["hexamod:HeatShield","hexamod:NightmareStrike"],"picked":"hexamod:HeatMetal","floor":2},{"not_picked":["hexamod:Rewind","hexamod:RecurringNightmare"],"picked":"hexamod:EtherealExpedition","floor":3},{"not_picked":["hexamod:NightmareStrike","hexamod:SkipABeat"],"picked":"hexamod:HauntingEcho","floor":4},{"not_picked":["hexamod:ShieldOfDarkness","hexamod:Hexaguard"],"picked":"hexamod:VolcanoVisage","floor":5},{"not_picked":["hexamod:HeatCrush","hexamod:GhostflameInferno"],"picked":"hexamod:TimeOfNeed","floor":6},{"not_picked":["hexamod:BacktrackSmack","hexamod:RainOfEmbers"],"picked":"hexamod:StepThrough","floor":8},{"not_picked":["hexamod:NightmareStrike","hexamod:Haunt"],"picked":"hexamod:StepThrough","floor":9},{"not_picked":["hexamod:ShieldOfDarkness","hexamod:HeatMetal"],"picked":"hexamod:BurningTouch","floor":11},{"not_picked":["hexamod:CatchUp","hexamod:Again"],"picked":"hexamod:ChargedBarrage","floor":14},{"not_picked":["hexamod:RainOfEmbers","hexamod:Firestarter"],"picked":"hexamod:AdvancingGuard","floor":15},{"not_picked":["hexamod:WildfireWeapon+1","hexamod:SearingWound"],"picked":"hexamod:ForkedFlame","floor":16},{"not_picked":["hexamod:SecondSeal","hexamod:HeatMetal"],"picked":"hexamod:ThermalTransfer","floor":19},{"not_picked":["hexamod:BurningTouch","hexamod:GhostLash","hexamod:HauntingEcho"],"picked":"SKIP","floor":21},{"not_picked":["hexamod:ChargedBarrage","hexamod:ThirdSeal"],"picked":"hexamod:InspiringFlames","floor":22},{"not_picked":["hexamod:Firestarter","hexamod:GhostShield"],"picked":"hexamod:BurningTouch+1","floor":25},{"not_picked":["hexamod:AdvancingGuard","hexamod:SpectersWail+1"],"picked":"hexamod:DynamicBlow","floor":28},{"not_picked":["hexamod:Firestarter+1","hexamod:RetreatToShadows","hexamod:FastForward"],"picked":"SKIP","floor":29},{"not_picked":["hexamod:UnleashSpirits","hexamod:PhantomCloak+1","hexamod:InspiringFlames"],"picked":"SKIP","floor":30},{"not_picked":["hexamod:BacktrackSmack","hexamod:Hexaguard+1"],"picked":"hexamod:HeatMetal+1","floor":32},{"not_picked":["hexamod:GhostOfSpirePast+1","hexamod:Hexaguard"],"picked":"hexamod:FastForward+1","floor":36},{"not_picked":["hexamod:NightmareGuise+1","hexamod:RecurringNightmare","hexamod:GhostShield+1"],"picked":"SKIP","floor":38},{"not_picked":["hexamod:NightmareStrike","hexamod:InspiringFlames","hexamod:SpectersWail"],"picked":"SKIP","floor":39},{"not_picked":["hexamod:GhostLash+1","hexamod:SpectersWail","hexamod:HeatMetal"],"picked":"SKIP","floor":43},{"not_picked":["hexamod:Again","hexamod:Firestarter+1","hexamod:GhostShield+1"],"picked":"SKIP","floor":44},{"not_picked":["hexamod:PhantomCloak+1","hexamod:Incineration"],"picked":"hexamod:TimeOfNeed","floor":45},{"not_picked":["hexamod:SwordOfDarkness+1","hexamod:HauntingEcho+1"],"picked":"hexamod:SkipABeat+1","floor":46},{"not_picked":["hexamod:ThermalTransfer","hexamod:SpectralAdrenaline"],"picked":"hexamod:EtherealExpedition+1","floor":47},{"not_picked":["hexamod:InspiringFlames+1","hexamod:BurningTouch","hexamod:SwordOfDarkness"],"picked":"SKIP","floor":48},{"not_picked":["hexamod:GhostShield+1","hexamod:RainOfEmbers+1","hexamod:GhostflameInferno"],"picked":"SKIP","floor":49}],"player_experience":311910,"relics_obtained":[{"floor":6,"key":"Frozen Egg 2"},{"floor":7,"key":"hexamod:MatchstickCase"},{"floor":14,"key":"Incense Burner"},{"floor":26,"key":"White Beast Statue"},{"floor":29,"key":"Nunchaku"},{"floor":31,"key":"Dream Catcher"},{"floor":41,"key":"hubris:GlazedTorus"},{"floor":44,"key":"Regal Pillow"},{"floor":48,"key":"Bronze Scales"}],"event_choices":[{"cards_removed":["hexamod:TimeOfNeed"],"damage_healed":0,"gold_gain":0,"player_choice":"Take \u0026 Give","damage_taken":0,"max_hp_gain":0,"max_hp_loss":0,"event_name":"betterNote:BetterNote","floor":20,"gold_loss":0,"cards_obtained":["theMarked:Improvise"]},{"damage_healed":0,"gold_gain":0,"player_choice":"Got Potions","damage_taken":0,"max_hp_gain":0,"max_hp_loss":0,"event_name":"Lab","floor":42,"gold_loss":0}],"is_beta":false,"boss_relics":[{"not_picked":["SacredBark","theForsaken:PaleLantern"],"picked":"hubris:ScarierMask"},{"not_picked":["aspiration:RitualDagger","aspiration:IroncladSkillbook"],"picked":"SlaversCollar"}],"items_purged_floors":[38],"is_endless":false,"potions_floor_spawned":[2,6,11,14,16,22,28,29,30,32,33,36,38,39,43,44,46,48,49],"killed_by":"downfall:CharBossMerchant","ascension_level":0}}