{"host":"8g24zuco0epbjwbo","time":1613966204,"event":{"mods":["BaseMod","Downfall","Minty Spire (QoL Compilation)","Relic Stats","StSLib"],"gold_per_floor":[115,126,301,317,389,389,415,415,415,449,449,449,479,254,254,359,359,378,395,395,405,418,452,468,502,553,553,567,567,601,617,617,716,716,735,785,299,312,331,331,356,356,356,356,375,387,404,415,415,415],"floor_reached":51,"language":"ENG","playtime":2807,"items_purged":["Doubt"],"score":924,"play_id":"8775a770-a8ab-412f-b89f-8fe0e8c76f7e","local_time":"20210221225644","is_ascension_mode":true,"campfire_choices":[{"data":"Zap","floor":6,"key":"SMITH"},{"data":"Reinforced Body","floor":8,"key":"SMITH"},{"data":"Dualcast","floor":12,"key":"SMITH"},{"data":"Coolheaded","floor":15,"key":"SMITH"},{"data":"Hello World","floor":27,"key":"SMITH"},{"data":"Streamline","floor":32,"key":"SMITH"},{"data":"Biased Cognition","floor":40,"key":"SMITH"},{"data":"Biased Cognition","floor":42,"key":"SMITH"},{"data":"Defragment","floor":49,"key":"SMITH"}],"circlet_count":0,"master_deck":["Strike_B","Strike_B","Defend_B","Defend_B","Defend_B","Defend_B","Zap+1","Dualcast+1","Redo","Reinforced Body+1","Conserve Battery","Hologram","Machine Learning","Cold Snap","Coolheaded+1","Hello World+1","Glacier","Core Surge","Rebound","Doom and Gloom","Double Energy","Self Repair","Heatsinks","Storm","Streamline+1","BootSequence+1","Storm","Biased Cognition","Defragment+1","Heatsinks","Biased Cognition+1","Biased Cognition+1","Storm+1","Biased Cognition+1"],"relics":["Cracked Core","Eternal Feather","hexamod:CandleOfCauterizing","bronze:DecasWashers","Kunai","Art of War","Guardian:GemstoneGun","Snecko Eye","Dead Branch","Toy Ornithopter","White Beast Statue","Oddly Smooth Stone","Mummified Hand","PreservedInsect","Inserter","StoneCalendar","Blue Candle","DollysMirror","Frozen Egg 2","Bird Faced Urn"],"acts_visited":["Exordium","TheCity","TheBeyond"],"potions_floor_usage":[25,50,50,50],"damage_taken":[{"damage":10,"enemies":"Small Slimes","floor":1,"turns":3},{"damage":1,"enemies":"Jaw Worm","floor":2,"turns":3},{"damage":0,"enemies":"2 Louse","floor":4,"turns":3},{"damage":23,"enemies":"Lagavulin","floor":7,"turns":8},{"damage":18,"enemies":"3 Sentries","floor":10,"turns":9},{"damage":16,"enemies":"Gremlin Nob","floor":13,"turns":5},{"damage":19,"enemies":"Slime Boss","floor":16,"turns":13},{"damage":4,"enemies":"3 Byrds","floor":18,"turns":7},{"damage":0,"enemies":"Shell Parasite","floor":19,"turns":6},{"damage":0,"enemies":"Centurion and Healer","floor":21,"turns":6},{"damage":0,"enemies":"Cultist and Chosen","floor":22,"turns":6},{"damage":27,"enemies":"Gremlin Leader","floor":23,"turns":10},{"damage":0,"enemies":"3 Cultists","floor":24,"turns":7},{"damage":14,"enemies":"Slavers","floor":25,"turns":6},{"damage":12,"enemies":"Snake Plant","floor":28,"turns":5},{"damage":0,"enemies":"Gremlin Leader","floor":30,"turns":8},{"damage":2,"enemies":"Shelled Parasite and Fungi","floor":31,"turns":5},{"damage":22,"enemies":"Champ","floor":33,"turns":12},{"damage":0,"enemies":"Orb Walker","floor":35,"turns":3},{"damage":0,"enemies":"Mind Bloom Boss Battle","floor":36,"turns":5},{"damage":0,"enemies":"3 Shapes","floor":38,"turns":1},{"damage":10,"enemies":"Spire Growth","floor":39,"turns":3},{"damage":0,"enemies":"Nemesis","floor":41,"turns":3},{"damage":0,"enemies":"3 Darklings","floor":45,"turns":3},{"damage":0,"enemies":"Transient","floor":46,"turns":4},{"damage":0,"enemies":"Maw","floor":47,"turns":3},{"damage":0,"enemies":"Sphere and 2 Shapes","floor":48,"turns":2},{"damage":0,"enemies":"Donu and Deca","floor":50,"turns":3}],"seed_played":"6223933804076060063","potions_obtained":[{"floor":1,"key":"bronze:BurnAndBuffPotion"},{"floor":2,"key":"PotionOfCapacity"},{"floor":13,"key":"Ancient Potion"},{"floor":19,"key":"DuplicationPotion"},{"floor":28,"key":"SmokeBomb"},{"floor":30,"key":"Fire Potion"},{"floor":41,"key":"FocusPotion"}],"is_trial":false,"path_per_floor":["M","M","?","M","T","R","E","R","T","E","?","R","E","$","R","B",null,"M","M","?","M","M","E","M","E","T","R","M","T","E","M","R","B",null,"M","?","$","M","M","R","E","R","T","?","M","M","M","M","R","B",null],"character_chosen":"DEFECT","items_purchased":["Hello World","Glacier","Heatsinks","Blue Candle","DollysMirror"],"campfire_rested":0,"item_purchase_floors":[14,14,37,37,37],"current_hp_per_floor":[65,64,64,64,64,70,47,56,56,38,26,35,19,19,28,9,75,71,71,71,71,71,51,58,56,56,71,66,66,75,73,75,60,75,75,75,75,75,72,75,75,75,75,75,75,75,75,75,75,75],"gold":415,"neow_bonus":"TRANSFORM_CARD","is_daily":false,"chose_seed":false,"campfire_upgraded":9,"win_rate":0.0,"timestamp":1613966204,"path_taken":["M","M","?","M","?","R","E","R","T","E","?","R","E","?","R","BOSS","M","M","?","M","M","E","M","E","T","R","M","?","E","M","R","BOSS","M","?","$","M","M","R","E","R","T","?","M","M","?","M","R","BOSS"],"items_purchased_type":["Card","Card","Card","Relic","Relic"],"build_version":"2020-12-22","purchased_purges":1,"victory":true,"max_hp_per_floor":[75,75,75,75,75,75,75,75,75,75,75,75,75,75,75,75,75,75,75,75,75,75,75,75,75,75,75,75,75,75,75,75,75,75,75,75,75,75,75,75,75,75,75,75,75,75,75,75,75,75],"relic_stats":{"Inserter":[15],"counters":[28,152],"Dead Branch":[91],"Blue Candle":[0],"Eternal Feather":53,"StoneCalendar":[0],"PreservedInsect":47,"Mummified Hand":[216],"Bird Faced Urn":[0],"Snecko Eye":[240,235,219,234],"Art of War":[15],"Kunai":[38],"obtain_stats":[{"hexamod:CandleOfCauterizing":7,"Inserter":34,"bronze:DecasWashers":9,"Guardian:GemstoneGun":13,"Dead Branch":20,"Blue Candle":37,"Oddly Smooth Stone":26,"Eternal Feather":5,"StoneCalendar":36,"PreservedInsect":30,"Frozen Egg 2":41,"White Beast Statue":25,"Mummified Hand":29,"DollysMirror":37,"Bird Faced Urn":43,"Snecko Eye":17,"Art of War":11,"Kunai":10,"Cracked Core":0,"Toy Ornithopter":23},{"hexamod:CandleOfCauterizing":4,"Inserter":18,"bronze:DecasWashers":4,"Guardian:GemstoneGun":6,"Dead Branch":9,"Blue Candle":20,"Oddly Smooth Stone":14,"Eternal Feather":3,"StoneCalendar":20,"PreservedInsect":16,"Frozen Egg 2":23,"White Beast Statue":14,"Mummified Hand":15,"DollysMirror":20,"Bird Faced Urn":23,"Snecko Eye":7,"Art of War":5,"Kunai":5,"Cracked Core":0,"Toy Ornithopter":12},{"hexamod:CandleOfCauterizing":17,"Inserter":122,"bronze:DecasWashers":17,"Guardian:GemstoneGun":31,"Dead Branch":57,"Blue Candle":130,"Oddly Smooth Stone":92,"Eternal Feather":9,"StoneCalendar":130,"PreservedInsect":105,"Frozen Egg 2":137,"White Beast Statue":92,"Mummified Hand":97,"DollysMirror":130,"Bird Faced Urn":137,"Snecko Eye":44,"Art of War":26,"Kunai":26,"Cracked Core":0,"Toy Ornithopter":79}],"Toy Ornithopter":5},"card_choices":[{"not_picked":["Turbo","Scrape"],"picked":"Reinforced Body","floor":1},{"not_picked":["Gash","Leap"],"picked":"Conserve Battery","floor":2},{"not_picked":["Rebound","Conserve Battery"],"picked":"Hologram","floor":4},{"not_picked":["Scrape","Conserve Battery"],"picked":"Machine Learning","floor":7},{"not_picked":["Undo","Recycle"],"picked":"Cold Snap","floor":10},{"not_picked":["Ball Lightning","Stack"],"picked":"Coolheaded","floor":13},{"not_picked":["Amplify","Meteor Strike"],"picked":"Core Surge","floor":16},{"not_picked":["Auto Shields+1","Cold Snap"],"picked":"Rebound","floor":18},{"not_picked":["Turbo","Beam Cell"],"picked":"Doom and Gloom","floor":19},{"not_picked":["Leap","Ball Lightning"],"picked":"Double Energy","floor":21},{"not_picked":["Rebound","Compile Driver"],"picked":"Self Repair","floor":22},{"not_picked":["Cold Snap+1","Seek"],"picked":"Heatsinks","floor":23},{"not_picked":["Streamline+1","Redo+1"],"picked":"Storm","floor":24},{"not_picked":["Steam+1","Barrage"],"picked":"Streamline","floor":25},{"not_picked":["Gash","Genetic Algorithm"],"picked":"BootSequence+1","floor":28},{"not_picked":["Skim","Chill+1"],"picked":"Storm","floor":30},{"not_picked":["FTL+1","Genetic Algorithm+1","Redo"],"picked":"SKIP","floor":31},{"not_picked":["Machine Learning","Amplify"],"picked":"Biased Cognition","floor":33},{"not_picked":["Chaos+1","Hologram"],"picked":"Defragment","floor":35},{"not_picked":["Blizzard","Darkness"],"picked":"Biased Cognition","floor":38},{"not_picked":["Tempest","Coolheaded+1","Cold Snap+1"],"picked":"SKIP","floor":39},{"not_picked":["Darkness","Thunder Strike"],"picked":"Storm+1","floor":41},{"not_picked":["Redo+1","Steam","Go for the Eyes"],"picked":"SKIP","floor":45},{"not_picked":["Streamline+1","Steam","Cold Snap+1"],"picked":"SKIP","floor":46},{"not_picked":["Rebound","Chill+1","Leap"],"picked":"SKIP","floor":47},{"not_picked":["Stack+1","Chaos"],"picked":"Biased Cognition+1","floor":48}],"player_experience":562646,"relics_obtained":[{"floor":5,"key":"Eternal Feather"},{"floor":7,"key":"hexamod:CandleOfCauterizing"},{"floor":9,"key":"bronze:DecasWashers"},{"floor":10,"key":"Kunai"},{"floor":13,"key":"Guardian:GemstoneGun"},{"floor":23,"key":"Toy Ornithopter"},{"floor":25,"key":"White Beast Statue"},{"floor":26,"key":"Oddly Smooth Stone"},{"floor":29,"key":"Mummified Hand"},{"floor":30,"key":"PreservedInsect"},{"floor":36,"key":"StoneCalendar"},{"floor":41,"key":"Frozen Egg 2"},{"floor":43,"key":"Bird Faced Urn"}],"event_choices":[{"damage_healed":0,"gold_gain":175,"player_choice":"AGREE","damage_taken":0,"max_hp_gain":0,"max_hp_loss":0,"event_name":"Liars Game","floor":3,"gold_loss":0,"cards_obtained":["Doubt"]},{"damage_healed":0,"gold_gain":0,"player_choice":"Success","damage_taken":12,"relics_obtained":["Art of War"],"max_hp_gain":0,"max_hp_loss":0,"event_name":"Scrap Ooze","floor":11,"gold_loss":0},{"damage_healed":0,"gold_gain":0,"player_choice":"Opened","damage_taken":0,"relics_obtained":["Dead Branch"],"max_hp_gain":0,"max_hp_loss":0,"event_name":"The Mausoleum","floor":20,"gold_loss":0},{"damage_healed":0,"gold_gain":0,"player_choice":"Fight","damage_taken":0,"max_hp_gain":0,"max_hp_loss":0,"event_name":"MindBloom","floor":36,"gold_loss":0},{"cards_removed":["Strike_B"],"damage_healed":0,"gold_gain":0,"player_choice":"Purged","damage_taken":0,"max_hp_gain":0,"max_hp_loss":0,"event_name":"Purifier","floor":44,"gold_loss":0}],"is_beta":false,"boss_relics":[{"not_picked":["FrozenCore","Velvet Choker"],"picked":"Snecko Eye"},{"not_picked":["Calling Bell","Coffee Dripper"],"picked":"Inserter"}],"items_purged_floors":[14],"is_endless":false,"potions_floor_spawned":[1,2,13,19,22,23,24,28,30,31,33,35,36,38,39,41,45,46,47,48],"ascension_level":1}}