{"host":"h49usdrjeju7gyhi","time":1613965169,"event":{"mods":["Act Like it!","BaseMod","Minty Spire (QoL Compilation)","Ruina","StSLib","The Animator"],"gold_per_floor":[112,112,54,28,43,43,83,109,109,109,125,125,138,173,173,262,262,290,27,43,54,54,85,85,85],"floor_reached":24,"language":"ENG","playtime":1484,"items_purged":[],"score":482,"play_id":"117b8349-a29a-4cbf-9df4-76a5a5710f7e","local_time":"20210221223929","is_ascension_mode":true,"campfire_choices":[{"data":"animator:Hitei","floor":6.0,"key":"SMITH"},{"data":"animator:Konayuki","floor":10.0,"key":"SMITH"},{"data":"animator:KyokoSakura","floor":12.0,"key":"SMITH"},{"floor":15.0,"key":"REST"}],"circlet_count":0,"master_deck":["AscendersBane","animator:Strike_OnePunchMan","animator:Defend_OnePunchMan","animator:Strike","animator:Strike","animator:Strike","animator:Defend+1","animator:Defend","animator:Defend","animator:Genos","animator:MumenRider","animator:Konayuki+1","animator:Konayuki+1","animator:Hitei+1","animator:KyokoSakura+1","animator:Sonic","animator:Geryuganshoop","animator:PandorasActor","animator:Shizu","animator:SilverFang","animator:GoblinSlayer","animator:MetalKnight","animator:Shichika+1","animator:Sonic"],"relics":["animator:LivingPicture","animator:ColorlessFragment","animator:PurgingStone","NeowsBlessing","Pear","CloakClasp","Paper Crane","Letter Opener","Sozu","Frozen Egg 2"],"acts_visited":["Exordium","Exordium"],"potions_floor_usage":[23],"damage_taken":[{"damage":0.0,"enemies":"2 Louse","floor":1.0,"turns":1.0},{"damage":0.0,"enemies":"Cultist","floor":5.0,"turns":1.0},{"damage":0.0,"enemies":"Lagavulin","floor":7.0,"turns":3.0},{"damage":0.0,"enemies":"Jaw Worm","floor":8.0,"turns":4.0},{"damage":3.0,"enemies":"3 Louse","floor":11.0,"turns":4.0},{"damage":14.0,"enemies":"Lots of Slimes","floor":13.0,"turns":5.0},{"damage":34.0,"enemies":"Gremlin Nob","floor":14.0,"turns":4.0},{"damage":17.0,"enemies":"The Guardian","floor":16.0,"turns":8.0},{"damage":15.0,"enemies":"ruina:3_Bats","floor":18.0,"turns":5.0},{"damage":3.0,"enemies":"ruina:Nosferatu","floor":20.0,"turns":5.0},{"damage":12.0,"enemies":"ruina:KingOfGreed","floor":21.0,"turns":6.0},{"damage":31,"enemies":"ruina:Mountain","floor":23,"turns":10},{"damage":3,"enemies":"ruina:KnightOfDespair","floor":24,"turns":2}],"seed_played":"-4970339105774757884","potions_obtained":[{"floor":5.0,"key":"SkillPotion"},{"floor":8.0,"key":"Regen Potion"},{"floor":13.0,"key":"DistilledChaos"},{"floor":16.0,"key":"Energy Potion"}],"is_trial":false,"path_per_floor":["M","?","?","$","M","R","E","M","T","R","M","R","M","E","R","B",null,"M","$","M","M","$","E","M"],"character_chosen":"THE_ANIMATOR","items_purchased":["animator:Konayuki","animator:GoblinSlayer","animator:ColorlessFragment"],"campfire_rested":1,"item_purchase_floors":[4,19,19],"current_hp_per_floor":[54,36,46,46,46,46,46,46,46,46,44,44,44,13,34,20,58,43,43,41,32,32,1,0,0],"gold":85,"neow_bonus":"THREE_ENEMY_KILL","is_daily":false,"chose_seed":false,"campfire_upgraded":3,"win_rate":0.0,"timestamp":1613965169,"path_taken":["M","?","?","$","M","R","E","M","T","R","M","R","M","E","R","BOSS","M","$","M","M","?","E","M"],"items_purchased_type":["Card","Card","Relic"],"build_version":"2020-12-22","purchased_purges":0,"victory":false,"max_hp_per_floor":[60,60,70,70,70,70,70,70,70,70,71,71,71,71,71,71,71,71,71,72,72,72,72,72,72],"card_choices":[{"not_picked":["animator:Hakurou","animator:YunYun"],"picked":"animator:Konayuki","floor":1.0},{"not_picked":["animator:HighElfArcher","animator:Darkness"],"picked":"animator:Hitei","floor":5.0},{"not_picked":["animator:Cocytus","animator:Vesta"],"picked":"animator:KyokoSakura","floor":7.0},{"not_picked":["animator:Genos","animator:MumenRider"],"picked":"animator:Sonic","floor":8.0},{"not_picked":["animator:Kaijin","animator:Tatsumaki"],"picked":"animator:Geryuganshoop","floor":11.0},{"not_picked":["animator:Melzalgald","animator:Hakurou"],"picked":"animator:Eris","floor":13.0},{"not_picked":["animator:SuzuneAmano","animator:ZankiKiguchi"],"picked":"animator:PandorasActor","floor":14.0},{"not_picked":["animator:Rimuru","animator:Shiro"],"picked":"animator:Shizu","floor":16.0},{"not_picked":["animator:Tatsumaki","animator:MetalKnight"],"picked":"animator:SilverFang","floor":18.0},{"not_picked":["animator:Pride","animator:Sonic"],"picked":"animator:MetalKnight","floor":20.0},{"not_picked":["animator:Emonzaemon","animator:Cocytus"],"picked":"animator:Shichika+1","floor":21.0},{"not_picked":["animator:MetalKnight","animator:Melzalgald"],"picked":"animator:Sonic","floor":23}],"player_experience":1594867,"relics_obtained":[{"floor":7.0,"key":"CloakClasp"},{"floor":9.0,"key":"Paper Crane"},{"floor":14.0,"key":"Letter Opener"},{"floor":23,"key":"Frozen Egg 2"}],"event_choices":[{"damage_healed":0.0,"max_hp_gain":0.0,"max_hp_loss":0.0,"gold_gain":0.0,"event_name":"Shining Light","player_choice":"Entered Light","floor":2.0,"gold_loss":0.0,"damage_taken":18.0,"cards_upgraded":["animator:Defend","animator:Konayuki"]},{"damage_healed":0.0,"max_hp_gain":0.0,"max_hp_loss":0.0,"gold_gain":0.0,"event_name":"WeMeetAgain","player_choice":"Paid Gold","floor":3.0,"gold_loss":58.0,"damage_taken":0.0,"relics_obtained":["Pear"]}],"is_beta":false,"boss_relics":[{"not_picked":["Coffee Dripper","Calling Bell"],"picked":"Sozu"}],"items_purged_floors":[],"is_endless":false,"potions_floor_spawned":[5,8,13,16,21],"killed_by":"ruina:KnightOfDespair","ascension_level":20}}