{"host":"x05n69rv5q9mps34","time":1613962551,"event":{"mods":["AchievementEnabler","BaseMod","Colored Map","Minty Spire (QoL Compilation)","SuperFastMode"],"gold_per_floor":[159,171,26,43,55,81,81,95,118,177,5,31,31,44,44,146,146,165,180,200,127,127,127],"floor_reached":22,"language":"ENG","playtime":1372,"items_purged":[],"score":297,"play_id":"133bad0b-3b34-4d56-88b9-fc590ee02644","local_time":"20210221235551","is_ascension_mode":true,"campfire_choices":[{"floor":7,"key":"REST"},{"floor":13,"key":"REST"},{"floor":15,"key":"REST"}],"circlet_count":0,"master_deck":["AscendersBane","Strike_G+1","Strike_G","Strike_G","Strike_G","Strike_G","Defend_G","Defend_G","Defend_G","Defend_G","Defend_G","Survivor","Neutralize","Deflect","Quick Slash","Slice","Blade Dance","Blade Dance","Flying Knee","Blade Dance","Tactician","Dodge and Roll+1","Underhanded Strike","Acrobatics"],"relics":["Tiny House","PreservedInsect","Kunai","Ancient Tea Set","Vajra","Membership Card","Happy Flower","Runic Pyramid"],"acts_visited":["Exordium","TheCity"],"potions_floor_usage":[1,8,10,16,18,20,22,22,22],"damage_taken":[{"damage":8,"enemies":"Cultist","floor":1,"turns":6},{"damage":6,"enemies":"2 Louse","floor":2,"turns":3},{"damage":10,"enemies":"Jaw Worm","floor":4,"turns":5},{"damage":7,"enemies":"Lots of Slimes","floor":5,"turns":6},{"damage":27,"enemies":"Gremlin Nob","floor":6,"turns":5},{"damage":2,"enemies":"Gremlin Gang","floor":8,"turns":7},{"damage":20,"enemies":"3 Sentries","floor":10,"turns":8},{"damage":2,"enemies":"3 Sentries","floor":12,"turns":5},{"damage":12,"enemies":"Exordium Thugs","floor":14,"turns":3},{"damage":18,"enemies":"The Guardian","floor":16,"turns":15},{"damage":11,"enemies":"2 Thieves","floor":18,"turns":4},{"damage":13,"enemies":"Shell Parasite","floor":19,"turns":4},{"damage":15,"enemies":"Snake Plant","floor":20,"turns":7},{"damage":56,"enemies":"Snecko","floor":22,"turns":6}],"seed_played":"1217736525750673448","potions_obtained":[{"floor":0,"key":"Fire Potion"},{"floor":6,"key":"Regen Potion"},{"floor":8,"key":"Regen Potion"},{"floor":10,"key":"Strength Potion"},{"floor":14,"key":"Block Potion"},{"floor":16,"key":"ColorlessPotion"},{"floor":18,"key":"Block Potion"}],"is_trial":false,"path_per_floor":["M","M","$","M","M","E","R","M","T","?","$","E","R","M","R","B",null,"M","M","M","$","M"],"character_chosen":"THE_SILENT","items_purchased":["PreservedInsect","Membership Card","Fire Potion","FearPotion","Underhanded Strike","Acrobatics"],"campfire_rested":3,"item_purchase_floors":[3,11,11,21,21,21],"current_hp_per_floor":[60,54,54,44,37,10,32,45,45,40,40,38,60,48,70,52,69,58,45,30,30,0,0],"gold":127,"neow_bonus":"BOSS_RELIC","is_daily":false,"chose_seed":false,"campfire_upgraded":0,"win_rate":0.0,"timestamp":1613962551,"path_taken":["M","M","$","M","?","E","R","M","T","?","?","E","R","M","R","BOSS","M","?","M","$","?"],"items_purchased_type":["Relic","Relic","Potion","Potion","Card","Card"],"build_version":"2020-12-22","purchased_purges":0,"victory":false,"max_hp_per_floor":[75,75,75,75,75,75,75,75,75,75,75,75,75,75,75,75,75,75,75,75,75,75,75],"card_choices":[{"not_picked":["Bane","Well Laid Plans"],"picked":"Deflect","floor":0},{"not_picked":["Flying Knee","Slice"],"picked":"Quick Slash","floor":1},{"not_picked":["Poisoned Stab","Deadly Poison"],"picked":"Slice","floor":2},{"not_picked":["Calculated Gamble","Riddle With Holes","Eviscerate"],"picked":"SKIP","floor":4},{"not_picked":["Backflip","Poisoned Stab"],"picked":"Blade Dance","floor":5},{"not_picked":["Caltrops","Noxious Fumes","Deadly Poison"],"picked":"SKIP","floor":6},{"not_picked":["Endless Agony","Backstab"],"picked":"Blade Dance","floor":8},{"not_picked":["Wraith Form v2","Finisher"],"picked":"Flying Knee","floor":12},{"not_picked":["Riddle With Holes","Outmaneuver"],"picked":"Blade Dance","floor":14},{"not_picked":["Sucker Punch","Blade Dance+1"],"picked":"Tactician","floor":18},{"not_picked":["Terror","Dagger Spray+1"],"picked":"Dodge and Roll+1","floor":19},{"not_picked":["Outmaneuver","Bane","Bouncing Flask+1"],"picked":"SKIP","floor":20}],"player_experience":1025314,"relics_obtained":[{"floor":6,"key":"Kunai"},{"floor":9,"key":"Ancient Tea Set"},{"floor":10,"key":"Vajra"},{"floor":12,"key":"Happy Flower"}],"event_choices":[{"damage_healed":0,"gold_gain":0,"player_choice":"Searched \u00271\u0027 times","damage_taken":0,"max_hp_gain":0,"max_hp_loss":0,"event_name":"Dead Adventurer","floor":10,"gold_loss":0}],"is_beta":false,"boss_relics":[{"not_picked":["Philosopher\u0027s Stone","Velvet Choker"],"picked":"Runic Pyramid"}],"items_purged_floors":[],"is_endless":false,"potions_floor_spawned":[6,8,10,14,16,18],"killed_by":"Snecko","ascension_level":10}}