{"host":"arr6ayvbhtdnqgr2","time":1613988696,"event":{"mods":["BaseMod","Decade(王小明)","Downfall","Hermit","Marisa（F雨　魔理沙）","Minty Spire (QoL Compilation)","Remilia（蕾米莉亚）","Replay The Spire","StSLib","The Cursed"],"gold_per_floor":[110,125,200,218,218,253,14,14,96,107,136,153,153,176,176,292,292,317,188,230,230,230,287,287,326,326,413,446,130,130,150,150,331,331,356,356,68,68,96,191,241,241,241,41,0,64,44,44,44,68],"floor_reached":51,"language":"ZHS","playtime":3787,"items_purged":[],"score":811,"play_id":"9ead42d0-a36c-4195-b103-c7e2ea626691","local_time":"20210222181136","daily_mods":["Shiny","Specialized","Vintage","Allstar","Heirloom","Flight"],"is_ascension_mode":false,"campfire_choices":[{"data":"BloodySeventeenLaser","floor":8,"key":"SMITH"},{"data":"QueenOfMidnight","floor":15,"key":"SMITH"},{"floor":24,"key":"REST"},{"data":"VampireKiss","floor":32,"key":"SMITH"},{"data":"BloodyCatastrophe","floor":42,"key":"SMITH"},{"data":"HellCatastrophe","floor":49,"key":"SMITH"}],"circlet_count":0,"master_deck":["TricksterDevil","BloodRain","EquivalentExchange","BatForm","BloodyCatastrophe+1","ChaoticDestiny","BloodySeventeenLaser+1","HellCatastrophe+1","ScarletCoffin","DemonKingCradle","ForecastOfChange","CurseOfVladTepes","TransientEternity","ScarletMeister","QueenOfMidnight+1","BloodyHallows","CeilingFear","HeartBreak","KillingBlow+1","KillingBlow+1","KillingBlow+1","KillingBlow+1","KillingBlow+1","Secret Weapon","Madness","ReplayTheSpireMod:Private Reserves","Metamorphosis","Midas Touch","Pot Of Greed","Pot Of Greed","Pot Of Greed","BloodHunter","NightDance+1","RedNightlessCastle+1","BloodyCatastrophe+1","VampireKiss+1","ForecastOfChange+1","MastersStateliness+1","Pot Of Greed+1","LeisurelyOfLord+1","UnstableMagic+1","ScarletSymphony","BombardNight","CharismaGuard","MastersStateliness","NightLord+1","UltimateOffering+1","ScarletNetherworld+1","ReplayTheSpireMod:Necrogeddon+1","Finesse+1","Deep Breath+1","Pot Of Greed+1","HeartBreak+1","VampireKiss+1","BloodHunter+1","FitfulNightmare+1","Septette+1","ScarletNetherworld+1","BloodHunter+1","EndlessAdversity+1","EndlessAdversity+1","ScarletImprint+1","EmergencyRegeneration+1","Pot Of Greed+1"],"relics":["ScarletHat","Bird Faced Urn","bronze:BronzeIdol","Grinning Jar","Golden Egg","Snack Pack","Replay:Bottled Eggs","ReplayTheSpireMod:TigerMarble","Odd Mushroom","Replay:Bandana","Pear","Busted Crown","Replay:Bottled Flurry","Vajra","Slimebound:StickyStick","Pocketwatch","Bottled Flame","Juzu Bracelet","Frozen Egg 2","Durian","ReplayTheSpireMod:ShopPack","Eternal Feather","SacredBark","Oddly Smooth Stone","Ring of Misfortune","Bronze Scales","Shuriken","ReplayTheSpireMod:Lightbulb","Toxic Egg 2","Garlic","Red Mask","Replay:Towering Pillar of Hats","Blue Candle"],"acts_visited":["Exordium","TheCity","TheBeyond"],"potions_floor_usage":[16,27,40,50,50,50],"damage_taken":[{"damage":5,"enemies":"Jaw Worm","floor":1,"turns":1},{"damage":0,"enemies":"Cultist","floor":2,"turns":2},{"damage":7,"enemies":"Small Slimes","floor":4,"turns":2},{"damage":47,"enemies":"Lagavulin","floor":6,"turns":4},{"damage":0,"enemies":"Looter","floor":10,"turns":3},{"damage":29,"enemies":"The Mushroom Lair","floor":11,"turns":2},{"damage":19,"enemies":"Red Slaver","floor":12,"turns":3},{"damage":35,"enemies":"2 Fungi Beasts","floor":14,"turns":2},{"damage":30,"enemies":"The Guardian","floor":16,"turns":2},{"damage":0,"enemies":"Chosen","floor":18,"turns":2},{"damage":25,"enemies":"Book of Stabbing","floor":23,"turns":3},{"damage":27,"enemies":"Shell Parasite","floor":25,"turns":2},{"damage":26,"enemies":"Replay:Snechameleon","floor":27,"turns":3},{"damage":20,"enemies":"Chosen and Byrds","floor":28,"turns":2},{"damage":8,"enemies":"Snake Plant","floor":31,"turns":2},{"damage":51,"enemies":"Collector","floor":33,"turns":4},{"damage":51,"enemies":"Orb Walker","floor":35,"turns":1},{"damage":4,"enemies":"3 Darklings","floor":39,"turns":2},{"damage":5,"enemies":"Reptomancer","floor":40,"turns":3},{"damage":19,"enemies":"4 Shapes","floor":41,"turns":2},{"damage":49,"enemies":"Mind Bloom Boss Battle","floor":46,"turns":2},{"damage":48,"enemies":"Replay:Hell Engine","floor":50,"turns":5}],"seed_played":"356174592800472600","potions_obtained":[{"floor":2,"key":"Weak Potion"},{"floor":12,"key":"LiquidMemories"},{"floor":14,"key":"DestinyDice"},{"floor":16,"key":"Block Potion"},{"floor":28,"key":"champ:CounterPotion"},{"floor":33,"key":"bronze:BurnAndBuffPotion"},{"floor":47,"key":"Regen Potion"}],"is_trial":true,"path_per_floor":["M","M","?","M","?","E","$","R","T","M","?","M","?","M","R","B",null,"M","$","?","?","?","E","R","M","T","E","M","$","?","M","R","B",null,"M","?","$","?","M","E","M","R","T","$","?","?","?","?","R","B",null],"character_chosen":"REMILIA","items_purchased":["NightDance","RedNightlessCastle","BloodyCatastrophe+1","MastersStateliness","LeisurelyOfLord","UnstableMagic","ReplayTheSpireMod:ShopPack","NightLord","UltimateOffering","ScarletNetherworld+1","VampireKiss","BloodHunter","Bronze Scales","FitfulNightmare+1","ScarletNetherworld+1","BloodHunter+1","EndlessAdversity","ScarletImprint"],"campfire_rested":1,"item_purchase_floors":[7,7,7,19,19,19,29,29,29,29,37,37,37,37,44,44,44,44],"current_hp_per_floor":[70,71,71,68,68,67,67,67,67,73,73,67,67,81,81,85,85,85,85,64,64,64,63,85,85,85,85,89,89,71,71,95,95,95,95,95,95,95,95,94,83,95,95,95,95,95,95,90,95,95],"gold":68,"neow_bonus":"","is_daily":false,"chose_seed":false,"campfire_upgraded":5,"win_rate":0.0,"timestamp":1613988696,"path_taken":["M","M","?","M","?","E","$","R","T","?","?","M","?","M","R","BOSS","M","$","?","?","?","E","R","?","T","E","M","$","?","M","R","BOSS","M","?","$","?","M","E","M","R","T","$","?","?","?","?","R","BOSS"],"items_purchased_type":["Card","Card","Card","Card","Card","Card","Relic","Card","Card","Card","Card","Card","Relic","Card","Card","Card","Card","Card"],"build_version":"2020-12-22","purchased_purges":0,"victory":true,"max_hp_per_floor":[75,75,75,75,75,75,75,75,75,75,75,75,75,85,85,85,85,85,85,85,85,85,85,85,85,85,85,90,90,95,95,95,95,95,95,95,95,95,95,95,95,95,95,95,95,95,95,95,95,95],"card_choices":[{"not_picked":["GlobalNightmare","FavorOfDestiny"],"picked":"BloodHunter","floor":6},{"not_picked":["UnderTheZenith","StarOfDavid"],"picked":"VampireKiss","floor":11},{"not_picked":["ChaoticDestiny","CurseOfVladTepes"],"picked":"ForecastOfChange","floor":16},{"not_picked":[],"picked":"ScarletSymphony","floor":20},{"not_picked":[],"picked":"BombardNight","floor":20},{"not_picked":[],"picked":"CharismaGuard","floor":23},{"not_picked":[],"picked":"MastersStateliness","floor":27},{"not_picked":[],"picked":"ReplayTheSpireMod:Necrogeddon","floor":29},{"not_picked":[],"picked":"Finesse","floor":29},{"not_picked":[],"picked":"Deep Breath","floor":29},{"not_picked":[],"picked":"HeartBreak","floor":33},{"not_picked":[],"picked":"Septette+1","floor":40},{"not_picked":[],"picked":"EmergencyRegeneration+1","floor":46}],"player_experience":51362,"relics_obtained":[{"floor":1,"key":"bronze:BronzeIdol"},{"floor":2,"key":"Grinning Jar"},{"floor":4,"key":"Golden Egg"},{"floor":6,"key":"Snack Pack"},{"floor":9,"key":"Replay:Bottled Eggs"},{"floor":10,"key":"ReplayTheSpireMod:TigerMarble"},{"floor":11,"key":"Odd Mushroom"},{"floor":12,"key":"Replay:Bandana"},{"floor":14,"key":"Pear"},{"floor":18,"key":"Replay:Bottled Flurry"},{"floor":20,"key":"Vajra"},{"floor":23,"key":"Slimebound:StickyStick"},{"floor":25,"key":"Pocketwatch"},{"floor":26,"key":"Bottled Flame"},{"floor":27,"key":"Juzu Bracelet"},{"floor":28,"key":"Frozen Egg 2"},{"floor":28,"key":"Durian"},{"floor":31,"key":"Eternal Feather"},{"floor":35,"key":"Oddly Smooth Stone"},{"floor":36,"key":"Ring of Misfortune"},{"floor":39,"key":"Shuriken"},{"floor":40,"key":"ReplayTheSpireMod:Lightbulb"},{"floor":41,"key":"Toxic Egg 2"},{"floor":43,"key":"Garlic"},{"floor":46,"key":"Replay:Towering Pillar of Hats"}],"event_choices":[{"damage_healed":0,"gold_gain":75,"player_choice":"Gained Gold","damage_taken":0,"max_hp_gain":0,"max_hp_loss":0,"event_name":"Golden Wing","floor":3,"gold_loss":0},{"damage_healed":0,"gold_gain":0,"player_choice":"Ignored","damage_taken":0,"max_hp_gain":0,"max_hp_loss":0,"event_name":"NoteForYourself","floor":5,"gold_loss":0},{"damage_healed":0,"gold_gain":0,"player_choice":"Fought Mushrooms","damage_taken":0,"max_hp_gain":0,"max_hp_loss":0,"event_name":"Mushrooms","floor":11,"gold_loss":0},{"cards_removed":["KillingBlow"],"damage_healed":0,"gold_gain":0,"player_choice":"Purged","damage_taken":0,"max_hp_gain":0,"max_hp_loss":0,"event_name":"Purifier","floor":13,"gold_loss":0},{"damage_healed":0,"gold_gain":0,"player_choice":"Simplicity","damage_taken":0,"max_hp_gain":0,"max_hp_loss":0,"event_name":"Back to Basics","floor":22,"gold_loss":0,"cards_upgraded":[]},{"damage_healed":0,"gold_gain":0,"player_choice":"Shed Blood","damage_taken":23,"max_hp_gain":5,"max_hp_loss":0,"event_name":"Forgotten Altar","floor":30,"gold_loss":0},{"cards_removed":["CommonCold"],"damage_healed":0,"gold_gain":0,"player_choice":"Removed Curses","damage_taken":0,"max_hp_gain":0,"max_hp_loss":0,"event_name":"Fountain of Cleansing","floor":38,"gold_loss":0},{"damage_healed":0,"gold_gain":0,"player_choice":"Paid","damage_taken":0,"relics_obtained":["Red Mask"],"max_hp_gain":0,"max_hp_loss":0,"event_name":"Tomb of Lord Red Mask","floor":45,"gold_loss":41},{"damage_healed":0,"gold_gain":0,"player_choice":"Fight","damage_taken":0,"max_hp_gain":0,"max_hp_loss":0,"event_name":"MindBloom","floor":46,"gold_loss":0},{"damage_healed":0,"gold_gain":0,"player_choice":"Bought 1 Potion","damage_taken":0,"max_hp_gain":0,"max_hp_loss":0,"event_name":"The Woman in Blue","floor":47,"gold_loss":0}],"is_beta":false,"boss_relics":[{"not_picked":["Empty Cage","Snecko Heart"],"picked":"Busted Crown"},{"not_picked":["Snecko Eye","Replay:Drink Me"],"picked":"SacredBark"}],"items_purged_floors":[],"is_endless":false,"potions_floor_spawned":[2,12,14,16,25,28,31,33,35,39],"ascension_level":0}}