{"host":"z37g2hkgkh2zjyzk","time":1613957871,"event":{"mods":["2.2 Compatiblity","AchievementEnabler","BaseMod","Bestiary","Colored Map","Colored Powertips","Curses Come First","Highlight Path","Keyboard Shortcuts","Minty Spire (QoL Compilation)","Relic Stats","StSLib","SuperFastMode"],"gold_per_floor":[114,114,64,83,99,125,125,125,125,156,170,201,46,59,59,155,155,168,186,205,205,205,205],"floor_reached":22,"language":"ENG","playtime":1440,"items_purged":[],"score":258,"play_id":"8f60ad5c-ba85-4535-8c45-9a1d7e6cb2ae","local_time":"20210222023751","is_ascension_mode":true,"campfire_choices":[{"data":"Streamline","floor":8,"key":"SMITH"},{"floor":15,"key":"REST"}],"circlet_count":0,"master_deck":["Strike_B+1","Strike_B+1","Strike_B+1","Defend_B+1","Defend_B+1","Defend_B+1","Defend_B+1","Zap","Dualcast","Reinforced Body+1","Cold Snap","Streamline+1","Static Discharge","Injury","Sunder","Cold Snap","Loop","Machine Learning","Echo Form","Skim","Hologram","Force Field"],"relics":["Cursed Key","Kunai","Mercury Hourglass","Lantern","Dead Branch","Runic Capacitor","Inserter"],"acts_visited":["Exordium","TheCity"],"potions_floor_usage":[10,14],"damage_taken":[{"damage":1,"enemies":"Small Slimes","floor":1,"turns":4},{"damage":0,"enemies":"2 Louse","floor":4,"turns":2},{"damage":0,"enemies":"Jaw Worm","floor":5,"turns":4},{"damage":15,"enemies":"Lagavulin","floor":6,"turns":5},{"damage":21,"enemies":"Gremlin Nob","floor":10,"turns":4},{"damage":0,"enemies":"Looter","floor":11,"turns":2},{"damage":1,"enemies":"3 Sentries","floor":12,"turns":5},{"damage":4,"enemies":"Exordium Wildlife","floor":14,"turns":2},{"damage":38,"enemies":"The Guardian","floor":16,"turns":9},{"damage":22,"enemies":"Shell Parasite","floor":18,"turns":5},{"damage":12,"enemies":"3 Byrds","floor":19,"turns":5},{"damage":5,"enemies":"Cultist and Chosen","floor":20,"turns":6},{"damage":31,"enemies":"Shelled Parasite and Fungi","floor":22,"turns":5}],"seed_played":"4814196103200307619","potions_obtained":[{"floor":1,"key":"SpeedPotion"},{"floor":10,"key":"Fruit Juice"},{"floor":12,"key":"SmokeBomb"},{"floor":16,"key":"Regen Potion"},{"floor":19,"key":"AttackPotion"},{"floor":20,"key":"CultistPotion"}],"is_trial":false,"path_per_floor":["M","?","?","M","M","E","?","R","T","E","M","E","$","M","R","B",null,"M","M","M","?","M"],"character_chosen":"DEFECT","items_purchased":["Runic Capacitor"],"campfire_rested":1,"item_purchase_floors":[13],"current_hp_per_floor":[74,59,59,59,59,44,44,44,44,28,28,27,27,23,47,9,62,40,28,23,23,0,0],"gold":205,"neow_bonus":"BOSS_RELIC","is_daily":false,"chose_seed":false,"campfire_upgraded":1,"win_rate":0.0,"timestamp":1613957871,"path_taken":["M","?","?","M","M","E","?","R","T","E","M","E","?","M","R","BOSS","M","M","M","?","M"],"items_purchased_type":["Relic"],"build_version":"2020-12-22","purchased_purges":0,"victory":false,"max_hp_per_floor":[75,75,75,75,75,75,75,75,75,80,80,80,80,80,80,80,80,80,80,80,80,80,80],"relic_stats":{"Inserter":[10],"counters":[13,58],"Dead Branch":[4],"Kunai":[11],"Cursed Key":1,"obtain_stats":[{"Lantern":10,"Inserter":17,"Dead Branch":12,"Runic Capacitor":13,"Kunai":6,"Cracked Core":0,"Cursed Key":0,"Mercury Hourglass":9},{"Lantern":5,"Inserter":9,"Dead Branch":7,"Runic Capacitor":7,"Kunai":4,"Cracked Core":0,"Cursed Key":0,"Mercury Hourglass":4},{"Lantern":19,"Inserter":37,"Dead Branch":26,"Runic Capacitor":26,"Kunai":15,"Cracked Core":0,"Cursed Key":0,"Mercury Hourglass":15}],"Mercury Hourglass":[160]},"card_choices":[{"not_picked":["BootSequence","Hologram"],"picked":"Reinforced Body","floor":1},{"not_picked":["Streamline","Barrage"],"picked":"Cold Snap","floor":4},{"not_picked":["Force Field","Gash"],"picked":"Streamline","floor":5},{"not_picked":["Conserve Battery","Recycle"],"picked":"Static Discharge","floor":6},{"not_picked":["All For One","Reprogram"],"picked":"Sunder","floor":10},{"not_picked":["Barrage","Conserve Battery"],"picked":"Cold Snap","floor":11},{"not_picked":["Rebound","Hologram"],"picked":"Loop","floor":12},{"not_picked":["Chill","Compile Driver"],"picked":"Machine Learning","floor":14},{"not_picked":["Meteor Strike","Hyperbeam"],"picked":"Echo Form","floor":16},{"not_picked":["Reprogram","Lockon"],"picked":"Skim","floor":18},{"not_picked":["Redo","Coolheaded"],"picked":"Hologram","floor":19},{"not_picked":["Rebound+1","Redo+1"],"picked":"Force Field","floor":20}],"player_experience":193660,"relics_obtained":[{"floor":6,"key":"Kunai"},{"floor":9,"key":"Mercury Hourglass"},{"floor":10,"key":"Lantern"},{"floor":12,"key":"Dead Branch"}],"event_choices":[{"damage_healed":0,"gold_gain":0,"player_choice":"Entered Light","damage_taken":15,"max_hp_gain":0,"max_hp_loss":0,"event_name":"Shining Light","floor":2,"gold_loss":0,"cards_upgraded":["Strike_B","Defend_B"]},{"cards_removed":["Strike_B"],"damage_healed":0,"gold_gain":0,"player_choice":"Card Removal","damage_taken":0,"max_hp_gain":0,"max_hp_loss":0,"event_name":"The Cleric","floor":3,"gold_loss":50},{"damage_healed":0,"gold_gain":0,"player_choice":"Grow","damage_taken":0,"max_hp_gain":0,"max_hp_loss":0,"event_name":"Living Wall","floor":7,"gold_loss":0,"cards_upgraded":["Reinforced Body"]},{"damage_healed":0,"gold_gain":0,"player_choice":"Simplicity","damage_taken":0,"max_hp_gain":0,"max_hp_loss":0,"event_name":"Back to Basics","floor":21,"gold_loss":0,"cards_upgraded":["Strike_B","Strike_B","Defend_B","Defend_B","Defend_B"]}],"is_beta":false,"boss_relics":[{"not_picked":["Calling Bell","Runic Pyramid"],"picked":"Inserter"}],"items_purged_floors":[],"is_endless":false,"potions_floor_spawned":[1,10,12,16,19,20],"killed_by":"Shelled Parasite and Fungi","ascension_level":5}}