{"host":"3498uni0c31c9bdm","time":1613983484,"event":{"mods":["BaseMod","Better Match","Better Note","Better Sensory Stone","Better Skull","Better Third Choice","Colored Map","Minty Spire (QoL Compilation)","Quick Restart","RNG Fix","Random Character Button","Replay The Spire","Shop Mod","Smile Girya","StSLib","Unceasing Turn Reminder"],"gold_per_floor":[119,83,101,119,138,172,172,182,235,235,235],"floor_reached":10,"language":"ENG","playtime":291,"items_purged":[],"score":109,"play_id":"0d83165c-d22b-47e1-b0dd-c997f4089891","local_time":"20210222194444","is_ascension_mode":true,"campfire_choices":[{"floor":7,"key":"REST"}],"circlet_count":0,"master_deck":["AscendersBane","Strike_G","Strike_G","Strike_G","Strike_G","Strike_G","Defend_G","Defend_G","Defend_G","Defend_G","Defend_G","Survivor","Neutralize","Flechettes","ReplayTheSpireMod:Scrap Shanks","Acrobatics","Deflect","ReplayTheSpireMod:Speed Training","Dash+1","Dodge and Roll"],"relics":["Ring of the Snake","NeowsBlessing","Molten Egg 2","Juzu Bracelet"],"acts_visited":[],"potions_floor_usage":[6],"damage_taken":[{"damage":0,"enemies":"Cultist","floor":1,"turns":1},{"damage":0,"enemies":"Small Slimes","floor":3,"turns":1},{"damage":0,"enemies":"Jaw Worm","floor":4,"turns":1},{"damage":17,"enemies":"Exordium Thugs","floor":5,"turns":6},{"damage":45,"enemies":"Gremlin Nob","floor":6,"turns":5},{"damage":3,"enemies":"Large Slime","floor":8,"turns":7},{"damage":20,"enemies":"3 Sentries","floor":10,"turns":2}],"seed_played":"-6893274686854403466","potions_obtained":[{"floor":5,"key":"Explosive Potion"}],"is_trial":false,"path_per_floor":["M","$","M","M","M","E","R","M","T","E"],"character_chosen":"THE_SILENT","items_purchased":["ReplayTheSpireMod:Scrap Shanks"],"campfire_rested":1,"item_purchase_floors":[2],"current_hp_per_floor":[63,63,63,63,46,1,22,19,19,0,0],"gold":235,"neow_bonus":"THREE_ENEMY_KILL","is_daily":false,"chose_seed":false,"campfire_upgraded":0,"win_rate":0.0,"timestamp":1613983484,"path_taken":["M","?","M","?","?","E","R","M","T","E"],"items_purchased_type":["Card"],"build_version":"2020-12-22","purchased_purges":0,"victory":false,"max_hp_per_floor":[70,70,70,70,70,70,70,70,70,70,70],"card_choices":[{"not_picked":["Outmaneuver","Caltrops"],"picked":"Flechettes","floor":1},{"not_picked":["Deadly Poison","Masterful Stab"],"picked":"Acrobatics","floor":3},{"not_picked":["Dodge and Roll","Sucker Punch"],"picked":"Deflect","floor":4},{"not_picked":["Finisher","Deflect"],"picked":"ReplayTheSpireMod:Speed Training","floor":5},{"not_picked":["Poison Darts","Poisoned Stab+1"],"picked":"Dash+1","floor":6},{"not_picked":["ReplayTheSpireMod:Tripwire","Predator+1"],"picked":"Dodge and Roll","floor":8}],"player_experience":929554,"relics_obtained":[{"floor":6,"key":"Molten Egg 2"},{"floor":9,"key":"Juzu Bracelet"}],"event_choices":[],"is_beta":false,"boss_relics":[],"items_purged_floors":[],"is_endless":false,"potions_floor_spawned":[5],"killed_by":"3 Sentries","ascension_level":11}}