{"host":"6gwm7y0tp7acoxay","time":1613994037,"event":{"mods":["BaseMod","Colored Map","Keyboard Shortcuts","Minty Spire (QoL Compilation)","Quick Restart","StSLib","SuperFastMode","everything is the same but u backflip on backflip"],"gold_per_floor":[110,110,110,110,3,41,41,74,74,105,105,138,138,171,171,264,264,285,285,285,285,304,337,370,409,409,444,154,154,190,214,214,309,309,327,327,238,238,60,103,119,154,178,216,216,251,251,584,584,584,584,584,584,68,99,99],"floor_reached":57,"language":"KOR","playtime":2863,"items_purged":["Ball Lightning","Beam Cell"],"score":3734,"play_id":"42f3a83a-004d-49e9-80de-1d3f3908987f","local_time":"20210222204037","daily_mods":["SealedDeck","Heirloom","Flight"],"is_ascension_mode":true,"campfire_choices":[{"data":"Chaos","floor":7.0,"key":"SMITH"},{"data":"Defragment","floor":11.0,"key":"SMITH"},{"floor":13.0,"key":"REST"},{"data":"Hologram","floor":15.0,"key":"SMITH"},{"data":"Deep Breath","floor":29.0,"key":"SMITH"},{"data":"Consume","floor":32.0,"key":"SMITH"},{"floor":45.0,"key":"RECALL"},{"data":"Amplify","floor":47.0,"key":"SMITH"},{"floor":49.0,"key":"DIG"},{"floor":53.0,"key":"DIG"}],"circlet_count":0,"master_deck":["AscendersBane","Fusion+1","Compile Driver+1","Go for the Eyes+1","Chill","Chaos+1","Coolheaded+1","Self Repair","Defragment+1","Deep Breath+1","Hologram+1","Creative AI+1","Amplify+1","Consume+1","Meteor Strike+1","Double Energy+1","Turbo+1","Redo+1","Capacitor+1","Echo Form+1","Skim+1","Recycle+1","Echo Form+1"],"relics":["Cracked Core","Gambling Chip","Oddly Smooth Stone","Frozen Egg 2","Nunchaku","Anchor","Du-Vu Doll","FossilizedHelix","SlaversCollar","Shovel","Blood Vial","Toxic Egg 2","Eternal Feather","ClockworkSouvenir","Lizard Tail","Nuclear Battery","InkBottle","CaptainsWheel","Vajra","Smiling Mask","Whetstone","Art of War","Sundial","Dead Branch","HandDrill","White Beast Statue"],"acts_visited":["Exordium","TheCity","TheBeyond","TheEnding"],"potions_floor_usage":[56,56],"damage_taken":[{"damage":0.0,"enemies":"Small Slimes","floor":1.0,"turns":2.0},{"damage":14.0,"enemies":"Gremlin Nob","floor":6.0,"turns":4.0},{"damage":3.0,"enemies":"Lagavulin","floor":8.0,"turns":4.0},{"damage":11.0,"enemies":"Gremlin Nob","floor":10.0,"turns":3.0},{"damage":27.0,"enemies":"3 Sentries","floor":12.0,"turns":6.0},{"damage":0.0,"enemies":"Lagavulin","floor":14.0,"turns":4.0},{"damage":0.0,"enemies":"Slime Boss","floor":16.0,"turns":7.0},{"damage":0.0,"enemies":"3 Byrds","floor":18.0,"turns":7.0},{"damage":15.0,"enemies":"2 Thieves","floor":22.0,"turns":5.0},{"damage":0.0,"enemies":"Gremlin Leader","floor":23.0,"turns":5.0},{"damage":0.0,"enemies":"Book of Stabbing","floor":24.0,"turns":4.0},{"damage":20.0,"enemies":"Slavers","floor":25.0,"turns":5.0},{"damage":0.0,"enemies":"Gremlin Leader","floor":27.0,"turns":4.0},{"damage":0.0,"enemies":"Slavers","floor":30.0,"turns":2.0},{"damage":0.0,"enemies":"Snecko","floor":31.0,"turns":3.0},{"damage":0.0,"enemies":"Collector","floor":33.0,"turns":6.0},{"damage":0.0,"enemies":"3 Shapes","floor":35.0,"turns":4.0},{"damage":0.0,"enemies":"Giant Head","floor":40.0,"turns":3.0},{"damage":0.0,"enemies":"3 Darklings","floor":41.0,"turns":3.0},{"damage":19.0,"enemies":"Nemesis","floor":42.0,"turns":5.0},{"damage":0.0,"enemies":"Giant Head","floor":44.0,"turns":4.0},{"damage":0.0,"enemies":"Nemesis","floor":46.0,"turns":5.0},{"damage":8.0,"enemies":"Time Eater","floor":50.0,"turns":6.0},{"damage":12.0,"enemies":"Donu and Deca","floor":51.0,"turns":6.0},{"damage":0,"enemies":"Shield and Spear","floor":55,"turns":3},{"damage":92,"enemies":"The Heart","floor":56,"turns":9}],"seed_played":"-8614895699630345878","potions_obtained":[{"floor":10.0,"key":"DistilledChaos"},{"floor":14.0,"key":"Swift Potion"},{"floor":24.0,"key":"Energy Potion"},{"floor":27.0,"key":"PowerPotion"},{"floor":30.0,"key":"Strength Potion"},{"floor":33.0,"key":"LiquidBronze"},{"floor":42.0,"key":"FocusPotion"}],"is_trial":true,"path_per_floor":["M","?","?","?","$","E","R","E","T","E","R","E","R","E","R","B",null,"M","?","?","?","M","E","E","E","T","E","$","R","E","M","R","B",null,"M","?","$","?","$","E","M","E","T","E","R","E","R","?","R","B","B",null,"R","$","E","B",null],"character_chosen":"DEFECT","items_purchased":["Deep Breath","ClockworkSouvenir","Redo+1","Skim+1","Recycle+1","Dead Branch","HandDrill"],"campfire_rested":1,"item_purchase_floors":[5,28,28,37,39,54,54],"current_hp_per_floor":[64,64,43,43,43,36,36,40,40,36,36,16,35,42,42,49,60,64,64,64,64,56,63,64,58,58,64,64,64,64,64,64,64,64,64,61,61,61,61,61,61,49,49,61,61,61,61,61,61,61,61,61,61,61,61,10],"gold":99,"neow_bonus":"","is_daily":false,"chose_seed":false,"campfire_upgraded":6,"win_rate":0.0,"timestamp":1613994037,"path_taken":["M","?","?","?","?","E","R","E","T","E","R","E","R","E","R","BOSS","M","?","?","?","?","E","E","E","T","E","?","R","E","M","R","BOSS","M","?","$","?","?","E","M","E","T","E","R","E","R","?","R","BOSS","BOSS","R","$","E","BOSS"],"items_purchased_type":["Card","Relic","Card","Card","Card","Relic","Relic"],"build_version":"2020-12-22","purchased_purges":2,"victory":true,"max_hp_per_floor":[71,71,71,64,64,64,64,64,64,64,64,64,64,64,64,64,64,64,64,64,64,64,64,64,64,64,64,64,64,64,64,64,64,64,64,61,61,61,61,61,61,61,61,61,61,61,61,61,61,61,61,61,61,61,61,61],"card_choices":[{"not_picked":["Go for the Eyes","Cold Snap"],"picked":"Defragment","floor":1.0},{"not_picked":["Coolheaded","Steam","Compile Driver"],"picked":"SKIP","floor":6.0},{"not_picked":["Melter","Darkness","Aggregate"],"picked":"SKIP","floor":8.0},{"not_picked":["Steam Power","Beam Cell","Storm+1"],"picked":"SKIP","floor":10.0},{"not_picked":["Coolheaded","Leap"],"picked":"Hologram","floor":12.0},{"not_picked":["Reinforced Body","Turbo"],"picked":"Creative AI+1","floor":14.0},{"not_picked":["Machine Learning+1","Hyperbeam"],"picked":"Amplify","floor":16.0},{"not_picked":["Loop+1","Redo","Steam"],"picked":"SKIP","floor":18.0},{"not_picked":["Ball Lightning","Steam","Stack"],"picked":"SKIP","floor":22.0},{"not_picked":["Glacier","Cold Snap","Chaos"],"picked":"SKIP","floor":23.0},{"not_picked":["Static Discharge+1","Sweeping Beam"],"picked":"Meteor Strike","floor":24.0},{"not_picked":["Streamline","Redo+1"],"picked":"Double Energy+1","floor":25.0},{"not_picked":["All For One","Gash"],"picked":"Turbo+1","floor":27.0},{"not_picked":["White Noise+1","Sweeping Beam"],"picked":"Capacitor+1","floor":30.0},{"not_picked":["Scrape","Coolheaded+1","Double Energy+1"],"picked":"SKIP","floor":31.0},{"not_picked":["Multi-Cast+1","Electrodynamics+1"],"picked":"Echo Form+1","floor":33.0},{"not_picked":["Go for the Eyes","Stack+1","Streamline"],"picked":"SKIP","floor":35.0},{"not_picked":["Steam Power+1","Leap+1","White Noise+1"],"picked":"SKIP","floor":40.0},{"not_picked":["Cold Snap","White Noise+1","Coolheaded+1"],"picked":"SKIP","floor":41.0},{"not_picked":["Go for the Eyes","Rebound"],"picked":"Echo Form+1","floor":42.0},{"not_picked":["Barrage","Turbo+1","Melter"],"picked":"SKIP","floor":44.0},{"not_picked":["Stack+1","White Noise+1","Sweeping Beam"],"picked":"SKIP","floor":46.0},{"not_picked":["Beam Cell+1","Blizzard","Machine Learning+1"],"picked":"SKIP","floor":55}],"player_experience":4594842,"relics_obtained":[{"floor":6.0,"key":"Oddly Smooth Stone"},{"floor":8.0,"key":"Frozen Egg 2"},{"floor":9.0,"key":"Nunchaku"},{"floor":10.0,"key":"Anchor"},{"floor":12.0,"key":"Du-Vu Doll"},{"floor":14.0,"key":"FossilizedHelix"},{"floor":23.0,"key":"Shovel"},{"floor":24.0,"key":"Blood Vial"},{"floor":25.0,"key":"Toxic Egg 2"},{"floor":27.0,"key":"Eternal Feather"},{"floor":30.0,"key":"Lizard Tail"},{"floor":40.0,"key":"InkBottle"},{"floor":42.0,"key":"CaptainsWheel"},{"floor":43.0,"key":"Vajra"},{"floor":44.0,"key":"Smiling Mask"},{"floor":46.0,"key":"Whetstone"},{"floor":49.0,"key":"Art of War"},{"floor":53.0,"key":"Sundial"},{"floor":55,"key":"White Beast Statue"}],"event_choices":[{"damage_healed":0.0,"max_hp_gain":0.0,"max_hp_loss":0.0,"gold_gain":0.0,"event_name":"Living Wall","player_choice":"Grow","floor":2.0,"gold_loss":0.0,"damage_taken":0.0,"cards_upgraded":["Fusion"]},{"damage_healed":0.0,"max_hp_gain":0.0,"max_hp_loss":0.0,"gold_gain":0.0,"event_name":"Shining Light","player_choice":"Entered Light","floor":3.0,"gold_loss":0.0,"damage_taken":21.0,"cards_upgraded":["Coolheaded","Compile Driver"]},{"damage_healed":0.0,"max_hp_gain":0.0,"max_hp_loss":7.0,"gold_gain":0.0,"event_name":"Golden Idol","player_choice":"Lose Max HP","floor":4.0,"gold_loss":0.0,"damage_taken":0.0,"relics_obtained":["Golden Idol"]},{"damage_healed":0.0,"max_hp_gain":0.0,"max_hp_loss":0.0,"gold_gain":0.0,"event_name":"The Library","player_choice":"Read","floor":19.0,"gold_loss":0.0,"damage_taken":0.0,"cards_obtained":["Consume"]},{"cards_removed":["Rebound"],"damage_healed":0.0,"max_hp_gain":0.0,"max_hp_loss":0.0,"gold_gain":0.0,"event_name":"Back to Basics","player_choice":"Elegance","floor":20.0,"gold_loss":0.0,"damage_taken":0.0},{"damage_healed":0.0,"max_hp_gain":0.0,"max_hp_loss":0.0,"gold_gain":0.0,"event_name":"Lab","player_choice":"Got Potions","floor":21.0,"gold_loss":0.0,"damage_taken":0.0},{"damage_healed":0.0,"max_hp_gain":0.0,"max_hp_loss":3.0,"gold_gain":0.0,"event_name":"Winding Halls","player_choice":"Max HP","floor":36.0,"gold_loss":0.0,"damage_taken":0.0},{"damage_healed":0.0,"max_hp_gain":0.0,"max_hp_loss":0.0,"gold_gain":0.0,"event_name":"Tomb of Lord Red Mask","player_choice":"Ignored","floor":38.0,"gold_loss":0.0,"damage_taken":0.0},{"damage_healed":0.0,"max_hp_gain":0.0,"max_hp_loss":0.0,"gold_gain":333.0,"event_name":"The Moai Head","player_choice":"Gave Idol","floor":48.0,"relics_lost":["Golden Idol"],"gold_loss":0.0,"damage_taken":0.0}],"is_beta":false,"boss_relics":[{"not_picked":["Empty Cage","Tiny House"],"picked":"SlaversCollar"},{"not_picked":["Sozu","Philosopher\u0027s Stone"],"picked":"Nuclear Battery"}],"items_purged_floors":[28,39],"is_endless":false,"potions_floor_spawned":[10,14,16,18,24,27,30,33,42,44,46],"ascension_level":20}}