{"host":"nb3r5a3er9rrnn3n","time":1613965962,"event":{"mods":["BaseMod","Colored Map","Downfall","Minty Spire (QoL Compilation)","Relic Stats","Spire Arcade","StSLib"],"gold_per_floor":[99,99,99,99,0,0,48,48,58,77,111,130,130,163,173,277,277,277,292,311,176,176,196,243,143,170,189,222,241,241,261,275,372,372,372,383,397,347,347,347,347,366,401,201,216,242,242,242,258,258,258,289,111,111,111,111],"floor_reached":57,"language":"ENG","playtime":2162,"items_purged":["bronze:CloningBeam","bronze:DarkDash","bronze:WildBeam"],"score":1649,"play_id":"c7b50db8-141c-44c3-8ded-af0cc1233a62","local_time":"20210222145242","is_ascension_mode":true,"campfire_choices":[{"data":"bronze:Goto","floor":1,"key":"SMITH"},{"data":"bronze:Boost","floor":6,"key":"SMITH"},{"data":"bronze:Iterate","floor":13,"key":"SMITH"},{"floor":18,"key":"RECALL"},{"data":"bronze:Terminator","floor":25,"key":"SMITH"},{"data":"bronze:MaxOutput","floor":30,"key":"SMITH"},{"data":"bronze:Hardcode","floor":35,"key":"SMITH"},{"data":"bronze:MaxOutput","floor":40,"key":"SMITH"},{"data":"bronze:Repulsor","floor":44,"key":"SMITH"},{"data":"bronze:Virus","floor":54,"key":"SMITH"}],"circlet_count":0,"master_deck":["bronze:Replicate+1","bronze:Goto+1","bronze:Boost+1","bronze:Virus+1","bronze:MaxOutput+1","bronze:Flail+1","bronze:FineTuning","bronze:MaxOutput+1","bronze:Flail","bronze:Iterate+1","bronze:Branch","bronze:TinkerersToolbox","bronze:Branch","bronze:FunctionCard","expansioncontent:YouAreMine","bronze:Repulsor+1"],"relics":["bronze:BronzeCore","downfall:HeartsMalice","Akabeko","Shuriken","Bag of Marbles","Coffee Dripper","champ:DuelingGlove","Lantern","downfall:HeartBlessingRed","bronze:SilverBullet","Smiling Mask","Pandora\u0027s Box","Potion Belt","downfall:HeartBlessingBlue","downfall:HeartBlessingGreen","Whetstone","downfall:ExtraCursedKey","FossilizedHelix"],"acts_visited":["Exordium","TheCity","TheBeyond","TheEnding"],"potions_floor_usage":[10,15,21,29,56,56,56,56,56],"damage_taken":[{"damage":0,"enemies":"2 Louse","floor":2,"turns":1},{"damage":0,"enemies":"Small Slimes","floor":3,"turns":1},{"damage":0,"enemies":"Jaw Worm","floor":8,"turns":1},{"damage":8,"enemies":"Gremlin Gang","floor":9,"turns":4},{"damage":0,"enemies":"Lots of Slimes","floor":10,"turns":1},{"damage":6,"enemies":"3 Sentries","floor":11,"turns":6},{"damage":3,"enemies":"Exordium Wildlife","floor":12,"turns":2},{"damage":8,"enemies":"Gremlin Nob","floor":14,"turns":4},{"damage":0,"enemies":"Gremlin Gang","floor":15,"turns":2},{"damage":36,"enemies":"DF_ARCHETYPE_STREAMLINE","floor":16,"turns":5},{"damage":0,"enemies":"downfall:LooterAlt2","floor":19,"turns":1},{"damage":3,"enemies":"3 Byrds","floor":20,"turns":4},{"damage":2,"enemies":"downfall:FleeingMerchant","floor":21,"turns":4},{"damage":0,"enemies":"3 Cultists","floor":23,"turns":1},{"damage":0,"enemies":"Book of Stabbing","floor":26,"turns":2},{"damage":0,"enemies":"Shelled Parasite and Fungi","floor":27,"turns":1},{"damage":4,"enemies":"Slavers","floor":28,"turns":3},{"damage":0,"enemies":"Cultist and Chosen","floor":29,"turns":1},{"damage":0,"enemies":"Chosen and Byrds","floor":31,"turns":1},{"damage":0,"enemies":"3 Cultists","floor":32,"turns":2},{"damage":0,"enemies":"WA_ARCHETYPE_CALM","floor":33,"turns":2},{"damage":0,"enemies":"3 Darklings","floor":36,"turns":1},{"damage":31,"enemies":"3 Shapes","floor":37,"turns":3},{"damage":0,"enemies":"Maw","floor":42,"turns":2},{"damage":0,"enemies":"Nemesis","floor":43,"turns":1},{"damage":0,"enemies":"3 Darklings","floor":45,"turns":1},{"damage":0,"enemies":"Reptomancer","floor":46,"turns":1},{"damage":0,"enemies":"4 Shapes","floor":49,"turns":1},{"damage":0,"enemies":"IC_BLOCK_ARCHETYPE","floor":50,"turns":1},{"damage":0,"enemies":"downfall:CharBossMerchant","floor":52,"turns":1},{"damage":0,"enemies":"downfall:NeowBoss","floor":55,"turns":4},{"damage":0,"enemies":"downfall:NeowBossFinal","floor":56,"turns":3}],"seed_played":"1866322309901548495","potions_obtained":[{"floor":9,"key":"Explosive Potion"},{"floor":10,"key":"Fire Potion"},{"floor":12,"key":"SkillPotion"},{"floor":14,"key":"Dexterity Potion"},{"floor":16,"key":"Swift Potion"},{"floor":20,"key":"Fruit Juice"},{"floor":23,"key":"Regen Potion"},{"floor":29,"key":"AttackPotion"},{"floor":31,"key":"Strength Potion"},{"floor":43,"key":"Block Potion"},{"floor":46,"key":"Weak Potion"}],"is_trial":false,"path_per_floor":["R","M","M","?","?","R","T","M","M","M","E","M","R","E","M","B",null,"R","M","M","$","?","M","T","R","E","M","E","M","R","M","M","B",null,"R","M","M","$","?","R","T","M","E","R","M","E","?","T","M","B",null,"E","$","R","B","B",null],"character_chosen":"THE_AUTOMATON","items_purchased":["champ:DuelingGlove","bronze:FineTuning","SteroidPotion","Ancient Potion"],"campfire_rested":0,"item_purchase_floors":[21,21,53,53],"current_hp_per_floor":[70,70,70,70,70,70,70,70,62,62,56,53,53,45,45,9,70,70,70,67,65,65,65,65,65,65,65,61,66,66,66,66,66,75,75,75,44,44,44,44,44,44,44,54,54,54,54,54,54,54,85,85,85,85,85,85],"gold":111,"neow_bonus":"THREE_ENEMY_KILL","is_daily":false,"chose_seed":false,"campfire_upgraded":9,"win_rate":0.0,"timestamp":1613965962,"path_taken":["R","M","M","?","?","R","T","M","M","?","E","M","R","E","M","BOSS","R","M","M","$","?","M","T","R","E","?","E","M","R","?","M","BOSS","R","M","M","$","?","R","T","M","E","R","M","E","?","?","M","BOSS","E","$","R","BOSS","BOSS"],"items_purchased_type":["Relic","Card","Potion","Potion"],"build_version":"2020-12-22","purchased_purges":3,"victory":true,"max_hp_per_floor":[70,70,70,70,70,70,70,70,70,70,70,70,70,70,70,70,70,70,70,70,70,70,70,70,70,70,70,70,75,75,75,75,75,75,75,75,75,75,75,75,75,75,75,85,85,85,85,85,85,85,85,85,85,85,85,85],"relic_stats":{"counters":[32,65],"Shuriken":[54],"Pandora\u0027s Box":["bronze:Flail","bronze:DarkDash","bronze:Iterate","bronze:Branch","bronze:TinkerersToolbox","bronze:Branch","bronze:WildBeam"],"Whetstone":["bronze:Iterate","bronze:Replicate"],"Smiling Mask":125,"obtain_stats":[{"Potion Belt":43,"champ:DuelingGlove":21,"Lantern":24,"bronze:BronzeCore":0,"downfall:HeartBlessingRed":25,"downfall:HeartsMalice":0,"downfall:HeartBlessingGreen":44,"Whetstone":46,"Smiling Mask":28,"Akabeko":7,"Shuriken":11,"downfall:HeartBlessingBlue":44,"Pandora\u0027s Box":34,"downfall:ExtraCursedKey":47,"Bag of Marbles":14,"Coffee Dripper":17,"bronze:SilverBullet":26,"FossilizedHelix":52},{"Potion Belt":25,"champ:DuelingGlove":13,"Lantern":14,"bronze:BronzeCore":0,"downfall:HeartBlessingRed":14,"downfall:HeartsMalice":0,"downfall:HeartBlessingGreen":25,"Whetstone":27,"Smiling Mask":17,"Akabeko":2,"Shuriken":6,"downfall:HeartBlessingBlue":25,"Pandora\u0027s Box":21,"downfall:ExtraCursedKey":27,"Bag of Marbles":8,"Coffee Dripper":10,"bronze:SilverBullet":15,"FossilizedHelix":30},{"Potion Belt":53,"champ:DuelingGlove":33,"Lantern":34,"bronze:BronzeCore":0,"downfall:HeartBlessingRed":34,"downfall:HeartsMalice":0,"downfall:HeartBlessingGreen":53,"Whetstone":55,"Smiling Mask":40,"Akabeko":0,"Shuriken":11,"downfall:HeartBlessingBlue":53,"Pandora\u0027s Box":46,"downfall:ExtraCursedKey":55,"Bag of Marbles":17,"Coffee Dripper":24,"bronze:SilverBullet":36,"FossilizedHelix":58}]},"card_choices":[{"not_picked":["bronze:Frontload","bronze:Shell"],"picked":"bronze:Iterate","floor":2},{"not_picked":["bronze:CutThrough","bronze:Separator"],"picked":"bronze:Boost","floor":3},{"not_picked":["bronze:DelayedGuard","bronze:Separator"],"picked":"bronze:CloningBeam","floor":8},{"not_picked":["bronze:Constructor","bronze:Turbo","bronze:Overload"],"picked":"SKIP","floor":9},{"not_picked":["bronze:Deprecate","bronze:BitShift","bronze:DelayedSlice"],"picked":"SKIP","floor":10},{"not_picked":["bronze:MaxOutput","bronze:Shield"],"picked":"bronze:Terminator","floor":11},{"not_picked":["bronze:Turbo","bronze:Branch","bronze:Constructor"],"picked":"SKIP","floor":12},{"not_picked":["bronze:Shield","bronze:ItsAFeature","bronze:BugBarrage"],"picked":"SKIP","floor":14},{"not_picked":["bronze:Invalidate","bronze:Shell","bronze:DelayedGuard"],"picked":"SKIP","floor":15},{"not_picked":["bronze:CleanCode","bronze:AlphaBuild"],"picked":"bronze:Virus","floor":16},{"not_picked":["bronze:ForceShield+1","bronze:DelayedSlice+1"],"picked":"bronze:MaxOutput","floor":19},{"not_picked":["bronze:FollowUp","bronze:Overheat"],"picked":"bronze:Flail+1","floor":20},{"not_picked":["bronze:Terminator","bronze:DarkDash"],"picked":"bronze:Iterate+1","floor":21},{"not_picked":["bronze:Constructor","bronze:BugBarrage","bronze:BitShift"],"picked":"SKIP","floor":23},{"not_picked":["bronze:WhirlingStrike","bronze:Branch","bronze:OilSpill"],"picked":"SKIP","floor":26},{"not_picked":["bronze:WildBeam","bronze:OilSpill","bronze:DarkDash"],"picked":"SKIP","floor":27},{"not_picked":["bronze:BronzeArmor","bronze:BuggyMess","bronze:InfiniteLoop"],"picked":"SKIP","floor":28},{"not_picked":["bronze:Constructor+1","bronze:BugBarrage","bronze:OilSpill"],"picked":"SKIP","floor":29},{"not_picked":["bronze:OilSpill+1","bronze:CloningBeam+1"],"picked":"bronze:MaxOutput","floor":31},{"not_picked":["bronze:Shield+1","bronze:WildBeam","bronze:OilSpill"],"picked":"SKIP","floor":32},{"not_picked":["bronze:Mutator","bronze:ShipIt"],"picked":"bronze:Hardcode","floor":33},{"not_picked":["bronze:WhirlingStrike+1","bronze:Philosophize+1","bronze:DelayedSlice"],"picked":"SKIP","floor":36},{"not_picked":["bronze:CutThrough","bronze:WhirlingStrike","bronze:ClassDefault+1"],"picked":"SKIP","floor":37},{"not_picked":["expansioncontent:InvincibleStrength","expansioncontent:Chronoboost"],"picked":"expansioncontent:YouAreMine","floor":39},{"not_picked":["bronze:DigitalCarnage+1","bronze:BugBarrage","bronze:Deprecate"],"picked":"SKIP","floor":42},{"not_picked":["bronze:DelayedSlice+1","bronze:Format"],"picked":"bronze:Repulsor","floor":43},{"not_picked":["bronze:BugBarrage","bronze:CutThrough","bronze:DelayedGuard+1"],"picked":"SKIP","floor":45},{"not_picked":["bronze:BugBarrage+1","bronze:GetLatest","bronze:InfiniteLoop"],"picked":"SKIP","floor":46},{"not_picked":["bronze:BugBarrage+1","bronze:Invalidate+1","bronze:WildBeam"],"picked":"SKIP","floor":49},{"not_picked":["bronze:Philosophize","bronze:BitShift","bronze:NullPointer"],"picked":"SKIP","floor":52}],"player_experience":2053251,"relics_obtained":[{"floor":7,"key":"Akabeko"},{"floor":11,"key":"Shuriken"},{"floor":14,"key":"Bag of Marbles"},{"floor":24,"key":"Lantern"},{"floor":26,"key":"bronze:SilverBullet"},{"floor":28,"key":"Smiling Mask"},{"floor":43,"key":"Potion Belt"},{"floor":46,"key":"Whetstone"},{"floor":52,"key":"FossilizedHelix"}],"event_choices":[],"is_beta":false,"boss_relics":[{"not_picked":["Astrolabe","bronze:MakeshiftBattery"],"picked":"Coffee Dripper"},{"not_picked":["Runic Dome","Busted Crown"],"picked":"Pandora\u0027s Box"}],"items_purged_floors":[21,38,53],"is_endless":false,"potions_floor_spawned":[9,10,12,14,16,20,23,28,29,31,42,43,46],"ascension_level":1}}