{"host":"6t1lyqu4vs0bu9t8","time":1613997729,"event":{"mods":["AchievementEnabler","BaseMod","Colored Map","Keyboard Shortcuts","Minty Spire (QoL Compilation)","Permanent Neow","Quick Restart","Rare Cards Sparkle","StSLib","SuperFastMode","everything is the same but u backflip on backflip"],"gold_per_floor":[110,123,138,153,153,153,183,183,183,197,34,50,50,71,71,164,164,189,189,89,89,89],"floor_reached":21,"language":"KOR","playtime":398,"items_purged":["Strike_P","Strike_P"],"score":333,"play_id":"7ccc8e03-ad1c-4ad9-980b-5abbde13f669","local_time":"20210222214209","is_ascension_mode":true,"campfire_choices":[{"data":"ConjureBlade","floor":6.0,"key":"SMITH"},{"data":"Adaptation","floor":13.0,"key":"SMITH"},{"data":"EmptyFist","floor":15,"key":"SMITH"}],"circlet_count":0,"master_deck":["AscendersBane","Strike_P","Strike_P","Defend_P","Defend_P","Defend_P","Eruption+1","Vigilance","Consecrate","EmptyFist+1","ConjureBlade+1","ThirdEye","Indignation","Adaptation+1","Halt","EmptyBody","DeusExMachina+1"],"relics":["PureWater","Matryoshka","Golden Idol","Gremlin Horn","TeardropLocket","Philosopher\u0027s Stone"],"acts_visited":["Exordium","TheCity"],"potions_floor_usage":[16,16],"damage_taken":[{"damage":0.0,"enemies":"Cultist","floor":1.0,"turns":2.0},{"damage":4.0,"enemies":"2 Louse","floor":2.0,"turns":4.0},{"damage":12.0,"enemies":"Small Slimes","floor":3.0,"turns":2.0},{"damage":5.0,"enemies":"2 Fungi Beasts","floor":4.0,"turns":4.0},{"damage":19.0,"enemies":"Exordium Thugs","floor":10.0,"turns":3.0},{"damage":0.0,"enemies":"3 Louse","floor":12.0,"turns":2.0},{"damage":0.0,"enemies":"Exordium Wildlife","floor":14.0,"turns":2.0},{"damage":8,"enemies":"Hexaghost","floor":16,"turns":9},{"damage":36,"enemies":"2 Thieves","floor":18,"turns":4},{"damage":15,"enemies":"3 Byrds","floor":21,"turns":2}],"seed_played":"2206531126414496716","potions_obtained":[{"floor":2.0,"key":"CultistPotion"},{"floor":10.0,"key":"StancePotion"},{"floor":14.0,"key":"Energy Potion"}],"is_trial":false,"path_per_floor":["M","M","M","M","?","R","?","?","T","M","$","M","R","M","R","B",null,"M","?","$","M"],"character_chosen":"WATCHER","items_purchased":["Adaptation"],"campfire_rested":0,"item_purchase_floors":[11],"current_hp_per_floor":[61,57,45,40,40,40,40,40,40,21,21,21,21,21,21,13,50,14,14,14,0,0],"gold":89,"neow_bonus":"REMOVE_CARD","is_daily":false,"chose_seed":false,"campfire_upgraded":3,"win_rate":0.0,"timestamp":1613997729,"path_taken":["M","M","?","M","?","R","?","?","T","M","$","M","R","M","R","BOSS","M","?","$","?"],"items_purchased_type":["Card"],"build_version":"2020-12-22","purchased_purges":2,"victory":false,"max_hp_per_floor":[68,68,68,68,68,68,68,62,62,62,62,62,62,62,62,62,62,62,62,62,62,62],"card_choices":[{"not_picked":["CutThroughFate","FlyingSleeves"],"picked":"Consecrate","floor":1.0},{"not_picked":["WreathOfFlame","Halt"],"picked":"EmptyFist","floor":2.0},{"not_picked":["Wallop","Conclude"],"picked":"ConjureBlade","floor":3.0},{"not_picked":["BowlingBash","ForeignInfluence"],"picked":"ThirdEye","floor":4.0},{"not_picked":["BowlingBash","CrushJoints"],"picked":"Indignation","floor":10.0},{"not_picked":["ClearTheMind","SashWhip"],"picked":"Halt","floor":12.0},{"not_picked":["CrushJoints","Evaluate"],"picked":"EmptyBody","floor":14.0},{"not_picked":["Ragnarok","Judgement"],"picked":"DeusExMachina","floor":16},{"not_picked":["EmptyFist","EmptyBody","Prostrate"],"picked":"SKIP","floor":18}],"player_experience":444390,"relics_obtained":[{"floor":9.0,"key":"Gremlin Horn"},{"floor":9.0,"key":"TeardropLocket"}],"event_choices":[{"damage_healed":0.0,"max_hp_gain":0.0,"max_hp_loss":0.0,"gold_gain":0.0,"event_name":"Living Wall","player_choice":"Grow","floor":5.0,"gold_loss":0.0,"damage_taken":0.0,"cards_upgraded":["Eruption"]},{"damage_healed":0.0,"max_hp_gain":0.0,"max_hp_loss":0.0,"gold_gain":30.0,"event_name":"Dead Adventurer","player_choice":"Searched \u00272\u0027 times","floor":7.0,"gold_loss":0.0,"damage_taken":0.0,"relics_obtained":["Matryoshka"]},{"damage_healed":0.0,"max_hp_gain":0.0,"max_hp_loss":6.0,"gold_gain":0.0,"event_name":"Golden Idol","player_choice":"Lose Max HP","floor":8.0,"gold_loss":0.0,"damage_taken":0.0,"relics_obtained":["Golden Idol"]},{"damage_healed":0,"gold_gain":0,"player_choice":"Upgraded","damage_taken":0,"max_hp_gain":0,"max_hp_loss":0,"event_name":"Upgrade Shrine","floor":19,"gold_loss":0,"cards_upgraded":["DeusExMachina"]}],"is_beta":false,"boss_relics":[{"not_picked":["Sozu","Cursed Key"],"picked":"Philosopher\u0027s Stone"}],"items_purged_floors":[11,20],"is_endless":false,"potions_floor_spawned":[2,10,14],"killed_by":"3 Byrds","ascension_level":19}}