{"host":"pifa3o3uv2a0m12r","time":1613965004,"event":{"mods":["AchievementEnabler","BaseMod","Colored Map","Minty Spire (QoL Compilation)","StSLib","SuperFastMode"],"gold_per_floor":[112,112,112,131,155,186,186,210,210,210,210,244,259,280,280,400,463,477,250,270,369,76,76,76,76],"floor_reached":24,"language":"FRA","playtime":706,"items_purged":["Strike_R"],"score":206,"play_id":"b9a258c2-1ca8-40c3-bd55-d1c8c5910ba0","local_time":"20210221173644","is_ascension_mode":false,"campfire_choices":[{"floor":7,"key":"REST"},{"floor":11,"key":"REST"},{"data":"Juggernaut","floor":15,"key":"SMITH"},{"data":"Body Slam","floor":23,"key":"SMITH"}],"circlet_count":0,"master_deck":["Strike_R","Strike_R","Strike_R+1","Defend_R","Defend_R","Defend_R","Defend_R","Bash","Heavy Blade","Shrug It Off","Juggernaut+1","Demon Form","Flame Barrier","Spot Weakness+1","Body Slam+1","Flex+1"],"relics":["Burning Blood","NeowsBlessing","Golden Idol","Red Skull","HornCleat","Dead Branch","Tiny House","Orrery","Prayer Wheel"],"acts_visited":["Exordium","TheCity"],"potions_floor_usage":[16,24,24],"damage_taken":[{"damage":0,"enemies":"2 Louse","floor":1,"turns":1},{"damage":0,"enemies":"Jaw Worm","floor":4,"turns":1},{"damage":0,"enemies":"Cultist","floor":5,"turns":1},{"damage":67,"enemies":"Lagavulin","floor":6,"turns":10},{"damage":11,"enemies":"Lots of Slimes","floor":8,"turns":6},{"damage":9,"enemies":"Gremlin Nob","floor":12,"turns":4},{"damage":8,"enemies":"3 Louse","floor":13,"turns":4},{"damage":9,"enemies":"Red Slaver","floor":14,"turns":5},{"damage":46,"enemies":"Hexaghost","floor":16,"turns":12},{"damage":27,"enemies":"3 Byrds","floor":18,"turns":5},{"damage":21,"enemies":"Chosen","floor":20,"turns":6},{"damage":60,"enemies":"Gremlin Leader","floor":24,"turns":7}],"seed_played":"5006527356164531091","potions_obtained":[{"floor":5,"key":"Energy Potion"},{"floor":8,"key":"ElixirPotion"},{"floor":13,"key":"SneckoOil"},{"floor":17,"key":"Block Potion"}],"is_trial":false,"path_per_floor":["M","?","?","M","M","E","R","M","T","?","R","E","M","M","R","B",null,"M","$","M","?","$","R","E"],"character_chosen":"IRONCLAD","items_purchased":["Orrery","Prayer Wheel"],"campfire_rested":2,"item_purchase_floors":[19,22],"current_hp_per_floor":[80,85,64,70,76,15,40,35,35,35,60,57,55,52,52,12,90,69,69,54,54,54,54,0,0],"gold":76,"neow_bonus":"THREE_ENEMY_KILL","is_daily":false,"chose_seed":false,"campfire_upgraded":2,"win_rate":0.0,"timestamp":1613965004,"path_taken":["M","?","?","M","M","E","R","M","T","?","R","E","M","M","R","BOSS","M","$","M","?","$","R","E"],"items_purchased_type":["Relic","Relic"],"build_version":"2020-12-22","purchased_purges":1,"victory":false,"max_hp_per_floor":[80,85,85,85,85,85,85,85,85,85,85,85,85,85,85,85,90,90,90,90,90,90,90,90,90],"card_choices":[{"not_picked":["Feel No Pain","Fire Breathing"],"picked":"Heavy Blade","floor":1},{"not_picked":["Iron Wave","Perfected Strike","Thunderclap"],"picked":"SKIP","floor":4},{"not_picked":["True Grit","Perfected Strike"],"picked":"Shrug It Off","floor":5},{"not_picked":["Headbutt","Perfected Strike","Blood for Blood"],"picked":"SKIP","floor":6},{"not_picked":["Anger","Clash","Wild Strike"],"picked":"SKIP","floor":8},{"not_picked":["Perfected Strike","Searing Blow"],"picked":"Juggernaut","floor":12},{"not_picked":["Armaments","Inflame","Headbutt"],"picked":"SKIP","floor":13},{"not_picked":["Havoc","Feel No Pain","Berserk"],"picked":"SKIP","floor":14},{"not_picked":["Immolate","Exhume"],"picked":"Demon Form","floor":16},{"not_picked":["Cleave","Uppercut"],"picked":"Flame Barrier","floor":17},{"not_picked":["Seeing Red","Fire Breathing","Bloodletting"],"picked":"SKIP","floor":18},{"not_picked":["Disarm","Warcry+1"],"picked":"Spot Weakness+1","floor":19},{"not_picked":["Twin Strike","Dropkick"],"picked":"Body Slam","floor":19},{"not_picked":["Armaments+1","Dark Embrace"],"picked":"Flex+1","floor":20}],"player_experience":142778,"relics_obtained":[{"floor":6,"key":"Red Skull"},{"floor":9,"key":"HornCleat"},{"floor":12,"key":"Dead Branch"}],"event_choices":[{"damage_healed":0,"gold_gain":0,"player_choice":"Donut","damage_taken":0,"max_hp_gain":5,"max_hp_loss":0,"event_name":"Big Fish","floor":2,"gold_loss":0},{"damage_healed":0,"gold_gain":0,"player_choice":"Take Damage","damage_taken":21,"relics_obtained":["Golden Idol"],"max_hp_gain":0,"max_hp_loss":0,"event_name":"Golden Idol","floor":3,"gold_loss":0},{"cards_removed":["Strike_R"],"damage_healed":0,"gold_gain":0,"player_choice":"Forget","damage_taken":0,"max_hp_gain":0,"max_hp_loss":0,"event_name":"Living Wall","floor":10,"gold_loss":0},{"damage_healed":0,"gold_gain":99,"player_choice":"Stole From Cult","damage_taken":0,"max_hp_gain":0,"max_hp_loss":0,"event_name":"Nest","floor":21,"gold_loss":0}],"is_beta":false,"boss_relics":[{"not_picked":["Pandora\u0027s Box","Runic Pyramid"],"picked":"Tiny House"}],"items_purged_floors":[19],"is_endless":false,"potions_floor_spawned":[5,8,13,14,20],"killed_by":"Gremlin Leader","ascension_level":0}}