{"host":"6bfiq9sgomorosoy","time":1613989782,"event":{"mods":["2.2 Compatiblity","AchievementEnabler","BaseMod","Better Note","Better Third Choice","BetterRewards","Conspire","Downfall","Googly Eyes","Highlight Path","Hubris","Minty Spire (QoL Compilation)","Quick Restart","Rare Cards Sparkle","Reliquary","Replay The Spire","StSLib"],"gold_per_floor":[110,130,142,45,61,61,61,71,71,21,46,66,83,32,32,156,156,195,1,1,1],"floor_reached":20,"language":"ENG","playtime":807,"items_purged":[],"score":168,"play_id":"729f04e6-350f-4446-be71-992d93940e10","local_time":"20210222232942","is_ascension_mode":false,"campfire_choices":[{"data":"ReplayTheSpireMod:Necrosis","floor":6,"key":"SMITH"},{"floor":15,"key":"REST"}],"circlet_count":0,"master_deck":["Strike_G","Strike_G","Strike_G","Strike_G","Strike_G","Defend_G","Defend_G","Defend_G","Defend_G","Defend_G","Survivor","Neutralize","ReplayTheSpireMod:Necrosis+1","Outmaneuver","Blade Dance","Underhanded Strike","Prepared","Bane","Fluid Movement+1","Deadly Poison","conspire:SpireCoStock","Cloak And Dagger","Toxin Wave","Catalyst","Adrenaline","Backflip+1","PiercingWail"],"relics":["Ring of the Snake","conspire:Dentures","reliquary:Knoch","Dream Catcher"],"acts_visited":["Exordium","TheCity"],"potions_floor_usage":[16,20,20,20],"damage_taken":[{"damage":0,"enemies":"Cultist","floor":1,"turns":4},{"damage":0,"enemies":"Jaw Worm","floor":2,"turns":6},{"damage":2,"enemies":"Small Slimes","floor":3,"turns":5},{"damage":2,"enemies":"2 Fungi Beasts","floor":5,"turns":4},{"damage":5,"enemies":"Exordium Thugs","floor":8,"turns":4},{"damage":4,"enemies":"3 Louse","floor":11,"turns":3},{"damage":4,"enemies":"Looter","floor":12,"turns":4},{"damage":8,"enemies":"Blue Slaver","floor":13,"turns":5},{"damage":47,"enemies":"The Guardian","floor":16,"turns":10},{"damage":51,"enemies":"Spheric Guardian","floor":18,"turns":10},{"damage":18,"enemies":"Chosen","floor":20,"turns":4}],"seed_played":"-8079265214755456851","potions_obtained":[{"floor":8,"key":"AttackPotion"},{"floor":11,"key":"SpeedPotion"},{"floor":12,"key":"Languid Potion"},{"floor":16,"key":"Explosive Potion"}],"is_trial":false,"path_per_floor":["M","M","M","$","M","R","?","M","T","?","M","M","M","?","R","B",null,"M","$","M"],"character_chosen":"THE_SILENT","items_purchased":["Prepared","Bane","Dream Catcher","PiercingWail"],"campfire_rested":1,"item_purchase_floors":[4,4,19,19],"current_hp_per_floor":[63,63,61,61,59,59,59,54,54,54,50,46,38,38,56,9,63,12,12,0,0],"gold":1,"neow_bonus":"THREE_RARE_CARDS","is_daily":false,"chose_seed":false,"campfire_upgraded":1,"win_rate":0.0,"timestamp":1613989782,"path_taken":["M","M","M","$","?","R","?","M","T","?","M","M","M","?","R","BOSS","M","$","?"],"items_purchased_type":["Card","Card","Relic","Card"],"build_version":"2020-12-22","purchased_purges":0,"victory":false,"max_hp_per_floor":[63,63,63,63,63,63,63,63,63,63,63,63,63,63,63,63,63,63,63,63,63],"card_choices":[{"not_picked":["Venomology","Corpse Explosion"],"picked":"ReplayTheSpireMod:Necrosis","floor":0},{"not_picked":["Acrobatics","Hidden Blade"],"picked":"Outmaneuver","floor":1},{"not_picked":["Dash","Underhanded Strike"],"picked":"Blade Dance","floor":2},{"not_picked":["All Out Attack","Skewer"],"picked":"Underhanded Strike","floor":3},{"not_picked":["conspire:DoublingDagger","Outmaneuver"],"picked":"Fluid Movement","floor":5},{"not_picked":["Hidden Blade","Dodge and Roll"],"picked":"Deadly Poison","floor":8},{"not_picked":["Fluid Movement","Backstab"],"picked":"Cloak And Dagger","floor":11},{"not_picked":["Bullet Time","Underhanded Strike"],"picked":"Toxin Wave","floor":12},{"not_picked":["Replay:Poison Smokescreen","Acrobatics"],"picked":"Catalyst","floor":13},{"not_picked":["Atom Bomb","Poison Darts"],"picked":"Adrenaline","floor":16},{"not_picked":["Quick Slash","Prepared"],"picked":"Backflip+1","floor":18}],"player_experience":143976,"relics_obtained":[{"floor":9,"key":"conspire:Dentures"}],"event_choices":[{"damage_healed":0,"gold_gain":0,"player_choice":"Invest 1","damage_taken":0,"max_hp_gain":0,"max_hp_loss":0,"event_name":"conspire:Investor","floor":10,"gold_loss":0},{"damage_healed":0,"gold_gain":0,"player_choice":"Paid Gold","damage_taken":0,"relics_obtained":["reliquary:Knoch"],"max_hp_gain":0,"max_hp_loss":0,"event_name":"WeMeetAgain","floor":14,"gold_loss":51}],"is_beta":false,"boss_relics":[{"not_picked":["Replay:Bronze Core","Runic Pyramid","hubris:VirtuousBlindfold"]}],"items_purged_floors":[],"is_endless":false,"potions_floor_spawned":[8,11,12,16],"killed_by":"Chosen","ascension_level":0}}