{"host":"gaqyve1328ta0etl","time":1613988872,"event":{"mods":["BaseMod","Colored Map","Colored Powertips","Duelist Mod","Googly Eyes","Hero for Fun","Minty Spire (QoL Compilation)","Shop Mod","StSLib","SuperFastMode","The Hierophant","The Runesmith"],"gold_per_floor":[145,145,161,161,173,273,19,19,19,19,30,59,59,78,78,150,150,161,177,177,189,199,199,210,228,228,228,254,254,268,3,3,75,75,87,87,28,28,28,28,39,51,119,129,149,149,169,169,169,169,169],"floor_reached":52,"language":"ENG","playtime":3464,"items_purged":["theDuelist:CursedBill","theDuelist:CastleWalls"],"score":1727,"play_id":"9609c473-8556-4c06-b83b-b86128a92643","local_time":"20210222021432","is_ascension_mode":true,"campfire_choices":[{"data":"theDuelist:MillenniumGolem","floor":8,"key":"SMITH"},{"data":"theDuelist:FairyBox","floor":10,"key":"SMITH"},{"data":"theDuelist:SwordsConcealing","floor":13,"key":"SMITH"},{"floor":15,"key":"REST"},{"floor":23,"key":"REST"},{"floor":29,"key":"REST"},{"data":"theDuelist:KamionTimelord","floor":32,"key":"SMITH"},{"data":"theDuelist:RainbowKuriboh","floor":40,"key":"SMITH"},{"data":"theDuelist:FluteKuriboh","floor":46,"key":"SMITH"},{"data":"theDuelist:HappyLover","floor":49,"key":"SMITH"}],"circlet_count":0,"master_deck":["AscendersBane","theDuelist:FinalFlame","theDuelist:GiantSoldier","theDuelist:GiantSoldier","theDuelist:ScrapFactory","theDuelist:SwordsConcealing+1","theDuelist:FairyBox+1","theDuelist:RainbowNeos","theDuelist:FusionWeapon","theDuelist:MillenniumGolem+1","theDuelist:RainbowNeos","theDuelist:KamionTimelord+1","theDuelist:InfernoFireBlast","theDuelist:HappyLover+1","theDuelist:RainbowKuriboh+1","theDuelist:Nameless:Power:AssaultArmor+1","theDuelist:FluteKuriboh+1","theDuelist:UnderworldCannon+1","Parasite"],"relics":["theDuelist:MillenniumPuzzle","theDuelist:CardPoolRelic","theDuelist:CardPoolBasicRelic","theDuelist:BoosterPackPoolRelic","theDuelist:CardPoolAddRelic","theDuelist:CardPoolMinusRelic","theDuelist:CardPoolSaveRelic","theDuelist:CardPoolOptionsRelic","theDuelist:BlessingAnubis","Runesmith:Locket","Busted Crown","Nloth\u0027s Gift","Molten Egg 2","Regal Pillow","ClockworkSouvenir","Empty Cage","Toxic Egg 2"],"acts_visited":["Exordium","TheCity","TheBeyond"],"potions_floor_usage":[12,28,41,45,51],"damage_taken":[{"damage":6,"enemies":"Small Slimes","floor":1,"turns":5},{"damage":7,"enemies":"Cultist","floor":3,"turns":6},{"damage":0,"enemies":"2 Louse","floor":5,"turns":4},{"damage":10,"enemies":"Lots of Slimes","floor":11,"turns":4},{"damage":0,"enemies":"Lagavulin","floor":12,"turns":6},{"damage":1,"enemies":"Blue Slaver","floor":14,"turns":2},{"damage":28,"enemies":"The Guardian","floor":16,"turns":10},{"damage":7,"enemies":"3 Byrds","floor":18,"turns":6},{"damage":5,"enemies":"Shell Parasite","floor":19,"turns":4},{"damage":0,"enemies":"Cultist and Chosen","floor":21,"turns":4},{"damage":0,"enemies":"Chosen and Byrds","floor":22,"turns":7},{"damage":0,"enemies":"Centurion and Healer","floor":24,"turns":8},{"damage":12,"enemies":"Sentry and Sphere","floor":25,"turns":4},{"damage":35,"enemies":"Slavers","floor":28,"turns":5},{"damage":0,"enemies":"Snake Plant","floor":30,"turns":2},{"damage":17,"enemies":"Champ","floor":33,"turns":8},{"damage":5,"enemies":"Orb Walker","floor":35,"turns":3},{"damage":3,"enemies":"3 Darklings","floor":41,"turns":5},{"damage":0,"enemies":"Maw","floor":42,"turns":6},{"damage":10,"enemies":"Sphere and 2 Shapes","floor":44,"turns":7},{"damage":0,"enemies":"Writhing Mass","floor":45,"turns":5},{"damage":0,"enemies":"Spire Growth","floor":47,"turns":5},{"damage":1,"enemies":"Time Eater","floor":50,"turns":12},{"damage":25,"enemies":"Awakened One","floor":51,"turns":13}],"seed_played":"-5158029897032113248","potions_obtained":[{"floor":3,"key":"theDuelist:BottledKuriboh"},{"floor":5,"key":"theDuelist:SealedPackB"},{"floor":19,"key":"theDuelist:DebuffArmorPotion"},{"floor":22,"key":"Regen Potion"},{"floor":28,"key":"Weak Potion"},{"floor":42,"key":"SpeedPotion"},{"floor":45,"key":"Weak Potion"}],"is_trial":false,"path_per_floor":["M","?","M","?","M","?","$","R","T","R","M","E","R","M","R","B",null,"M","M","?","M","M","R","M","M","T","?","E","R","M","$","R","B",null,"M","?","$","?","?","R","M","M","T","M","M","R","M","?","R","B","B",null],"character_chosen":"THE_DUELIST","items_purchased":["theDuelist:FusionWeapon","theDuelist:MillenniumGolem","ClockworkSouvenir","theDuelist:FluteKuriboh"],"campfire_rested":3,"item_purchase_floors":[7,7,31,37],"current_hp_per_floor":[57,57,50,50,50,50,50,50,50,50,40,40,40,39,57,29,55,48,43,43,43,43,61,61,49,49,43,22,55,55,55,55,38,57,52,68,68,68,68,68,65,65,65,55,55,55,55,55,55,54,29],"gold":169,"neow_bonus":"TRANSFORM_TWO_CARDS","is_daily":false,"chose_seed":false,"campfire_upgraded":7,"win_rate":0.0,"timestamp":1613988872,"path_taken":["M","?","M","?","?","?","$","R","T","R","M","E","R","M","R","BOSS","M","M","?","M","M","R","M","?","T","?","E","R","M","$","R","BOSS","M","?","$","?","?","R","M","?","T","M","M","R","M","?","R","BOSS","BOSS"],"items_purchased_type":["Card","Card","Relic","Card"],"build_version":"2020-12-22","purchased_purges":2,"victory":true,"max_hp_per_floor":[63,63,63,63,63,63,63,63,63,63,63,63,63,63,63,63,63,63,63,63,63,63,63,63,63,63,63,63,63,63,63,63,63,63,63,79,79,79,79,79,79,79,79,79,79,79,79,79,79,79,79],"card_choices":[{"not_picked":["theDuelist:CoreBlaster","theDuelist:BigFire","theDuelist:ScrapFactory","theDuelist:OnslaughtFireKings","theDuelist:CombinationAttack"],"picked":"SKIP","floor":1},{"not_picked":["theDuelist:SpellShatteringArrow","theDuelist:BigFire","theDuelist:EgoBoost","theDuelist:DarkBurningAttack","theDuelist:CrossAttack"],"picked":"SKIP","floor":3},{"not_picked":["theDuelist:Sangan","theDuelist:WormApocalypse","theDuelist:PreventRat","theDuelist:FrontierWiseman"],"picked":"theDuelist:RainbowNeos","floor":5},{"not_picked":["theDuelist:SwordDeepSeated","theDuelist:WhiteMagicalHat","theDuelist:Downbeat","theDuelist:GiantTrunade"],"picked":"theDuelist:RainbowNeos","floor":11},{"not_picked":["theDuelist:MeteorDestruction","theDuelist:CombinationAttack","theDuelist:SwordDeepSeated","theDuelist:PowerKaishin","theDuelist:LegendHeart"],"picked":"SKIP","floor":12},{"not_picked":["theDuelist:CoreBlaster","theDuelist:AfterTheStorm","theDuelist:Tuningware","theDuelist:WormApocalypse","theDuelist:LegendarySword"],"picked":"SKIP","floor":14},{"not_picked":["theDuelist:SwordsConcealing","theDuelist:SevenCompleted","theDuelist:LightLaser","theDuelist:MillenniumShield"],"picked":"theDuelist:KamionTimelord","floor":16},{"not_picked":["theDuelist:Downbeat","theDuelist:VenomShot"],"picked":"theDuelist:InfernoFireBlast","floor":18},{"not_picked":["theDuelist:RainbowNeos","theDuelist:KamionTimelord"],"picked":"theDuelist:HappyLover","floor":19},{"not_picked":["theDuelist:RainbowOverdragon"],"picked":"SKIP","floor":21},{"not_picked":["theDuelist:EgoBoost"],"picked":"SKIP","floor":22},{"not_picked":["theDuelist:Hinotama"],"picked":"SKIP","floor":24},{"not_picked":["theDuelist:WhiteMagicalHat"],"picked":"SKIP","floor":25},{"not_picked":["theDuelist:AfterTheStorm"],"picked":"SKIP","floor":28},{"not_picked":["theDuelist:RainbowNeos+1"],"picked":"SKIP","floor":30},{"not_picked":[],"picked":"theDuelist:RainbowKuriboh","floor":33},{"not_picked":["theDuelist:SolarWindJammer"],"picked":"SKIP","floor":35},{"not_picked":["theDuelist:RainbowOverdragon+1"],"picked":"SKIP","floor":41},{"not_picked":["theDuelist:SparkBlaster+1"],"picked":"SKIP","floor":42},{"not_picked":["theDuelist:CombinationAttack+3"],"picked":"SKIP","floor":44},{"not_picked":["theDuelist:HappyLover+1"],"picked":"SKIP","floor":45},{"not_picked":["theDuelist:AfterTheStorm+1"],"picked":"SKIP","floor":47}],"player_experience":2241861,"relics_obtained":[{"floor":9,"key":"theDuelist:BlessingAnubis"},{"floor":12,"key":"Runesmith:Locket"},{"floor":26,"key":"Molten Egg 2"},{"floor":28,"key":"Regal Pillow"},{"floor":43,"key":"Toxic Egg 2"}],"event_choices":[{"damage_healed":0,"gold_gain":0,"player_choice":"Leave","duelist":true,"damage_taken":0,"max_hp_gain":0,"max_hp_loss":0,"event_name":"Relic Duplicator","floor":2,"gold_loss":0},{"damage_healed":0,"gold_gain":0,"player_choice":"Leave","duelist":true,"damage_taken":0,"max_hp_gain":0,"max_hp_loss":0,"event_name":"Visit from Anubis","floor":4,"gold_loss":0},{"damage_healed":0,"gold_gain":0,"player_choice":"Took item - Received: Millennium Coin","duelist":true,"damage_taken":0,"max_hp_gain":0,"max_hp_loss":0,"event_name":"Millennium Items","floor":6,"gold_loss":0},{"damage_healed":0,"gold_gain":0,"player_choice":"Traded Relic","damage_taken":0,"relics_obtained":["Nloth\u0027s Gift"],"max_hp_gain":0,"max_hp_loss":0,"event_name":"N\u0027loth","floor":20,"relics_lost":["theDuelist:MillenniumCoin"],"gold_loss":0},{"damage_healed":0,"gold_gain":0,"player_choice":"","damage_taken":6,"max_hp_gain":0,"max_hp_loss":0,"event_name":"Knowing Skull","floor":27,"potions_obtained":[],"gold_loss":0,"cards_obtained":[]},{"power_reward":4,"total_magic_score":54,"gold_gain":0,"duelist":true,"damage_taken":0,"relics_obtained":[],"points":15,"max_hp_gain":16,"max_hp_loss":0,"spent_points":{"magic":3,"greed":0,"war":4,"power":4,"hunger":4},"event_name":"Nameless Tomb","hunger_reward":4,"floor":36,"gold_loss":0,"cards_obtained":["theDuelist:Nameless:Power:AssaultArmor"]},{"damage_healed":0,"gold_gain":0,"player_choice":"Ignored","damage_taken":0,"max_hp_gain":0,"max_hp_loss":0,"event_name":"Mysterious Sphere","floor":38,"gold_loss":0},{"damage_healed":0,"gold_gain":0,"cards_transformed":["theDuelist:BeaverWarrior"],"player_choice":"Transformed","damage_taken":0,"max_hp_gain":0,"max_hp_loss":0,"event_name":"Transmorgrifier","floor":39,"gold_loss":0,"cards_obtained":["theDuelist:UnderworldCannon"]},{"damage_healed":0,"gold_gain":0,"player_choice":"Leave","duelist":true,"damage_taken":0,"max_hp_gain":0,"max_hp_loss":0,"event_name":"Egyptian Village","floor":48,"gold_loss":0}],"is_beta":false,"boss_relics":[{"not_picked":["Pandora\u0027s Box","Black Star"],"picked":"Busted Crown"},{"not_picked":["Velvet Choker","Mark of Pain"],"picked":"Empty Cage"}],"items_purged_floors":[7,31],"is_endless":false,"potions_floor_spawned":[3,5,19,22,28,33,42,45,47],"ascension_level":20}}