{"host":"szp1d6dso4pv7ddl","time":1613972869,"event":{"mods":["AchievementEnabler","Alarm Clock","BaseMod","Bestiary","Block Reminder","Colored Map","Colored Powertips","Curses Come First","Dark Map","Displayed Cursed Tome","Highlight Path","Minty Spire (QoL Compilation)","Permanent Neow","Quick Restart","Relic Sorter","Relic Stats","StSLib","Synergy Search"],"gold_per_floor":[109,109,109,109,125,125,158,169,169,188,188,206,206,221,221,325,325,307,232,265,265,265],"floor_reached":21,"language":"ENG","playtime":691,"items_purged":["Regret"],"score":179,"play_id":"072ecb7a-02fc-45ff-aef2-f68b811c2942","local_time":"20210221214749","is_ascension_mode":false,"campfire_choices":[{"data":"Recycle","floor":6,"key":"SMITH"},{"floor":13,"key":"REST"},{"floor":15,"key":"REST"}],"circlet_count":0,"master_deck":["Strike_B","Strike_B","Strike_B","Strike_B","Defend_B","Defend_B","Defend_B","Zap","Dualcast","Recycle+1","Gash","Gash","Gash"],"relics":["Runic Pyramid","StrikeDummy","Ice Cream","Art of War","Singing Bowl","Busted Crown","Red Mask"],"acts_visited":["Exordium","TheCity"],"potions_floor_usage":[7,20],"damage_taken":[{"damage":3.0,"enemies":"2 Louse","floor":1.0,"turns":2.0},{"damage":7,"enemies":"Small Slimes","floor":5,"turns":4},{"damage":14,"enemies":"Gremlin Nob","floor":7,"turns":3},{"damage":0,"enemies":"Cultist","floor":8,"turns":2},{"damage":5,"enemies":"Looter","floor":10,"turns":3},{"damage":16,"enemies":"Lots of Slimes","floor":12,"turns":4},{"damage":18,"enemies":"Exordium Wildlife","floor":14,"turns":4},{"damage":38,"enemies":"The Guardian","floor":16,"turns":12},{"damage":26,"enemies":"2 Thieves","floor":18,"turns":4},{"damage":56,"enemies":"Masked Bandits","floor":20,"turns":5},{"damage":5,"enemies":"3 Byrds","floor":21,"turns":2}],"seed_played":"1357897211340096250","potions_obtained":[{"floor":1.0,"key":"AttackPotion"},{"floor":10,"key":"FearPotion"},{"floor":11,"key":"Swift Potion"},{"floor":11,"key":"LiquidMemories"},{"floor":16,"key":"LiquidMemories"}],"is_trial":false,"path_per_floor":["M","?","?","?","M","R","E","M","T","M","?","M","R","M","R","B",null,"M","$","?","M"],"character_chosen":"DEFECT","items_purchased":[],"campfire_rested":2,"item_purchase_floors":[],"current_hp_per_floor":[72,69,69,69,62,62,48,48,48,45,45,31,54,38,62,26,83,59,59,5,0,0],"gold":265,"neow_bonus":"BOSS_RELIC","is_daily":false,"chose_seed":false,"campfire_upgraded":1,"win_rate":0.0,"timestamp":1613972869,"path_taken":["M","?","?","?","M","R","E","M","T","?","?","?","R","M","R","BOSS","M","$","?","M"],"items_purchased_type":[],"build_version":"2020-12-22","purchased_purges":1,"victory":false,"max_hp_per_floor":[75,75,75,75,75,75,75,75,75,77,77,79,79,81,81,83,83,85,85,87,87,87],"relic_stats":{"Busted Crown":4,"Singing Bowl":12,"counters":[11,45],"Art of War":[5],"obtain_stats":[{"Ice Cream":3,"Busted Crown":17,"Singing Bowl":9,"Art of War":7,"Red Mask":20,"Cracked Core":0,"StrikeDummy":2,"Runic Pyramid":0},{"Ice Cream":1,"Busted Crown":8,"Singing Bowl":4,"Art of War":3,"Red Mask":10,"Cracked Core":0,"StrikeDummy":1,"Runic Pyramid":0},{"Ice Cream":2,"Busted Crown":34,"Singing Bowl":11,"Art of War":9,"Red Mask":43,"Cracked Core":0,"StrikeDummy":2,"Runic Pyramid":0}]},"card_choices":[{"not_picked":["Recycle","Go for the Eyes","Coolheaded"],"picked":"SKIP","floor":1.0},{"not_picked":["Barrage","Defragment"],"picked":"Gash","floor":5},{"not_picked":["Fusion","Thunder Strike"],"picked":"Gash","floor":7},{"not_picked":["Double Energy","Leap"],"picked":"Gash","floor":8},{"not_picked":["Steam","Barrage","Sweeping Beam"],"picked":"Singing Bowl","floor":10},{"not_picked":["Genetic Algorithm","Cold Snap","Steam Power"],"picked":"Singing Bowl","floor":12},{"not_picked":["Steam Power","Rip and Tear","Redo"],"picked":"Singing Bowl","floor":14},{"not_picked":["Rainbow","Buffer","Amplify"],"picked":"Singing Bowl","floor":16},{"not_picked":["Melter"],"picked":"Singing Bowl","floor":18},{"not_picked":["Turbo"],"picked":"Singing Bowl","floor":20}],"player_experience":1635041,"relics_obtained":[{"floor":7,"key":"Art of War"},{"floor":9,"key":"Singing Bowl"},{"floor":20,"key":"Red Mask"}],"event_choices":[{"damage_healed":0,"gold_gain":0,"player_choice":"Success","damage_taken":3,"relics_obtained":["StrikeDummy"],"max_hp_gain":0,"max_hp_loss":0,"event_name":"Scrap Ooze","floor":2,"gold_loss":0},{"damage_healed":0,"gold_gain":0,"player_choice":"Box","damage_taken":0,"relics_obtained":["Ice Cream"],"max_hp_gain":0,"max_hp_loss":0,"event_name":"Big Fish","floor":3,"gold_loss":0,"cards_obtained":["Regret"]},{"damage_healed":0,"gold_gain":0,"cards_transformed":["Defend_B"],"player_choice":"Transformed","damage_taken":0,"max_hp_gain":0,"max_hp_loss":0,"event_name":"Transmorgrifier","floor":4,"gold_loss":0,"cards_obtained":["Recycle"]},{"damage_healed":0,"gold_gain":0,"player_choice":"Got Potions","damage_taken":0,"max_hp_gain":0,"max_hp_loss":0,"event_name":"Lab","floor":11,"gold_loss":0},{"damage_healed":0,"gold_gain":0,"player_choice":"Fought Bandits","damage_taken":0,"max_hp_gain":0,"max_hp_loss":0,"event_name":"Masked Bandits","floor":20,"gold_loss":0}],"is_beta":false,"boss_relics":[{"not_picked":["Snecko Eye","Tiny House"],"picked":"Busted Crown"}],"items_purged_floors":[19],"is_endless":false,"potions_floor_spawned":[1,10,14,16,18],"killed_by":"3 Byrds","ascension_level":0}}