{"host":"f1ywytio1xmbwkwz","time":1613973811,"event":{"mods":["BaseMod","Minty Spire (QoL Compilation)","Rare Cards Sparkle","Relic Stats","StSLib"],"gold_per_floor":[111,127,127,127,127,127,163,182,182,182,182,216,216,245,245,383,383,412,127,157,170,179,223,252,252,284,284,312,332,42,81,81,191,191,211,43,93,107,117,161,161,199,285,294,320,347,356,45,45,45],"floor_reached":51,"language":"ENG","playtime":2387,"items_purged":["Strike_P","Writhe","Writhe","Writhe"],"score":947,"play_id":"e735152a-99f6-4477-89d9-d567642b56df","local_time":"20210221230331","is_ascension_mode":true,"campfire_choices":[{"data":"Eruption","floor":6,"key":"SMITH"},{"floor":11,"key":"REST"},{"data":"Judgement","floor":15,"key":"SMITH"},{"floor":25,"key":"REST"},{"data":"Alpha","floor":32,"key":"SMITH"},{"data":"MasterReality","floor":41,"key":"SMITH"},{"data":"Prostrate","floor":49,"key":"SMITH"}],"circlet_count":0,"master_deck":["Strike_P","Strike_P","Defend_P","Defend_P","Defend_P","Eruption+1","Vigilance","CurseOfTheBell","Prostrate+1","WheelKick","FearNoEvil","Judgement+1","FollowUp","Consecrate","PathToVictory","Brilliance","EmptyFist+1","Wallop","Prostrate","FollowUp","CutThroughFate+1","DeceiveReality","BattleHymn+1","Worship","Consecrate+1","Alpha+1","MasterReality+1","Evaluate+1","FlurryOfBlows+1","FlyingSleeves+1","Ragnarok+1","Parasite","Parasite","Panache"],"relics":["Calling Bell","Boot","Question Card","Unceasing Top","Bloody Idol","Happy Flower","Ginger","Ornamental Fan","Eternal Feather","CeramicFish","Cursed Key","Regal Pillow","Bronze Scales","Molten Egg 2","Oddly Smooth Stone","Sling","Kunai","Busted Crown","Ice Cream","Toy Ornithopter","Potion Belt","Pear","TungstenRod"],"acts_visited":["Exordium","TheCity","TheBeyond"],"potions_floor_usage":[12,12,16,21,23,24,31,33,35,39,45,50],"damage_taken":[{"damage":10,"enemies":"Small Slimes","floor":1,"turns":5},{"damage":7,"enemies":"Jaw Worm","floor":2,"turns":4},{"damage":13,"enemies":"Gremlin Nob","floor":7,"turns":3},{"damage":0,"enemies":"2 Louse","floor":8,"turns":2},{"damage":6,"enemies":"3 Sentries","floor":12,"turns":3},{"damage":13,"enemies":"Lots of Slimes","floor":14,"turns":3},{"damage":38,"enemies":"Hexaghost","floor":16,"turns":10},{"damage":0,"enemies":"Spheric Guardian","floor":18,"turns":1},{"damage":0,"enemies":"Chosen","floor":20,"turns":4},{"damage":24,"enemies":"Snecko","floor":21,"turns":4},{"damage":37,"enemies":"Slavers","floor":23,"turns":4},{"damage":4,"enemies":"Cultist and Chosen","floor":24,"turns":3},{"damage":1,"enemies":"Sentry and Sphere","floor":28,"turns":3},{"damage":7,"enemies":"Shelled Parasite and Fungi","floor":29,"turns":3},{"damage":0,"enemies":"Gremlin Leader","floor":31,"turns":3},{"damage":33,"enemies":"Collector","floor":33,"turns":7},{"damage":35,"enemies":"3 Shapes","floor":35,"turns":5},{"damage":4,"enemies":"Mind Bloom Boss Battle","floor":37,"turns":5},{"damage":15,"enemies":"3 Darklings","floor":38,"turns":4},{"damage":0,"enemies":"Jaw Worm Horde","floor":39,"turns":4},{"damage":3,"enemies":"Giant Head","floor":40,"turns":6},{"damage":39,"enemies":"Reptomancer","floor":42,"turns":6},{"damage":12,"enemies":"Nemesis","floor":45,"turns":5},{"damage":16,"enemies":"Writhing Mass","floor":46,"turns":6},{"damage":37,"enemies":"Donu and Deca","floor":50,"turns":5}],"seed_played":"607946685434103913","potions_obtained":[{"floor":1,"key":"LiquidMemories"},{"floor":8,"key":"Explosive Potion"},{"floor":14,"key":"Block Potion"},{"floor":18,"key":"Swift Potion"},{"floor":20,"key":"AttackPotion"},{"floor":23,"key":"BlessingOfTheForge"},{"floor":28,"key":"DistilledChaos"},{"floor":31,"key":"Weak Potion"},{"floor":33,"key":"Fire Potion"},{"floor":38,"key":"Block Potion"},{"floor":40,"key":"Swift Potion"},{"floor":46,"key":"Swift Potion"}],"is_trial":false,"path_per_floor":["M","M","?","T","?","R","E","M","T","?","R","E","?","M","R","B",null,"M","$","M","M","?","E","M","R","T","?","M","M","$","E","R","B",null,"M","$","?","M","M","E","R","E","T","?","E","M","?","$","R","B",null],"character_chosen":"WATCHER","items_purchased":["Regal Pillow","Wallop","Prostrate","Sling","Consecrate+1","FlurryOfBlows+1","Panache"],"campfire_rested":2,"item_purchase_floors":[19,19,19,30,30,36,48],"current_hp_per_floor":[62,55,55,55,55,55,42,42,42,42,62,56,53,40,49,11,67,67,67,67,43,43,6,2,49,49,49,58,61,66,67,67,44,67,42,47,48,38,43,50,67,38,58,63,61,55,77,77,77,40],"gold":45,"neow_bonus":"BOSS_RELIC","is_daily":false,"chose_seed":false,"campfire_upgraded":5,"win_rate":0.0,"timestamp":1613973811,"path_taken":["M","M","?","?","?","R","E","?","T","?","R","E","?","M","R","BOSS","M","$","M","M","?","E","M","R","T","?","?","M","$","E","R","BOSS","M","?","?","M","M","E","R","E","T","?","E","?","?","$","R","BOSS"],"items_purchased_type":["Relic","Card","Card","Relic","Card","Card","Card"],"build_version":"2020-12-22","purchased_purges":4,"victory":true,"max_hp_per_floor":[72,72,67,67,67,67,67,67,67,67,67,67,67,67,67,67,67,67,67,67,67,67,67,67,67,67,67,67,67,67,67,67,67,67,67,67,67,67,67,67,67,67,77,77,77,77,77,77,77,77],"relic_stats":{"Regal Pillow":15,"Happy Flower":[33],"counters":[25,108],"CeramicFish":216,"Eternal Feather":38,"Ginger":[13],"Boot":[40],"Question Card":24,"Cursed Key":2,"Busted Crown":16,"Ornamental Fan":[216],"Bloody Idol":119,"Bronze Scales":[209],"Kunai":[33],"obtain_stats":[{"Ice Cream":37,"Regal Pillow":19,"CeramicFish":13,"Ginger":7,"Boot":0,"Cursed Key":17,"Sling":30,"Kunai":31,"Potion Belt":42,"Pear":43,"Happy Flower":4,"Golden Idol":3,"Oddly Smooth Stone":26,"Eternal Feather":12,"Question Card":0,"Calling Bell":0,"Busted Crown":34,"Ornamental Fan":9,"Bronze Scales":22,"Bloody Idol":27,"Molten Egg 2":23,"PureWater":0,"Unceasing Top":0,"Toy Ornithopter":40,"TungstenRod":45},{"Ice Cream":18,"Regal Pillow":8,"CeramicFish":5,"Ginger":3,"Boot":0,"Cursed Key":7,"Sling":14,"Kunai":15,"Potion Belt":22,"Pear":22,"Happy Flower":2,"Golden Idol":2,"Oddly Smooth Stone":12,"Eternal Feather":5,"Question Card":0,"Calling Bell":0,"Busted Crown":16,"Ornamental Fan":4,"Bronze Scales":10,"Bloody Idol":12,"Molten Egg 2":11,"PureWater":0,"Unceasing Top":0,"Toy Ornithopter":21,"TungstenRod":23},{"Ice Cream":72,"Regal Pillow":31,"CeramicFish":17,"Ginger":12,"Boot":0,"Cursed Key":30,"Sling":52,"Kunai":55,"Potion Belt":92,"Pear":92,"Happy Flower":9,"Golden Idol":9,"Oddly Smooth Stone":46,"Eternal Feather":17,"Question Card":0,"Calling Bell":0,"Busted Crown":62,"Ornamental Fan":14,"Bronze Scales":39,"Bloody Idol":46,"Molten Egg 2":43,"PureWater":0,"Unceasing Top":0,"Toy Ornithopter":86,"TungstenRod":97}],"Unceasing Top":[17],"Toy Ornithopter":5,"TungstenRod":7},"card_choices":[{"not_picked":["ClearTheMind","FlyingSleeves","Worship"],"picked":"Prostrate","floor":1},{"not_picked":["SashWhip","Halt","EmptyBody"],"picked":"WheelKick","floor":2},{"not_picked":["Protect","Crescendo","EmptyBody"],"picked":"Judgement","floor":7},{"not_picked":["WreathOfFlame","Perseverance","CarveReality"],"picked":"FollowUp","floor":8},{"not_picked":["Evaluate","DeceiveReality","BowlingBash"],"picked":"Consecrate","floor":12},{"not_picked":["SashWhip","Protect","Evaluate"],"picked":"PathToVictory","floor":14},{"not_picked":["DevaForm","DeusExMachina","Alpha"],"picked":"Brilliance","floor":16},{"not_picked":["Study","Perseverance","Sanctity"],"picked":"EmptyFist+1","floor":18},{"not_picked":["Consecrate","Swivel+1","DeceiveReality"],"picked":"FollowUp","floor":20},{"not_picked":["WheelKick","SashWhip","BowlingBash","Swivel+1"],"picked":"SKIP","floor":21},{"not_picked":["CarveReality+1","PathToVictory+1","Scrawl"],"picked":"CutThroughFate+1","floor":23},{"not_picked":["SashWhip+1","BowlingBash+1","Wireheading"],"picked":"DeceiveReality","floor":24},{"not_picked":["SashWhip+1","Protect+1","ForeignInfluence+1"],"picked":"BattleHymn+1","floor":28},{"not_picked":["Weave+1","Adaptation","Halt"],"picked":"Worship","floor":29},{"not_picked":["Adaptation","FollowUp+1","EmptyFist+1"],"picked":"Alpha","floor":31},{"not_picked":["ConjureBlade","Alpha","SpiritShield"],"picked":"MasterReality","floor":33},{"not_picked":["ReachHeaven+1"],"picked":"Evaluate+1","floor":35},{"not_picked":["CrushJoints+1","Evaluate"],"picked":"SKIP","floor":38},{"not_picked":["EmptyFist+1","JustLucky+1"],"picked":"SKIP","floor":39},{"not_picked":["DeusExMachina"],"picked":"FlyingSleeves+1","floor":40},{"not_picked":["EmptyBody"],"picked":"Ragnarok+1","floor":42},{"not_picked":["WheelKick+1","FollowUp+1"],"picked":"SKIP","floor":45},{"not_picked":["Crescendo","SashWhip+1"],"picked":"SKIP","floor":46}],"player_experience":309010,"relics_obtained":[{"floor":0,"key":"Boot"},{"floor":0,"key":"Question Card"},{"floor":0,"key":"Unceasing Top"},{"floor":4,"key":"Happy Flower"},{"floor":7,"key":"Ginger"},{"floor":9,"key":"Ornamental Fan"},{"floor":12,"key":"Eternal Feather"},{"floor":23,"key":"Molten Egg 2"},{"floor":26,"key":"Oddly Smooth Stone"},{"floor":31,"key":"Kunai"},{"floor":37,"key":"Ice Cream"},{"floor":40,"key":"Toy Ornithopter"},{"floor":42,"key":"Potion Belt"},{"floor":43,"key":"Pear"},{"floor":45,"key":"TungstenRod"}],"event_choices":[{"damage_healed":0,"gold_gain":0,"player_choice":"Lose Max HP","damage_taken":0,"relics_obtained":["Golden Idol"],"max_hp_gain":0,"max_hp_loss":5,"event_name":"Golden Idol","floor":3,"gold_loss":0},{"damage_healed":0,"gold_gain":0,"cards_transformed":["Strike_P"],"player_choice":"Transformed","damage_taken":0,"max_hp_gain":0,"max_hp_loss":0,"event_name":"Transmorgrifier","floor":5,"gold_loss":0,"cards_obtained":["FearNoEvil"]},{"cards_removed":["Defend_P"],"damage_healed":0,"gold_gain":0,"player_choice":"Forget","damage_taken":0,"max_hp_gain":0,"max_hp_loss":0,"event_name":"Living Wall","floor":10,"gold_loss":0},{"damage_healed":0,"gold_gain":0,"player_choice":"Success","damage_taken":3,"relics_obtained":["CeramicFish"],"max_hp_gain":0,"max_hp_loss":0,"event_name":"Scrap Ooze","floor":13,"gold_loss":0},{"damage_healed":0,"gold_gain":0,"player_choice":"Opened","damage_taken":0,"relics_obtained":["Bronze Scales"],"max_hp_gain":0,"max_hp_loss":0,"event_name":"The Mausoleum","floor":22,"gold_loss":0,"cards_obtained":["Writhe"]},{"damage_healed":0,"gold_gain":0,"player_choice":"Gave Idol","damage_taken":0,"relics_obtained":["Bloody Idol"],"max_hp_gain":0,"max_hp_loss":0,"event_name":"Forgotten Altar","floor":27,"relics_lost":["Golden Idol"],"gold_loss":0},{"damage_healed":0,"gold_gain":0,"player_choice":"Fight","damage_taken":0,"max_hp_gain":0,"max_hp_loss":0,"event_name":"MindBloom","floor":37,"gold_loss":0},{"damage_healed":0,"gold_gain":0,"cards_transformed":["Normality"],"player_choice":"Transformed","damage_taken":0,"max_hp_gain":0,"max_hp_loss":0,"event_name":"Transmorgrifier","floor":44,"gold_loss":0,"cards_obtained":["Parasite"]},{"damage_healed":19,"gold_gain":0,"player_choice":"Writhe","damage_taken":0,"max_hp_gain":0,"max_hp_loss":0,"event_name":"Winding Halls","floor":47,"gold_loss":0,"cards_obtained":["Writhe"]}],"is_beta":false,"boss_relics":[{"not_picked":["SlaversCollar","Velvet Choker"],"picked":"Cursed Key"},{"not_picked":["Coffee Dripper","Runic Dome"],"picked":"Busted Crown"}],"items_purged_floors":[19,30,36,48],"is_endless":false,"potions_floor_spawned":[1,8,14,18,20,23,28,31,33,38,40,46],"ascension_level":3}}