{"host":"dvpvhz1t6etneyb3","time":1613960687,"event":{"mods":["AchievementEnabler","BaseMod","Colored Map","Highlight Path","Minty Spire (QoL Compilation)","Permanent Neow","Quick Restart"],"gold_per_floor":[364,26,43,63,83,83,100,100,127,127,153,172,206,226,226,312,312,328,346,370,379,22,59,53,53,53,53,71,103,122,47,47,129,129,142,142,142,160,28,28,68,68,68,109,126,150,150,150,150,150,150,150,150,31,75,75,75],"floor_reached":56,"language":"ENG","playtime":3130,"items_purged":["Strike_R","Pain","Strike_R"],"score":1910,"play_id":"fffc50c8-7deb-414c-a5dd-fc393893d242","local_time":"20210221212447","is_ascension_mode":true,"campfire_choices":[{"data":"Whirlwind","floor":6.0,"key":"SMITH"},{"floor":10.0,"key":"REST"},{"data":"True Grit","floor":15.0,"key":"SMITH"},{"data":"Bash","floor":25.0,"key":"SMITH"},{"data":"Feel No Pain","floor":27.0,"key":"SMITH"},{"data":"Spot Weakness","floor":32.0,"key":"SMITH"},{"floor":40.0,"key":"RECALL"},{"data":"Juggernaut","floor":42.0,"key":"SMITH"},{"data":"Shockwave","floor":47.0,"key":"SMITH"},{"data":"Immolate","floor":49.0,"key":"SMITH"},{"floor":53,"key":"REST"}],"circlet_count":0,"master_deck":["AscendersBane","Defend_R","Defend_R","Defend_R","Defend_R+1","Bash+1","Whirlwind+1","Anger","Evolve","True Grit+1","Flex+1","Feed","Corruption","Second Wind","Immolate+1","Spot Weakness+1","Bludgeon","Feel No Pain+1","Pommel Strike","Clothesline","Fire Breathing","Juggernaut+1","Shockwave+1","True Grit","True Grit+1","Feel No Pain"],"relics":["Burning Blood","Membership Card","Bag of Preparation","Oddly Smooth Stone","Toy Ornithopter","CeramicFish","Snecko Eye","WarpedTongs","FossilizedHelix","PreservedInsect","Calipers","Blood Vial","SlaversCollar","Shuriken","Darkstone Periapt","Bird Faced Urn","Champion Belt"],"acts_visited":["Exordium","TheCity","TheBeyond","TheEnding"],"potions_floor_usage":[51,55,56,56],"damage_taken":[{"damage":11.0,"enemies":"Jaw Worm","floor":1.0,"turns":4.0},{"damage":0.0,"enemies":"2 Louse","floor":3.0,"turns":1.0},{"damage":11.0,"enemies":"Small Slimes","floor":4.0,"turns":4.0},{"damage":21.0,"enemies":"Exordium Thugs","floor":5.0,"turns":5.0},{"damage":7.0,"enemies":"Large Slime","floor":7.0,"turns":5.0},{"damage":17.0,"enemies":"Lagavulin","floor":11.0,"turns":5.0},{"damage":7.0,"enemies":"Blue Slaver","floor":12.0,"turns":4.0},{"damage":23.0,"enemies":"3 Sentries","floor":13.0,"turns":5.0},{"damage":6.0,"enemies":"3 Louse","floor":14.0,"turns":5.0},{"damage":28.0,"enemies":"Hexaghost","floor":16.0,"turns":9.0},{"damage":0.0,"enemies":"Chosen","floor":18.0,"turns":4.0},{"damage":12.0,"enemies":"Shell Parasite","floor":20.0,"turns":4.0},{"damage":16.0,"enemies":"Slavers","floor":23.0,"turns":4.0},{"damage":0.0,"enemies":"Snake Plant","floor":28.0,"turns":2.0},{"damage":13.0,"enemies":"Gremlin Leader","floor":29.0,"turns":6.0},{"damage":0.0,"enemies":"Centurion and Healer","floor":30.0,"turns":6.0},{"damage":59.0,"enemies":"Automaton","floor":33.0,"turns":9.0},{"damage":0.0,"enemies":"3 Shapes","floor":35.0,"turns":3.0},{"damage":0.0,"enemies":"Orb Walker","floor":38.0,"turns":2.0},{"damage":48.0,"enemies":"Giant Head","floor":41.0,"turns":6.0},{"damage":5.0,"enemies":"Nemesis","floor":44.0,"turns":5.0},{"damage":0.0,"enemies":"Transient","floor":45.0,"turns":6.0},{"damage":0.0,"enemies":"Writhing Mass","floor":46.0,"turns":4.0},{"damage":131,"enemies":"Awakened One","floor":50,"turns":9},{"damage":37,"enemies":"Donu and Deca","floor":51,"turns":7},{"damage":19,"enemies":"Shield and Spear","floor":55,"turns":5},{"damage":138,"enemies":"The Heart","floor":56,"turns":8}],"seed_played":"-2372520246818437159","potions_obtained":[{"floor":5.0,"key":"PowerPotion"},{"floor":12.0,"key":"Strength Potion"},{"floor":14.0,"key":"EntropicBrew"},{"floor":16.0,"key":"Swift Potion"},{"floor":41.0,"key":"BloodPotion"},{"floor":55,"key":"Strength Potion"}],"is_trial":false,"path_per_floor":["M","$","M","M","M","R","M","?","T","R","E","M","E","M","R","B",null,"M","?","M","?","$","E","$","R","T","R","M","E","M","?","R","B",null,"M","?","?","M","$","R","E","R","T","E","M","M","R","?","R","B","B",null,"R","$","E","B"],"character_chosen":"IRONCLAD","items_purchased":["Membership Card","Bag of Preparation","Anger","BlessingOfTheForge","FossilizedHelix","Bludgeon","Feel No Pain","BloodPotion","Clothesline","Shuriken","BloodPotion","SkillPotion"],"campfire_rested":2,"item_purchase_floors":[2,2,2,2,22,22,22,22,24,39,54,54],"current_hp_per_floor":[63,63,68,63,48,48,47,27,27,47,36,35,21,24,24,12,59,68,68,65,65,65,58,58,58,58,58,67,64,76,76,76,29,81,92,92,92,100,100,100,84,84,84,87,101,101,101,96,96,14,20,80,100,100,98,0,0],"gold":75,"neow_bonus":"TWO_FIFTY_GOLD","is_daily":false,"chose_seed":false,"campfire_upgraded":8,"win_rate":0.0,"timestamp":1613960687,"path_taken":["M","$","M","M","M","R","M","?","T","R","E","M","E","M","R","BOSS","M","?","M","?","$","E","$","R","T","R","?","E","M","?","R","BOSS","M","?","?","M","$","R","E","R","T","E","M","M","R","?","R","BOSS","BOSS","R","$","E","BOSS"],"items_purchased_type":["Relic","Relic","Card","Potion","Relic","Card","Card","Potion","Card","Relic","Potion","Potion"],"build_version":"2020-12-22","purchased_purges":3,"victory":false,"max_hp_per_floor":[68,68,68,68,68,68,68,68,68,68,68,68,71,74,74,74,74,77,77,80,80,80,83,83,83,83,83,86,90,94,94,94,98,98,101,101,101,101,101,101,101,101,101,101,101,101,101,96,96,100,100,100,100,100,104,104,104],"card_choices":[{"not_picked":["Clash","Havoc"],"picked":"Whirlwind","floor":1.0},{"not_picked":["Warcry","True Grit"],"picked":"Evolve","floor":3.0},{"not_picked":["Body Slam","Heavy Blade","Intimidate"],"picked":"SKIP","floor":4.0},{"not_picked":["Rampage","Cleave"],"picked":"True Grit","floor":5.0},{"not_picked":["Cleave","Clothesline"],"picked":"Flex","floor":7.0},{"not_picked":["Shrug It Off","Dark Embrace"],"picked":"Feed","floor":11.0},{"not_picked":["Sword Boomerang","Headbutt","Perfected Strike"],"picked":"SKIP","floor":12.0},{"not_picked":["Infernal Blade","Havoc","Whirlwind"],"picked":"SKIP","floor":13.0},{"not_picked":["Wild Strike","Cleave","Flex"],"picked":"SKIP","floor":14.0},{"not_picked":["Exhume","Reaper"],"picked":"Corruption","floor":16.0},{"not_picked":["Headbutt+1","Havoc","Reckless Charge"],"picked":"SKIP","floor":18.0},{"not_picked":["Searing Blow","Thunderclap"],"picked":"Spot Weakness","floor":20.0},{"not_picked":["Warcry","Iron Wave"],"picked":"Pommel Strike","floor":23.0},{"not_picked":["Carnage","Warcry","Armaments"],"picked":"SKIP","floor":28.0},{"not_picked":["Rage","Reckless Charge","Sword Boomerang"],"picked":"SKIP","floor":29.0},{"not_picked":["Body Slam","Entrench+1"],"picked":"Fire Breathing","floor":30.0},{"not_picked":["Berserk","Immolate"],"picked":"Juggernaut","floor":33.0},{"not_picked":["Heavy Blade","Carnage","Twin Strike"],"picked":"SKIP","floor":35.0},{"not_picked":["Reckless Charge+1","Anger+1","Iron Wave"],"picked":"SKIP","floor":38.0},{"not_picked":["Perfected Strike","Pommel Strike"],"picked":"Shockwave","floor":41.0},{"not_picked":["Evolve","Pommel Strike"],"picked":"True Grit","floor":44.0},{"not_picked":["Twin Strike","Havoc","Intimidate"],"picked":"SKIP","floor":45.0},{"not_picked":["Spot Weakness","Cleave"],"picked":"True Grit+1","floor":46.0},{"not_picked":["Anger","Heavy Blade+1"],"picked":"Feel No Pain","floor":55}],"player_experience":2211794,"relics_obtained":[{"floor":9.0,"key":"Oddly Smooth Stone"},{"floor":11.0,"key":"Toy Ornithopter"},{"floor":13.0,"key":"CeramicFish"},{"floor":23.0,"key":"PreservedInsect"},{"floor":26.0,"key":"Calipers"},{"floor":29.0,"key":"Blood Vial"},{"floor":41.0,"key":"Darkstone Periapt"},{"floor":44.0,"key":"Bird Faced Urn"},{"floor":55,"key":"Champion Belt"}],"event_choices":[{"damage_healed":0.0,"max_hp_gain":0.0,"max_hp_loss":0.0,"gold_gain":0.0,"event_name":"Shining Light","player_choice":"Entered Light","floor":8.0,"gold_loss":0.0,"damage_taken":20.0,"cards_upgraded":["Flex","Defend_R"]},{"damage_healed":0.0,"max_hp_gain":0.0,"max_hp_loss":0.0,"gold_gain":0.0,"cards_transformed":["Strike_R","Strike_R"],"event_name":"Drug Dealer","player_choice":"Became Test Subject","floor":19.0,"gold_loss":0.0,"damage_taken":0.0,"cards_obtained":["Second Wind","Immolate"]},{"damage_healed":0.0,"max_hp_gain":0.0,"max_hp_loss":0.0,"gold_gain":0.0,"event_name":"Accursed Blacksmith","player_choice":"Rummage","floor":21.0,"gold_loss":0.0,"damage_taken":0.0,"relics_obtained":["WarpedTongs"],"cards_obtained":["Pain"]},{"cards_removed":["Strike_R"],"damage_healed":0.0,"max_hp_gain":0.0,"max_hp_loss":0.0,"gold_gain":0.0,"event_name":"Beggar","player_choice":"Gave Gold","floor":31.0,"gold_loss":75.0,"damage_taken":0.0},{"damage_healed":0.0,"max_hp_gain":0.0,"max_hp_loss":0.0,"gold_gain":0.0,"event_name":"Tomb of Lord Red Mask","player_choice":"Ignored","floor":36.0,"gold_loss":0.0,"damage_taken":0.0},{"damage_healed":0.0,"max_hp_gain":0.0,"max_hp_loss":0.0,"gold_gain":0.0,"event_name":"SensoryStone","player_choice":"Memory 1","floor":37.0,"gold_loss":0.0,"damage_taken":0.0},{"damage_healed":0.0,"max_hp_gain":0.0,"max_hp_loss":5.0,"gold_gain":0.0,"event_name":"Winding Halls","player_choice":"Max HP","floor":48.0,"gold_loss":0.0,"damage_taken":0.0}],"is_beta":false,"boss_relics":[{"not_picked":["Cursed Key","Fusion Hammer"],"picked":"Snecko Eye"},{"not_picked":["Velvet Choker","Black Star"],"picked":"SlaversCollar"}],"items_purged_floors":[2,22,54],"is_endless":false,"potions_floor_spawned":[5,12,14,16,20,29,30,33,35,41,45,46,55],"killed_by":"The Heart","ascension_level":20}}