{"host":"booas8mf8s9zds8l","time":1613966744,"event":{"mods":["BaseMod","Colored Map","Colored Powertips","Highlight Path","Minty Spire (QoL Compilation)","Shop Mod","StSLib"],"gold_per_floor":[118,118,130,150,150,150,181,181,181,191,219,16,16,34,34,130,130,142,161,141,153,15,15,15,15,38,72,72,82,82,107,107,212,212,222,66,85,105,0,0,100,111,111,111,127,127,127,142,142,142,142,142,9,44,44,44],"floor_reached":55,"language":"ENG","playtime":4970,"items_purged":["Defend_B","Writhe"],"score":740,"play_id":"98e6cf5b-2140-4a1d-bdaa-6c01e12ca88a","local_time":"20210221200544","is_ascension_mode":false,"campfire_choices":[{"floor":6.0,"key":"RECALL"},{"data":"Defragment","floor":8.0,"key":"SMITH"},{"data":"Amplify","floor":15.0,"key":"SMITH"},{"data":"Electrodynamics","floor":23.0,"key":"SMITH"},{"data":"Hyperbeam","floor":25.0,"key":"SMITH"},{"data":"White Noise","floor":28.0,"key":"SMITH"},{"floor":30.0,"key":"REST"},{"data":"Defragment","floor":32.0,"key":"SMITH"},{"data":"Hologram","floor":40.0,"key":"SMITH"},{"data":"Machine Learning","floor":46.0,"key":"SMITH"},{"data":"Double Energy","floor":49.0,"key":"SMITH"},{"data":"Coolheaded","floor":52.0,"key":"SMITH"}],"circlet_count":0,"master_deck":["Strike_B+1","Strike_B+1","Defend_B","Defend_B","Defend_B","Zap","Dualcast","Defragment+1","Redo","Redo","Electrodynamics+1","Coolheaded+1","White Noise+1","Amplify+1","Glacier","Hyperbeam+1","Coolheaded","Ball Lightning","Loop+1","Necronomicurse","Meteor Strike","Defragment+1","Undo+1","Machine Learning+1","Double Energy+1","White Noise+1","Hologram+1","Good Instincts","Aggregate+1","Coolheaded+1","Chill","Coolheaded+1"],"relics":["Cracked Core","Calipers","Cables","Vajra","MerchantsRug","Nuclear Battery","Runic Capacitor","Necronomicon","Regal Pillow","Turnip","Runic Pyramid","Medical Kit","Red Mask","Orichalcum","Bronze Scales"],"acts_visited":["Exordium","TheCity","TheBeyond","TheEnding"],"potions_floor_usage":[],"damage_taken":[{"damage":0.0,"enemies":"2 Louse","floor":1.0,"turns":3.0},{"damage":1.0,"enemies":"Cultist","floor":3.0,"turns":4.0},{"damage":0.0,"enemies":"Small Slimes","floor":4.0,"turns":3.0},{"damage":21.0,"enemies":"Lagavulin","floor":7.0,"turns":7.0},{"damage":0.0,"enemies":"Looter","floor":10.0,"turns":2.0},{"damage":13.0,"enemies":"Gremlin Nob","floor":11.0,"turns":4.0},{"damage":8.0,"enemies":"Lots of Slimes","floor":14.0,"turns":2.0},{"damage":0.0,"enemies":"The Guardian","floor":16.0,"turns":16.0},{"damage":0.0,"enemies":"Chosen","floor":18.0,"turns":3.0},{"damage":9.0,"enemies":"3 Byrds","floor":19.0,"turns":3.0},{"damage":8.0,"enemies":"Snake Plant","floor":21.0,"turns":3.0},{"damage":28.0,"enemies":"Book of Stabbing","floor":27.0,"turns":5.0},{"damage":0.0,"enemies":"Snecko","floor":29.0,"turns":4.0},{"damage":13.0,"enemies":"Slavers","floor":31.0,"turns":6.0},{"damage":11.0,"enemies":"Champ","floor":33.0,"turns":8.0},{"damage":0.0,"enemies":"3 Darklings","floor":35.0,"turns":1.0},{"damage":10.0,"enemies":"Orb Walker","floor":37.0,"turns":4.0},{"damage":45.0,"enemies":"Writhing Mass","floor":38.0,"turns":5.0},{"damage":0.0,"enemies":"Maw","floor":42.0,"turns":8.0},{"damage":10.0,"enemies":"4 Shapes","floor":45.0,"turns":2.0},{"damage":2.0,"enemies":"Jaw Worm Horde","floor":48.0,"turns":2.0},{"damage":13.0,"enemies":"Donu and Deca","floor":50.0,"turns":6.0},{"damage":11.0,"enemies":"Shield and Spear","floor":54.0,"turns":5.0},{"damage":75,"enemies":"The Heart","floor":55,"turns":9}],"seed_played":"-898138006536026423","potions_obtained":[{"floor":1.0,"key":"FearPotion"},{"floor":4.0,"key":"DuplicationPotion"},{"floor":7.0,"key":"FearPotion"},{"floor":20.0,"key":"Weak Potion"},{"floor":27.0,"key":"Strength Potion"},{"floor":29.0,"key":"Strength Potion"},{"floor":31.0,"key":"Energy Potion"},{"floor":35.0,"key":"Strength Potion"},{"floor":37.0,"key":"Dexterity Potion"}],"is_trial":false,"path_per_floor":["M","?","M","M","?","R","E","R","T","M","E","$","?","M","R","B",null,"M","M","?","M","$","R","?","R","T","E","R","M","R","E","R","B",null,"M","$","M","M","?","R","?","M","T","?","M","R","?","M","R","B",null,"R","$","E","B"],"character_chosen":"DEFECT","items_purchased":["Amplify","MerchantsRug","Runic Capacitor","Medical Kit","Chill"],"campfire_rested":1,"item_purchase_floors":[12,12,22,36,53],"current_hp_per_floor":[75,75,74,74,67,67,46,46,46,46,33,33,43,35,35,35,85,85,76,76,68,68,68,52,52,52,24,24,24,64,51,51,40,85,85,85,75,30,30,30,30,30,30,30,20,20,41,39,39,26,85,85,85,74,0,0],"gold":44,"neow_bonus":"RANDOM_COMMON_RELIC","is_daily":false,"chose_seed":false,"campfire_upgraded":10,"win_rate":0.0,"timestamp":1613966744,"path_taken":["M","?","?","M","?","R","E","R","T","M","E","$","?","M","R","BOSS","M","?","?","?","$","R","?","R","T","E","R","M","R","E","R","BOSS","M","$","M","M","?","R","?","?","T","?","M","R","?","M","R","BOSS","R","$","E","BOSS"],"items_purchased_type":["Card","Relic","Relic","Relic","Card"],"build_version":"2020-12-22","purchased_purges":2,"victory":false,"max_hp_per_floor":[75,75,75,75,75,75,75,75,75,75,75,75,85,85,85,85,85,85,85,85,85,85,85,85,85,85,85,85,85,85,85,85,85,85,85,85,85,85,85,85,85,85,85,85,85,85,85,85,85,85,85,85,85,85,85,85],"card_choices":[{"not_picked":["Undo","Steam"],"picked":"Defragment","floor":1.0},{"not_picked":["Leap","Streamline"],"picked":"Redo","floor":3.0},{"not_picked":["Gash","Go for the Eyes"],"picked":"Redo","floor":4.0},{"not_picked":["Aggregate","Rebound"],"picked":"Electrodynamics","floor":7.0},{"not_picked":["Hello World","Ball Lightning"],"picked":"Coolheaded","floor":10.0},{"not_picked":["Streamline","Sweeping Beam"],"picked":"White Noise","floor":11.0},{"not_picked":["Steam","Beam Cell"],"picked":"Glacier","floor":14.0},{"not_picked":["Core Surge","Meteor Strike"],"picked":"Hyperbeam","floor":16.0},{"not_picked":["Auto Shields+1","Streamline"],"picked":"Coolheaded","floor":18.0},{"not_picked":["Steam","Conserve Battery"],"picked":"Ball Lightning","floor":19.0},{"not_picked":["Steam","Go for the Eyes"],"picked":"Loop+1","floor":21.0},{"not_picked":["Steam","Auto Shields"],"picked":"Meteor Strike","floor":27.0},{"not_picked":["Double Energy","Chaos"],"picked":"Defragment","floor":29.0},{"not_picked":["Redo","Gash"],"picked":"Undo+1","floor":31.0},{"not_picked":["Hyperbeam","Electrodynamics"],"picked":"Machine Learning","floor":33.0},{"not_picked":["Compile Driver","Streamline+1"],"picked":"Double Energy","floor":35.0},{"not_picked":["Coolheaded","Streamline"],"picked":"White Noise+1","floor":37.0},{"not_picked":["Barrage","Ball Lightning"],"picked":"Hologram","floor":38.0},{"not_picked":["Sweeping Beam+1","Consume","Streamline"],"picked":"SKIP","floor":42.0},{"not_picked":["Violence","Trip"],"picked":"Good Instincts","floor":44.0},{"not_picked":["Rebound","Undo+1"],"picked":"Aggregate+1","floor":45.0},{"not_picked":["Redo+1","Lockon+1"],"picked":"Coolheaded+1","floor":48.0},{"not_picked":["Sweeping Beam","Turbo+1"],"picked":"Coolheaded+1","floor":54.0}],"player_experience":183176,"relics_obtained":[{"floor":7.0,"key":"Calipers"},{"floor":9.0,"key":"Cables"},{"floor":11.0,"key":"Vajra"},{"floor":24.0,"key":"Necronomicon"},{"floor":27.0,"key":"Regal Pillow"},{"floor":31.0,"key":"Turnip"},{"floor":43.0,"key":"Orichalcum"},{"floor":54.0,"key":"Bronze Scales"}],"event_choices":[{"cards_removed":["Strike_B"],"damage_healed":0.0,"max_hp_gain":0.0,"max_hp_loss":0.0,"gold_gain":0.0,"event_name":"Bonfire Elementals","player_choice":"Offered Basic","floor":2.0,"gold_loss":0.0,"damage_taken":0.0},{"cards_removed":["Strike_B"],"damage_healed":0.0,"max_hp_gain":0.0,"max_hp_loss":0.0,"gold_gain":0.0,"event_name":"Golden Wing","player_choice":"Card Removal","floor":5.0,"gold_loss":0.0,"damage_taken":7.0},{"damage_healed":0.0,"max_hp_gain":0.0,"max_hp_loss":0.0,"gold_gain":0.0,"event_name":"WeMeetAgain","player_choice":"Gave Potion","floor":13.0,"gold_loss":0.0,"damage_taken":0.0,"relics_obtained":["Pear"]},{"damage_healed":0.0,"max_hp_gain":0.0,"max_hp_loss":0.0,"gold_gain":0.0,"event_name":"The Woman in Blue","player_choice":"Bought 1 Potion","floor":20.0,"gold_loss":0.0,"damage_taken":0.0},{"damage_healed":0.0,"max_hp_gain":0.0,"max_hp_loss":0.0,"gold_gain":0.0,"event_name":"Cursed Tome","player_choice":"Obtained Book","floor":24.0,"gold_loss":0.0,"damage_taken":16.0},{"damage_healed":0.0,"max_hp_gain":0.0,"max_hp_loss":0.0,"gold_gain":0.0,"event_name":"Tomb of Lord Red Mask","player_choice":"Paid","floor":39.0,"gold_loss":105.0,"damage_taken":0.0,"relics_obtained":["Red Mask"]},{"damage_healed":0.0,"max_hp_gain":0.0,"max_hp_loss":0.0,"gold_gain":100.0,"event_name":"Golden Shrine","player_choice":"Pray","floor":41.0,"gold_loss":0.0,"damage_taken":0.0},{"damage_healed":0.0,"max_hp_gain":0.0,"max_hp_loss":0.0,"gold_gain":0.0,"event_name":"SensoryStone","player_choice":"Memory 1","floor":44.0,"gold_loss":0.0,"damage_taken":0.0},{"damage_healed":21.0,"max_hp_gain":0.0,"max_hp_loss":0.0,"gold_gain":0.0,"event_name":"Winding Halls","player_choice":"Writhe","floor":47.0,"gold_loss":0.0,"damage_taken":0.0,"cards_obtained":["Writhe"]}],"is_beta":false,"boss_relics":[{"not_picked":["Sozu","Tiny House"],"picked":"Nuclear Battery"},{"not_picked":["FrozenCore","Philosopher\u0027s Stone"],"picked":"Runic Pyramid"}],"items_purged_floors":[36,53],"is_endless":false,"potions_floor_spawned":[1,4,7,27,29,31,35,37],"killed_by":"The Heart","ascension_level":0}}