{"host":"7sni158j623xchr2","time":1613973471,"event":{"mods":["BaseMod","Colored Map","Highlight Path","Minty Spire (QoL Compilation)","Permanent Neow","Potion Indicator Mod","Rare Cards Sparkle","Relic Sorter","Relic Stats","StSLib","everything is the same but u backflip on backflip"],"gold_per_floor":[116,41,6,181,181,181,207,222,222,222,235,235,270,286,286,400,400,422,449,463,388,69,69,69,97,97,123,151,50,84,104,104,104,104],"floor_reached":33,"language":"ENG","playtime":743,"items_purged":["Defend_G","Strike_G"],"score":386,"play_id":"daa49709-5149-4e5c-bc09-9e1b3e79ab75","local_time":"20210221235751","is_ascension_mode":true,"campfire_choices":[{"data":"Neutralize","floor":6,"key":"SMITH"},{"data":"Terror","floor":10,"key":"SMITH"},{"data":"Bane","floor":12,"key":"SMITH"},{"data":"Poisoned Stab","floor":15,"key":"SMITH"},{"data":"Die Die Die","floor":23,"key":"SMITH"},{"floor":32,"key":"REST"}],"circlet_count":0,"master_deck":["Strike_G+1","Strike_G+1","Strike_G+1","Strike_G+1","Defend_G+1","Defend_G+1","Defend_G+1","Defend_G+1","Survivor","Neutralize+1","Bane+1","Bane+1","Terror+1","Escape Plan","Poisoned Stab+1","Die Die Die+1","PiercingWail+1","Dash+1","PiercingWail+1","Footwork","Die Die Die","Deflect+1"],"relics":["Ring of the Snake","NeowsBlessing","Calipers","Pen Nib","CeramicFish","SacredBark","DollysMirror","Nunchaku","Letter Opener","Red Mask","Turnip"],"acts_visited":["Exordium","TheCity"],"potions_floor_usage":[16,18,25,27,30,33],"damage_taken":[{"damage":0,"enemies":"Small Slimes","floor":1,"turns":1},{"damage":0,"enemies":"Lagavulin","floor":7,"turns":1},{"damage":0,"enemies":"2 Louse","floor":8,"turns":1},{"damage":6,"enemies":"Jaw Worm","floor":11,"turns":3},{"damage":15,"enemies":"3 Sentries","floor":13,"turns":6},{"damage":8,"enemies":"2 Fungi Beasts","floor":14,"turns":3},{"damage":0,"enemies":"Slime Boss","floor":16,"turns":3},{"damage":5,"enemies":"2 Thieves","floor":18,"turns":4},{"damage":2,"enemies":"Spheric Guardian","floor":19,"turns":3},{"damage":4,"enemies":"Centurion and Healer","floor":20,"turns":6},{"damage":15,"enemies":"Gremlin Leader","floor":25,"turns":6},{"damage":0,"enemies":"Chosen and Byrds","floor":27,"turns":6},{"damage":27,"enemies":"Masked Bandits","floor":28,"turns":4},{"damage":4,"enemies":"Book of Stabbing","floor":30,"turns":5},{"damage":0,"enemies":"Snecko","floor":31,"turns":5},{"damage":39,"enemies":"Champ","floor":33,"turns":15}],"seed_played":"-7460953226840215715","potions_obtained":[{"floor":1,"key":"SteroidPotion"},{"floor":14,"key":"LiquidBronze"},{"floor":16,"key":"SneckoOil"},{"floor":18,"key":"ColorlessPotion"},{"floor":20,"key":"LiquidMemories"},{"floor":28,"key":"LiquidBronze"},{"floor":30,"key":"LiquidMemories"}],"is_trial":false,"path_per_floor":["M","$","?","?","?","R","E","M","T","R","M","R","E","M","R","B",null,"M","M","M","?","$","R","?","E","T","M","?","$","E","M","R","B"],"character_chosen":"THE_SILENT","items_purchased":["DollysMirror","Footwork","SmokeBomb"],"campfire_rested":1,"item_purchase_floors":[22,22,29],"current_hp_per_floor":[70,70,70,70,56,56,56,56,56,56,50,50,35,27,27,27,70,65,63,59,59,59,59,59,44,44,44,17,17,13,13,34,0,0],"gold":104,"neow_bonus":"THREE_ENEMY_KILL","is_daily":false,"chose_seed":false,"campfire_upgraded":5,"win_rate":0.0,"timestamp":1613973471,"path_taken":["M","$","?","?","?","R","E","M","T","R","M","R","E","M","R","BOSS","M","M","M","?","$","R","?","E","T","M","?","$","E","M","R","BOSS"],"items_purchased_type":["Relic","Card","Potion"],"build_version":"2020-12-22","purchased_purges":2,"victory":false,"max_hp_per_floor":[70,70,70,70,70,70,70,70,70,70,70,70,70,70,70,70,70,70,70,70,70,70,70,70,70,70,70,70,70,70,70,70,70,70],"relic_stats":{"Nunchaku":[7],"counters":[16,72],"CeramicFish":72,"Pen Nib":[14],"Turnip":[6],"Letter Opener":[5],"obtain_stats":[{"Nunchaku":25,"Calipers":7,"NeowsBlessing":0,"DollysMirror":22,"CeramicFish":13,"SacredBark":17,"Pen Nib":9,"Turnip":30,"Red Mask":28,"Letter Opener":26,"Ring of the Snake":0},{"Nunchaku":11,"Calipers":2,"NeowsBlessing":0,"DollysMirror":10,"CeramicFish":5,"SacredBark":7,"Pen Nib":3,"Turnip":14,"Red Mask":13,"Letter Opener":11,"Ring of the Snake":0},{"Nunchaku":37,"Calipers":2,"NeowsBlessing":0,"DollysMirror":31,"CeramicFish":12,"SacredBark":18,"Pen Nib":3,"Turnip":52,"Red Mask":47,"Letter Opener":37,"Ring of the Snake":0}],"Ring of the Snake":[32]},"card_choices":[{"not_picked":["Leg Sweep","Slice"],"picked":"Bane","floor":1},{"not_picked":["Outmaneuver","Slice","Bane"],"picked":"SKIP","floor":7},{"not_picked":["Outmaneuver","Slice"],"picked":"Bane","floor":7},{"not_picked":["Dash","Quick Slash"],"picked":"Terror","floor":8},{"not_picked":["Calculated Gamble","Deflect","Escape Plan"],"picked":"SKIP","floor":11},{"not_picked":["Calculated Gamble","Deflect"],"picked":"Escape Plan","floor":11},{"not_picked":["Acrobatics","Deflect"],"picked":"Poisoned Stab","floor":13},{"not_picked":["Underhanded Strike","Caltrops","Blade Dance"],"picked":"SKIP","floor":14},{"not_picked":["Malaise","Envenom"],"picked":"Die Die Die","floor":16},{"not_picked":["Setup","Prepared"],"picked":"PiercingWail+1","floor":18},{"not_picked":["Flechettes","Dagger Spray"],"picked":"Dash+1","floor":19},{"not_picked":["Blade Dance","Quick Slash","Outmaneuver"],"picked":"SKIP","floor":20},{"not_picked":["Blade Dance","Quick Slash","Backflip"],"picked":"SKIP","floor":25},{"not_picked":["Sucker Punch+1","Riddle With Holes"],"picked":"Die Die Die","floor":27},{"not_picked":["Backflip+1","Heel Hook"],"picked":"Deflect+1","floor":30},{"not_picked":["Skewer","Concentrate+1","Flying Knee+1"],"picked":"SKIP","floor":31}],"player_experience":1833397,"relics_obtained":[{"floor":7,"key":"Calipers"},{"floor":9,"key":"Pen Nib"},{"floor":13,"key":"CeramicFish"},{"floor":25,"key":"Nunchaku"},{"floor":26,"key":"Letter Opener"},{"floor":28,"key":"Red Mask"},{"floor":30,"key":"Turnip"}],"event_choices":[{"damage_healed":17,"gold_gain":0,"player_choice":"Healed","damage_taken":0,"max_hp_gain":0,"max_hp_loss":0,"event_name":"The Cleric","floor":3,"gold_loss":35},{"damage_healed":0,"gold_gain":175,"player_choice":"AGREE","damage_taken":0,"max_hp_gain":0,"max_hp_loss":0,"event_name":"Liars Game","floor":4,"gold_loss":0,"cards_obtained":["Doubt"]},{"damage_healed":0,"gold_gain":0,"player_choice":"Entered Light","damage_taken":14,"max_hp_gain":0,"max_hp_loss":0,"event_name":"Shining Light","floor":5,"gold_loss":0,"cards_upgraded":["Strike_G","Bane"]},{"cards_removed":["Doubt"],"damage_healed":0,"gold_gain":0,"player_choice":"Gave Gold","damage_taken":0,"max_hp_gain":0,"max_hp_loss":0,"event_name":"Beggar","floor":21,"gold_loss":75},{"damage_healed":0,"gold_gain":0,"player_choice":"Simplicity","damage_taken":0,"max_hp_gain":0,"max_hp_loss":0,"event_name":"Back to Basics","floor":24,"gold_loss":0,"cards_upgraded":["Strike_G","Strike_G","Strike_G","Defend_G","Defend_G","Defend_G","Defend_G"]},{"damage_healed":0,"gold_gain":0,"player_choice":"Fought Bandits","damage_taken":0,"max_hp_gain":0,"max_hp_loss":0,"event_name":"Masked Bandits","floor":28,"gold_loss":0}],"is_beta":false,"boss_relics":[{"not_picked":["Velvet Choker","Ring of the Serpent"],"picked":"SacredBark"}],"items_purged_floors":[2,22],"is_endless":false,"potions_floor_spawned":[1,14,16,18,20,28,30],"killed_by":"Champ","ascension_level":1}}