{"host":"06x55mgvbk21l0iu","time":1613971494,"event":{"mods":["2.2 Compatiblity","AchievementEnabler","BaseMod","Bestiary","Better Note","Colored Map","Colored Powertips","DeckTracker","Highlight Path","Minty Spire (QoL Compilation)","Permanent Neow","Quick Restart","Rare Cards Sparkle","Relic Stats","StSLib","The Cursed"],"gold_per_floor":[360,380,380,380,1,1,32,32,32,32,65,80,119,84,84,215,215,231,247,247,247,162,162,210,226,299,330,355,370,370,370,370,370,370],"floor_reached":33,"language":"ENG","playtime":1546,"items_purged":[],"score":295,"play_id":"f842cc94-b948-43dc-b802-a7e4e07d435d","local_time":"20210221232454","is_ascension_mode":true,"campfire_choices":[{"data":"TheCursedMod:Wield","floor":6,"key":"SMITH"},{"floor":8,"key":"REST"},{"floor":15,"key":"REST"},{"floor":23,"key":"REST"},{"floor":30,"key":"REST"},{"data":"TheCursedMod:VoidForm","floor":32,"key":"SMITH"}],"circlet_count":0,"master_deck":["TheCursedMod:Strike_TheCursed","TheCursedMod:Strike_TheCursed","TheCursedMod:Strike_TheCursed","TheCursedMod:Strike_TheCursed","TheCursedMod:Defend_TheCursed","TheCursedMod:Defend_TheCursed","TheCursedMod:Defend_TheCursed+1","TheCursedMod:Defend_TheCursed","TheCursedMod:CursedWand","TheCursedMod:CleanUpWorkshop","TheCursedMod:Dregs","Injury","TheCursedMod:LuckyCharm+1","TheCursedMod:Wield+1","Injury","TheCursedMod:SpitefulPlan","TheCursedMod:CursedMace","TheCursedMod:RavingStaff+1","TheCursedMod:SpitefulPray","TheCursedMod:RapidMovement","TheCursedMod:VoidForm+1","TheCursedMod:SpitefulStrike","TheCursedMod:CursedBlade","TheCursedMod:CursedMace+1","TheCursedMod:CursedBoomerang","TheCursedMod:ManaCirculation","TheCursedMod:SpitefulStrike"],"relics":["TheCursedMod:BlackMagic101","Golden Idol","Letter Opener","Potion Belt","White Beast Statue","Meat on the Bone","Question Card","Philosopher\u0027s Stone","Bag of Marbles","Eternal Feather","Toxic Egg 2","Nilry\u0027s Codex"],"acts_visited":["Exordium","TheCity"],"potions_floor_usage":[2,13,16,27,28,28,28,29],"damage_taken":[{"damage":0,"enemies":"2 Louse","floor":1,"turns":3},{"damage":4,"enemies":"Small Slimes","floor":2,"turns":5},{"damage":22,"enemies":"3 Sentries","floor":7,"turns":11},{"damage":35,"enemies":"Lagavulin","floor":11,"turns":10},{"damage":0,"enemies":"Cultist","floor":12,"turns":4},{"damage":37,"enemies":"3 Sentries","floor":13,"turns":7},{"damage":27,"enemies":"Slime Boss","floor":16,"turns":18},{"damage":26,"enemies":"Shell Parasite","floor":18,"turns":5},{"damage":33,"enemies":"Spheric Guardian","floor":19,"turns":4},{"damage":21,"enemies":"Snake Plant","floor":25,"turns":2},{"damage":38,"enemies":"Gremlin Leader","floor":27,"turns":5},{"damage":15,"enemies":"Shelled Parasite and Fungi","floor":28,"turns":4},{"damage":14,"enemies":"Centurion and Healer","floor":29,"turns":6},{"damage":73,"enemies":"Automaton","floor":33,"turns":6}],"seed_played":"-3304285548931073415","potions_obtained":[{"floor":2,"key":"Fruit Juice"},{"floor":11,"key":"Ancient Potion"},{"floor":12,"key":"SkillPotion"},{"floor":13,"key":"EssenceOfSteel"},{"floor":16,"key":"SpeedPotion"},{"floor":18,"key":"Dexterity Potion"},{"floor":19,"key":"Block Potion"},{"floor":25,"key":"SteroidPotion"},{"floor":27,"key":"Explosive Potion"},{"floor":28,"key":"SkillPotion"},{"floor":29,"key":"SkillPotion"}],"is_trial":false,"path_per_floor":["M","M","?","?","$","R","E","R","T","?","E","M","E","?","R","B",null,"M","M","?","?","?","R","T","M","T","E","M","M","R","?","R","B"],"character_chosen":"THE_CURSED","items_purchased":["Letter Opener","TheCursedMod:SpitefulPlan","TheCursedMod:CursedMace"],"campfire_rested":4,"item_purchase_floors":[5,5,5],"current_hp_per_floor":[75,76,76,60,60,60,38,62,62,62,27,39,14,34,58,43,80,54,33,33,33,33,57,57,48,48,22,19,17,56,40,55,0,0],"gold":370,"neow_bonus":"TWO_FIFTY_GOLD","is_daily":false,"chose_seed":false,"campfire_upgraded":2,"win_rate":0.0,"timestamp":1613971494,"path_taken":["M","M","?","?","$","R","E","R","T","?","E","?","E","?","R","BOSS","M","M","?","?","?","R","?","M","T","E","M","?","R","?","R","BOSS"],"items_purchased_type":["Relic","Card","Card"],"build_version":"2020-12-22","purchased_purges":0,"victory":false,"max_hp_per_floor":[75,80,80,80,80,80,80,80,80,80,80,80,80,80,80,80,80,80,80,80,80,80,80,80,80,80,80,80,80,80,80,80,80,80],"relic_stats":{"counters":[14,90],"Golden Idol":73,"Eternal Feather":30,"Letter Opener":[21],"Question Card":7,"obtain_stats":[{"Potion Belt":7,"TheCursedMod:BlackMagic101":0,"Golden Idol":3,"Nilry\u0027s Codex":31,"Philosopher\u0027s Stone":17,"Eternal Feather":26,"Bag of Marbles":22,"Letter Opener":5,"Toxic Egg 2":27,"Question Card":13,"White Beast Statue":9,"Meat on the Bone":11},{"Potion Belt":3,"TheCursedMod:BlackMagic101":0,"Golden Idol":2,"Nilry\u0027s Codex":13,"Philosopher\u0027s Stone":7,"Eternal Feather":10,"Bag of Marbles":9,"Letter Opener":2,"Toxic Egg 2":11,"Question Card":6,"White Beast Statue":3,"Meat on the Bone":4},{"Potion Belt":19,"TheCursedMod:BlackMagic101":0,"Golden Idol":8,"Nilry\u0027s Codex":84,"Philosopher\u0027s Stone":58,"Eternal Feather":69,"Bag of Marbles":67,"Letter Opener":8,"Toxic Egg 2":74,"Question Card":40,"White Beast Statue":19,"Meat on the Bone":29}],"Meat on the Bone":96},"card_choices":[{"not_picked":["TheCursedMod:CursedShiv","TheCursedMod:CursedBoomerang"],"picked":"TheCursedMod:LuckyCharm","floor":1},{"not_picked":["TheCursedMod:CursedShiv","TheCursedMod:Torture"],"picked":"TheCursedMod:Wield","floor":2},{"not_picked":["TheCursedMod:WearCloak","TheCursedMod:CircleOfFlame"],"picked":"TheCursedMod:RavingStaff","floor":7},{"not_picked":["TheCursedMod:CircleOfAbyss","TheCursedMod:PrepareRite","TheCursedMod:FleshFromBone"],"picked":"SKIP","floor":11},{"not_picked":["TheCursedMod:SaltUponWound","TheCursedMod:WearCloak"],"picked":"TheCursedMod:SpitefulPray","floor":12},{"not_picked":["TheCursedMod:CursedShiv","TheCursedMod:EmpowerCircles"],"picked":"TheCursedMod:RapidMovement","floor":13},{"not_picked":["TheCursedMod:DemonicPact","TheCursedMod:AntiAging","TheCursedMod:DemonSword"],"picked":"TheCursedMod:VoidForm","floor":16},{"not_picked":["TheCursedMod:Stigma+1","TheCursedMod:CursedAmulet+1","TheCursedMod:CursedMace"],"picked":"TheCursedMod:SpitefulStrike","floor":18},{"not_picked":["TheCursedMod:SurpriseAttack","TheCursedMod:CursedShiv","TheCursedMod:EmpowerCircles+1"],"picked":"TheCursedMod:CursedBlade","floor":19},{"not_picked":["TheCursedMod:CircleOfBlood","TheCursedMod:CursedAmulet","TheCursedMod:SpreadPlague"],"picked":"TheCursedMod:CursedMace+1","floor":25},{"not_picked":["TheCursedMod:Stigma","TheCursedMod:SurpriseAttack+1","TheCursedMod:SmokeScreen+1"],"picked":"TheCursedMod:CursedBoomerang","floor":27},{"not_picked":["TheCursedMod:CircleOfCorruption+1","TheCursedMod:CircleOfFlame+1","TheCursedMod:Stigma+1"],"picked":"TheCursedMod:ManaCirculation","floor":28},{"not_picked":["TheCursedMod:CursedMace+1","TheCursedMod:Stigma","TheCursedMod:ManaBullet"],"picked":"TheCursedMod:SpitefulStrike","floor":29}],"player_experience":264953,"relics_obtained":[{"floor":7,"key":"Potion Belt"},{"floor":9,"key":"White Beast Statue"},{"floor":11,"key":"Meat on the Bone"},{"floor":13,"key":"Question Card"},{"floor":26,"key":"Eternal Feather"},{"floor":27,"key":"Toxic Egg 2"},{"floor":31,"key":"Nilry\u0027s Codex"}],"event_choices":[{"damage_healed":0,"gold_gain":0,"player_choice":"Take Wound","damage_taken":0,"relics_obtained":["Golden Idol"],"max_hp_gain":0,"max_hp_loss":0,"event_name":"Golden Idol","floor":3,"gold_loss":0,"cards_obtained":["Injury"]},{"damage_healed":0,"gold_gain":0,"player_choice":"Entered Light","damage_taken":16,"max_hp_gain":0,"max_hp_loss":0,"event_name":"Shining Light","floor":4,"gold_loss":0,"cards_upgraded":["TheCursedMod:Defend_TheCursed","TheCursedMod:LuckyCharm"]},{"damage_healed":0,"gold_gain":0,"player_choice":"Forge","damage_taken":0,"max_hp_gain":0,"max_hp_loss":0,"event_name":"Accursed Blacksmith","floor":10,"gold_loss":0,"cards_upgraded":["TheCursedMod:RavingStaff"]},{"damage_healed":20,"gold_gain":0,"player_choice":"Healed","damage_taken":0,"max_hp_gain":0,"max_hp_loss":0,"event_name":"The Cleric","floor":14,"gold_loss":35},{"cards_removed":["TheCursedMod:Strike_TheCursed"],"damage_healed":0,"gold_gain":0,"player_choice":"Give","damage_taken":0,"max_hp_gain":0,"max_hp_loss":0,"event_name":"betterNote:BetterNote","floor":20,"gold_loss":0,"cards_obtained":["None"]},{"damage_healed":0,"gold_gain":0,"player_choice":"Ignored","damage_taken":0,"max_hp_gain":0,"max_hp_loss":0,"event_name":"Ghosts","floor":21,"gold_loss":0},{"damage_healed":0,"gold_gain":0,"player_choice":"Obtained Relic","damage_taken":0,"relics_obtained":["Bag of Marbles"],"max_hp_gain":0,"max_hp_loss":0,"event_name":"Addict","floor":22,"gold_loss":85},{"damage_healed":0,"gold_gain":0,"player_choice":"Obtained Book","damage_taken":16,"max_hp_gain":0,"max_hp_loss":0,"event_name":"Cursed Tome","floor":31,"gold_loss":0}],"is_beta":false,"boss_relics":[{"not_picked":["TheCursedMod:BlackMagicAdvanced","Runic Dome"],"picked":"Philosopher\u0027s Stone"}],"items_purged_floors":[],"is_endless":false,"potions_floor_spawned":[2,11,12,13,16,18,19,25,27,28,29],"killed_by":"Automaton","ascension_level":1}}