{"host":"q9718omregw4er46","time":1613976080,"event":{"mods":["BaseMod","Bestiary","Colored Powertips","Custom Start","Minty Spire (QoL Compilation)","Quick Restart","Relic Stats"],"gold_per_floor":[111,126,143,68,79,106,106,138,138,153,153,171,185,218,218,289,289,299,14,50,119,151,151,181,181,227,273,339,394,436,361,361,453,453,487,113,153,153,197,197,197],"floor_reached":40,"language":"ENG","playtime":2130,"items_purged":["Strike_R","Strike_R"],"score":994,"play_id":"b862fd20-e688-4bd3-9d62-b815149c04fb","local_time":"20210222114120","is_ascension_mode":true,"campfire_choices":[{"data":"Uppercut","floor":7,"key":"SMITH"},{"data":"Armaments","floor":11,"key":"SMITH"},{"data":"Fiend Fire","floor":15,"key":"SMITH"},{"floor":23,"key":"RECALL"},{"floor":25,"key":"REST"},{"floor":32,"key":"REST"}],"circlet_count":0,"master_deck":["AscendersBane","Strike_R","Defend_R","Defend_R","Defend_R","Defend_R","Bash","Armaments+1","Wild Strike","Uppercut+1","Whirlwind","Inflame","Headbutt","Blood for Blood","Spot Weakness","Ghostly Armor","Fiend Fire+1","Reaper","Thunderclap+1","HandOfGreed","Feel No Pain","Dark Embrace","True Grit+1","Exhume","Shockwave","Pain"],"relics":["Snecko Eye","MealTicket","Centennial Puzzle","Shuriken","Turnip","Fusion Hammer","Lantern","Unceasing Top","Mango","Empty Cage","Self Forming Clay","WarpedTongs"],"acts_visited":["Exordium","TheCity","TheBeyond"],"potions_floor_usage":[8,14,16,29,33,33,33],"damage_taken":[{"damage":3,"enemies":"2 Louse","floor":1,"turns":4},{"damage":0,"enemies":"Cultist","floor":2,"turns":2},{"damage":7,"enemies":"Jaw Worm","floor":3,"turns":2},{"damage":0,"enemies":"Exordium Wildlife","floor":5,"turns":1},{"damage":10,"enemies":"3 Sentries","floor":6,"turns":5},{"damage":6,"enemies":"Gremlin Nob","floor":8,"turns":3},{"damage":3,"enemies":"Blue Slaver","floor":10,"turns":2},{"damage":0,"enemies":"Red Slaver","floor":12,"turns":1},{"damage":0,"enemies":"Looter","floor":13,"turns":2},{"damage":15,"enemies":"Lagavulin","floor":14,"turns":3},{"damage":15,"enemies":"Hexaghost","floor":16,"turns":7},{"damage":6,"enemies":"2 Thieves","floor":18,"turns":2},{"damage":1,"enemies":"3 Byrds","floor":20,"turns":4},{"damage":10,"enemies":"Centurion and Healer","floor":21,"turns":6},{"damage":0,"enemies":"Snecko","floor":22,"turns":3},{"damage":43,"enemies":"Book of Stabbing","floor":24,"turns":4},{"damage":0,"enemies":"Gremlin Leader","floor":27,"turns":7},{"damage":18,"enemies":"Chosen and Byrds","floor":28,"turns":6},{"damage":36,"enemies":"Slavers","floor":29,"turns":6},{"damage":0,"enemies":"Sentry and Sphere","floor":30,"turns":6},{"damage":105,"enemies":"Automaton","floor":33,"turns":9},{"damage":28,"enemies":"3 Darklings","floor":35,"turns":5},{"damage":11,"enemies":"Orb Walker","floor":37,"turns":2},{"damage":57,"enemies":"Spire Growth","floor":39,"turns":6},{"damage":55,"enemies":"Nemesis","floor":40,"turns":6}],"seed_played":"-3523627138627136467","potions_obtained":[{"floor":1,"key":"Fire Potion"},{"floor":6,"key":"BlessingOfTheForge"},{"floor":8,"key":"AttackPotion"},{"floor":16,"key":"Swift Potion"},{"floor":18,"key":"Block Potion"},{"floor":20,"key":"AttackPotion"},{"floor":29,"key":"EntropicBrew"},{"floor":39,"key":"Energy Potion"}],"is_trial":true,"path_per_floor":["M","M","M","$","M","E","R","E","T","M","R","M","M","E","R","B",null,"M","$","M","M","M","R","E","R","T","E","M","E","M","$","R","B",null,"M","$","M","?","M","E"],"character_chosen":"IRONCLAD","items_purchased":["Whirlwind","HandOfGreed","Feel No Pain","Self Forming Clay"],"campfire_rested":2,"item_purchase_floors":[4,19,19,36],"current_hp_per_floor":[65,65,58,58,58,48,48,42,42,39,39,39,39,24,24,9,59,53,68,67,67,67,67,39,61,61,61,50,50,57,72,89,16,71,78,89,78,78,44,0,0],"gold":197,"neow_bonus":"","is_daily":false,"chose_seed":false,"campfire_upgraded":3,"win_rate":0.0,"timestamp":1613976080,"path_taken":["M","M","M","$","M","E","R","E","T","M","R","M","M","E","R","BOSS","M","$","M","M","M","R","E","R","T","E","M","E","M","$","R","BOSS","M","$","M","?","?","E"],"items_purchased_type":["Card","Card","Card","Relic"],"build_version":"2020-12-22","purchased_purges":2,"victory":false,"max_hp_per_floor":[75,75,75,75,75,75,75,75,75,75,75,75,75,75,75,75,75,75,75,75,75,75,75,75,75,75,75,75,89,89,89,89,89,89,89,89,89,89,89,89,89],"relic_stats":{"Centennial Puzzle":[42],"counters":[25,104],"Shuriken":[26],"Self Forming Clay":[39],"Snecko Eye":[173,166,192,161],"MealTicket":41,"Turnip":[0],"obtain_stats":[{"Centennial Puzzle":8,"Lantern":24,"Shuriken":9,"Self Forming Clay":36,"Snecko Eye":0,"MealTicket":6,"Mango":29,"Turnip":14,"Fusion Hammer":17,"Empty Cage":34,"Unceasing Top":27,"WarpedTongs":38},{"Centennial Puzzle":6,"Lantern":16,"Shuriken":6,"Self Forming Clay":22,"Snecko Eye":0,"MealTicket":5,"Mango":19,"Turnip":10,"Fusion Hammer":11,"Empty Cage":21,"Unceasing Top":17,"WarpedTongs":23},{"Centennial Puzzle":17,"Lantern":51,"Shuriken":17,"Self Forming Clay":90,"Snecko Eye":0,"MealTicket":14,"Mango":70,"Turnip":25,"Fusion Hammer":32,"Empty Cage":85,"Unceasing Top":58,"WarpedTongs":92}],"Unceasing Top":[7],"WarpedTongs":[12]},"card_choices":[{"not_picked":["Evolve","Infernal Blade"],"picked":"Armaments","floor":1},{"not_picked":["Bloodletting","Sword Boomerang"],"picked":"Wild Strike","floor":2},{"not_picked":["Pommel Strike","Flex"],"picked":"Uppercut","floor":3},{"not_picked":["Heavy Blade","Havoc","Body Slam"],"picked":"SKIP","floor":5},{"not_picked":["Second Wind","Flex"],"picked":"Inflame","floor":6},{"not_picked":["Havoc","Shrug It Off"],"picked":"Headbutt","floor":8},{"not_picked":["Headbutt","Pummel"],"picked":"Blood for Blood","floor":10},{"not_picked":["Clothesline","Twin Strike"],"picked":"Spot Weakness","floor":12},{"not_picked":["Pommel Strike","Ghostly Armor","Armaments"],"picked":"SKIP","floor":13},{"not_picked":["Pommel Strike","Armaments"],"picked":"Ghostly Armor","floor":13},{"not_picked":["Thunderclap","Seeing Red"],"picked":"Fiend Fire","floor":14},{"not_picked":["Offering","Double Tap"],"picked":"Reaper","floor":16},{"not_picked":["Uppercut","Power Through"],"picked":"Thunderclap+1","floor":18},{"not_picked":["Twin Strike","Body Slam","Evolve"],"picked":"SKIP","floor":20},{"not_picked":["Warcry","Cleave","Clash"],"picked":"SKIP","floor":21},{"not_picked":["Sword Boomerang","Flex","Reckless Charge"],"picked":"SKIP","floor":22},{"not_picked":["Pommel Strike","Headbutt","Anger"],"picked":"SKIP","floor":24},{"not_picked":["Dropkick","Berserk","Blood for Blood"],"picked":"SKIP","floor":27},{"not_picked":["Second Wind","Twin Strike"],"picked":"Dark Embrace","floor":28},{"not_picked":["Shockwave","Heavy Blade+1"],"picked":"True Grit+1","floor":29},{"not_picked":["Pommel Strike","Body Slam","Headbutt"],"picked":"SKIP","floor":30},{"not_picked":["Juggernaut","Brutality"],"picked":"Exhume","floor":33},{"not_picked":["Body Slam","Flex"],"picked":"Shockwave","floor":35},{"not_picked":["Thunderclap","Perfected Strike","Flex"],"picked":"SKIP","floor":37},{"not_picked":["Sword Boomerang","Clash","Perfected Strike"],"picked":"SKIP","floor":39}],"player_experience":829722,"relics_obtained":[{"floor":6,"key":"MealTicket"},{"floor":8,"key":"Centennial Puzzle"},{"floor":9,"key":"Shuriken"},{"floor":14,"key":"Turnip"},{"floor":24,"key":"Lantern"},{"floor":27,"key":"Unceasing Top"},{"floor":29,"key":"Mango"}],"event_choices":[{"damage_healed":0,"gold_gain":0,"player_choice":"Rummage","damage_taken":0,"relics_obtained":["WarpedTongs"],"max_hp_gain":0,"max_hp_loss":0,"event_name":"Accursed Blacksmith","floor":38,"gold_loss":0,"cards_obtained":["Pain"]}],"is_beta":false,"boss_relics":[{"not_picked":["Sozu","Busted Crown"],"picked":"Fusion Hammer"},{"not_picked":["Black Star","SacredBark"],"picked":"Empty Cage"}],"items_purged_floors":[31,36],"is_endless":false,"potions_floor_spawned":[1,6,8,13,16,18,20,24,28,29,39],"killed_by":"Nemesis","ascension_level":20}}