{"host":"2se5dq1do2gp0x9k","time":1613962747,"event":{"mods":["AchievementEnabler","BaseMod","Block Reminder","Colored Map","Colored Powertips","Minty Spire (QoL Compilation)","Relic Stats","StSLib","SuperFastMode"],"gold_per_floor":[114,114,27,102,181,206,206,234,234,252,265,290,308,384,384,458,458,469,469,469,469],"floor_reached":20,"language":"ENG","playtime":415,"items_purged":[],"score":551,"play_id":"1fcdc05b-9ef3-4187-a384-8980a3989c66","local_time":"20210221185907","is_ascension_mode":true,"campfire_choices":[{"data":"Eruption","floor":7.0,"key":"SMITH"},{"data":"MentalFortress","floor":15.0,"key":"SMITH"}],"circlet_count":0,"master_deck":["AscendersBane","Strike_P","Strike_P","Strike_P","Strike_P","Defend_P","Defend_P","Defend_P","Defend_P","Eruption+1","Vigilance","SashWhip","SandsOfTime","MentalFortress+1","ReachHeaven","InnerPeace","LikeWater","CutThroughFate","Indignation","Omniscience","CurseOfTheBell"],"relics":["PureWater","NeowsBlessing","Blood Vial","Gremlin Horn","Tiny Chest","Pear","Potion Belt","InkBottle","Calling Bell","Oddly Smooth Stone","Yang","Turnip","SsserpentHead"],"acts_visited":["Exordium","TheCity"],"potions_floor_usage":[18],"damage_taken":[{"damage":0.0,"enemies":"Small Slimes","floor":1.0,"turns":1.0},{"damage":0.0,"enemies":"Gremlin Nob","floor":6.0,"turns":1.0},{"damage":0.0,"enemies":"Lagavulin","floor":8.0,"turns":1.0},{"damage":9.0,"enemies":"Jaw Worm","floor":10.0,"turns":3.0},{"damage":8.0,"enemies":"2 Louse","floor":11.0,"turns":2.0},{"damage":16.0,"enemies":"Gremlin Nob","floor":12.0,"turns":3.0},{"damage":27.0,"enemies":"Red Slaver","floor":13.0,"turns":4.0},{"damage":0.0,"enemies":"Slime Boss","floor":16.0,"turns":3.0},{"damage":10,"enemies":"2 Thieves","floor":18,"turns":4},{"damage":32,"enemies":"3 Byrds","floor":20,"turns":4}],"seed_played":"-5562519760489816709","potions_obtained":[{"floor":10.0,"key":"Ancient Potion"},{"floor":11.0,"key":"Block Potion"},{"floor":12.0,"key":"AttackPotion"}],"is_trial":false,"path_per_floor":["M","?","$","?","T","E","R","E","T","M","M","E","M","?","R","B",null,"M","?","M"],"character_chosen":"WATCHER","items_purchased":["SandsOfTime"],"campfire_rested":0,"item_purchase_floors":[3],"current_hp_per_floor":[61,56,56,45,45,47,47,59,59,52,46,32,7,7,7,9,61,53,53,23,23],"gold":469,"neow_bonus":"THREE_ENEMY_KILL","is_daily":false,"chose_seed":false,"campfire_upgraded":2,"win_rate":0.0,"timestamp":1613962747,"path_taken":["M","?","$","?","?","E","R","E","T","M","M","E","M","?","R","BOSS","M","?","M"],"items_purchased_type":["Card"],"build_version":"2020-12-22","purchased_purges":0,"victory":false,"max_hp_per_floor":[68,68,68,68,68,68,68,78,78,78,78,78,78,78,78,78,78,78,78,78,78],"relic_stats":{"Blood Vial":18,"SsserpentHead":0,"Gremlin Horn":[2,2],"counters":[10,26],"Tiny Chest":0,"Yang":[11],"Turnip":[0],"obtain_stats":[{"Potion Belt":9,"Pear":8,"NeowsBlessing":0,"Gremlin Horn":5,"Oddly Smooth Stone":17,"Yang":17,"Blood Vial":2,"Calling Bell":17,"SsserpentHead":19,"Tiny Chest":6,"Turnip":17,"PureWater":0,"InkBottle":12},{"Potion Belt":3,"Pear":3,"NeowsBlessing":0,"Gremlin Horn":1,"Oddly Smooth Stone":8,"Yang":8,"Blood Vial":1,"Calling Bell":8,"SsserpentHead":9,"Tiny Chest":2,"Turnip":8,"PureWater":0,"InkBottle":6},{"Potion Belt":3,"Pear":3,"NeowsBlessing":0,"Gremlin Horn":1,"Oddly Smooth Stone":18,"Yang":18,"Blood Vial":1,"Calling Bell":18,"SsserpentHead":22,"Tiny Chest":2,"Turnip":18,"PureWater":0,"InkBottle":11}],"InkBottle":[3]},"card_choices":[{"not_picked":["Crescendo","Sanctity"],"picked":"SashWhip","floor":1.0},{"not_picked":["Crescendo","Prostrate"],"picked":"MentalFortress","floor":6.0},{"not_picked":["Brilliance","WindmillStrike"],"picked":"ReachHeaven","floor":8.0},{"not_picked":["Halt","FlyingSleeves"],"picked":"InnerPeace","floor":10.0},{"not_picked":["ClearTheMind","ReachHeaven"],"picked":"LikeWater","floor":11.0},{"not_picked":["ConjureBlade","PathToVictory"],"picked":"CutThroughFate","floor":12.0},{"not_picked":["Worship","Collect"],"picked":"Indignation","floor":13.0},{"not_picked":["Wish","Devotion"],"picked":"Omniscience","floor":16.0},{"not_picked":["FlyingSleeves+1","Protect","Prostrate"],"picked":"SKIP","floor":18}],"player_experience":4111570,"relics_obtained":[{"floor":5.0,"key":"Gremlin Horn"},{"floor":6.0,"key":"Tiny Chest"},{"floor":8.0,"key":"Pear"},{"floor":9.0,"key":"Potion Belt"},{"floor":12.0,"key":"InkBottle"},{"floor":17,"key":"Oddly Smooth Stone"},{"floor":17,"key":"Yang"},{"floor":17,"key":"Turnip"}],"event_choices":[{"damage_healed":0.0,"max_hp_gain":0.0,"max_hp_loss":0.0,"gold_gain":0.0,"event_name":"Scrap Ooze","player_choice":"Success","floor":2.0,"gold_loss":0.0,"damage_taken":5.0,"relics_obtained":["Blood Vial"]},{"damage_healed":0.0,"max_hp_gain":0.0,"max_hp_loss":0.0,"gold_gain":75.0,"event_name":"World of Goop","player_choice":"Gather Gold","floor":4.0,"gold_loss":0.0,"damage_taken":11.0},{"damage_healed":0.0,"max_hp_gain":0.0,"max_hp_loss":0.0,"gold_gain":76.0,"event_name":"Golden Wing","player_choice":"Gained Gold","floor":14.0,"gold_loss":0.0,"damage_taken":0.0},{"damage_healed":0,"gold_gain":0,"player_choice":"Trade","damage_taken":0,"relics_obtained":["SsserpentHead"],"max_hp_gain":0,"max_hp_loss":0,"event_name":"FaceTrader","floor":19,"gold_loss":0}],"is_beta":false,"boss_relics":[{"not_picked":["Ectoplasm","Sozu"],"picked":"Calling Bell"}],"items_purged_floors":[],"is_endless":false,"potions_floor_spawned":[10,11,12],"killed_by":"3 Byrds","ascension_level":18}}