{"host":"yaxsefyig1et0yi2","time":1613955981,"event":{"mods":["Aspiration","BaseMod","BetterRewards","Colored Powertips","Conspire","Displayed Cursed Tome","Downfall","Halation","Hubris","Infinite Spire","Jorbs\u0027s Wanderer Trilogy","Minty Spire (QoL Compilation)","Quick Restart","RatMod","Replay The Spire","Reworked Bosses","Spikes Relics","StSLib","The Jungle"],"gold_per_floor":[116,132,151,12,12,12,38,38,38,54,54,83,99,99,99,197,197,208,208,159,175,175,175,203,203,203,215,231,231,231,231,231,348,348,389,424,463,486,533,533,533,583,583,583,583,583,583,637,637,642,642],"floor_reached":50,"language":"ENG","playtime":2729,"items_purged":[],"score":745,"play_id":"e834f1f9-1cf1-47ed-9691-81dbcb9ce5bb","local_time":"20210221200621","is_ascension_mode":false,"campfire_choices":[{"data":"stsjorbsmod:TrueStrike","floor":6,"key":"SMITH"},{"data":"stsjorbsmod:Prestidigitation","floor":8,"key":"SMITH"},{"data":"stsjorbsmod:Channel","floor":11,"key":"SMITH"},{"floor":15,"key":"REST"},{"data":"stsjorbsmod:RayOfFrost","floor":23,"key":"SMITH"},{"floor":25,"key":"REST"},{"data":"1","floor":29,"key":"LIFT"},{"data":"2","floor":32,"key":"LIFT"},{"data":"Static Discharge","floor":40,"key":"SMITH"},{"data":"stsjorbsmod:ChatteringStrike","floor":46,"key":"SMITH"},{"data":"stsjorbsmod:TrueStrike","floor":49,"key":"SMITH"}],"circlet_count":0,"master_deck":["stsjorbsmod:ForbiddenGrimoire+1","stsjorbsmod:Strike_Wanderer+1","stsjorbsmod:Strike_Wanderer+1","stsjorbsmod:Strike_Wanderer+1","stsjorbsmod:Defend_Wanderer+1","stsjorbsmod:Defend_Wanderer+1","stsjorbsmod:Defend_Wanderer+1","stsjorbsmod:Defend_Wanderer+1","stsjorbsmod:FreshAdventure","stsjorbsmod:EyeOfTheStorm","stsjorbsmod:ChainLightning","stsjorbsmod:TrueStrike+1","stsjorbsmod:Prestidigitation+1","stsjorbsmod:Message","ReplayTheSpireMod:Private Reserves+1","stsjorbsmod:ColorSpray","stsjorbsmod:Channel+1","stsjorbsmod:Prepare","stsjorbsmod:ChatteringStrike+1","stsjorbsmod:ArcaneForm","stsjorbsmod:RayOfFrost+1","stsjorbsmod:FindFamiliar","stsjorbsmod:Materialize","stsjorbsmod:FaerieFire","stsjorbsmod:Feast","stsjorbsmod:Index","Static Discharge+1","Gash","Beam Cell","stsjorbsmod:TrueStrike+1","stsjorbsmod:TrueStrike+1"],"relics":["stsjorbsmod:GrimoireRelic","NeowsBlessing","halation:SelfBoilingWater","InkBottle","hubris:DisguiseKit","Sandwich","halation:PinkSoulGem","ReplayTheSpireMod:TigerMarble","Girya","infinitespire:EvilPickle","hubris:BlackHole","Anchor","infinitespire:Lychee Nut"],"acts_visited":["Exordium","TheCity","TheBeyond"],"potions_floor_usage":[16,33,50,50],"damage_taken":[{"damage":0,"enemies":"conspire:RoseBush","floor":1,"turns":1},{"damage":0,"enemies":"Cultist","floor":2,"turns":1},{"damage":0,"enemies":"Small Slimes","floor":3,"turns":1},{"damage":19,"enemies":"Replay:BlueRogue","floor":7,"turns":5},{"damage":13,"enemies":"Blue Slaver","floor":10,"turns":2},{"damage":19,"enemies":"3 Sentries","floor":12,"turns":3},{"damage":3,"enemies":"Red Slaver","floor":13,"turns":2},{"damage":4,"enemies":"Slime Boss","floor":16,"turns":7},{"damage":0,"enemies":"Spheric Guardian","floor":18,"turns":1},{"damage":0,"enemies":"conspire:FuzzyDice","floor":21,"turns":3},{"damage":30,"enemies":"Slavers","floor":24,"turns":3},{"damage":0,"enemies":"Snecko","floor":27,"turns":3},{"damage":19,"enemies":"Sentry and Sphere","floor":28,"turns":4},{"damage":2,"enemies":"Pondfish","floor":33,"turns":12},{"damage":0,"enemies":"3 Shapes","floor":35,"turns":1},{"damage":0,"enemies":"Orb Walker","floor":36,"turns":2},{"damage":3,"enemies":"Writhing Mass","floor":37,"turns":3},{"damage":36,"enemies":"Maw","floor":39,"turns":7},{"damage":0,"enemies":"Jaw Worm Horde","floor":42,"turns":2},{"damage":3,"enemies":"Transient","floor":48,"turns":5},{"damage":46,"enemies":"bossMod:newAwakened","floor":50,"turns":7}],"seed_played":"8756123797594827616","potions_obtained":[{"floor":7,"key":"FearPotion"},{"floor":10,"key":"infinitespire:BlackPotion"},{"floor":12,"key":"Guardian:BlockOnCardUsePotion"},{"floor":16,"key":"Dexterity Potion"},{"floor":21,"key":"LifebloodPotion"},{"floor":36,"key":"stsjorbsmod:LiquidClarity"}],"is_trial":false,"path_per_floor":["M","M","M","$","?","R","E","R","T","M","R","E","M","?","R","B",null,"M","?","$","M","?","R","E","R","T","M","M","R","?","?","R","B",null,"M","M","M","T","M","R","$","M","T","?","?","R","?","M","R","B"],"character_chosen":"WANDERER","items_purchased":["stsjorbsmod:Message","ReplayTheSpireMod:Private Reserves","stsjorbsmod:RayOfFrost"],"campfire_rested":2,"item_purchase_floors":[4,4,20],"current_hp_per_floor":[68,68,68,68,68,68,50,50,50,37,37,18,15,15,35,32,68,68,68,68,68,68,68,39,59,59,64,48,48,48,48,48,46,68,68,68,65,65,29,29,29,36,36,36,36,36,36,39,39,0,0],"gold":642,"neow_bonus":"THREE_ENEMY_KILL","is_daily":false,"chose_seed":false,"campfire_upgraded":7,"win_rate":0.0,"timestamp":1613955981,"path_taken":["M","M","M","$","?","R","E","R","T","M","R","E","?","?","R","BOSS","M","?","$","M","?","R","E","R","T","M","?","R","?","?","R","BOSS","M","M","M","?","M","R","$","?","T","?","?","R","?","M","R","BOSS"],"items_purchased_type":["Card","Card","Card"],"build_version":"2020-12-22","purchased_purges":0,"victory":false,"max_hp_per_floor":[68,68,68,68,68,68,68,68,68,68,68,68,68,68,68,68,68,68,68,68,68,68,68,68,68,68,68,68,68,68,68,68,68,68,68,68,68,68,68,68,68,70,52,52,52,52,49,49,49,49,49],"card_choices":[{"not_picked":["stsjorbsmod:Hibernate","stsjorbsmod:FracturedMind"],"picked":"stsjorbsmod:ChainLightning","floor":1},{"not_picked":["stsjorbsmod:WanderingMind","stsjorbsmod:Patron"],"picked":"stsjorbsmod:TrueStrike","floor":2},{"not_picked":["stsjorbsmod:Firebolt","stsjorbsmod:OldPocket"],"picked":"stsjorbsmod:Prestidigitation","floor":3},{"not_picked":["stsjorbsmod:DisguiseSelf","stsjorbsmod:Hibernate"],"picked":"stsjorbsmod:ColorSpray","floor":7},{"not_picked":["stsjorbsmod:MagicMissiles","stsjorbsmod:BlackTentacles"],"picked":"stsjorbsmod:Channel","floor":10},{"not_picked":["stsjorbsmod:Materialize","stsjorbsmod:FaerieFire"],"picked":"stsjorbsmod:Prepare","floor":12},{"not_picked":["stsjorbsmod:ParryingBlow","stsjorbsmod:Materialize","Coolheaded"],"picked":"stsjorbsmod:ChatteringStrike","floor":13},{"not_picked":["stsjorbsmod:IvoryTower","stsjorbsmod:Determination","Rainbow"],"picked":"stsjorbsmod:ArcaneForm","floor":16},{"not_picked":["stsjorbsmod:Firebolt","stsjorbsmod:Prestidigitation","stsjorbsmod:Introspection"],"picked":"Genetic Algorithm","floor":18},{"not_picked":["stsjorbsmod:MagicMissiles+1","stsjorbsmod:AnimateObjects","Beam Cell"],"picked":"stsjorbsmod:FindFamiliar","floor":21},{"not_picked":["stsjorbsmod:DoubleCheck","stsjorbsmod:FracturedMind","Tempest"],"picked":"stsjorbsmod:Materialize","floor":24},{"not_picked":["stsjorbsmod:LoseGrip","stsjorbsmod:BurningFlask+1","stsjorbsmod:WeightOfMemory"],"picked":"Streamline","floor":27},{"not_picked":["stsjorbsmod:FindFamiliar+1","stsjorbsmod:Index+1","Tempest"],"picked":"stsjorbsmod:Patron","floor":28},{"not_picked":["stsjorbsmod:Determination","stsjorbsmod:Banish","Core Surge"],"picked":"stsjorbsmod:Feast","floor":33},{"not_picked":["stsjorbsmod:WeightOfMemory","stsjorbsmod:FracturedMind+1","Consume"],"picked":"stsjorbsmod:Index","floor":35},{"not_picked":["stsjorbsmod:WeightOfMemory","stsjorbsmod:FlameWard+1","stsjorbsmod:Will"],"picked":"Static Discharge","floor":36},{"not_picked":["stsjorbsmod:ArcaneWeapon","stsjorbsmod:SchoolsOfMagic","stsjorbsmod:Counterspell"],"picked":"Gash","floor":37},{"not_picked":["stsjorbsmod:Mania+1","stsjorbsmod:DoubleCheck+1","stsjorbsmod:ScorchingRay+1"],"picked":"Beam Cell","floor":39},{"not_picked":["stsjorbsmod:Fear","stsjorbsmod:RayOfFrost","Go for the Eyes"],"picked":"stsjorbsmod:TrueStrike","floor":42},{"not_picked":["stsjorbsmod:Hibernate","stsjorbsmod:Hurt+1","conspire:Rain"],"picked":"stsjorbsmod:TrueStrike+1","floor":48}],"player_experience":268705,"relics_obtained":[{"floor":7,"key":"halation:SelfBoilingWater"},{"floor":9,"key":"InkBottle"},{"floor":12,"key":"hubris:DisguiseKit"},{"floor":24,"key":"ReplayTheSpireMod:TigerMarble"},{"floor":26,"key":"Girya"},{"floor":38,"key":"Anchor"},{"floor":43,"key":"infinitespire:Lychee Nut"}],"event_choices":[{"cards_removed":["stsjorbsmod:Strike_Wanderer"],"damage_healed":0,"gold_gain":0,"player_choice":"Purged","damage_taken":0,"max_hp_gain":0,"max_hp_loss":0,"event_name":"Purifier","floor":5,"gold_loss":0},{"damage_healed":0,"gold_gain":0,"player_choice":"Simplicity","damage_taken":0,"max_hp_gain":0,"max_hp_loss":0,"event_name":"Back to Basics","floor":30,"gold_loss":0,"cards_upgraded":["stsjorbsmod:Strike_Wanderer","stsjorbsmod:Strike_Wanderer","stsjorbsmod:Strike_Wanderer","stsjorbsmod:Defend_Wanderer","stsjorbsmod:Defend_Wanderer","stsjorbsmod:Defend_Wanderer","stsjorbsmod:Defend_Wanderer"]},{"damage_healed":0,"gold_gain":0,"cards_transformed":["Streamline"],"player_choice":"Transformed","damage_taken":0,"max_hp_gain":0,"max_hp_loss":0,"event_name":"Transmorgrifier","floor":31,"gold_loss":0,"cards_obtained":["stsjorbsmod:FaerieFire"]},{"cards_removed":["Genetic Algorithm"],"damage_healed":0,"gold_gain":0,"player_choice":"Removed Skill","damage_taken":0,"max_hp_gain":0,"max_hp_loss":0,"event_name":"Falling","floor":44,"gold_loss":0},{"damage_healed":0,"gold_gain":0,"player_choice":"Max HP","damage_taken":0,"max_hp_gain":0,"max_hp_loss":3,"event_name":"Winding Halls","floor":47,"gold_loss":0}],"is_beta":false,"boss_relics":[{"not_picked":["halation:ForbiddenBikini","Kintsugi"],"picked":"Sandwich"},{"not_picked":["conspire:SeveredTorchhead","hubris:Backtick"],"picked":"hubris:BlackHole"}],"items_purged_floors":[],"is_endless":true,"potions_floor_spawned":[7,10,12,16,21,27,36,37],"killed_by":"bossMod:newAwakened","ascension_level":0}}