{"host":"o3b7ow6d1xe49css","time":1613997912,"event":{"mods":["Act Like it!","Aspiration","BaseMod","Bestiary","Better Altar","Better Match","Better Note","Better Sensory Stone","Better Skull","Better Third Choice","Colored Powertips","Conspire","Energized Spire","Force Act Four","GifTheSpireLib","Halation","Hermit","Hubris","Infinite Spire","Lobotomy","Minty Spire (QoL Compilation)","Quick Restart","Rare Cards Sparkle","Relic Filter Mod","Reliquary","Replay The Spire","Spicy Shops","Spikes Relics","StSLib","Stuff the Spire","The Blue Laboratory","The Hierophant","The Jungle","Wandering Minibosses"],"gold_per_floor":[111,125,142,142,142,142,185,185,185],"floor_reached":8,"language":"ENG","playtime":161,"items_purged":[],"score":112,"play_id":"1a558b80-984d-481c-b369-1b56c7ac9cc4","local_time":"20210222034512","daily_mods":["Heirloom","Flight"],"is_ascension_mode":true,"campfire_choices":[{"floor":6,"key":"REST"}],"circlet_count":0,"master_deck":["AscendersBane","Strike_B","Strike_B","Strike_B+1","Strike_B","Defend_B","Defend_B+1","Defend_B","Defend_B","Zap","Dualcast","Beam Cell","Double Energy","Injury"],"relics":["Cracked Core","Ring of Chaos","Dead Branch","CogitoBucket","Golden Idol","hubris:TenFootPole"],"acts_visited":["Exordium"],"potions_floor_usage":[7],"damage_taken":[{"damage":10,"enemies":"Small Slimes","floor":1,"turns":3},{"damage":2,"enemies":"Jaw Worm","floor":2,"turns":3},{"damage":0,"enemies":"2 Louse","floor":3,"turns":2},{"damage":51,"enemies":"Gremlin Nob","floor":7,"turns":5},{"damage":0,"enemies":"3 Sentries","floor":8,"turns":1}],"seed_played":"2984422165195807237","potions_obtained":[{"floor":2,"key":"SpeedPotion"},{"floor":7,"key":"blueLaboratory:LouseDecoction"}],"is_trial":true,"path_per_floor":["M","M","M","?","?","R","E","E"],"character_chosen":"DEFECT","items_purchased":[],"campfire_rested":1,"item_purchase_floors":[],"current_hp_per_floor":[54,52,52,31,31,52,1,1,1],"gold":185,"neow_bonus":"","is_daily":false,"chose_seed":false,"campfire_upgraded":0,"win_rate":0.0,"timestamp":1613997912,"path_taken":["M","M","M","?","?","R","E","E"],"items_purchased_type":[],"build_version":"2020-12-22","purchased_purges":0,"victory":false,"max_hp_per_floor":[71,71,71,71,71,71,71,71,71],"card_choices":[{"not_picked":["ReplayGash","Reprogram"],"picked":"Beam Cell","floor":1},{"not_picked":["Freischutz","BigBadWolf","BeautyBeast"],"picked":"Singing Bowl","floor":1},{"not_picked":["Wellcheers","OSAHOGD","Freischutz"],"picked":"Singing Bowl","floor":2},{"not_picked":["Compile Driver","ReplayTheSpireMod:Repulse","Rebound"],"picked":"SKIP","floor":2},{"not_picked":["Stack","Darkness"],"picked":"Double Energy","floor":3},{"not_picked":["MeatLantern","VoidDream","OSAHOGD"],"picked":"Singing Bowl","floor":3},{"not_picked":["Woodsman","OSAHOGD","WallGazer"],"picked":"Singing Bowl","floor":7},{"not_picked":["Multi-Cast","Rebound","StuffTheSpire:LoadUp"],"picked":"SKIP","floor":7}],"player_experience":1461578,"relics_obtained":[{"floor":7,"key":"hubris:TenFootPole"}],"event_choices":[{"damage_healed":52,"gold_gain":0,"player_choice":"Upgrade","damage_taken":21,"max_hp_gain":0,"max_hp_loss":71,"event_name":"betterThird:BetterShining","floor":4,"gold_loss":0,"cards_upgraded":["Strike_B","Defend_B"]},{"damage_healed":0,"gold_gain":0,"player_choice":"Take Wound","damage_taken":0,"relics_obtained":["Golden Idol"],"max_hp_gain":0,"max_hp_loss":0,"event_name":"Golden Idol","floor":5,"gold_loss":0,"cards_obtained":["Injury"]}],"is_beta":false,"boss_relics":[],"items_purged_floors":[],"is_endless":false,"potions_floor_spawned":[2,7],"killed_by":"3 Sentries","ascension_level":20}}