{"host":"h49usdrjeju7gyhi","time":1613967560,"event":{"mods":["Act Like it!","BaseMod","Minty Spire (QoL Compilation)","Ruina","StSLib","The Animator"],"gold_per_floor":[131,131,131,154,185,185,29,29,53,65,133,133,33,45,45,120,120,140,140,140,140,140,140],"floor_reached":22,"language":"ENG","playtime":1044,"items_purged":["animator:Strike","animator:Strike"],"score":344,"play_id":"f70408ea-b00d-4874-999a-27c9bb9c4bb8","local_time":"20210221231920","is_ascension_mode":true,"campfire_choices":[{"data":"animator:AcuraAkari","floor":6,"key":"SMITH"},{"data":"animator:Berserker","floor":8,"key":"SMITH"},{"floor":15,"key":"REST"}],"circlet_count":0,"master_deck":["AscendersBane","animator:Strike_HitsugiNoChaika","animator:Defend_HitsugiNoChaika","animator:Defend","animator:AcuraAkari+1","animator:Gillette","animator:Guy","animator:Chung","animator:Berserker+1","animator:WinryRockbell","animator:AcuraTooru","animator:Layla","animator:RoryMercury","animator:Envy","animator:ChaikaBohdan","animator:ChaikaBohdan","animator:ChaikaBohdan"],"relics":["animator:LivingPicture","animator:TheMissingPiece","animator:PurgingStone","NeowsBlessing","CultistMask","Red Skull","Akabeko","animator:RacePiece"],"acts_visited":["Exordium","Exordium"],"potions_floor_usage":[10,22,22],"damage_taken":[{"damage":0,"enemies":"Jaw Worm","floor":1,"turns":1},{"damage":0,"enemies":"Small Slimes","floor":4,"turns":1},{"damage":0,"enemies":"Cultist","floor":5,"turns":1},{"damage":10,"enemies":"3 Louse","floor":10,"turns":3},{"damage":21,"enemies":"Lagavulin Event","floor":11,"turns":5},{"damage":0,"enemies":"Blue Slaver","floor":14,"turns":1},{"damage":15,"enemies":"Hexaghost","floor":16,"turns":8},{"damage":21,"enemies":"ruina:2_Scarecrows","floor":18,"turns":7},{"damage":37,"enemies":"ruina:3_Bats","floor":22,"turns":4}],"seed_played":"5335790269448868935","potions_obtained":[{"floor":5,"key":"SkillPotion"},{"floor":11,"key":"Weak Potion"},{"floor":14,"key":"Swift Potion"}],"is_trial":false,"path_per_floor":["M","?","?","M","M","R","$","R","T","M","?","?","$","M","R","B",null,"M","?","?","?","M"],"character_chosen":"THE_ANIMATOR","items_purchased":["animator:WinryRockbell"],"campfire_rested":1,"item_purchase_floors":[7],"current_hp_per_floor":[54,54,54,54,54,54,54,54,54,45,24,24,24,25,43,28,54,33,33,33,33,0,0],"gold":140,"neow_bonus":"THREE_ENEMY_KILL","is_daily":false,"chose_seed":false,"campfire_upgraded":2,"win_rate":0.0,"timestamp":1613967560,"path_taken":["M","?","?","M","?","R","$","R","T","M","?","?","?","M","R","BOSS","M","?","?","?","M"],"items_purchased_type":["Card"],"build_version":"2020-12-22","purchased_purges":2,"victory":false,"max_hp_per_floor":[60,60,60,60,60,60,60,60,60,61,61,61,61,62,62,62,62,62,62,62,62,62,62],"card_choices":[{"not_picked":["animator:Tet","animator:RoryMercury"],"picked":"animator:Guy","floor":1},{"not_picked":["animator:OrikoMikuni","animator:GazelDwargon"],"picked":"animator:Chung","floor":4},{"not_picked":["animator:ChlammyZell","animator:Geryuganshoop"],"picked":"animator:Berserker","floor":5},{"not_picked":["animator:AcuraAkari","animator:Gillette"],"picked":"animator:AcuraTooru","floor":10},{"not_picked":["animator:Raven","animator:Kuribayashi"],"picked":"animator:Layla","floor":11},{"not_picked":["animator:SuzuneAmano","animator:SayakaMiki"],"picked":"animator:Assassin","floor":14},{"not_picked":["animator:Kyubey","animator:Gilgamesh"],"picked":"animator:Envy","floor":16},{"not_picked":["animator:DolaRiku","animator:Raven","animator:Genos"],"picked":"SKIP","floor":18}],"player_experience":1597037,"relics_obtained":[{"floor":9,"key":"Red Skull"},{"floor":11,"key":"Akabeko"}],"event_choices":[{"damage_healed":0,"gold_gain":0,"player_choice":"Ignored","damage_taken":0,"max_hp_gain":0,"max_hp_loss":0,"event_name":"Liars Game","floor":2,"gold_loss":0},{"damage_healed":0,"gold_gain":0,"player_choice":"Trade","damage_taken":0,"relics_obtained":["CultistMask"],"max_hp_gain":0,"max_hp_loss":0,"event_name":"FaceTrader","floor":3,"gold_loss":0},{"damage_healed":0,"gold_gain":0,"player_choice":"Searched \u00271\u0027 times","damage_taken":0,"max_hp_gain":0,"max_hp_loss":0,"event_name":"Dead Adventurer","floor":11,"gold_loss":0},{"damage_healed":0,"gold_gain":0,"cards_transformed":["animator:Strike"],"player_choice":"Change","damage_taken":0,"max_hp_gain":0,"max_hp_loss":0,"event_name":"Living Wall","floor":12,"gold_loss":0,"cards_obtained":["animator:RoryMercury"]}],"is_beta":false,"boss_relics":[{"not_picked":["animator:CursedBlade","Mark of Pain"],"picked":"animator:RacePiece"}],"items_purged_floors":[7,13],"is_endless":false,"potions_floor_spawned":[5,11,14,18],"killed_by":"ruina:3_Bats","ascension_level":20}}