{"host":"gzz35fplm60aw28t","time":1613961042,"event":{"mods":["AchievementEnabler","BaseMod","Colored Powertips","DeckTracker","Minty Spire (QoL Compilation)"],"gold_per_floor":[114,64,64,77,96,139,64,64,64,98,119,119,119,150,150,274,274,287,287,312,348,348,348,379,379,402,448,460,495,541,81,81,206,206,219,238,198,211,226,270,270,284,309,345,360,375,408,408,408,408],"floor_reached":51,"language":"ENG","playtime":3464,"items_purged":["Defend_G"],"score":931,"play_id":"fc29cb41-e253-4b45-ad67-2d3b6447c637","local_time":"20210222033042","is_ascension_mode":true,"campfire_choices":[{"data":"Glass Knife","floor":8.0,"key":"SMITH"},{"data":"Sucker Punch","floor":15.0,"key":"SMITH"},{"data":"Die Die Die","floor":23.0,"key":"SMITH"},{"data":"Dodge and Roll","floor":25.0,"key":"SMITH"},{"data":"Noxious Fumes","floor":32.0,"key":"SMITH"},{"data":"Dodge and Roll","floor":41,"key":"SMITH"},{"data":"Neutralize","floor":49,"key":"SMITH"}],"circlet_count":0,"master_deck":["Strike_G","Strike_G","Strike_G","Strike_G","Defend_G","Defend_G","Defend_G","Defend_G+1","Survivor","Neutralize+1","Blade Dance","Blade Dance","Dodge and Roll+1","Glass Knife+1","Burst+1","Sucker Punch+1","Die Die Die+1","PiercingWail+1","Footwork+1","Blade Dance","Footwork+1","Backstab+1","Noxious Fumes+1","Corpse Explosion","Dodge and Roll+1","Dagger Throw+1","Masterful Stab+1","Deadly Poison","Slice+1","Deadly Poison+1","PiercingWail+1","Blur","Dagger Throw+1","Well Laid Plans"],"relics":["Ring of the Serpent","Golden Idol","Matryoshka","Centennial Puzzle","Gremlin Horn","Thread and Needle","HornCleat","Red Mask","Darkstone Periapt","Potion Belt","MawBank","White Beast Statue","PreservedInsect","Vajra","Meat on the Bone","HoveringKite","Toy Ornithopter","Bag of Marbles","Snake Skull","Ice Cream"],"acts_visited":["Exordium","TheCity","TheBeyond"],"potions_floor_usage":[40,40,42,45,46,47,50,50,50,50,50,50,50,50,50,50],"damage_taken":[{"damage":0.0,"enemies":"Jaw Worm","floor":1.0,"turns":4.0},{"damage":0.0,"enemies":"2 Louse","floor":4.0,"turns":2.0},{"damage":5.0,"enemies":"Small Slimes","floor":5.0,"turns":2.0},{"damage":31.0,"enemies":"Gremlin Nob","floor":6.0,"turns":4.0},{"damage":18.0,"enemies":"Lagavulin","floor":10.0,"turns":5.0},{"damage":0.0,"enemies":"3 Louse","floor":11.0,"turns":1.0},{"damage":8.0,"enemies":"Gremlin Nob","floor":14.0,"turns":3.0},{"damage":3.0,"enemies":"Hexaghost","floor":16.0,"turns":11.0},{"damage":0.0,"enemies":"Spheric Guardian","floor":18.0,"turns":3.0},{"damage":3.0,"enemies":"Shell Parasite","floor":20.0,"turns":4.0},{"damage":0.0,"enemies":"Masked Bandits","floor":21.0,"turns":2.0},{"damage":0.0,"enemies":"Slavers","floor":24.0,"turns":7.0},{"damage":0.0,"enemies":"Book of Stabbing","floor":27.0,"turns":9.0},{"damage":16.0,"enemies":"Shelled Parasite and Fungi","floor":29.0,"turns":4.0},{"damage":0.0,"enemies":"Gremlin Leader","floor":30.0,"turns":4.0},{"damage":28.0,"enemies":"Champ","floor":33.0,"turns":13.0},{"damage":4.0,"enemies":"3 Darklings","floor":35.0,"turns":6.0},{"damage":0.0,"enemies":"Orb Walker","floor":36.0,"turns":5.0},{"damage":0.0,"enemies":"Jaw Worm Horde","floor":38.0,"turns":3.0},{"damage":0.0,"enemies":"Transient","floor":39.0,"turns":5.0},{"damage":3,"enemies":"Nemesis","floor":40,"turns":5},{"damage":16,"enemies":"Maw","floor":42,"turns":7},{"damage":14,"enemies":"Giant Head","floor":44,"turns":8},{"damage":13,"enemies":"Spire Growth","floor":45,"turns":4},{"damage":0,"enemies":"4 Shapes","floor":46,"turns":3},{"damage":12,"enemies":"Nemesis","floor":47,"turns":5},{"damage":14,"enemies":"Awakened One","floor":50,"turns":11}],"seed_played":"-7534624674119854582","potions_obtained":[{"floor":13.0,"key":"CunningPotion"},{"floor":13.0,"key":"Regen Potion"},{"floor":13.0,"key":"ColorlessPotion"},{"floor":14.0,"key":"DuplicationPotion"},{"floor":16.0,"key":"Block Potion"},{"floor":20.0,"key":"SkillPotion"},{"floor":21.0,"key":"Swift Potion"},{"floor":27.0,"key":"SkillPotion"},{"floor":29.0,"key":"AttackPotion"},{"floor":30.0,"key":"EntropicBrew"},{"floor":33.0,"key":"Swift Potion"},{"floor":35.0,"key":"Weak Potion"},{"floor":36.0,"key":"EntropicBrew"},{"floor":38.0,"key":"Fire Potion"},{"floor":39.0,"key":"ColorlessPotion"},{"floor":40,"key":"CunningPotion"},{"floor":42,"key":"CunningPotion"},{"floor":44,"key":"AttackPotion"},{"floor":45,"key":"Block Potion"},{"floor":46,"key":"AttackPotion"},{"floor":47,"key":"PowerPotion"}],"is_trial":false,"path_per_floor":["M","?","?","M","M","E","$","R","T","E","M","?","?","E","R","B",null,"M","?","M","?","?","R","E","R","T","E","$","M","E","$","R","B",null,"M","M","?","M","M","E","R","M","T","E","M","M","E","?","R","B",null],"character_chosen":"THE_SILENT","items_purchased":["Noxious Fumes","Vajra","Meat on the Bone"],"campfire_rested":0,"item_purchase_floors":[31,31,31],"current_hp_per_floor":[70,70,65,65,60,29,29,29,29,11,11,11,11,8,8,5,65,65,65,62,62,62,62,62,62,62,62,62,46,46,46,46,30,65,61,61,61,61,61,58,58,47,47,33,37,42,35,35,35,51],"gold":408,"neow_bonus":"THREE_CARDS","is_daily":false,"chose_seed":false,"campfire_upgraded":7,"win_rate":0.0,"timestamp":1613961042,"path_taken":["M","?","?","M","M","E","$","R","T","E","M","?","?","E","R","BOSS","M","?","M","?","?","R","E","R","T","E","$","?","E","?","R","BOSS","M","M","?","M","?","E","R","M","T","E","M","M","E","?","R","BOSS"],"items_purchased_type":["Card","Relic","Relic"],"build_version":"2020-12-22","purchased_purges":1,"victory":true,"max_hp_per_floor":[70,70,65,65,65,65,65,65,65,65,65,65,65,65,65,65,65,65,65,65,65,65,65,65,65,65,65,65,65,65,65,65,65,65,65,65,65,65,65,65,65,65,65,65,65,65,65,65,65,65],"card_choices":[{"not_picked":["Sucker Punch","Tactician"],"picked":"Blade Dance","floor":0.0},{"not_picked":["Poisoned Stab","Bane"],"picked":"Dagger Spray","floor":1.0},{"not_picked":["Underhanded Strike","Footwork"],"picked":"Blade Dance","floor":4.0},{"not_picked":["Dash","Poisoned Stab"],"picked":"Dodge and Roll","floor":5.0},{"not_picked":["Outmaneuver","Dodge and Roll"],"picked":"Glass Knife","floor":6.0},{"not_picked":["Dagger Throw","Escape Plan"],"picked":"Burst","floor":10.0},{"not_picked":["Distraction","Flechettes","Slice"],"picked":"SKIP","floor":11.0},{"not_picked":["Flying Knee","Tactician"],"picked":"Sucker Punch","floor":14.0},{"not_picked":["Bullet Time","Tools of the Trade"],"picked":"Die Die Die","floor":16.0},{"not_picked":["Crippling Poison","Deadly Poison"],"picked":"PiercingWail+1","floor":18.0},{"not_picked":["Prepared","Flechettes"],"picked":"Blade Dance","floor":20.0},{"not_picked":["Underhanded Strike","Dagger Spray+1"],"picked":"Footwork+1","floor":24.0},{"not_picked":["Prepared","Night Terror","Crippling Poison"],"picked":"SKIP","floor":27.0},{"not_picked":["Dagger Spray","Quick Slash+1"],"picked":"Backstab","floor":29.0},{"not_picked":["Slice","Prepared","Flying Knee"],"picked":"SKIP","floor":30.0},{"not_picked":["Bullet Time","Doppelganger"],"picked":"Corpse Explosion","floor":33.0},{"not_picked":["Slice","Tactician+1"],"picked":"Dodge and Roll","floor":35.0},{"not_picked":["Flechettes+1","Prepared"],"picked":"Dagger Throw+1","floor":36.0},{"not_picked":["Underhanded Strike","Bane"],"picked":"Masterful Stab+1","floor":38.0},{"not_picked":["Expertise+1","Terror"],"picked":"Deadly Poison","floor":39.0},{"not_picked":["Underhanded Strike+1","Eviscerate"],"picked":"Slice+1","floor":40},{"not_picked":["Outmaneuver","Corpse Explosion"],"picked":"Deadly Poison+1","floor":42},{"not_picked":["All Out Attack","Deflect+1"],"picked":"PiercingWail+1","floor":44},{"not_picked":["Flechettes","Quick Slash"],"picked":"Blur","floor":45},{"not_picked":["Crippling Poison+1","Dodge and Roll"],"picked":"Dagger Throw+1","floor":46},{"not_picked":["Endless Agony+1","PiercingWail"],"picked":"Well Laid Plans","floor":47}],"player_experience":18273,"relics_obtained":[{"floor":6.0,"key":"Matryoshka"},{"floor":9.0,"key":"Centennial Puzzle"},{"floor":9.0,"key":"Gremlin Horn"},{"floor":10.0,"key":"Thread and Needle"},{"floor":14.0,"key":"HornCleat"},{"floor":21.0,"key":"Red Mask"},{"floor":24.0,"key":"Darkstone Periapt"},{"floor":26.0,"key":"Potion Belt"},{"floor":26.0,"key":"MawBank"},{"floor":27.0,"key":"White Beast Statue"},{"floor":30.0,"key":"PreservedInsect"},{"floor":40,"key":"Toy Ornithopter"},{"floor":43,"key":"Bag of Marbles"},{"floor":44,"key":"Snake Skull"},{"floor":47,"key":"Ice Cream"}],"event_choices":[{"cards_removed":["Strike_G"],"damage_healed":0.0,"max_hp_gain":0.0,"max_hp_loss":0.0,"gold_gain":0.0,"event_name":"The Cleric","player_choice":"Card Removal","floor":2.0,"gold_loss":50.0,"damage_taken":0.0},{"damage_healed":0.0,"max_hp_gain":0.0,"max_hp_loss":5.0,"gold_gain":0.0,"event_name":"Golden Idol","player_choice":"Lose Max HP","floor":3.0,"gold_loss":0.0,"damage_taken":0.0,"relics_obtained":["Golden Idol"]},{"damage_healed":0.0,"max_hp_gain":0.0,"max_hp_loss":0.0,"gold_gain":0.0,"event_name":"Living Wall","player_choice":"Grow","floor":12.0,"gold_loss":0.0,"damage_taken":0.0,"cards_upgraded":["Burst"]},{"damage_healed":0.0,"max_hp_gain":0.0,"max_hp_loss":0.0,"gold_gain":0.0,"event_name":"Lab","player_choice":"Got Potions","floor":13.0,"gold_loss":0.0,"damage_taken":0.0},{"damage_healed":0.0,"max_hp_gain":0.0,"max_hp_loss":0.0,"gold_gain":0.0,"event_name":"The Library","player_choice":"Read","floor":19.0,"gold_loss":0.0,"damage_taken":0.0,"cards_obtained":["Footwork"]},{"damage_healed":0.0,"max_hp_gain":0.0,"max_hp_loss":0.0,"gold_gain":0.0,"event_name":"Masked Bandits","player_choice":"Fought Bandits","floor":21.0,"gold_loss":0.0,"damage_taken":0.0},{"damage_healed":0.0,"max_hp_gain":0.0,"max_hp_loss":0.0,"gold_gain":0.0,"event_name":"Upgrade Shrine","player_choice":"Upgraded","floor":22.0,"gold_loss":0.0,"damage_taken":0.0,"cards_upgraded":["Footwork"]},{"damage_healed":0.0,"max_hp_gain":0.0,"max_hp_loss":0.0,"gold_gain":0.0,"event_name":"Designer","player_choice":"Upgraded Two","floor":37.0,"gold_loss":40.0,"damage_taken":0.0,"cards_upgraded":["Backstab","Defend_G"]},{"cards_removed":["Dagger Spray"],"damage_healed":0,"gold_gain":0,"player_choice":"Removed Attack","damage_taken":0,"max_hp_gain":0,"max_hp_loss":0,"event_name":"Falling","floor":48,"gold_loss":0}],"is_beta":false,"boss_relics":[{"not_picked":["Tiny House","Snecko Eye"],"picked":"Ring of the Serpent"},{"not_picked":["Black Star","Astrolabe"],"picked":"HoveringKite"}],"items_purged_floors":[7],"is_endless":false,"potions_floor_spawned":[14,16,20,21,27,29,30,33,35,36,38,39,40,42,44,45,46,47],"ascension_level":1}}