{"host":"2se5dq1do2gp0x9k","time":1613974828,"event":{"mods":["AchievementEnabler","BaseMod","Block Reminder","Colored Map","Colored Powertips","Minty Spire (QoL Compilation)","Relic Stats","StSLib","SuperFastMode"],"gold_per_floor":[110,123,198,218,234,234,234,234],"floor_reached":7,"language":"ENG","playtime":205,"items_purged":[],"score":82,"play_id":"66135e1d-eb0f-450f-900c-4f1718976997","local_time":"20210221222028","is_ascension_mode":true,"campfire_choices":[{"data":"Eruption","floor":6,"key":"SMITH"}],"circlet_count":0,"master_deck":["AscendersBane","Strike_P","Strike_P","Strike_P","Strike_P","Defend_P","Defend_P","Defend_P","Defend_P","Eruption+1","Vigilance","ReachHeaven","FollowUp","JustLucky","ThirdEye"],"relics":["Sozu"],"acts_visited":["Exordium"],"potions_floor_usage":[],"damage_taken":[{"damage":3.0,"enemies":"Small Slimes","floor":1.0,"turns":3.0},{"damage":6.0,"enemies":"2 Louse","floor":2.0,"turns":2.0},{"damage":2.0,"enemies":"Cultist","floor":4.0,"turns":3.0},{"damage":5,"enemies":"Blue Slaver","floor":5,"turns":5},{"damage":38,"enemies":"Lagavulin","floor":7,"turns":5}],"seed_played":"-6629799578248708302","potions_obtained":[],"is_trial":false,"path_per_floor":["M","M","?","M","M","R","E"],"character_chosen":"WATCHER","items_purchased":[],"campfire_rested":0,"item_purchase_floors":[],"current_hp_per_floor":[58,52,41,39,34,34,0,0],"gold":234,"neow_bonus":"BOSS_RELIC","is_daily":false,"chose_seed":false,"campfire_upgraded":1,"win_rate":0.0,"timestamp":1613974828,"path_taken":["M","M","?","M","M","R","E"],"items_purchased_type":[],"build_version":"2020-12-22","purchased_purges":0,"victory":false,"max_hp_per_floor":[68,68,68,68,68,68,68,68],"relic_stats":{"Sozu":1,"counters":[5,18],"obtain_stats":[{"Sozu":0,"PureWater":0},{"Sozu":0,"PureWater":0},{"Sozu":0,"PureWater":0}]},"card_choices":[{"not_picked":["FlurryOfBlows","EmptyBody"],"picked":"ReachHeaven","floor":1.0},{"not_picked":["Sanctity","EmptyBody"],"picked":"FollowUp","floor":2.0},{"not_picked":["EmptyBody","Prostrate"],"picked":"JustLucky","floor":4.0},{"not_picked":["FlyingSleeves","EmptyBody"],"picked":"ThirdEye","floor":5}],"player_experience":4116024,"relics_obtained":[],"event_choices":[{"damage_healed":0.0,"max_hp_gain":0.0,"max_hp_loss":0.0,"gold_gain":75.0,"event_name":"World of Goop","player_choice":"Gather Gold","floor":3.0,"gold_loss":0.0,"damage_taken":11.0}],"is_beta":false,"boss_relics":[],"items_purged_floors":[],"is_endless":false,"potions_floor_spawned":[1],"killed_by":"Lagavulin","ascension_level":18}}