{"host":"rolltorest","time":1613952088,"event":{"mods":["BaseMod","Minty Spire (QoL Compilation)","Relic Stats","Slay the Relics Exporter","StSLib"],"gold_per_floor":[109,126,126,144,144,176,176,209,255,273,273,307,324,351,351,425,425,443,99,113,129,129,160,160,190,216,235,246,274,288,305,305,382,382,397,397,407,421,435,463,463,463,486,505,505,505],"floor_reached":45,"language":"ENG","playtime":1910,"items_purged":["Strike_B"],"score":1083,"play_id":"1bbd9f18-130d-4282-b1ce-9f0564afe95d","local_time":"20210221160128","is_ascension_mode":true,"campfire_choices":[{"data":"Beam Cell","floor":7,"key":"SMITH"},{"data":"Ball Lightning","floor":11,"key":"SMITH"},{"data":"Sweeping Beam","floor":15,"key":"SMITH"},{"data":"Reinforced Body","floor":24,"key":"SMITH"},{"data":"Barrage","floor":32,"key":"SMITH"},{"data":"Defragment","floor":41,"key":"SMITH"}],"circlet_count":0,"master_deck":["AscendersBane","Defend_B","Defend_B","Defend_B","Defend_B","Zap","Dualcast","FTL","Cold Snap","Ball Lightning+1","Beam Cell+1","BootSequence","Core Surge","Self Repair","Sweeping Beam+1","Go for the Eyes","Electrodynamics","Ball Lightning","Reinforced Body+1","Reinforced Body","Glacier","Sweeping Beam","White Noise+1","Heatsinks","Conserve Battery+1","Seek+1","Coolheaded+1","Barrage+1","Fission+1","Scrape+1","Skim+1","Multi-Cast+1","Compile Driver","Loop","Defragment+1","Coolheaded+1"],"relics":["Runic Pyramid","Sundial","Orichalcum","The Courier","Strawberry","Meat on the Bone","Odd Mushroom","Runic Dome","Symbiotic Virus","Bottled Flame","Toxic Egg 2","Blood Vial","CaptainsWheel","Astrolabe","Gambling Chip"],"acts_visited":["Exordium","TheCity","TheBeyond"],"potions_floor_usage":[12,16,33,45],"damage_taken":[{"damage":0,"enemies":"2 Louse","floor":1,"turns":5},{"damage":2,"enemies":"Cultist","floor":2,"turns":4},{"damage":4,"enemies":"Small Slimes","floor":4,"turns":3},{"damage":22,"enemies":"3 Sentries","floor":6,"turns":7},{"damage":17,"enemies":"Lagavulin","floor":8,"turns":5},{"damage":1,"enemies":"3 Louse","floor":10,"turns":4},{"damage":27,"enemies":"Gremlin Nob","floor":12,"turns":4},{"damage":0,"enemies":"Red Slaver","floor":13,"turns":3},{"damage":8,"enemies":"The Mushroom Lair","floor":14,"turns":4},{"damage":28,"enemies":"Slime Boss","floor":16,"turns":10},{"damage":7,"enemies":"3 Byrds","floor":18,"turns":4},{"damage":2,"enemies":"Chosen","floor":20,"turns":3},{"damage":13,"enemies":"Centurion and Healer","floor":21,"turns":5},{"damage":22,"enemies":"Gremlin Leader","floor":23,"turns":6},{"damage":18,"enemies":"Slavers","floor":25,"turns":4},{"damage":0,"enemies":"Cultist and Chosen","floor":27,"turns":4},{"damage":0,"enemies":"Snecko","floor":28,"turns":4},{"damage":5,"enemies":"Book of Stabbing","floor":29,"turns":5},{"damage":4,"enemies":"Centurion and Healer","floor":30,"turns":6},{"damage":19,"enemies":"Cultist and Chosen","floor":31,"turns":6},{"damage":51,"enemies":"Champ","floor":33,"turns":15},{"damage":0,"enemies":"3 Darklings","floor":35,"turns":4},{"damage":0,"enemies":"Orb Walker","floor":37,"turns":3},{"damage":5,"enemies":"3 Darklings","floor":38,"turns":5},{"damage":14,"enemies":"4 Shapes","floor":39,"turns":3},{"damage":25,"enemies":"Nemesis","floor":40,"turns":9},{"damage":12,"enemies":"Writhing Mass","floor":44,"turns":8},{"damage":61,"enemies":"Giant Head","floor":45,"turns":8}],"seed_played":"-4440818343697981088","potions_obtained":[{"floor":1,"key":"Regen Potion"},{"floor":2,"key":"FairyPotion"},{"floor":10,"key":"FearPotion"},{"floor":13,"key":"Swift Potion"},{"floor":14,"key":"GamblersBrew"},{"floor":20,"key":"Swift Potion"},{"floor":29,"key":"PowerPotion"},{"floor":37,"key":"LiquidBronze"}],"is_trial":false,"path_per_floor":["M","M","?","M","$","E","R","E","T","M","R","E","M","?","R","B",null,"M","$","M","M","?","E","R","E","T","M","M","E","M","M","R","B",null,"M","?","M","M","M","E","R","?","T","M","E"],"character_chosen":"DEFECT","items_purchased":["Symbiotic Virus","Reinforced Body"],"campfire_rested":0,"item_purchase_floors":[19,19],"current_hp_per_floor":[64,62,62,58,58,36,36,19,26,25,25,23,42,53,53,44,70,70,70,68,62,56,53,53,54,54,56,65,69,74,64,64,34,67,76,76,78,78,64,48,48,48,48,57,0,0],"gold":505,"neow_bonus":"BOSS_RELIC","is_daily":false,"chose_seed":false,"campfire_upgraded":6,"win_rate":0.0,"timestamp":1613952088,"path_taken":["M","M","?","M","$","E","R","E","T","M","R","E","?","?","R","BOSS","M","$","M","M","?","E","R","E","T","?","M","E","?","M","R","BOSS","M","?","?","M","M","E","R","?","T","M","E"],"items_purchased_type":["Relic","Card"],"build_version":"2020-12-18","purchased_purges":1,"victory":false,"max_hp_per_floor":[71,71,71,71,71,71,71,71,78,78,78,78,78,78,78,78,78,78,78,78,78,78,78,78,78,78,78,78,78,78,78,78,78,78,78,78,78,78,78,78,78,78,78,78,78,78],"relic_stats":{"Blood Vial":22,"counters":[28,151],"Sundial":[16],"Astrolabe":["Scrape","Skim","Multi-Cast"],"Gambling Chip":[4],"Orichalcum":[108],"obtain_stats":[{"Astrolabe":34,"The Courier":8,"Orichalcum":6,"Odd Mushroom":14,"Blood Vial":26,"Runic Dome":17,"Bottled Flame":23,"CaptainsWheel":29,"Sundial":3,"Strawberry":9,"Gambling Chip":40,"Toxic Egg 2":25,"Cracked Core":0,"Symbiotic Virus":19,"Runic Pyramid":0,"Meat on the Bone":12},{"Astrolabe":21,"The Courier":5,"Orichalcum":4,"Odd Mushroom":9,"Blood Vial":15,"Runic Dome":10,"Bottled Flame":14,"CaptainsWheel":18,"Sundial":2,"Strawberry":5,"Gambling Chip":26,"Toxic Egg 2":15,"Cracked Core":0,"Symbiotic Virus":11,"Runic Pyramid":0,"Meat on the Bone":7},{"Astrolabe":111,"The Courier":24,"Orichalcum":19,"Odd Mushroom":39,"Blood Vial":71,"Runic Dome":49,"Bottled Flame":67,"CaptainsWheel":84,"Sundial":9,"Strawberry":24,"Gambling Chip":135,"Toxic Egg 2":71,"Cracked Core":0,"Symbiotic Virus":53,"Runic Pyramid":0,"Meat on the Bone":32}],"Meat on the Bone":84},"card_choices":[{"not_picked":["Darkness","Rebound"],"picked":"FTL","floor":1},{"not_picked":["Compile Driver","Storm"],"picked":"Cold Snap","floor":2},{"not_picked":["FTL","Go for the Eyes"],"picked":"Ball Lightning","floor":4},{"not_picked":["Gash","Steam Power"],"picked":"Beam Cell","floor":6},{"not_picked":["Blizzard","Streamline"],"picked":"BootSequence","floor":8},{"not_picked":["Chill","Melter"],"picked":"Core Surge","floor":10},{"not_picked":["Hello World","Steam"],"picked":"Self Repair","floor":12},{"not_picked":["Ball Lightning","Static Discharge"],"picked":"Sweeping Beam","floor":13},{"not_picked":["Gash","Coolheaded"],"picked":"Go for the Eyes","floor":14},{"not_picked":["Seek","Buffer"],"picked":"Electrodynamics","floor":16},{"not_picked":["Hello World","Stack"],"picked":"Ball Lightning","floor":18},{"not_picked":["Sweeping Beam","Redo+1"],"picked":"Reinforced Body","floor":20},{"not_picked":["Conserve Battery+1","Chaos"],"picked":"Glacier","floor":21},{"not_picked":["Leap","Multi-Cast"],"picked":"Sweeping Beam","floor":23},{"not_picked":["Redo+1","Sunder"],"picked":"White Noise+1","floor":25},{"not_picked":["Lockon","Auto Shields+1"],"picked":"Heatsinks","floor":27},{"not_picked":["BootSequence+1","Sweeping Beam+1"],"picked":"Conserve Battery+1","floor":28},{"not_picked":["Leap+1","Consume+1"],"picked":"Seek+1","floor":29},{"not_picked":["Gash","Turbo+1"],"picked":"Coolheaded+1","floor":30},{"not_picked":["Beam Cell","Conserve Battery+1"],"picked":"Barrage","floor":31},{"not_picked":["Meteor Strike","Amplify+1"],"picked":"Fission+1","floor":33},{"not_picked":["Redo+1","Go for the Eyes"],"picked":"Compile Driver","floor":35},{"not_picked":["Lockon","Steam+1"],"picked":"Loop","floor":37},{"not_picked":["Leap+1","Stack+1","Gash+1"],"picked":"SKIP","floor":38},{"not_picked":["Electrodynamics","Streamline","Reprogram+1"],"picked":"SKIP","floor":39},{"not_picked":["Turbo+1","Steam+1"],"picked":"Defragment","floor":40},{"not_picked":["Auto Shields+1","Hello World"],"picked":"Coolheaded+1","floor":44}],"player_experience":2020953,"relics_obtained":[{"floor":6,"key":"Orichalcum"},{"floor":8,"key":"The Courier"},{"floor":9,"key":"Strawberry"},{"floor":12,"key":"Meat on the Bone"},{"floor":14,"key":"Odd Mushroom"},{"floor":23,"key":"Bottled Flame"},{"floor":25,"key":"Toxic Egg 2"},{"floor":26,"key":"Blood Vial"},{"floor":29,"key":"CaptainsWheel"},{"floor":40,"key":"Gambling Chip"}],"event_choices":[{"damage_healed":0,"gold_gain":0,"player_choice":"Gave Potion","damage_taken":0,"relics_obtained":["Sundial"],"max_hp_gain":0,"max_hp_loss":0,"event_name":"WeMeetAgain","floor":3,"gold_loss":0},{"damage_healed":0,"gold_gain":0,"player_choice":"Fought Mushrooms","damage_taken":0,"max_hp_gain":0,"max_hp_loss":0,"event_name":"Mushrooms","floor":14,"gold_loss":0},{"damage_healed":0,"gold_gain":0,"player_choice":"","damage_taken":6,"max_hp_gain":0,"max_hp_loss":0,"event_name":"Knowing Skull","floor":22,"potions_obtained":[],"gold_loss":0,"cards_obtained":[]},{"damage_healed":0,"gold_gain":0,"player_choice":"Ignored","damage_taken":0,"max_hp_gain":0,"max_hp_loss":0,"event_name":"SecretPortal","floor":36,"gold_loss":0},{"damage_healed":0,"gold_gain":0,"player_choice":"Ignored","damage_taken":0,"max_hp_gain":0,"max_hp_loss":0,"event_name":"Tomb of Lord Red Mask","floor":42,"gold_loss":0}],"is_beta":true,"boss_relics":[{"not_picked":["Snecko Eye","Ectoplasm"],"picked":"Runic Dome"},{"not_picked":["Nuclear Battery","Empty Cage"],"picked":"Astrolabe"}],"items_purged_floors":[19],"is_endless":false,"potions_floor_spawned":[1,2,10,13,14,20,23,25,27,29,30,37,44],"killed_by":"Giant Head","ascension_level":20}}