{"host":"Hutts","time":1613973297,"event":{"mods":["BaseMod","Downfall","Googly Eyes","Hermit","Minty Spire (QoL Compilation)","StSLib","The Cursed","The IronCluck"],"gold_per_floor":[99,116,291,17,17,17,43,55,68,68,29,29,29,39,50,152,152,152,164,0,0,12,12,12,0,0,13,31,31,31,51,65,167,167,167,187,206,257,257,257,257,283,283,283,210,210,210,1,21,21],"floor_reached":51,"language":"ENG","playtime":5574,"items_purged":["bronze:Philosophize+1"],"score":688,"play_id":"01ad560b-788c-4554-baec-66e1179b770c","local_time":"20210221235457","is_ascension_mode":false,"campfire_choices":[{"data":"bronze:Replicate","floor":1.0,"key":"SMITH"},{"floor":6.0,"key":"REST"},{"data":"bronze:GetLatest","floor":10.0,"key":"SMITH"},{"data":"bronze:BronzeOrb","floor":13.0,"key":"SMITH"},{"data":"bronze:Boost","floor":18.0,"key":"SMITH"},{"floor":26.0,"key":"REST"},{"data":"bronze:BuggyMess","floor":30.0,"key":"SMITH"},{"data":"bronze:Assembly","floor":35,"key":"SMITH"},{"data":"bronze:Goto","floor":43,"key":"SMITH"},{"data":"bronze:Philosophize","floor":44,"key":"SMITH"},{"data":"bronze:DelayedSlice","floor":46,"key":"SMITH"}],"circlet_count":0,"master_deck":["bronze:Strike","bronze:Strike","bronze:Strike","bronze:Strike","bronze:Defend","bronze:Defend","bronze:Defend","bronze:Replicate+1","bronze:Goto+1","bronze:BronzeOrb+1","bronze:DelayedSlice+1","bronze:GetLatest+1","bronze:Boost+1","bronze:Branch+1","bronze:CutThrough+1","bronze:AlphaBuild+1","bronze:ChildClass+1","bronze:AlphaBuild+1","bronze:Flail+1","bronze:Overload","bronze:ChosenStrike+1","bronze:BronzeOrb+1","bronze:FollowUp+1","bronze:BuggyMess+1","bronze:GetLatest+1","bronze:GetLatest+1","bronze:Assembly+1","CurseOfTheBell","bronze:Iterate+1","bronze:ChildClass+1","bronze:Repulsor+1","bronze:ItsAFeature+1","bronze:Format","bronze:ClassDefault+1","bronze:ForLoop+1"],"relics":["bronze:BronzeCore","Molten Egg 2","Sundial","Strawberry","StrikeDummy","SlaversCollar","Frozen Egg 2","Calling Bell","Centennial Puzzle","Eternal Feather","WingedGreaves","Membership Card","Pen Nib","Vajra","Singing Bowl","Akabeko","Chemical X"],"acts_visited":["Exordium","TheCity","TheBeyond"],"potions_floor_usage":[33,33,37,48,49],"damage_taken":[{"damage":0.0,"enemies":"Cultist","floor":2.0,"turns":3.0},{"damage":0.0,"enemies":"downfall:FleeingMerchant","floor":4.0,"turns":4.0},{"damage":3.0,"enemies":"Small Slimes","floor":8.0,"turns":3.0},{"damage":0.0,"enemies":"2 Louse","floor":9.0,"turns":2.0},{"damage":0.0,"enemies":"downfall:FleeingMerchant","floor":11.0,"turns":4.0},{"damage":0.0,"enemies":"Large Slime","floor":14.0,"turns":3.0},{"damage":0.0,"enemies":"downfall:LooterAlt","floor":15.0,"turns":2.0},{"damage":52.0,"enemies":"DF_ARCHETYPE_STREAMLINE","floor":16.0,"turns":12.0},{"damage":0.0,"enemies":"downfall:LooterAlt2","floor":19.0,"turns":5.0},{"damage":17.0,"enemies":"downfall:FleeingMerchant","floor":20.0,"turns":4.0},{"damage":3.0,"enemies":"Shell Parasite","floor":22.0,"turns":3.0},{"damage":9.0,"enemies":"downfall:FleeingMerchant","floor":25.0,"turns":4.0},{"damage":12.0,"enemies":"Snecko","floor":27.0,"turns":5.0},{"damage":2.0,"enemies":"Shelled Parasite and Fungi","floor":28.0,"turns":4.0},{"damage":0.0,"enemies":"Centurion and Healer","floor":31.0,"turns":2.0},{"damage":3.0,"enemies":"Snake Plant","floor":32.0,"turns":3.0},{"damage":38,"enemies":"IC_MUSHROOM_ARCHETYPE","floor":33,"turns":6},{"damage":0,"enemies":"Orb Walker","floor":36,"turns":3},{"damage":2,"enemies":"3 Shapes","floor":37,"turns":4},{"damage":0,"enemies":"downfall:FleeingMerchant","floor":38,"turns":2},{"damage":0,"enemies":"Nemesis","floor":42,"turns":5},{"damage":0,"enemies":"3 Darklings","floor":49,"turns":4},{"damage":39,"enemies":"SI_POISON_ARCHETYPE","floor":50,"turns":6}],"seed_played":"1531710199066394658","potions_obtained":[{"floor":2.0,"key":"Explosive Potion"},{"floor":8.0,"key":"SpeedPotion"},{"floor":16.0,"key":"bronze:FreeFunctionsPotion"},{"floor":19.0,"key":"Energy Potion"},{"floor":27.0,"key":"champ:CounterPotion"},{"floor":28.0,"key":"LiquidMemories"},{"floor":29.0,"key":"Fruit Juice"},{"floor":29.0,"key":"PowerPotion"},{"floor":31.0,"key":"FairyPotion"},{"floor":36,"key":"Swift Potion"},{"floor":42,"key":"Explosive Potion"},{"floor":49,"key":"SpeedPotion"}],"is_trial":false,"path_per_floor":["R","M","?","$","?","R","T","M","M","R","$","?","R","M","M","B",null,"R","M","$","?","M","?","T","$","R","M","M","?","R","M","M","B",null,"R","M","M","$","?","?","T","E","R","R","$","R","?","$","M","B",null],"character_chosen":"THE_AUTOMATON","items_purchased":["Molten Egg 2","bronze:Branch+1","bronze:Flail+1","bronze:Overload","Membership Card","Pen Nib","Vajra","bronze:ItsAFeature+1","Fruit Juice","bronze:Format","Chemical X","bronze:ClassDefault+1"],"campfire_rested":2,"item_purchase_floors":[4,11,20,20,38,38,38,45,48,48,48,48],"current_hp_per_floor":[77,77,77,77,44,67,74,71,71,71,71,71,71,71,71,19,84,84,84,67,67,64,64,64,55,80,68,66,71,71,71,68,30,89,89,89,87,87,87,87,87,87,89,89,89,89,89,94,94,55],"gold":21,"neow_bonus":"TEN_PERCENT_HP_BONUS","is_daily":false,"chose_seed":false,"campfire_upgraded":9,"win_rate":0.0,"timestamp":1613973297,"path_taken":["R","M","?","$","?","R","T","M","M","R","$","?","R","M","M","BOSS","R","M","$","?","M","?","T","$","R","M","M","?","R","?","M","BOSS","R","M","M","$","?","?","T","E","R","R","$","R","?","$","M","BOSS"],"items_purchased_type":["Relic","Card","Card","Card","Relic","Relic","Relic","Card","Potion","Card","Relic","Card"],"build_version":"2020-12-18","purchased_purges":1,"victory":true,"max_hp_per_floor":[77,77,77,77,77,77,84,84,84,84,84,84,84,84,84,84,84,84,84,84,84,84,84,84,84,84,84,84,89,89,89,89,89,89,89,89,89,89,89,89,89,89,89,89,89,89,89,94,94,94],"card_choices":[{"not_picked":["bronze:BuggyMess","bronze:WhirlingStrike"],"picked":"bronze:BronzeOrb","floor":2.0},{"not_picked":["bronze:OilSpill","bronze:DarkDash"],"picked":"bronze:DelayedSlice","floor":4.0},{"not_picked":["bronze:Overload","bronze:BugBarrage+1","bronze:WildBeam+1"],"picked":"SKIP","floor":8.0},{"not_picked":["bronze:FindAndReplace","bronze:ItsAFeature"],"picked":"bronze:GetLatest","floor":9.0},{"not_picked":["bronze:ForceShield","bronze:BronzeArmor"],"picked":"bronze:Boost","floor":11.0},{"not_picked":["bronze:ForceShield","bronze:WildBeam+1","bronze:OilSpill+1"],"picked":"SKIP","floor":14.0},{"not_picked":["bronze:WildBeam+1","bronze:NullPointer+1"],"picked":"bronze:CutThrough+1","floor":15.0},{"not_picked":["bronze:Assembly","bronze:HyperBeam+1"],"picked":"bronze:AlphaBuild+1","floor":16.0},{"not_picked":["bronze:Invalidate","bronze:BugBarrage+1"],"picked":"bronze:ChildClass+1","floor":19.0},{"not_picked":["bronze:ChildClass","bronze:SpaghettiCode"],"picked":"bronze:AlphaBuild+1","floor":20.0},{"not_picked":["bronze:DarkDash+1","bronze:DelayedGuard+1"],"picked":"bronze:ChosenStrike+1","floor":22.0},{"not_picked":["bronze:FineTuning","bronze:DarkDash+1"],"picked":"bronze:BronzeOrb+1","floor":25.0},{"not_picked":["bronze:Philosophize","bronze:DelayedGuard"],"picked":"bronze:FollowUp+1","floor":27.0},{"not_picked":["bronze:DelayedGuard","bronze:CutThrough+1"],"picked":"bronze:BuggyMess","floor":28.0},{"not_picked":["bronze:CutThrough+1","bronze:Philosophize"],"picked":"bronze:GetLatest+1","floor":31.0},{"not_picked":["bronze:Overheat+1","bronze:Philosophize"],"picked":"bronze:GetLatest+1","floor":32.0},{"not_picked":["bronze:FindAndReplace","bronze:SpaghettiCode"],"picked":"bronze:Assembly","floor":33},{"not_picked":["bronze:Iterate+1","bronze:Overload+1","bronze:BugBarrage+1"],"picked":"SKIP","floor":36},{"not_picked":["bronze:DelayedSlice+1","bronze:FollowUp+1"],"picked":"bronze:Iterate+1","floor":37},{"not_picked":["bronze:Overheat+1","bronze:Boost"],"picked":"bronze:ChildClass+1","floor":38},{"not_picked":["bronze:DarkDash+1","bronze:FineTuning"],"picked":"bronze:Repulsor+1","floor":42},{"not_picked":["bronze:BuggyMess+1","bronze:Safeguard"],"picked":"bronze:ForLoop+1","floor":49}],"player_experience":1071582,"relics_obtained":[{"floor":7.0,"key":"Strawberry"},{"floor":24.0,"key":"Frozen Egg 2"},{"floor":34,"key":"Centennial Puzzle"},{"floor":34,"key":"Eternal Feather"},{"floor":34,"key":"WingedGreaves"},{"floor":41,"key":"Singing Bowl"},{"floor":42,"key":"Akabeko"}],"event_choices":[{"damage_healed":0.0,"max_hp_gain":0.0,"max_hp_loss":0.0,"gold_gain":0.0,"event_name":"Scrap Ooze","player_choice":"Success","floor":5.0,"gold_loss":0.0,"damage_taken":33.0,"relics_obtained":["Sundial"]},{"damage_healed":0.0,"max_hp_gain":0.0,"max_hp_loss":0.0,"gold_gain":0.0,"event_name":"Vampires","player_choice":"Ignored","floor":23.0,"gold_loss":0.0,"damage_taken":0.0},{"damage_healed":0.0,"max_hp_gain":0.0,"max_hp_loss":0.0,"gold_gain":0.0,"event_name":"Lab","player_choice":"Got Potions","floor":29.0,"gold_loss":0.0,"damage_taken":0.0},{"cards_removed":["bronze:Defend"],"damage_healed":0,"gold_gain":0,"player_choice":"Removed Skill","damage_taken":0,"max_hp_gain":0,"max_hp_loss":0,"event_name":"Falling","floor":47,"gold_loss":0}],"is_beta":true,"boss_relics":[{"not_picked":["Coffee Dripper","Fusion Hammer"],"picked":"SlaversCollar"},{"not_picked":["Empty Cage","Pandora\u0027s Box"],"picked":"Calling Bell"}],"items_purged_floors":[45],"is_endless":false,"potions_floor_spawned":[2,8,16,19,27,28,31,36,42,49],"ascension_level":0}}