{"host":"d85gwtocd8go8gx0","time":1613960766,"event":{"mods":["AchievementEnabler","BaseMod","Better Altar","Better Skull","Better Third Choice","Block Reminder","Colored Powertips","Curses Come First","Dark Map","Filter the Spire","Highlight Path","Minty Spire (QoL Compilation)","Permanent Neow","Quick Restart","Shop Mod","StSLib","SuperFastMode","UnlockEverythingMod"],"gold_per_floor":[16,16,30,45,61,95,95,120,120,120,145,165,191,23,23,97,97,117,136,136,79,79,79,79,113,136,136,152,162,187,200,200,200,200],"floor_reached":33,"language":"ENG","playtime":1808,"items_purged":["Strike_P"],"score":755,"play_id":"4275d0b6-bf19-4345-bac1-bfb077726e4c","local_time":"20210221182606","is_ascension_mode":true,"campfire_choices":[{"data":"Eruption","floor":7.0,"key":"SMITH"},{"floor":10.0,"key":"REST"},{"data":"Crescendo","floor":15,"key":"SMITH"},{"data":"Blasphemy","floor":24,"key":"SMITH"},{"data":"CrushJoints","floor":27,"key":"SMITH"},{"floor":32,"key":"REST"}],"circlet_count":0,"master_deck":["AscendersBane","Strike_P","Strike_P","Strike_P","Defend_P","Defend_P","Defend_P+1","Defend_P","Eruption+1","Vigilance","CrushJoints+1","Protect+1","FearNoEvil","FlyingSleeves","Brilliance","Conclude","FollowUp","FollowUp","EmptyFist","Adaptation","Crescendo+1","Blasphemy+1","EmptyBody","ThirdEye","RitualDagger","BowlingBash","Shame","Ghostly","Ghostly","Ghostly","Perseverance","SashWhip","FollowUp","Swivel","Consecrate+1"],"relics":["PureWater","CloakClasp","Anchor","Pantograph","InkBottle","Lantern","War Paint","SlaversCollar","Nunchaku","Incense Burner","Juzu Bracelet","Bag of Marbles"],"acts_visited":["Exordium","TheCity"],"potions_floor_usage":[25,30,33,33,33],"damage_taken":[{"damage":1.0,"enemies":"Jaw Worm","floor":1.0,"turns":5.0},{"damage":0.0,"enemies":"Cultist","floor":3.0,"turns":2.0},{"damage":0.0,"enemies":"Small Slimes","floor":4.0,"turns":3.0},{"damage":12.0,"enemies":"Exordium Thugs","floor":5.0,"turns":5.0},{"damage":18.0,"enemies":"Gremlin Nob","floor":6.0,"turns":4.0},{"damage":28.0,"enemies":"Lagavulin","floor":8.0,"turns":8.0},{"damage":3.0,"enemies":"3 Sentries","floor":11.0,"turns":3.0},{"damage":0.0,"enemies":"Looter","floor":12.0,"turns":1.0},{"damage":0.0,"enemies":"Gremlin Nob","floor":13.0,"turns":2.0},{"damage":39,"enemies":"The Guardian","floor":16,"turns":7},{"damage":19,"enemies":"Chosen","floor":18,"turns":4},{"damage":0,"enemies":"Spheric Guardian","floor":19,"turns":2},{"damage":0,"enemies":"Book of Stabbing","floor":25,"turns":4},{"damage":0,"enemies":"Shelled Parasite and Fungi","floor":28,"turns":5},{"damage":0,"enemies":"Cultist and Chosen","floor":29,"turns":3},{"damage":6,"enemies":"Slavers","floor":30,"turns":6},{"damage":5,"enemies":"Sentry and Sphere","floor":31,"turns":6},{"damage":54,"enemies":"Champ","floor":33,"turns":11}],"seed_played":"-9043719913901157402","potions_obtained":[{"floor":5.0,"key":"DistilledChaos"},{"floor":6.0,"key":"Regen Potion"},{"floor":8.0,"key":"Block Potion"},{"floor":11.0,"key":"PowerPotion"},{"floor":18,"key":"Energy Potion"},{"floor":19,"key":"Weak Potion"},{"floor":31,"key":"EntropicBrew"}],"is_trial":false,"path_per_floor":["M","?","M","M","M","E","R","E","T","R","E","M","E","$","R","B",null,"M","M","?","$","?","?","R","E","T","R","M","M","E","M","R","B"],"character_chosen":"WATCHER","items_purchased":["Adaptation","Crescendo","BowlingBash"],"campfire_rested":2,"item_purchase_floors":[14,14,21],"current_hp_per_floor":[60,68,68,68,56,38,38,25,25,45,42,42,42,42,42,28,58,39,39,33,33,33,33,33,33,33,33,33,33,27,22,32,0,0],"gold":200,"neow_bonus":"ONE_RARE_RELIC","is_daily":false,"chose_seed":false,"campfire_upgraded":4,"win_rate":0.0,"timestamp":1613960766,"path_taken":["M","?","?","M","M","E","R","E","T","R","E","M","E","$","R","BOSS","M","M","?","$","?","?","R","E","T","R","M","M","E","M","R","BOSS"],"items_purchased_type":["Card","Card","Card"],"build_version":"2020-12-22","purchased_purges":1,"victory":false,"max_hp_per_floor":[68,68,68,68,68,68,68,68,68,68,68,68,68,68,68,68,68,68,68,68,68,68,34,34,34,34,34,34,34,34,34,34,34,34],"card_choices":[{"not_picked":["Prostrate","EmptyFist"],"picked":"CrushJoints","floor":1.0},{"not_picked":["PathToVictory","Worship"],"picked":"Protect","floor":3.0},{"not_picked":["BattleHymn","Evaluate"],"picked":"FearNoEvil","floor":4.0},{"not_picked":["Swivel","Perseverance"],"picked":"FlyingSleeves","floor":5.0},{"not_picked":["CrushJoints","Worship"],"picked":"Brilliance","floor":6.0},{"not_picked":["LikeWater","JustLucky"],"picked":"Conclude","floor":8.0},{"not_picked":["Devotion","ClearTheMind"],"picked":"FollowUp","floor":11.0},{"not_picked":["FlurryOfBlows","Weave"],"picked":"FollowUp","floor":12.0},{"not_picked":["ForeignInfluence","Scrawl"],"picked":"EmptyFist","floor":13},{"not_picked":["Devotion","Establishment"],"picked":"Blasphemy","floor":16},{"not_picked":["FlyingSleeves","Worship+1"],"picked":"EmptyBody","floor":18},{"not_picked":["Evaluate","Conclude"],"picked":"ThirdEye","floor":19},{"not_picked":["Swivel","BattleHymn"],"picked":"Perseverance","floor":25},{"not_picked":["Nirvana","FlyingSleeves"],"picked":"SashWhip","floor":28},{"not_picked":["Sanctity","Fasting2"],"picked":"FollowUp","floor":29},{"not_picked":["Nirvana","FlyingSleeves"],"picked":"Swivel","floor":30},{"not_picked":["FollowUp","EmptyFist"],"picked":"Consecrate+1","floor":31}],"player_experience":65281,"relics_obtained":[{"floor":6.0,"key":"Anchor"},{"floor":8.0,"key":"Pantograph"},{"floor":9.0,"key":"InkBottle"},{"floor":11.0,"key":"Lantern"},{"floor":13,"key":"War Paint"},{"floor":25,"key":"Incense Burner"},{"floor":26,"key":"Juzu Bracelet"},{"floor":30,"key":"Bag of Marbles"}],"event_choices":[{"damage_healed":8.0,"max_hp_gain":0.0,"max_hp_loss":0.0,"gold_gain":0.0,"event_name":"Wheel of Change","player_choice":"Full Heal","floor":2.0,"gold_loss":0.0,"damage_taken":0.0},{"damage_healed":0,"gold_gain":0,"player_choice":"Dagger","damage_taken":6,"max_hp_gain":0,"max_hp_loss":0,"event_name":"betterThird:BetterNest","floor":20,"gold_loss":0,"cards_obtained":["RitualDagger"]},{"damage_healed":0,"gold_gain":0,"player_choice":"Stole Relic","damage_taken":0,"relics_obtained":["Nunchaku"],"max_hp_gain":0,"max_hp_loss":0,"event_name":"Addict","floor":22,"gold_loss":0,"cards_obtained":["Shame"]},{"damage_healed":0,"gold_gain":0,"player_choice":"Became a Ghost","damage_taken":0,"max_hp_gain":0,"max_hp_loss":34,"event_name":"Ghosts","floor":23,"gold_loss":0,"cards_obtained":["Ghostly","Ghostly","Ghostly"]}],"is_beta":false,"boss_relics":[{"not_picked":["Tiny House","SacredBark"],"picked":"SlaversCollar"}],"items_purged_floors":[14],"is_endless":false,"potions_floor_spawned":[5,6,8,11,16,18,19,31],"killed_by":"Champ","ascension_level":20}}