{"host":"s4ojoik2izpnmj7q","time":1613972957,"event":{"mods":["ATMod(°¢èªMod)","Act Like it!","BaseMod","Minty Spire (QoL Compilation)","MostiFishMod","StSLib"],"gold_per_floor":[119,134,134,134,184,227,227,258,258,258,299,299,314,333,333,422,422,445,405,426,440,460,501,514,550,595,615,540,540,583,598,598,693,693,707,707,707,731,731,731,765,788,788,829,842,885,885,559,559,559,559,559,559,22,58,58],"floor_reached":57,"language":"ZHS","playtime":1625,"items_purged":["Strike_P","Strike_P"],"score":3340,"play_id":"d780fbfa-cadf-4fe6-ae11-3a2d2aada270","local_time":"20210222134917","is_ascension_mode":true,"campfire_choices":[{"floor":7.0,"key":"REST"},{"data":"Tantrum","floor":10.0,"key":"SMITH"},{"data":"MostiFishMod:Disappear","floor":12.0,"key":"SMITH"},{"floor":15.0,"key":"RECALL"},{"data":"MostiFishMod:SparklingWater","floor":29.0,"key":"SMITH"},{"data":"Tantrum","floor":32.0,"key":"SMITH"},{"data":"MostiFishMod:Speedup","floor":40.0,"key":"SMITH"},{"data":"Adaptation","floor":47.0,"key":"SMITH"},{"data":"Adaptation","floor":49.0,"key":"SMITH"},{"data":"Madness","floor":53.0,"key":"SMITH"}],"circlet_count":0,"master_deck":["AscendersBane","Strike_P","Strike_P","Defend_P+1","Defend_P","Defend_P","Defend_P","Eruption+1","Vigilance","AT_EssenceShift","CutThroughFate","Tantrum+1","FearNoEvil","MostiFishMod:Disappear+1","MostiFishMod:Neptune","MostiFishMod:TheEndOfMoonlight","MostiFishMod:SparklingWater+1","MostiFishMod:FantasySummer","MostiFishMod:NightSea","MostiFishMod:Speedup+1","FlurryOfBlows","MostiFishMod:Speedup+1","Decay","Tantrum+1","Omniscience+1","Madness","Madness+1","Adaptation+1","Adaptation+1"],"relics":["DaveBox","AT_ATBox","Cursed Key","DianDianMeat","SynthV:TestCard","Golden Idol","ImprovedEquipment","SentryEyes","Bottled Tornado","MoonlightInvasionPlan","Darkstone Periapt","Anchor","AT_BellowingDragoncrestRing","RhineFirstAidKit","SynthV:C4","Nunchaku","Blue Candle","Frozen Eye","Bag of Preparation","AT_ImmortalShieldbow","Pen Nib"],"acts_visited":["Exordium","TheCity","TheBeyond","TheEnding"],"potions_floor_usage":[56,56],"damage_taken":[{"damage":0.0,"enemies":"2 Louse","floor":1.0,"turns":3.0},{"damage":0.0,"enemies":"Small Slimes","floor":2.0,"turns":2.0},{"damage":39.0,"enemies":"3 Sentries","floor":6.0,"turns":6.0},{"damage":0.0,"enemies":"Gremlin Nob","floor":8.0,"turns":3.0},{"damage":11.0,"enemies":"3 Sentries","floor":11.0,"turns":3.0},{"damage":0.0,"enemies":"Cultist","floor":13.0,"turns":2.0},{"damage":0.0,"enemies":"3 Louse","floor":14.0,"turns":1.0},{"damage":1.0,"enemies":"Hexaghost","floor":16.0,"turns":4.0},{"damage":0.0,"enemies":"3 Byrds","floor":18.0,"turns":2.0},{"damage":0.0,"enemies":"2 Thieves","floor":20.0,"turns":2.0},{"damage":6.0,"enemies":"Centurion and Healer","floor":21.0,"turns":4.0},{"damage":14.0,"enemies":"Sentry and Sphere","floor":22.0,"turns":3.0},{"damage":3.0,"enemies":"Gremlin Leader","floor":23.0,"turns":2.0},{"damage":15.0,"enemies":"Snake Plant","floor":24.0,"turns":2.0},{"damage":16.0,"enemies":"Slavers","floor":25.0,"turns":4.0},{"damage":0.0,"enemies":"Shelled Parasite and Fungi","floor":27.0,"turns":3.0},{"damage":0.0,"enemies":"Book of Stabbing","floor":30.0,"turns":2.0},{"damage":0.0,"enemies":"3 Cultists","floor":31.0,"turns":3.0},{"damage":0.0,"enemies":"Automaton","floor":33.0,"turns":2.0},{"damage":0.0,"enemies":"3 Shapes","floor":35.0,"turns":3.0},{"damage":26.0,"enemies":"3 Darklings","floor":38.0,"turns":3.0},{"damage":0.0,"enemies":"Nemesis","floor":41.0,"turns":7.0},{"damage":0.0,"enemies":"Jaw Worm Horde","floor":42.0,"turns":2.0},{"damage":22.0,"enemies":"Reptomancer","floor":44.0,"turns":4.0},{"damage":12.0,"enemies":"Spire Growth","floor":45.0,"turns":3.0},{"damage":0.0,"enemies":"Giant Head","floor":46.0,"turns":4.0},{"damage":14.0,"enemies":"Donu and Deca","floor":50.0,"turns":2.0},{"damage":14.0,"enemies":"Time Eater","floor":51.0,"turns":3.0},{"damage":135,"enemies":"Shield and Spear","floor":55,"turns":4},{"damage":47,"enemies":"The Heart","floor":56,"turns":6}],"seed_played":"6425842629199101330","potions_obtained":[{"floor":11.0,"key":"Strength Potion"},{"floor":13.0,"key":"Regen Potion"},{"floor":19.0,"key":"Fruit Juice"},{"floor":19.0,"key":"EntropicBrew"},{"floor":21.0,"key":"Energy Potion"},{"floor":33.0,"key":"EntropicBrew"},{"floor":42.0,"key":"Block Potion"}],"is_trial":false,"path_per_floor":["M","M","?","?","?","E","R","E","T","R","E","R","M","M","R","B",null,"M","?","M","M","M","E","M","E","T","M","?","R","E","M","R","B",null,"M","?","?","M","?","R","E","M","T","E","M","E","R","$","R","B","B",null,"R","$","E","B",null],"character_chosen":"WATCHER","items_purchased":["Frozen Eye","DistilledChaos","Bag of Preparation","AT_ImmortalShieldbow"],"campfire_rested":1,"item_purchase_floors":[48,48,54,54],"current_hp_per_floor":[62,62,41,41,41,4,23,26,30,30,24,24,24,24,24,23,104,115,120,120,114,100,109,94,91,111,111,111,111,111,126,126,142,192,192,189,189,193,193,193,193,193,193,191,179,200,200,200,200,186,172,271,271,271,304,257],"gold":58,"neow_bonus":"BOSS_RELIC","is_daily":false,"chose_seed":false,"campfire_upgraded":8,"win_rate":0.0,"timestamp":1613972957,"path_taken":["M","M","?","?","?","E","R","E","T","R","E","R","?","M","R","BOSS","M","?","M","M","M","E","M","E","T","?","?","R","E","M","R","BOSS","M","?","?","?","?","R","E","M","T","E","M","E","R","$","R","BOSS","BOSS","R","$","E","BOSS"],"items_purchased_type":["Relic","Potion","Relic","Relic"],"build_version":"2020-12-22","purchased_purges":2,"victory":true,"max_hp_per_floor":[69,69,69,63,63,65,65,68,72,72,77,77,77,77,77,77,117,128,133,133,133,133,145,145,158,178,178,178,178,178,193,193,209,209,209,244,244,263,263,263,263,263,263,283,283,304,304,304,304,304,304,304,304,304,304,304],"card_choices":[{"not_picked":["ThirdEye","Consecrate"],"picked":"CutThroughFate","floor":1.0},{"not_picked":["Pray","Crescendo","Protect","JustLucky","SandsOfTime"],"picked":"SKIP","floor":2.0},{"not_picked":["Halt","Evaluate","MostiFishMod:KamiSmash","BowlingBash"],"picked":"Tantrum","floor":6.0},{"not_picked":["BowlingBash","CarveReality","Halt","Prostrate"],"picked":"FearNoEvil","floor":8.0},{"not_picked":["Study","EmptyBody","Consecrate","MostiFishMod:Disappear","EmptyFist"],"picked":"SKIP","floor":11.0},{"not_picked":["Study","EmptyBody","Consecrate","EmptyFist"],"picked":"MostiFishMod:Disappear","floor":11.0},{"not_picked":["SandsOfTime","MostiFishMod:ScryFuture","EmptyFist","SashWhip","Prostrate"],"picked":"SKIP","floor":13.0},{"not_picked":["EmptyFist","EmptyBody","ClearTheMind","Consecrate","Collect"],"picked":"SKIP","floor":14.0},{"not_picked":["ThirdEye","EmptyMind","Crescendo+1","FlyingSleeves"],"picked":"MostiFishMod:Speedup","floor":18.0},{"not_picked":["Halt","EmptyMind","CutThroughFate+1","Collect+1","JustLucky"],"picked":"SKIP","floor":20.0},{"not_picked":["Perseverance","SashWhip","CutThroughFate+1","BattleHymn","PathToVictory"],"picked":"SKIP","floor":21.0},{"not_picked":["AT_OneInchPunch","SignatureMove","WindmillStrike","Crescendo+1","EmptyFist"],"picked":"SKIP","floor":22.0},{"not_picked":["Establishment","Collect+1","FearNoEvil","Prostrate"],"picked":"FlurryOfBlows","floor":23.0},{"not_picked":["FlurryOfBlows+1","Sanctity","Study","ClearTheMind","WindmillStrike"],"picked":"SKIP","floor":24.0},{"not_picked":["EmptyFist+1","Halt","MostiFishMod:ScryFuture","Consecrate"],"picked":"MostiFishMod:Speedup+1","floor":25.0},{"not_picked":["FlyingSleeves","EmptyBody","FollowUp","MostiFishMod:FlowState","Weave+1"],"picked":"SKIP","floor":27.0},{"not_picked":["Weave","ClearTheMind","ConjureBlade","FlurryOfBlows","PathToVictory"],"picked":"SKIP","floor":30.0},{"not_picked":["SashWhip","Halt","Consecrate","ThirdEye"],"picked":"Tantrum","floor":31.0},{"not_picked":["ConjureBlade","MasterReality","DeusExMachina","MostiFishMod:Minus"],"picked":"Omniscience","floor":33.0},{"not_picked":["Evaluate","Perseverance","Protect+1","Swivel","CrushJoints"],"picked":"SKIP","floor":35.0},{"not_picked":["AT_OneInchPunch","CarveReality","ClearTheMind","AT_SoftenMuscles+1"],"picked":"Indignation","floor":38.0},{"not_picked":["PathToVictory+1","ClearTheMind","Establishment","FlyingSleeves","SignatureMove+1"],"picked":"SKIP","floor":41.0},{"not_picked":["MostiFishMod:Speedup","Halt","FearNoEvil","JustLucky","Wallop"],"picked":"SKIP","floor":42.0},{"not_picked":["JustLucky+1","CutThroughFate+1","MentalFortress","CrushJoints"],"picked":"Adaptation","floor":44.0},{"not_picked":["MostiFishMod:Speedup","Weave","LikeWater","JustLucky","WindmillStrike"],"picked":"SKIP","floor":45.0},{"not_picked":["Protect","Sanctity","Indignation+1","Consecrate"],"picked":"Adaptation","floor":46.0},{"not_picked":["FlyingSleeves","Protect","Sanctity","BowlingBash","CarveReality"],"picked":"SKIP","floor":55}],"player_experience":636419,"relics_obtained":[{"floor":1.0,"key":"SynthV:TestCard"},{"floor":6.0,"key":"ImprovedEquipment"},{"floor":8.0,"key":"SentryEyes"},{"floor":9.0,"key":"Bottled Tornado"},{"floor":23.0,"key":"Darkstone Periapt"},{"floor":25.0,"key":"Anchor"},{"floor":30.0,"key":"AT_BellowingDragoncrestRing"},{"floor":41.0,"key":"SynthV:C4"},{"floor":44.0,"key":"Nunchaku"},{"floor":46.0,"key":"Blue Candle"},{"floor":55,"key":"Pen Nib"}],"event_choices":[{"damage_healed":0.0,"max_hp_gain":0.0,"max_hp_loss":0.0,"gold_gain":0.0,"event_name":"Shining Light","player_choice":"Entered Light","floor":3.0,"gold_loss":0.0,"damage_taken":21.0,"cards_upgraded":["Defend_P","Eruption"]},{"damage_healed":0.0,"max_hp_gain":0.0,"max_hp_loss":6.0,"gold_gain":0.0,"event_name":"Golden Idol","player_choice":"Lose Max HP","floor":4.0,"gold_loss":0.0,"damage_taken":0.0,"relics_obtained":["Golden Idol"]},{"damage_healed":0.0,"max_hp_gain":0.0,"max_hp_loss":0.0,"gold_gain":50.0,"event_name":"Golden Shrine","player_choice":"Pray","floor":5.0,"gold_loss":0.0,"damage_taken":0.0},{"damage_healed":0.0,"max_hp_gain":0.0,"max_hp_loss":0.0,"gold_gain":0.0,"event_name":"The Woman in Blue","player_choice":"Bought 3 Potions","floor":19.0,"gold_loss":0.0,"damage_taken":0.0},{"cards_removed":["Pain"],"damage_healed":0.0,"max_hp_gain":0.0,"max_hp_loss":0.0,"gold_gain":0.0,"event_name":"Beggar","player_choice":"Gave Gold","floor":28.0,"gold_loss":75.0,"damage_taken":0.0},{"damage_healed":0.0,"max_hp_gain":0.0,"max_hp_loss":0.0,"gold_gain":0.0,"event_name":"Winding Halls","player_choice":"Embrace Madness","floor":36.0,"gold_loss":0.0,"damage_taken":38.0,"cards_obtained":["Madness","Madness"]},{"damage_healed":0.0,"max_hp_gain":0.0,"max_hp_loss":0.0,"gold_gain":0.0,"event_name":"Accursed Blacksmith","player_choice":"Forge","floor":37.0,"gold_loss":0.0,"damage_taken":0.0,"cards_upgraded":["Omniscience"]},{"cards_removed":["Indignation"],"damage_healed":0.0,"max_hp_gain":0.0,"max_hp_loss":0.0,"gold_gain":0.0,"event_name":"Falling","player_choice":"Removed Skill","floor":39.0,"gold_loss":0.0,"damage_taken":0.0}],"is_beta":false,"boss_relics":[{"not_picked":["Tiny House","BloodWine"],"picked":"MoonlightInvasionPlan"},{"not_picked":["PatriotShield","Velvet Choker"],"picked":"RhineFirstAidKit"}],"items_purged_floors":[48,54],"is_endless":false,"potions_floor_spawned":[11,13,14,18,21,23,33,42,44,45,46],"ascension_level":20}}