{"host":"nptej036rrbiurf5","time":1613968509,"event":{"mods":["BaseMod","Colored Map","Colored Powertips","DeckTracker","Minty Spire (QoL Compilation)","StSLib","SuperFastMode"],"gold_per_floor":[115,115,115,134,59,90,90,120,144,144,177,198,219,239,239,335,335,350,366,379,395,408,408,432,475,552,552,576,576,184,0,0,90,90,104,104,122,122,122,122],"floor_reached":39,"language":"KOR","playtime":788,"items_purged":["Strike_R","Strike_R"],"score":876,"play_id":"b3c43f0a-401f-4bba-82b2-9841aab25a75","local_time":"20210222133509","is_ascension_mode":true,"campfire_choices":[{"data":"Bash","floor":10.0,"key":"SMITH"},{"data":"Inflame","floor":15.0,"key":"SMITH"},{"data":"Double Tap","floor":23.0,"key":"SMITH"},{"floor":27.0,"key":"REST"},{"data":"Demon Form","floor":32.0,"key":"SMITH"}],"circlet_count":0,"master_deck":["AscendersBane","Bash+1","Reckless Charge","Thunderclap","Spot Weakness+1","Whirlwind","Inflame+1","Battle Trance","Double Tap+1","Bloodletting","Heavy Blade","Pummel","Demon Form+1","Burning Pact","Doubt","Ghostly","Ghostly","Ghostly","Dark Embrace","Limit Break","Seeing Red","Twin Strike","Exhume","Sentinel","Whirlwind","Warcry","Battle Trance+1","Writhe","True Grit+1"],"relics":["Burning Blood","NeowsBlessing","Red Skull","Golden Idol","War Paint","Bag of Preparation","Vajra","Cursed Key","Torii","Kunai","Mango","Pandora\u0027s Box"],"acts_visited":["Exordium","TheCity","TheBeyond"],"potions_floor_usage":[],"damage_taken":[{"damage":0.0,"enemies":"Jaw Worm","floor":1.0,"turns":1.0},{"damage":0.0,"enemies":"2 Louse","floor":4.0,"turns":1.0},{"damage":0.0,"enemies":"Lagavulin","floor":6.0,"turns":1.0},{"damage":3.0,"enemies":"Gremlin Nob","floor":11.0,"turns":3.0},{"damage":0.0,"enemies":"Small Slimes","floor":12.0,"turns":2.0},{"damage":9.0,"enemies":"Exordium Wildlife","floor":13.0,"turns":3.0},{"damage":26.0,"enemies":"Exordium Thugs","floor":14.0,"turns":4.0},{"damage":34.0,"enemies":"Hexaghost","floor":16.0,"turns":7.0},{"damage":0.0,"enemies":"3 Byrds","floor":18.0,"turns":4.0},{"damage":11.0,"enemies":"2 Thieves","floor":19.0,"turns":2.0},{"damage":18.0,"enemies":"Snecko","floor":20.0,"turns":4.0},{"damage":10.0,"enemies":"Chosen and Byrds","floor":21.0,"turns":3.0},{"damage":0.0,"enemies":"Shelled Parasite and Fungi","floor":22.0,"turns":2.0},{"damage":19.0,"enemies":"Snake Plant","floor":24.0,"turns":2.0},{"damage":27.0,"enemies":"Book of Stabbing","floor":25.0,"turns":3.0},{"damage":0.0,"enemies":"Snecko","floor":28.0,"turns":3.0},{"damage":30.0,"enemies":"Champ","floor":33.0,"turns":6.0},{"damage":19,"enemies":"Orb Walker","floor":35,"turns":4},{"damage":6,"enemies":"3 Darklings","floor":37,"turns":2},{"damage":41,"enemies":"Spire Growth","floor":39,"turns":4}],"seed_played":"-7126227313543607651","potions_obtained":[{"floor":11.0,"key":"Strength Potion"},{"floor":12.0,"key":"BlessingOfTheForge"},{"floor":19.0,"key":"AttackPotion"},{"floor":21.0,"key":"ColorlessPotion"},{"floor":24.0,"key":"FearPotion"},{"floor":25.0,"key":"SpeedPotion"},{"floor":28.0,"key":"FearPotion"},{"floor":37,"key":"Swift Potion"}],"is_trial":false,"path_per_floor":["M","?","?","M","?","E","?","?","T","R","E","M","M","M","R","B",null,"M","M","M","M","M","R","M","E","T","R","M","?","$","$","R","B",null,"M","?","M","$","M"],"character_chosen":"IRONCLAD","items_purchased":["Mango","Dark Embrace"],"campfire_rested":1,"item_purchase_floors":[30,31],"current_hp_per_floor":[74,51,56,62,62,68,68,68,68,68,71,72,69,49,49,21,59,65,60,48,44,50,50,37,16,16,37,43,36,50,50,50,26,44,31,41,41,41,0,0],"gold":122,"neow_bonus":"THREE_ENEMY_KILL","is_daily":false,"chose_seed":false,"campfire_upgraded":4,"win_rate":0.0,"timestamp":1613968509,"path_taken":["M","?","?","M","?","E","?","?","T","R","E","M","M","M","R","BOSS","M","M","M","M","M","R","M","E","T","R","M","?","?","$","R","BOSS","M","?","M","$","M"],"items_purchased_type":["Relic","Card"],"build_version":"2020-12-22","purchased_purges":2,"victory":false,"max_hp_per_floor":[75,75,80,80,80,80,72,72,72,72,72,72,72,72,72,72,72,72,72,72,72,72,72,72,72,72,72,72,36,50,50,50,50,50,50,50,50,50,50,50],"card_choices":[{"not_picked":["Iron Wave","Anger"],"picked":"Reckless Charge","floor":1.0},{"not_picked":["Heavy Blade","Warcry"],"picked":"Thunderclap","floor":4.0},{"not_picked":["Clothesline","Intimidate"],"picked":"Spot Weakness","floor":6.0},{"not_picked":["Intimidate","Uppercut"],"picked":"Whirlwind","floor":11.0},{"not_picked":["Ghostly Armor","Havoc"],"picked":"Inflame","floor":12.0},{"not_picked":["Carnage","Wild Strike"],"picked":"Battle Trance","floor":13.0},{"not_picked":["Whirlwind","True Grit","Thunderclap"],"picked":"SKIP","floor":14.0},{"not_picked":["Brutality","Feed"],"picked":"Double Tap","floor":16.0},{"not_picked":["Disarm","Iron Wave+1","Rupture"],"picked":"SKIP","floor":18.0},{"not_picked":["Anger","Wild Strike"],"picked":"Bloodletting","floor":19.0},{"not_picked":["Iron Wave","Clash"],"picked":"Heavy Blade","floor":20.0},{"not_picked":["Pommel Strike","Flame Barrier"],"picked":"Pummel","floor":21.0},{"not_picked":["Fire Breathing","Thunderclap","Clothesline"],"picked":"SKIP","floor":22.0},{"not_picked":["Pommel Strike","Perfected Strike"],"picked":"Demon Form","floor":24.0},{"not_picked":["Searing Blow+1","Havoc"],"picked":"Burning Pact","floor":25.0},{"not_picked":["Flex","Feel No Pain","Perfected Strike"],"picked":"SKIP","floor":28.0},{"not_picked":["Brutality","Corruption"],"picked":"Limit Break","floor":33.0},{"not_picked":["Sword Boomerang","Flex+1"],"picked":"Battle Trance+1","floor":35},{"not_picked":["Second Wind","Iron Wave"],"picked":"True Grit+1","floor":37}],"player_experience":1002744,"relics_obtained":[{"floor":6.0,"key":"Red Skull"},{"floor":9.0,"key":"Bag of Preparation"},{"floor":11.0,"key":"Vajra"},{"floor":25.0,"key":"Torii"},{"floor":26.0,"key":"Kunai"}],"event_choices":[{"damage_healed":0.0,"max_hp_gain":0.0,"max_hp_loss":0.0,"gold_gain":0.0,"event_name":"Shining Light","player_choice":"Entered Light","floor":2.0,"gold_loss":0.0,"damage_taken":23.0,"cards_upgraded":["Defend_R","Strike_R"]},{"damage_healed":0.0,"max_hp_gain":5.0,"max_hp_loss":0.0,"gold_gain":0.0,"event_name":"Big Fish","player_choice":"Donut","floor":3.0,"gold_loss":0.0,"damage_taken":0.0},{"cards_removed":["Strike_R"],"damage_healed":0.0,"max_hp_gain":0.0,"max_hp_loss":0.0,"gold_gain":0.0,"event_name":"The Cleric","player_choice":"Card Removal","floor":5.0,"gold_loss":75.0,"damage_taken":0.0},{"damage_healed":0.0,"max_hp_gain":0.0,"max_hp_loss":8.0,"gold_gain":0.0,"event_name":"Golden Idol","player_choice":"Lose Max HP","floor":7.0,"gold_loss":0.0,"damage_taken":0.0,"relics_obtained":["Golden Idol"]},{"damage_healed":0.0,"max_hp_gain":0.0,"max_hp_loss":0.0,"gold_gain":30.0,"event_name":"Dead Adventurer","player_choice":"Searched \u00272\u0027 times","floor":8.0,"gold_loss":0.0,"damage_taken":0.0,"relics_obtained":["War Paint"]},{"damage_healed":0.0,"max_hp_gain":0.0,"max_hp_loss":36.0,"gold_gain":0.0,"event_name":"Ghosts","player_choice":"Became a Ghost","floor":29.0,"gold_loss":0.0,"damage_taken":0.0,"cards_obtained":["Ghostly","Ghostly","Ghostly"]},{"damage_healed":10,"gold_gain":0,"player_choice":"Writhe","damage_taken":0,"max_hp_gain":0,"max_hp_loss":0,"event_name":"Winding Halls","floor":36,"gold_loss":0,"cards_obtained":["Writhe"]}],"is_beta":false,"boss_relics":[{"not_picked":["Snecko Eye","Busted Crown"],"picked":"Cursed Key"},{"not_picked":["SacredBark","Tiny House"],"picked":"Pandora\u0027s Box"}],"items_purged_floors":[30,31],"is_endless":false,"potions_floor_spawned":[11,12,14,19,21,24,25,28,37],"killed_by":"Spire Growth","ascension_level":20}}