{"host":"00olc56ucl6mk3pv","time":1613985429,"event":{"mods":["AchievementEnabler","BaseMod","Keyboard Shortcuts","Minty Spire (QoL Compilation)","Quick Restart","SuperFastMode"],"gold_per_floor":[110,260,21,21,41,67,80,80,80,98,111,186,521,531,531,605,605,618,638,649,649,668,693,693,693,693,259,277,192,221,232,232,307,307,325,344,344,356,55,55,84,84,108,108,143,153,184,194,194,194,194,194],"floor_reached":51,"language":"KOR","playtime":3065,"items_purged":["Doubt","Strike_G","Strike_G"],"score":1703,"play_id":"893a93c0-2a01-4ac2-8f01-838125c01f59","local_time":"20210222181709","is_ascension_mode":true,"campfire_choices":[{"data":"Neutralize","floor":8.0,"key":"SMITH"},{"data":"After Image","floor":15.0,"key":"SMITH"},{"floor":24,"key":"REST"},{"floor":32,"key":"REST"},{"data":"Wraith Form v2","floor":40,"key":"SMITH"},{"data":"Noxious Fumes","floor":42,"key":"SMITH"},{"floor":44,"key":"REST"},{"floor":49,"key":"REST"}],"circlet_count":0,"master_deck":["AscendersBane","Strike_G","Strike_G","Defend_G","Defend_G","Defend_G","Defend_G","Defend_G","Survivor","Neutralize+1","Poisoned Stab","Dagger Throw","Prepared+1","Blur+1","After Image+1","PiercingWail+1","Wraith Form v2+1","Deadly Poison+1","Bouncing Flask+1","Blur+1","Acrobatics+1","Noxious Fumes+1","PiercingWail+1","Backflip+1","Leg Sweep+1","Crippling Poison+1","Burst+1","Malaise+1","After Image+1","Reflex+1","Concentrate+1","Deflect+1","Adrenaline+1","Corpse Explosion+1"],"relics":["Ring of the Snake","NeowsBlessing","TwistedFunnel","Mercury Hourglass","Toxic Egg 2","Old Coin","Velvet Choker","Bag of Preparation","Bag of Marbles","Orrery","Omamori","StoneCalendar","Runic Pyramid","Question Card","Art of War","White Beast Statue","Kunai"],"acts_visited":["Exordium","TheCity","TheBeyond"],"potions_floor_usage":[22,23,23,28,30,33,50,50],"damage_taken":[{"damage":0.0,"enemies":"Jaw Worm","floor":1.0,"turns":1.0},{"damage":0.0,"enemies":"Cultist","floor":5.0,"turns":1.0},{"damage":0.0,"enemies":"3 Sentries","floor":6.0,"turns":1.0},{"damage":2.0,"enemies":"Small Slimes","floor":7.0,"turns":3.0},{"damage":3.0,"enemies":"Looter","floor":10.0,"turns":3.0},{"damage":0.0,"enemies":"Blue Slaver","floor":11.0,"turns":3.0},{"damage":4.0,"enemies":"Lagavulin","floor":13.0,"turns":6.0},{"damage":0.0,"enemies":"3 Louse","floor":14.0,"turns":2.0},{"damage":9.0,"enemies":"The Guardian","floor":16.0,"turns":18.0},{"damage":0,"enemies":"3 Byrds","floor":18,"turns":5},{"damage":3,"enemies":"2 Thieves","floor":19,"turns":5},{"damage":4,"enemies":"Centurion and Healer","floor":20,"turns":7},{"damage":12,"enemies":"Snake Plant","floor":22,"turns":5},{"damage":15,"enemies":"Gremlin Leader","floor":23,"turns":7},{"damage":9,"enemies":"Cultist and Chosen","floor":28,"turns":5},{"damage":2,"enemies":"Slavers","floor":30,"turns":8},{"damage":0,"enemies":"Centurion and Healer","floor":31,"turns":7},{"damage":26,"enemies":"Champ","floor":33,"turns":13},{"damage":6,"enemies":"3 Darklings","floor":35,"turns":4},{"damage":0,"enemies":"Orb Walker","floor":36,"turns":4},{"damage":7,"enemies":"4 Shapes","floor":38,"turns":4},{"damage":0,"enemies":"Nemesis","floor":41,"turns":7},{"damage":0,"enemies":"Giant Head","floor":45,"turns":9},{"damage":1,"enemies":"Maw","floor":46,"turns":7},{"damage":2,"enemies":"Reptomancer","floor":47,"turns":7},{"damage":9,"enemies":"3 Darklings","floor":48,"turns":5},{"damage":3,"enemies":"Donu and Deca","floor":50,"turns":7},{"damage":81,"enemies":"Time Eater","floor":51,"turns":10}],"seed_played":"-8359443235691153535","potions_obtained":[{"floor":7.0,"key":"FearPotion"},{"floor":10.0,"key":"ColorlessPotion"},{"floor":13.0,"key":"DuplicationPotion"},{"floor":16.0,"key":"FearPotion"},{"floor":20,"key":"LiquidMemories"},{"floor":22,"key":"ColorlessPotion"},{"floor":23,"key":"CunningPotion"},{"floor":30,"key":"Dexterity Potion"},{"floor":38,"key":"GamblersBrew"},{"floor":48,"key":"Poison Potion"}],"is_trial":false,"path_per_floor":["M","?","$","?","M","E","M","R","T","M","M","?","E","M","R","B",null,"M","M","M","?","M","E","R","?","T","$","M","?","E","M","R","B",null,"M","M","?","M","$","R","E","R","T","R","E","M","E","M","R","B","B"],"character_chosen":"THE_SILENT","items_purchased":["TwistedFunnel","Noxious Fumes","Orrery","DuplicationPotion","Concentrate+1","DistilledChaos"],"campfire_rested":4,"item_purchase_floors":[3,27,27,27,39,39],"current_hp_per_floor":[59,59,59,59,59,59,57,57,57,54,54,43,39,39,39,30,57,57,54,50,32,20,5,26,26,26,26,17,17,15,15,36,10,56,50,50,50,43,43,43,43,43,43,64,64,63,61,52,71,68,0,0],"gold":194,"neow_bonus":"THREE_ENEMY_KILL","is_daily":false,"chose_seed":false,"campfire_upgraded":4,"win_rate":0.0,"timestamp":1613985429,"path_taken":["M","?","$","?","?","E","?","R","T","M","M","?","E","M","R","BOSS","M","M","M","?","M","E","R","?","T","$","M","?","E","M","R","BOSS","M","M","?","M","$","R","E","R","T","R","E","?","E","M","R","BOSS","BOSS"],"items_purchased_type":["Relic","Card","Relic","Potion","Card","Potion"],"build_version":"2020-12-22","purchased_purges":3,"victory":false,"max_hp_per_floor":[66,66,66,66,66,66,66,66,66,66,66,66,66,66,66,66,66,66,66,66,71,71,71,71,71,71,71,71,71,71,71,71,71,71,71,71,71,71,71,71,71,71,71,71,71,71,71,71,71,71,71,71],"card_choices":[{"not_picked":["Deflect","Concentrate"],"picked":"Poisoned Stab","floor":1.0},{"not_picked":["Dodge and Roll","Slice","Prepared"],"picked":"SKIP","floor":5.0},{"not_picked":["Acrobatics","Dodge and Roll"],"picked":"Dagger Throw","floor":6.0},{"not_picked":["Quick Slash","Dodge and Roll","Backstab"],"picked":"SKIP","floor":7.0},{"not_picked":["Riddle With Holes","Calculated Gamble+1"],"picked":"Prepared+1","floor":10.0},{"not_picked":["Underhanded Strike","Dodge and Roll+1"],"picked":"Blur+1","floor":11.0},{"not_picked":["Flying Knee","Poisoned Stab"],"picked":"After Image","floor":13.0},{"not_picked":["Backflip+1","Underhanded Strike"],"picked":"PiercingWail+1","floor":14.0},{"not_picked":["Doppelganger+1","Unload"],"picked":"Wraith Form v2","floor":16.0},{"not_picked":["Poisoned Stab","Blade Dance+1"],"picked":"Deadly Poison+1","floor":18},{"not_picked":["Prepared+1","Terror+1","Slice+1"],"picked":"SKIP","floor":19},{"not_picked":["Reflex+1","Backflip+1"],"picked":"Bouncing Flask+1","floor":20},{"not_picked":["Underhanded Strike","Unload"],"picked":"Blur+1","floor":22},{"not_picked":["Sucker Punch+1","Concentrate+1"],"picked":"Acrobatics+1","floor":23},{"not_picked":["Poisoned Stab","Terror+1"],"picked":"PiercingWail+1","floor":27},{"not_picked":["Eviscerate","Deadly Poison+1"],"picked":"Backflip+1","floor":27},{"not_picked":["Blade Dance+1","Flying Knee"],"picked":"Leg Sweep+1","floor":27},{"not_picked":["Cloak And Dagger+1","Underhanded Strike","Blade Dance+1"],"picked":"SKIP","floor":28},{"not_picked":["Deflect+1","Dagger Spray"],"picked":"Crippling Poison+1","floor":30},{"not_picked":["Dash","Calculated Gamble+1"],"picked":"Burst+1","floor":31},{"not_picked":["Grand Finale","Glass Knife"],"picked":"Malaise+1","floor":33},{"not_picked":["Dodge and Roll+1","Acrobatics+1","Poisoned Stab"],"picked":"SKIP","floor":35},{"not_picked":["Skewer","Flechettes+1","Prepared+1"],"picked":"SKIP","floor":36},{"not_picked":["Blade Dance+1","PiercingWail+1"],"picked":"Reflex+1","floor":38},{"not_picked":["Dagger Throw+1","Skewer+1"],"picked":"Deflect+1","floor":41},{"not_picked":["Dagger Throw","Acrobatics+1","Poisoned Stab"],"picked":"Adrenaline+1","floor":45},{"not_picked":["Cloak And Dagger+1","Flying Knee","Expertise+1","Backstab"],"picked":"SKIP","floor":46},{"not_picked":["All Out Attack","Noxious Fumes","Cloak And Dagger+1","Deflect+1"],"picked":"SKIP","floor":47},{"not_picked":["Well Laid Plans","Choke","Infinite Blades"],"picked":"Corpse Explosion+1","floor":48}],"player_experience":607853,"relics_obtained":[{"floor":6.0,"key":"Mercury Hourglass"},{"floor":9.0,"key":"Toxic Egg 2"},{"floor":13.0,"key":"Old Coin"},{"floor":23,"key":"Bag of Preparation"},{"floor":26,"key":"Bag of Marbles"},{"floor":30,"key":"StoneCalendar"},{"floor":41,"key":"Question Card"},{"floor":43,"key":"Art of War"},{"floor":45,"key":"White Beast Statue"},{"floor":47,"key":"Kunai"}],"event_choices":[{"damage_healed":0.0,"max_hp_gain":0.0,"max_hp_loss":0.0,"gold_gain":150.0,"event_name":"Liars Game","player_choice":"AGREE","floor":2.0,"gold_loss":0.0,"damage_taken":0.0,"cards_obtained":["Doubt"]},{"cards_removed":["Strike_G"],"damage_healed":0.0,"max_hp_gain":0.0,"max_hp_loss":0.0,"gold_gain":0.0,"event_name":"Purifier","player_choice":"Purged","floor":4.0,"gold_loss":0.0,"damage_taken":0.0},{"damage_healed":0.0,"max_hp_gain":0.0,"max_hp_loss":0.0,"gold_gain":75.0,"event_name":"World of Goop","player_choice":"Gather Gold","floor":12.0,"gold_loss":0.0,"damage_taken":11.0},{"damage_healed":0,"gold_gain":0,"player_choice":"Shed Blood","damage_taken":23,"max_hp_gain":5,"max_hp_loss":0,"event_name":"Forgotten Altar","floor":21,"gold_loss":0},{"damage_healed":0,"gold_gain":0,"player_choice":"Ignored","damage_taken":0,"max_hp_gain":0,"max_hp_loss":0,"event_name":"Vampires","floor":25,"gold_loss":0},{"damage_healed":0,"gold_gain":0,"player_choice":"Obtained Relic","damage_taken":0,"relics_obtained":["Omamori"],"max_hp_gain":0,"max_hp_loss":0,"event_name":"Addict","floor":29,"gold_loss":85},{"damage_healed":0,"gold_gain":0,"player_choice":"Copied","damage_taken":0,"max_hp_gain":0,"max_hp_loss":0,"event_name":"Duplicator","floor":37,"gold_loss":0,"cards_obtained":["After Image"]}],"is_beta":false,"boss_relics":[{"not_picked":["HoveringKite","Philosopher\u0027s Stone"],"picked":"Velvet Choker"},{"not_picked":["Sozu","SacredBark"],"picked":"Runic Pyramid"}],"items_purged_floors":[3,27,39],"is_endless":false,"potions_floor_spawned":[7,10,13,16,20,22,23,30,38,41,45,46,47,48],"killed_by":"Time Eater","ascension_level":20}}