{"host":"prxrhpgaxnj4om9r","time":1613974431,"event":{"mods":["AchievementEnabler","BaseMod","Colored Map","DeckTracker","Minty Spire (QoL Compilation)"],"gold_per_floor":[119,134,134,134,144,144,174,139,162,196,196,214,228,261,261,364,364,375,375,76,76,92,92,111,111,111,146,164,164,124,144,144,240,240,255,275,28,39,89,89,89,16,40,58,72,86,86,86,86,86],"floor_reached":51,"language":"KOR","playtime":3279,"items_purged":[],"score":978,"play_id":"cb0ba408-ef99-43f0-bbb8-1f94ebdc0d2e","local_time":"20210222151351","is_ascension_mode":true,"campfire_choices":[{"floor":6.0,"key":"REST"},{"floor":15.0,"key":"REST"},{"data":"Adrenaline","floor":23.0,"key":"SMITH"},{"data":"Predator","floor":25,"key":"SMITH"},{"floor":29,"key":"REST"},{"floor":32,"key":"REST"},{"data":"Adrenaline","floor":40,"key":"SMITH"},{"data":"Discovery","floor":49,"key":"SMITH"}],"circlet_count":0,"master_deck":["Strike_G+1","Strike_G+1","Strike_G+1","Strike_G+1","Strike_G+1","Defend_G+1","Defend_G+1","Defend_G+1","Defend_G+1","Survivor+1","Neutralize","Dagger Spray","Acrobatics","Dagger Spray","Cloak And Dagger","Adrenaline+1","Backflip","Parasite","Deflect","Predator+1","Poisoned Stab","Deadly Poison","Die Die Die","Flying Knee+1","Prepared+1","Blade Dance","Injury","Outmaneuver+1","Calculated Gamble","Caltrops","Poisoned Stab+1","Deflect+1","Adrenaline+1","CurseOfTheBell","Dagger Spray+1","Concentrate","Bandage Up","PiercingWail+1","Deflect+1","Discovery+1","Accuracy","Regret","Poisoned Stab+1","Eviscerate","Distraction+1","Writhe"],"relics":["Ring of the Snake","Dream Catcher","War Paint","Mango","Happy Flower","Thread and Needle","Cursed Key","Dead Branch","Nloth\u0027s Gift","Potion Belt","Turnip","Calling Bell","Tiny Chest","Mummified Hand","Ice Cream","Tough Bandages","Orichalcum","Bag of Preparation"],"acts_visited":["Exordium","TheCity","TheBeyond"],"potions_floor_usage":[31,31,33,33,33,35,50,50,50,50],"damage_taken":[{"damage":7.0,"enemies":"Jaw Worm","floor":1.0,"turns":5.0},{"damage":2.0,"enemies":"2 Louse","floor":2.0,"turns":3.0},{"damage":3.0,"enemies":"Small Slimes","floor":5.0,"turns":3.0},{"damage":26.0,"enemies":"3 Sentries","floor":7.0,"turns":6.0},{"damage":52.0,"enemies":"Lagavulin","floor":10.0,"turns":7.0},{"damage":7.0,"enemies":"Gremlin Gang","floor":12.0,"turns":4.0},{"damage":0.0,"enemies":"Looter","floor":13.0,"turns":2.0},{"damage":20.0,"enemies":"Gremlin Nob","floor":14.0,"turns":4.0},{"damage":34.0,"enemies":"Hexaghost","floor":16.0,"turns":9.0},{"damage":0.0,"enemies":"3 Byrds","floor":18.0,"turns":3.0},{"damage":0.0,"enemies":"Shell Parasite","floor":22.0,"turns":3.0},{"damage":0.0,"enemies":"Snecko","floor":24.0,"turns":3.0},{"damage":28,"enemies":"Book of Stabbing","floor":27,"turns":6},{"damage":0,"enemies":"3 Cultists","floor":28,"turns":4},{"damage":0,"enemies":"Snake Plant","floor":31,"turns":4},{"damage":59,"enemies":"Collector","floor":33,"turns":8},{"damage":10,"enemies":"3 Darklings","floor":35,"turns":6},{"damage":0,"enemies":"3 Shapes","floor":36,"turns":2},{"damage":0,"enemies":"Sphere and 2 Shapes","floor":38,"turns":3},{"damage":0,"enemies":"Mind Bloom Boss Battle","floor":39,"turns":4},{"damage":23,"enemies":"4 Shapes","floor":44,"turns":5},{"damage":0,"enemies":"Maw","floor":45,"turns":6},{"damage":20,"enemies":"Jaw Worm Horde","floor":46,"turns":4},{"damage":58,"enemies":"Awakened One","floor":50,"turns":9}],"seed_played":"3005754208696677281","potions_obtained":[{"floor":10.0,"key":"FearPotion"},{"floor":12.0,"key":"Strength Potion"},{"floor":14.0,"key":"AttackPotion"},{"floor":16.0,"key":"ColorlessPotion"},{"floor":27,"key":"Fire Potion"},{"floor":30,"key":"PowerPotion"},{"floor":30,"key":"Explosive Potion"},{"floor":30,"key":"Block Potion"},{"floor":31,"key":"AttackPotion"},{"floor":33,"key":"Weak Potion"},{"floor":35,"key":"BlessingOfTheForge"},{"floor":39,"key":"ColorlessPotion"}],"is_trial":false,"path_per_floor":["M","M","?","?","M","R","E","?","T","E","?","M","M","E","R","B",null,"M","?","$","?","M","R","M","R","T","E","M","R","?","M","R","B",null,"M","M","$","M","?","R","?","$","T","M","M","M","?","T","R","B",null],"character_chosen":"THE_SILENT","items_purchased":["Dead Branch","Dexterity Potion","DuplicationPotion","Concentrate","Bandage Up","Accuracy"],"campfire_rested":4,"item_purchase_floors":[20,37,37,37,37,42],"current_hp_per_floor":[63,61,49,42,39,60,48,69,69,17,38,36,41,21,46,17,67,67,67,67,67,67,67,67,67,67,39,39,64,64,64,84,25,69,59,59,59,63,67,67,67,67,67,48,52,36,73,73,73,19],"gold":86,"neow_bonus":"RANDOM_COMMON_RELIC","is_daily":false,"chose_seed":false,"campfire_upgraded":4,"win_rate":0.0,"timestamp":1613974431,"path_taken":["M","M","?","?","M","R","E","?","T","E","?","M","M","E","R","BOSS","M","?","$","?","M","R","?","R","T","E","M","R","?","M","R","BOSS","M","M","$","M","?","R","?","$","T","M","M","M","?","?","R","BOSS"],"items_purchased_type":["Relic","Potion","Potion","Card","Card","Card"],"build_version":"2020-12-22","purchased_purges":0,"victory":true,"max_hp_per_floor":[70,70,70,70,70,70,84,84,84,84,84,84,84,84,84,84,84,84,84,84,84,84,84,84,84,84,84,84,84,84,84,84,84,84,84,84,84,84,84,84,84,84,84,84,84,84,73,73,73,73],"card_choices":[{"not_picked":["Slice","Expertise"],"picked":"Dagger Spray","floor":1.0},{"not_picked":["Flying Knee","Accuracy"],"picked":"Acrobatics","floor":2.0},{"not_picked":["Calculated Gamble","Backstab"],"picked":"Dagger Spray","floor":5.0},{"not_picked":["Dagger Throw","Prepared"],"picked":"Cloak And Dagger","floor":6.0},{"not_picked":["Endless Agony","Dagger Throw"],"picked":"Adrenaline","floor":7.0},{"not_picked":["Tactician","Quick Slash"],"picked":"Backflip","floor":10.0},{"not_picked":["Catalyst","Accuracy"],"picked":"Deflect","floor":12.0},{"not_picked":["Expertise","Deadly Poison"],"picked":"Predator","floor":13.0},{"not_picked":["Bane","Dash"],"picked":"Poisoned Stab","floor":14.0},{"not_picked":["Dagger Spray","Bane"],"picked":"Deadly Poison","floor":15.0},{"not_picked":["Phantasmal Killer","Burst"],"picked":"Die Die Die","floor":16.0},{"not_picked":["Slice","Bane+1"],"picked":"Flying Knee+1","floor":18.0},{"not_picked":["Choke","Slice"],"picked":"Prepared+1","floor":22.0},{"not_picked":["Flying Knee","Sucker Punch"],"picked":"Blade Dance","floor":24},{"not_picked":["Adrenaline","Acrobatics"],"picked":"Outmaneuver+1","floor":27},{"not_picked":["Deflect","Malaise"],"picked":"Calculated Gamble","floor":28},{"not_picked":["Expertise+1","Flying Knee"],"picked":"Caltrops","floor":29},{"not_picked":["Quick Slash","Prepared"],"picked":"Poisoned Stab+1","floor":31},{"not_picked":["Wraith Form v2","Slice"],"picked":"Deflect+1","floor":32},{"not_picked":["Wraith Form v2","Burst"],"picked":"Adrenaline","floor":33},{"not_picked":["Backflip","Outmaneuver+1","Acrobatics"],"picked":"SKIP","floor":35},{"not_picked":["Acrobatics","Prepared+1"],"picked":"Dagger Spray+1","floor":36},{"not_picked":["Dagger Throw","Slice+1"],"picked":"PiercingWail+1","floor":38},{"not_picked":["Quick Slash","Dagger Spray+1"],"picked":"Deflect+1","floor":39},{"not_picked":["HandOfGreed","Dramatic Entrance"],"picked":"Discovery","floor":41},{"not_picked":["Quick Slash+1","Flying Knee"],"picked":"Poisoned Stab+1","floor":44},{"not_picked":["Endless Agony+1","Poisoned Stab+1"],"picked":"Eviscerate","floor":45},{"not_picked":["Poisoned Stab","Heel Hook+1"],"picked":"Distraction+1","floor":46}],"player_experience":585330,"relics_obtained":[{"floor":7.0,"key":"Mango"},{"floor":9.0,"key":"Toy Ornithopter"},{"floor":10.0,"key":"Happy Flower"},{"floor":14.0,"key":"Thread and Needle"},{"floor":26,"key":"Potion Belt"},{"floor":27,"key":"Turnip"},{"floor":34,"key":"Tiny Chest"},{"floor":34,"key":"Mummified Hand"},{"floor":34,"key":"Ice Cream"},{"floor":39,"key":"Tough Bandages"},{"floor":43,"key":"Orichalcum"},{"floor":48,"key":"Bag of Preparation"}],"event_choices":[{"damage_healed":0.0,"max_hp_gain":0.0,"max_hp_loss":0.0,"gold_gain":0.0,"event_name":"Scrap Ooze","player_choice":"Success","floor":3.0,"gold_loss":0.0,"damage_taken":12.0,"relics_obtained":["War Paint"]},{"cards_removed":["Defend_G"],"damage_healed":0.0,"max_hp_gain":0.0,"max_hp_loss":0.0,"gold_gain":0.0,"event_name":"Golden Wing","player_choice":"Card Removal","floor":4.0,"gold_loss":0.0,"damage_taken":7.0},{"damage_healed":21.0,"max_hp_gain":0.0,"max_hp_loss":0.0,"gold_gain":0.0,"event_name":"The Cleric","player_choice":"Healed","floor":8.0,"gold_loss":35.0,"damage_taken":0.0},{"damage_healed":21.0,"max_hp_gain":0.0,"max_hp_loss":0.0,"gold_gain":0.0,"event_name":"Mushrooms","player_choice":"Healed and dodged fight","floor":11.0,"gold_loss":0.0,"damage_taken":0.0,"cards_obtained":["Parasite"]},{"damage_healed":0.0,"max_hp_gain":0.0,"max_hp_loss":0.0,"gold_gain":0.0,"event_name":"Back to Basics","player_choice":"Simplicity","floor":19.0,"gold_loss":0.0,"damage_taken":0.0,"cards_upgraded":["Strike_G","Strike_G","Strike_G","Strike_G","Strike_G","Defend_G","Defend_G","Defend_G"]},{"damage_healed":0.0,"max_hp_gain":0.0,"max_hp_loss":0.0,"gold_gain":0.0,"event_name":"N\u0027loth","player_choice":"Traded Relic","floor":21.0,"relics_lost":["Toy Ornithopter"],"gold_loss":0.0,"damage_taken":0.0,"relics_obtained":["Nloth\u0027s Gift"]},{"damage_healed":0,"gold_gain":0,"player_choice":"Bought 3 Potions","damage_taken":0,"max_hp_gain":0,"max_hp_loss":0,"event_name":"The Woman in Blue","floor":30,"gold_loss":0},{"damage_healed":0,"gold_gain":0,"player_choice":"Fight","damage_taken":0,"max_hp_gain":0,"max_hp_loss":0,"event_name":"MindBloom","floor":39,"gold_loss":0},{"damage_healed":0,"gold_gain":0,"player_choice":"Memory 1","damage_taken":0,"max_hp_gain":0,"max_hp_loss":0,"event_name":"SensoryStone","floor":41,"gold_loss":0},{"damage_healed":73,"gold_gain":0,"player_choice":"Heal","damage_taken":0,"max_hp_gain":0,"max_hp_loss":11,"event_name":"The Moai Head","floor":47,"gold_loss":0}],"is_beta":false,"boss_relics":[{"not_picked":["Empty Cage","Runic Dome"],"picked":"Cursed Key"},{"not_picked":["Philosopher\u0027s Stone","SlaversCollar"],"picked":"Calling Bell"}],"items_purged_floors":[],"is_endless":false,"potions_floor_spawned":[10,12,14,16,27,31,33,35,39],"ascension_level":5}}