{"host":"kaame4qwxxqnygv7","time":1613978085,"event":{"mods":["AchievementEnabler","BaseMod","Better Match","Better Skull","Better Third Choice","BetterRewards","Block Reminder","Bossed Relics","DeckTracker","Energized Spire","GungeonMod","Minty Spire (QoL Compilation)","Quick Restart","Red Circlet Mod","StSLib","SuperFastMode","The Blue Laboratory"],"gold_per_floor":[110,110,110,121,121,121,121],"floor_reached":6,"language":"KOR","playtime":160,"items_purged":[],"score":41,"play_id":"c653d9bf-b105-4761-8a52-be42e835cbea","local_time":"20210222161445","is_ascension_mode":true,"campfire_choices":[],"circlet_count":0,"master_deck":["Strike_P","Strike_P","Strike_P","Defend_P","Defend_P","Defend_P","Defend_P","Eruption","Vigilance","ReachHeaven","Regret","Establishment","ClearTheMind"],"relics":["PureWater","Calipers","Kunai","Oddly Smooth Stone","DemoMod:GnawedKey","Bag of Marbles","Strawberry"],"acts_visited":["Exordium"],"potions_floor_usage":[6],"damage_taken":[{"damage":0,"enemies":"Small Slimes","floor":1,"turns":2},{"damage":3,"enemies":"Jaw Worm","floor":4,"turns":3},{"damage":9,"enemies":"3 Sentries","floor":6,"turns":3}],"seed_played":"-959355227630767554","potions_obtained":[{"floor":4,"key":"blueLaboratory:FruitPunch"}],"is_trial":false,"path_per_floor":["M","?","?","M","?","E"],"character_chosen":"WATCHER","items_purchased":["Kunai","Oddly Smooth Stone","DemoMod:GnawedKey"],"campfire_rested":0,"item_purchase_floors":[0,0,0],"current_hp_per_floor":[40,40,40,37,26,19,19],"gold":121,"neow_bonus":"","is_daily":false,"chose_seed":false,"campfire_upgraded":0,"win_rate":0.0,"timestamp":1613978085,"path_taken":["M","?","?","?","?","E"],"items_purchased_type":["Relic","Relic","Relic"],"build_version":"2020-12-22","purchased_purges":0,"victory":false,"max_hp_per_floor":[72,72,72,72,79,81,81],"card_choices":[{"not_picked":["Indignation","Fasting2"],"picked":"ReachHeaven","floor":1},{"not_picked":["JustLucky","ForeignInfluence"],"picked":"ClearTheMind","floor":4}],"player_experience":315017,"relics_obtained":[],"event_choices":[{"damage_healed":0,"gold_gain":0,"player_choice":"Box","damage_taken":0,"relics_obtained":["Bag of Marbles"],"max_hp_gain":0,"max_hp_loss":0,"event_name":"Big Fish","floor":2,"gold_loss":0,"cards_obtained":["Regret"]},{"damage_healed":0,"gold_gain":0,"cards_transformed":["Strike_P"],"player_choice":"Transformed","damage_taken":0,"max_hp_gain":0,"max_hp_loss":0,"event_name":"Transmorgrifier","floor":3,"gold_loss":0,"cards_obtained":["Establishment"]},{"damage_healed":0,"gold_gain":0,"player_choice":"Relic ","damage_taken":18,"max_hp_gain":0,"max_hp_loss":0,"event_name":"betterThird:BetterScrap","floor":5,"gold_loss":0,"cards_obtained":["Tools of the Trade"]}],"is_beta":false,"boss_relics":[],"items_purged_floors":[],"is_endless":false,"potions_floor_spawned":[4],"killed_by":"3 Sentries","ascension_level":4}}