{"host":"7jl4uf745pjtflnx","time":1613982947,"event":{"mods":["BaseMod","BetterRewards","Hubris","Minty Spire (QoL Compilation)","Reliquary","Replay The Spire","StSLib","SuperFastMode","The Construct"],"gold_per_floor":[112,125,136,136,61,61,88,88,88,98,130,194,173,192,192,192,192],"floor_reached":16,"language":"ENG","playtime":354,"items_purged":["Strike_G"],"score":116,"play_id":"2dab44ec-f6ea-49aa-87f8-bb8e86ee4754","local_time":"20210222033547","is_ascension_mode":true,"campfire_choices":[{"data":"ReplayTheSpireMod:Speed Training","floor":6,"key":"SMITH"},{"data":"Noxious Fumes","floor":8,"key":"SMITH"},{"floor":15,"key":"REST"}],"circlet_count":0,"master_deck":["Strike_G","Strike_G","Strike_G","Strike_G","Defend_G","Defend_G","Defend_G","Defend_G","Defend_G","Survivor","Neutralize","Noxious Fumes+1","Caltrops","ReplayTheSpireMod:Speed Training+1","Backstab","PiercingWail","PiercingWail","Blur","Deflect"],"relics":["Sozu","Strawberry","Matryoshka"],"acts_visited":["Exordium"],"potions_floor_usage":[],"damage_taken":[{"damage":0,"enemies":"Jaw Worm","floor":1,"turns":4},{"damage":0,"enemies":"2 Louse","floor":2,"turns":2},{"damage":2,"enemies":"Small Slimes","floor":3,"turns":4},{"damage":6,"enemies":"Lagavulin","floor":7,"turns":9},{"damage":0,"enemies":"Blue Slaver","floor":10,"turns":4},{"damage":62,"enemies":"Gremlin Nob","floor":11,"turns":7},{"damage":0,"enemies":"2 Fungi Beasts","floor":14,"turns":6},{"damage":32,"enemies":"Slime Boss","floor":16,"turns":9}],"seed_played":"-3549807363688821386","potions_obtained":[],"is_trial":false,"path_per_floor":["M","M","M","?","$","R","E","R","T","M","E","?","?","M","R","B"],"character_chosen":"THE_SILENT","items_purchased":[],"campfire_rested":1,"item_purchase_floors":[],"current_hp_per_floor":[70,70,68,68,68,68,69,69,69,69,7,7,7,7,30,0,0],"gold":192,"neow_bonus":"BOSS_RELIC","is_daily":false,"chose_seed":false,"campfire_upgraded":2,"win_rate":0.0,"timestamp":1613982947,"path_taken":["M","M","M","?","$","R","E","R","T","M","E","?","?","M","R","BOSS"],"items_purchased_type":[],"build_version":"2020-12-22","purchased_purges":1,"victory":false,"max_hp_per_floor":[70,70,70,70,70,70,77,77,77,77,77,77,77,77,77,77,77],"card_choices":[{"not_picked":["Tactician","Heel Hook"],"picked":"Noxious Fumes","floor":1},{"not_picked":["Flying Knee","Quick Slash"],"picked":"Caltrops","floor":2},{"not_picked":["Replay:Poison Smokescreen","Draining Mist"],"picked":"ReplayTheSpireMod:Speed Training","floor":3},{"not_picked":["hubris:SlightOfHand","ReplayTheSpireMod:The Works"],"picked":"PiercingWail","floor":7},{"not_picked":["Deflect","Dagger Throw"],"picked":"PiercingWail","floor":10},{"not_picked":["ReplayTheSpireMod:Scrap Shanks","Predator"],"picked":"Blur","floor":11},{"not_picked":["Underhanded Strike","Blade Dance"],"picked":"Deflect","floor":14}],"player_experience":842008,"relics_obtained":[{"floor":7,"key":"Strawberry"},{"floor":11,"key":"Matryoshka"}],"event_choices":[{"damage_healed":0,"gold_gain":64,"player_choice":"Gained Gold","damage_taken":0,"max_hp_gain":0,"max_hp_loss":0,"event_name":"Golden Wing","floor":12,"gold_loss":0},{"damage_healed":0,"gold_gain":0,"player_choice":"Left Gold","damage_taken":0,"max_hp_gain":0,"max_hp_loss":0,"event_name":"World of Goop","floor":13,"gold_loss":21}],"is_beta":false,"boss_relics":[],"items_purged_floors":[5],"is_endless":false,"potions_floor_spawned":[1,3,14],"killed_by":"Slime Boss","ascension_level":1}}