{"host":"rhakyh2m1vy6smuu","time":1613962329,"event":{"mods":["BaseMod","Minty Spire (QoL Compilation)","StSLib","The Cursed"],"gold_per_floor":[117,94,143,143,224,224,250,282,282,313,313,340,340,360,360,455,455,475,475,475,501,521,521,539,539,539,567,186,212,212,65,65,168,168,178,178,192,205,205,205,218,228,251,264,264,281,281,292,292,292,292,292,63,96,96],"floor_reached":56,"language":"ENG","playtime":3413,"items_purged":["Writhe"],"score":1569,"play_id":"dd741121-89e7-4810-b188-135723f145c3","local_time":"20210221195209","is_ascension_mode":true,"campfire_choices":[{"data":"Sweeping Beam","floor":6.0,"key":"SMITH"},{"data":"Coolheaded","floor":11.0,"key":"SMITH"},{"data":"Dualcast","floor":13.0,"key":"SMITH"},{"data":"Zap","floor":15.0,"key":"SMITH"},{"data":"Ghostly","floor":23.0,"key":"SMITH"},{"data":"Echo Form","floor":25.0,"key":"SMITH"},{"data":"Buffer","floor":30.0,"key":"SMITH"},{"data":"Ball Lightning","floor":32.0,"key":"SMITH"},{"data":"Ghostly","floor":40.0,"key":"SMITH"},{"floor":45.0,"key":"RECALL"},{"data":"Darkness","floor":47.0,"key":"SMITH"},{"data":"Reboot","floor":49.0,"key":"SMITH"},{"data":"Conserve Battery","floor":52,"key":"SMITH"}],"circlet_count":0,"master_deck":["Strike_B","Strike_B+1","Defend_B","Defend_B","Defend_B","Zap+1","Dualcast+1","Compile Driver+1","Sweeping Beam+1","Coolheaded+1","Conserve Battery+1","BootSequence","Echo Form+1","Ghostly+1","Ghostly+1","Ghostly","Ghostly","Ghostly","Ball Lightning+1","Buffer+1","Reboot+1","Genetic Algorithm+1","Self Repair+1","Leap+1","Barrage+1","Echo Form+1","Beam Cell+1","Hologram+1","Rebound","Go for the Eyes+1","Darkness+1","Storm+1","Static Discharge"],"relics":["Cracked Core","NeowsBlessing","Meat on the Bone","Whetstone","Happy Flower","Mummified Hand","Pear","Art of War","Inserter","PreservedInsect","Vajra","StrikeDummy","Centennial Puzzle","Bag of Preparation","TheAbacus","White Beast Statue","Strange Spoon","Astrolabe","Letter Opener","Nunchaku","DataDisk","Ornamental Fan"],"acts_visited":["Exordium","TheCity","TheBeyond","TheEnding"],"potions_floor_usage":[55,55,55,55,55,55],"damage_taken":[{"damage":0.0,"enemies":"Cultist","floor":1.0,"turns":1.0},{"damage":0.0,"enemies":"3 Sentries","floor":8.0,"turns":1.0},{"damage":0.0,"enemies":"Gremlin Nob","floor":10.0,"turns":1.0},{"damage":19.0,"enemies":"Lagavulin","floor":12.0,"turns":6.0},{"damage":2.0,"enemies":"Jaw Worm","floor":14.0,"turns":3.0},{"damage":9.0,"enemies":"Slime Boss","floor":16.0,"turns":8.0},{"damage":10.0,"enemies":"Spheric Guardian","floor":18.0,"turns":5.0},{"damage":19.0,"enemies":"Chosen","floor":22.0,"turns":7.0},{"damage":1.0,"enemies":"3 Cultists","floor":24.0,"turns":6.0},{"damage":1.0,"enemies":"Book of Stabbing","floor":27.0,"turns":6.0},{"damage":17.0,"enemies":"Slavers","floor":29.0,"turns":4.0},{"damage":4.0,"enemies":"Collector","floor":33.0,"turns":13.0},{"damage":1.0,"enemies":"Orb Walker","floor":35.0,"turns":5.0},{"damage":0.0,"enemies":"3 Darklings","floor":37.0,"turns":9.0},{"damage":1.0,"enemies":"Writhing Mass","floor":38.0,"turns":7.0},{"damage":0.0,"enemies":"Sphere and 2 Shapes","floor":41.0,"turns":6.0},{"damage":0.0,"enemies":"Jaw Worm Horde","floor":42.0,"turns":6.0},{"damage":0.0,"enemies":"Writhing Mass","floor":44.0,"turns":7.0},{"damage":0.0,"enemies":"Transient","floor":46.0,"turns":5.0},{"damage":3.0,"enemies":"Jaw Worm Horde","floor":48.0,"turns":4.0},{"damage":0,"enemies":"Awakened One","floor":50,"turns":10},{"damage":4,"enemies":"Shield and Spear","floor":54,"turns":7},{"damage":36,"enemies":"The Heart","floor":55,"turns":11}],"seed_played":"8431630756364371880","potions_obtained":[{"floor":1.0,"key":"DuplicationPotion"},{"floor":12.0,"key":"SpeedPotion"},{"floor":18.0,"key":"Energy Potion"},{"floor":27.0,"key":"EntropicBrew"},{"floor":33.0,"key":"LiquidMemories"},{"floor":38.0,"key":"SkillPotion"},{"floor":41.0,"key":"PowerPotion"},{"floor":46.0,"key":"LiquidBronze"}],"is_trial":false,"path_per_floor":["M","$","T","$","T","R","T","E","T","E","R","E","R","M","R","B",null,"M","?","?","T","M","R","M","R","T","E","$","E","R","$","R","B",null,"M","?","M","M","?","R","M","M","T","M","R","M","R","M","R","B",null,"R","$","E","B",null],"character_chosen":"DEFECT","items_purchased":["Sweeping Beam","Bag of Preparation","TheAbacus","Strange Spoon","DataDisk","Static Discharge"],"campfire_rested":0,"item_purchase_floors":[2,28,28,31,53,53],"current_hp_per_floor":[68,68,68,68,68,68,68,68,68,78,78,59,59,57,57,48,76,66,66,42,42,23,23,22,22,22,33,33,28,28,28,28,24,38,42,42,42,42,42,42,42,42,42,42,42,42,42,39,39,39,41,41,41,42,28],"gold":96,"neow_bonus":"THREE_ENEMY_KILL","is_daily":false,"chose_seed":false,"campfire_upgraded":12,"win_rate":0.0,"timestamp":1613962329,"path_taken":["M","?","?","?","?","R","?","E","T","E","R","E","R","M","R","BOSS","M","?","?","?","M","R","?","R","T","E","$","E","R","$","R","BOSS","M","?","M","?","?","R","M","?","T","M","R","M","R","M","R","BOSS","R","$","E","BOSS"],"items_purchased_type":["Card","Relic","Relic","Relic","Relic","Card"],"build_version":"2020-12-22","purchased_purges":1,"victory":true,"max_hp_per_floor":[75,75,75,75,75,75,75,75,75,85,85,85,85,85,85,85,85,85,85,42,42,42,42,42,42,42,42,42,42,42,42,42,42,42,42,42,42,42,42,42,42,42,42,42,42,42,42,42,42,42,42,42,42,42,42],"card_choices":[{"not_picked":["Chaos","Consume"],"picked":"Compile Driver","floor":1.0},{"not_picked":["Barrage","Go for the Eyes"],"picked":"Coolheaded","floor":8.0},{"not_picked":["Steam Power","Double Energy"],"picked":"Conserve Battery","floor":10.0},{"not_picked":["Steam","Hello World","Redo"],"picked":"SKIP","floor":12.0},{"not_picked":["Reprogram","Static Discharge"],"picked":"BootSequence","floor":14.0},{"not_picked":["Seek","Fission"],"picked":"Echo Form","floor":16.0},{"not_picked":["Conserve Battery","Reprogram","Steam"],"picked":"SKIP","floor":18.0},{"not_picked":["Skim+1","Scrape","Doom and Gloom"],"picked":"SKIP","floor":22.0},{"not_picked":["Rebound+1","Leap"],"picked":"Ball Lightning","floor":24.0},{"not_picked":["BootSequence","Skim","Stack"],"picked":"SKIP","floor":27.0},{"not_picked":["Doom and Gloom","Recycle+1"],"picked":"Buffer","floor":29.0},{"not_picked":["Rainbow","Hyperbeam"],"picked":"Reboot","floor":33.0},{"not_picked":["Leap+1","Steam+1"],"picked":"Barrage+1","floor":35.0},{"not_picked":["Coolheaded+1","Go for the Eyes"],"picked":"Beam Cell+1","floor":37.0},{"not_picked":["Rip and Tear+1","Compile Driver"],"picked":"Hologram+1","floor":38.0},{"not_picked":["Leap","Echo Form"],"picked":"Rebound","floor":41.0},{"not_picked":["Compile Driver","Steam","Recycle+1"],"picked":"SKIP","floor":42.0},{"not_picked":["Conserve Battery","Sweeping Beam+1"],"picked":"Go for the Eyes+1","floor":44.0},{"not_picked":["Rebound","Sunder"],"picked":"Darkness","floor":46.0},{"not_picked":["Hello World+1","Biased Cognition"],"picked":"Storm+1","floor":48.0},{"not_picked":["Leap+1","Sweeping Beam+1","Coolheaded"],"picked":"SKIP","floor":54}],"player_experience":1581803,"relics_obtained":[{"floor":5.0,"key":"Meat on the Bone"},{"floor":7.0,"key":"Whetstone"},{"floor":8.0,"key":"Happy Flower"},{"floor":9.0,"key":"Mummified Hand"},{"floor":10.0,"key":"Pear"},{"floor":12.0,"key":"Art of War"},{"floor":21.0,"key":"Vajra"},{"floor":26.0,"key":"StrikeDummy"},{"floor":27.0,"key":"Centennial Puzzle"},{"floor":29.0,"key":"White Beast Statue"},{"floor":43.0,"key":"Nunchaku"},{"floor":54,"key":"Ornamental Fan"}],"event_choices":[{"damage_healed":0.0,"max_hp_gain":0.0,"max_hp_loss":0.0,"gold_gain":0.0,"event_name":"The Mausoleum","player_choice":"Opened","floor":19.0,"gold_loss":0.0,"damage_taken":0.0,"relics_obtained":["PreservedInsect"],"cards_obtained":["Writhe"]},{"damage_healed":0.0,"max_hp_gain":0.0,"max_hp_loss":43.0,"gold_gain":0.0,"event_name":"Ghosts","player_choice":"Became a Ghost","floor":20.0,"gold_loss":0.0,"damage_taken":0.0,"cards_obtained":["Ghostly","Ghostly","Ghostly","Ghostly","Ghostly"]},{"damage_healed":0.0,"max_hp_gain":0.0,"max_hp_loss":0.0,"gold_gain":0.0,"event_name":"Duplicator","player_choice":"Copied","floor":36.0,"gold_loss":0.0,"damage_taken":0.0,"cards_obtained":["Echo Form"]},{"damage_healed":0.0,"max_hp_gain":0.0,"max_hp_loss":0.0,"gold_gain":0.0,"event_name":"WeMeetAgain","player_choice":"Gave Potion","floor":39.0,"gold_loss":0.0,"damage_taken":0.0,"relics_obtained":["Letter Opener"]}],"is_beta":false,"boss_relics":[{"not_picked":["SlaversCollar","Runic Pyramid"],"picked":"Inserter"},{"not_picked":["Snecko Eye","Calling Bell"],"picked":"Astrolabe"}],"items_purged_floors":[28],"is_endless":false,"potions_floor_spawned":[1,12,18,24,27,33,35,37,38,41,42,44,46,48,54],"ascension_level":6}}