{"host":"bplbr8uekuotory4","time":1613968379,"event":{"mods":["Act Like it!","BaseMod","GungeonMod","Hermit","KinomotoSakuraMod(木之本樱)","Marisa（F雨　魔理沙）","Minty Spire (QoL Compilation)","Prisma Mod","Quick Restart","Reimu（博丽灵梦）","SOS（斯巴达之子）","Spicy Shops","StSLib","TestMod","The Blackbeard","The Cursed","The Mystic","The Saiyan","The Senshi","The Servant 0.9.4","Yuri Mod","[IsaacMod]以撒尖塔"],"gold_per_floor":[211,225,225,625,825,853,870,898,898,929,245,255,282,299,299,376,376,389,289,289,289,300,333,333,383,407,442,72,84,84,114,114,188,188,198,218,143,197,215,244,256,296,308,357,387,186,206,220,220,220,220,220,35,68,68],"floor_reached":56,"language":"ZHS","playtime":1318,"items_purged":["blackbeard:BlackbeardDefend","blackbeard:BlackbeardStrike","blackbeard:BlackbeardDefend","blackbeard:BlackbeardStrike","blackbeard:BlackbeardDefend","blackbeard:BlackbeardStrike","blackbeard:BlackbeardDefend","blackbeard:Cutlass"],"score":3324,"play_id":"09471992-216b-4ee3-a906-c270326453e6","local_time":"20210222123259","is_ascension_mode":true,"campfire_choices":[{"data":"blackbeard:PirateEarring","floor":15,"key":"SMITH"},{"data":"blackbeard:InfiniteBarrage","floor":24,"key":"SMITH"},{"data":"blackbeard:GoldenGuillotine","floor":30,"key":"SMITH"},{"data":"blackbeard:Intoxication","floor":32,"key":"SMITH"},{"floor":49,"key":"RECALL"},{"data":"blackbeard:BoostMorale","floor":52,"key":"SMITH"}],"circlet_count":0,"master_deck":["AscendersBane","blackbeard:IntimidatingStrike","blackbeard:Intoxication+1","blackbeard:GoldenCannonball","blackbeard:GoldenDefense","blackbeard:CloakAndCannonball","blackbeard:Toast","blackbeard:PirateEarring+1","blackbeard:GoldenGuillotine+1","blackbeard:DoubleCannonball","blackbeard:InfiniteBarrage+1","blackbeard:GoldenStrike","blackbeard:BoostMorale+1","blackbeard:PiratesWill+1","blackbeard:WoodenLeg+1"],"relics":["blackbeard:LoadTheGoldenCannons","testmod-TestBox","HushsDoor","MoneyPower","testmod-ObsoleteBoomerang","blackbeard:PowderCan","Pocketwatch","Bag of Marbles","CrazyTorch:ReiMu","TheBible","testmod-RandomTest","DemoMod:GundromedaStrain","Mummified Hand","Enchiridion","DemoMod:MonsterBlood","Mastiff:ReiMu","Thread and Needle","SteamSale","DeadEye","Gremlin Horn","MagicMushroom","GuppysHead","BelialBook","testmod-Maize","MawBank","CeramicFish","testmod-Hope","Boot","blackbeard:BloodOrange","TheAbacus","Happy Flower","Bag of Preparation"],"acts_visited":["Exordium","TheCity","TheBeyond","TheEnding"],"potions_floor_usage":[35,55,55,55],"damage_taken":[{"damage":0,"enemies":"2 Louse","floor":1,"turns":2},{"damage":0,"enemies":"Small Slimes","floor":2,"turns":2},{"damage":4,"enemies":"Gremlin Nob","floor":6,"turns":3},{"damage":0,"enemies":"Jaw Worm","floor":7,"turns":1},{"damage":11,"enemies":"3 Sentries","floor":8,"turns":4},{"damage":0,"enemies":"Gremlin Nob","floor":10,"turns":1},{"damage":0,"enemies":"3 Louse","floor":12,"turns":1},{"damage":0,"enemies":"Lagavulin","floor":13,"turns":2},{"damage":0,"enemies":"Blue Slaver","floor":14,"turns":1},{"damage":0,"enemies":"The Guardian","floor":16,"turns":7},{"damage":0,"enemies":"2 Thieves","floor":18,"turns":1},{"damage":0,"enemies":"Shell Parasite","floor":22,"turns":1},{"damage":0,"enemies":"Gremlin Leader","floor":23,"turns":1},{"damage":0,"enemies":"Book of Stabbing","floor":27,"turns":1},{"damage":0,"enemies":"Chosen and Byrds","floor":29,"turns":1},{"damage":0,"enemies":"Slavers","floor":31,"turns":1},{"damage":0,"enemies":"Collector","floor":33,"turns":1},{"damage":0,"enemies":"3 Darklings","floor":35,"turns":1},{"damage":0,"enemies":"3 Shapes","floor":36,"turns":1},{"damage":0,"enemies":"2 Orb Walkers","floor":38,"turns":1},{"damage":0,"enemies":"Maw","floor":39,"turns":1},{"damage":0,"enemies":"Giant Head","floor":40,"turns":1},{"damage":0,"enemies":"Nemesis","floor":42,"turns":1},{"damage":0,"enemies":"Giant Head","floor":44,"turns":2},{"damage":2,"enemies":"Sphere and 2 Shapes","floor":45,"turns":1},{"damage":0,"enemies":"Spire Growth","floor":47,"turns":1},{"damage":0,"enemies":"Transient","floor":48,"turns":4},{"damage":0,"enemies":"Awakened One","floor":50,"turns":4},{"damage":0,"enemies":"Shield and Spear","floor":54,"turns":2},{"damage":8,"enemies":"The Heart","floor":55,"turns":4}],"seed_played":"4011801576988839253","potions_obtained":[{"floor":1,"key":"EssenceOfSteel"},{"floor":12,"key":"Strength Potion"},{"floor":35,"key":"testmod-SpacePotion"},{"floor":36,"key":"SteroidPotion"},{"floor":38,"key":"Ancient Potion"}],"is_trial":false,"path_per_floor":["M","M","?","?","?","E","M","E","T","E","$","M","E","M","R","B",null,"M","$","?","T","M","E","R","?","T","E","$","M","R","E","R","B",null,"M","M","$","?","M","E","?","E","T","E","M","$","M","M","R","B",null,"R","$","E","B",null],"character_chosen":"BLACKBEARD_CLASS","items_purchased":["testmod-RandomTest","DemoMod:GundromedaStrain","blackbeard:DoubleCannonball","SteamSale","DeadEye","GuppysHead","BelialBook","blackbeard:BloodOrange","TheAbacus","Happy Flower"],"campfire_rested":0,"item_purchase_floors":[11,11,17,28,28,34,34,46,46,53],"current_hp_per_floor":[64,64,64,64,64,60,60,49,49,49,49,49,49,49,49,49,60,60,60,39,39,39,46,46,46,46,46,46,46,46,46,46,46,51,51,51,51,51,51,51,102,102,102,102,100,100,100,101,101,102,102,102,102,102,94],"gold":68,"neow_bonus":"HUNDRED_GOLD","is_daily":false,"chose_seed":false,"campfire_upgraded":5,"win_rate":0.0,"timestamp":1613968379,"path_taken":["M","M","?","?","?","E","?","E","T","E","$","M","E","M","R","BOSS","M","?","?","?","M","E","R","?","T","E","$","?","R","E","R","BOSS","M","M","$","?","?","E","?","E","T","E","M","$","?","M","R","BOSS","R","$","E","BOSS"],"items_purchased_type":["Relic","Relic","Card","Relic","Relic","Relic","Relic","Relic","Relic","Relic"],"build_version":"2020-12-22","purchased_purges":8,"victory":true,"max_hp_per_floor":[71,71,71,71,71,71,71,71,71,71,71,71,71,71,71,71,64,64,64,64,64,64,71,71,71,71,71,71,71,71,71,71,71,51,51,51,51,51,51,51,102,102,102,102,102,102,102,102,102,102,102,102,102,102,102],"card_choices":[{"not_picked":["blackbeard:TerrorOfTheSeas","blackbeard:RemoveScurvy"],"picked":"Bomb","floor":1},{"not_picked":["blackbeard:Revenge","blackbeard:GoldenStrike"],"picked":"blackbeard:Intoxication","floor":2},{"not_picked":["blackbeard:GhostInTheRum","blackbeard:WoodenLeg"],"picked":"blackbeard:GoldenCannonball","floor":6},{"not_picked":["blackbeard:JollyRoger","blackbeard:PiratesWill"],"picked":"blackbeard:GoldenDefense","floor":7},{"not_picked":["blackbeard:Sharpening","blackbeard:PowderKeg"],"picked":"blackbeard:CloakAndCannonball","floor":8},{"not_picked":["blackbeard:Provisioning","blackbeard:JollyRoger","blackbeard:CloakAndCannonball"],"picked":"SKIP","floor":10},{"not_picked":["blackbeard:TacticalRetreat","blackbeard:RemoveScurvy"],"picked":"blackbeard:Toast","floor":12},{"not_picked":["blackbeard:Provisioning","blackbeard:Fencing","blackbeard:BlindAttacks"],"picked":"SKIP","floor":13},{"not_picked":["blackbeard:BrownPants","blackbeard:Recklessness"],"picked":"blackbeard:PirateEarring","floor":14},{"not_picked":["blackbeard:ReapersScythe","blackbeard:Salvager"],"picked":"blackbeard:GoldenGuillotine","floor":16},{"not_picked":["blackbeard:Eyepatch","blackbeard:GoldenDefense+1","blackbeard:Upgrade"],"picked":"SKIP","floor":18},{"not_picked":["blackbeard:PirateEarring","blackbeard:GoldenDefense"],"picked":"blackbeard:InfiniteBarrage","floor":22},{"not_picked":["blackbeard:DoubleBottom","blackbeard:Anchor","blackbeard:GoldenRain"],"picked":"SKIP","floor":23},{"not_picked":["blackbeard:Shrapnel","blackbeard:RearmingStrike"],"picked":"blackbeard:GoldenStrike","floor":27},{"not_picked":["blackbeard:Dagger","blackbeard:ChaoticDefense","blackbeard:GhostInTheRum"],"picked":"SKIP","floor":29},{"not_picked":["blackbeard:Sharpening","blackbeard:BlindAttacks","blackbeard:BrownPants"],"picked":"SKIP","floor":31},{"not_picked":["blackbeard:Lifeboat","blackbeard:PowerHungry"],"picked":"blackbeard:BoostMorale","floor":33},{"not_picked":["blackbeard:BeatUp","blackbeard:GhostInTheRum+1"],"picked":"blackbeard:PiratesWill+1","floor":35},{"not_picked":["blackbeard:DangerousBlow+1","blackbeard:SmithingHammer+1","blackbeard:BeatUp"],"picked":"SKIP","floor":36},{"not_picked":["blackbeard:RemoveScurvy","blackbeard:Revenge","blackbeard:VengefulSpirit"],"picked":"SKIP","floor":39},{"not_picked":["blackbeard:TerrorOfTheSeas","blackbeard:BlindAttacks","blackbeard:CloakAndCannonball"],"picked":"SKIP","floor":40},{"not_picked":["blackbeard:ArmorUp","blackbeard:FinalBarrage","blackbeard:TheDrunkenSailor"],"picked":"SKIP","floor":42},{"not_picked":["blackbeard:GoldenDefense","blackbeard:FieryDefense","blackbeard:WoodenLeg+1"],"picked":"SKIP","floor":44},{"not_picked":["blackbeard:GoldenDefense","blackbeard:FieryDefense"],"picked":"blackbeard:WoodenLeg+1","floor":44},{"not_picked":["blackbeard:RearmingStrike","blackbeard:BlindAttacks","blackbeard:SwordDance"],"picked":"SKIP","floor":45},{"not_picked":["blackbeard:WiseDefense+1","blackbeard:Bandana","blackbeard:DeadlyArsenal"],"picked":"SKIP","floor":47},{"not_picked":["blackbeard:GoldenDefense","blackbeard:BuriedTreasure","blackbeard:FieryDefense+1"],"picked":"SKIP","floor":48},{"not_picked":["blackbeard:FishingNets","blackbeard:DeadlyArsenal+1","blackbeard:GoldenDefense"],"picked":"SKIP","floor":54}],"player_experience":1174899,"relics_obtained":[{"floor":6,"key":"Pocketwatch"},{"floor":8,"key":"Bag of Marbles"},{"floor":9,"key":"CrazyTorch:ReiMu"},{"floor":10,"key":"TheBible"},{"floor":13,"key":"Mummified Hand"},{"floor":20,"key":"Enchiridion"},{"floor":23,"key":"DemoMod:MonsterBlood"},{"floor":26,"key":"Mastiff:ReiMu"},{"floor":27,"key":"Thread and Needle"},{"floor":31,"key":"Gremlin Horn"},{"floor":38,"key":"testmod-Maize"},{"floor":40,"key":"MawBank"},{"floor":42,"key":"CeramicFish"},{"floor":43,"key":"testmod-Hope"},{"floor":44,"key":"Boot"},{"floor":54,"key":"Bag of Preparation"}],"event_choices":[{"cards_removed":["blackbeard:BlackbeardStrike"],"damage_healed":0,"gold_gain":0,"player_choice":"Forget","damage_taken":0,"max_hp_gain":0,"max_hp_loss":0,"event_name":"Living Wall","floor":3,"gold_loss":0},{"damage_healed":0,"gold_gain":400,"player_choice":"Sell","damage_taken":0,"max_hp_gain":0,"max_hp_loss":0,"event_name":"恩洛斯的盘子","floor":4,"relics_lost":["DemoMod:GlassGuonStoneRelic"],"gold_loss":0},{"damage_healed":0,"gold_gain":200,"player_choice":"YARR","damage_taken":0,"relics_obtained":["blackbeard:PowderCan"],"max_hp_gain":0,"max_hp_loss":0,"event_name":"blackbeard:Ssssserpent","floor":5,"gold_loss":0},{"damage_healed":0,"gold_gain":0,"player_choice":"Obtained Book","damage_taken":21,"max_hp_gain":0,"max_hp_loss":0,"event_name":"Cursed Tome","floor":20,"gold_loss":0},{"damage_healed":0,"gold_gain":50,"player_choice":"Stole From Cult","damage_taken":0,"max_hp_gain":0,"max_hp_loss":0,"event_name":"Nest","floor":25,"gold_loss":0},{"damage_healed":0,"gold_gain":0,"player_choice":"Fight","damage_taken":0,"max_hp_gain":0,"max_hp_loss":0,"event_name":"Mysterious Sphere","floor":38,"gold_loss":0},{"damage_healed":0,"gold_gain":0,"player_choice":"Swap Relic","damage_taken":0,"relics_obtained":["testmod-HarvestTotem"],"max_hp_gain":0,"max_hp_loss":0,"event_name":"给自己的盒子","floor":41,"relics_lost":["testmod-HarvestTotem"],"gold_loss":0}],"is_beta":false,"boss_relics":[{"not_picked":["testmod-NegativeEmotionEnhancer","testmod-StringDisintegrator"],"picked":"blackbeard:LoadTheGoldenCannons"},{"not_picked":[]},{"not_picked":["Runic Dome","Busted Crown"],"picked":"MagicMushroom"},{"not_picked":[]}],"items_purged_floors":[11,17,19,28,34,37,46,53],"is_endless":false,"potions_floor_spawned":[1,12,13,14,18,23,27,33,35,36,38,40,48],"ascension_level":19}}