{"host":"v86vpwf004p2esb7","time":1613957164,"event":{"mods":["AchievementEnabler","BaseMod","BetterRewards","Colored Powertips","Minty Spire (QoL Compilation)","Quick Restart","StSLib","Transform Curses"],"gold_per_floor":[115,115,115,9,9,9,25,59,59,77,77,92,128,148,148,276,276,297,320,11,11,11,54,54,153,153,153,184,200,225,48,48,168,168,183,183,183,233,256,300,300,1,82,97,141,41,64,79,79,79,79,79,3,34,34,34],"floor_reached":55,"language":"ENG","playtime":5647,"items_purged":["Doubt","Shame"],"score":1581,"play_id":"7f946e9d-4bff-4751-8042-5d75514204fa","local_time":"20210221172604","is_ascension_mode":true,"campfire_choices":[{"floor":6.0,"key":"REST"},{"floor":15.0,"key":"REST"},{"floor":24.0,"key":"REST"},{"floor":27.0,"key":"RECALL"},{"floor":32.0,"key":"REST"},{"floor":41.0,"key":"REST"},{"floor":49.0,"key":"REST"},{"floor":52,"key":"REST"}],"circlet_count":0,"master_deck":["Strike_G","Strike_G","Strike_G","Strike_G","Strike_G","Defend_G","Defend_G","Defend_G","Defend_G","Defend_G","Survivor","Neutralize","Caltrops","Accuracy","Adrenaline+1","Poisoned Stab","Finisher","Backflip","Noxious Fumes","Bane","Injury","Caltrops","Infinite Blades","Bouncing Flask","PiercingWail","Poisoned Stab","Blade Dance","Envenom","Poisoned Stab","Blade Dance+1","Ghostly","Ghostly","Ghostly","Ghostly","Ghostly","Blade Dance","Dodge and Roll","Blade Dance","Bane","Adrenaline","Poisoned Stab+1","Dark Shackles","Poisoned Stab+1","Corpse Explosion","Blade Dance+1","Backstab","Catalyst","Catalyst+1","Calculated Gamble","Parasite","Cloak And Dagger","Accuracy+1","A Thousand Cuts","Deflect","Deadly Poison+1","Well Laid Plans+1","Setup+1","Finisher","PiercingWail"],"relics":["Ring of the Snake","Blood Vial","TungstenRod","Lantern","Orichalcum","Anchor","Bottled Tornado","Bag of Marbles","Golden Idol","Regal Pillow","Kunai","Gremlin Horn","Fusion Hammer","Incense Burner","Tiny Chest","Ancient Tea Set","Turnip","The Specimen","HoveringKite","Prayer Wheel","Bronze Scales","StrikeDummy","Strawberry","Orrery","HornCleat","Centennial Puzzle","Shuriken"],"acts_visited":["Exordium","TheCity","TheBeyond","TheEnding"],"potions_floor_usage":[50,50,55],"damage_taken":[{"damage":0.0,"enemies":"Cultist","floor":1.0,"turns":3.0},{"damage":0.0,"enemies":"Small Slimes","floor":7.0,"turns":3.0},{"damage":42.0,"enemies":"Lagavulin","floor":8.0,"turns":8.0},{"damage":0.0,"enemies":"2 Louse","floor":10.0,"turns":3.0},{"damage":0.0,"enemies":"Looter","floor":12.0,"turns":1.0},{"damage":3.0,"enemies":"Gremlin Nob","floor":13.0,"turns":4.0},{"damage":1.0,"enemies":"Exordium Thugs","floor":14.0,"turns":3.0},{"damage":28.0,"enemies":"The Guardian","floor":16.0,"turns":7.0},{"damage":20.0,"enemies":"Shell Parasite","floor":18.0,"turns":4.0},{"damage":3.0,"enemies":"Spheric Guardian","floor":19.0,"turns":3.0},{"damage":0.0,"enemies":"Gremlin Leader","floor":23.0,"turns":4.0},{"damage":0.0,"enemies":"Book of Stabbing","floor":28.0,"turns":5.0},{"damage":0.0,"enemies":"Snecko","floor":29.0,"turns":4.0},{"damage":15.0,"enemies":"Snake Plant","floor":30.0,"turns":4.0},{"damage":0.0,"enemies":"Collector","floor":33.0,"turns":7.0},{"damage":20.0,"enemies":"3 Shapes","floor":35.0,"turns":4.0},{"damage":1.0,"enemies":"Orb Walker","floor":39.0,"turns":2.0},{"damage":2.0,"enemies":"Giant Head","floor":40.0,"turns":8.0},{"damage":0.0,"enemies":"Writhing Mass","floor":44.0,"turns":5.0},{"damage":25.0,"enemies":"Nemesis","floor":45.0,"turns":5.0},{"damage":0.0,"enemies":"Jaw Worm Horde","floor":47.0,"turns":3.0},{"damage":0.0,"enemies":"Sphere and 2 Shapes","floor":48.0,"turns":4.0},{"damage":29,"enemies":"Awakened One","floor":50,"turns":10},{"damage":17,"enemies":"Shield and Spear","floor":54,"turns":7},{"damage":38,"enemies":"The Heart","floor":55,"turns":2}],"seed_played":"-9113957081127777373","potions_obtained":[{"floor":7.0,"key":"EssenceOfSteel"},{"floor":14.0,"key":"ColorlessPotion"},{"floor":16.0,"key":"DistilledChaos"},{"floor":19.0,"key":"GamblersBrew"},{"floor":48.0,"key":"CultistPotion"},{"floor":54,"key":"Weak Potion"}],"is_trial":false,"path_per_floor":["M","?","?","$","?","R","M","E","T","M","T","M","E","M","R","B",null,"M","M","$","?","?","E","R","?","T","R","E","M","M","$","R","B",null,"M","?","?","T","M","E","R","$","T","M","E","$","M","M","R","B",null,"R","$","E","B"],"character_chosen":"THE_SILENT","items_purchased":["Blood Vial","TungstenRod","Lantern","Caltrops","Orichalcum","Accuracy","Adrenaline","Anchor","Bottled Tornado","Poisoned Stab","Finisher","DuplicationPotion","PowerPotion","Noxious Fumes","Bane","Incense Burner","GhostInAJar","Strawberry","Orrery","Finisher"],"campfire_rested":7,"item_purchase_floors":[0,0,0,0,0,0,0,0,0,0,0,0,0,4,4,20,31,42,42,53],"current_hp_per_floor":[23,23,21,21,21,42,44,4,4,6,6,8,7,8,44,18,57,39,38,38,35,35,35,35,35,35,35,35,35,20,20,35,35,35,15,15,15,15,16,16,35,42,42,42,17,17,19,21,42,13,35,42,42,25,0,0],"gold":34,"neow_bonus":"","is_daily":false,"chose_seed":false,"campfire_upgraded":0,"win_rate":0.0,"timestamp":1613957164,"path_taken":["M","?","?","$","?","R","M","E","T","M","?","?","E","M","R","BOSS","M","M","$","?","?","E","R","?","T","R","E","M","M","$","R","BOSS","M","?","?","?","M","E","R","$","T","?","E","?","M","M","R","BOSS","R","$","E","BOSS"],"items_purchased_type":["Relic","Relic","Relic","Card","Relic","Card","Card","Relic","Relic","Card","Card","Potion","Potion","Card","Card","Relic","Potion","Relic","Relic","Card"],"build_version":"2020-12-22","purchased_purges":2,"victory":false,"max_hp_per_floor":[70,70,70,70,70,70,70,70,70,70,70,70,70,70,70,70,70,70,70,70,35,35,35,35,35,35,35,35,35,35,35,35,35,35,35,35,35,35,35,35,35,42,42,42,42,42,42,42,42,42,42,42,42,42,42,42],"card_choices":[{"not_picked":["Skewer","Flying Knee"],"picked":"Backflip","floor":1.0},{"not_picked":["Quick Slash","PiercingWail"],"picked":"Caltrops","floor":7.0},{"not_picked":["Skewer","Well Laid Plans"],"picked":"Infinite Blades","floor":8.0},{"not_picked":["Sucker Punch","Dagger Spray"],"picked":"Bouncing Flask","floor":10.0},{"not_picked":["Terror","Underhanded Strike"],"picked":"PiercingWail","floor":12.0},{"not_picked":["A Thousand Cuts","Eviscerate"],"picked":"Poisoned Stab","floor":13.0},{"not_picked":["Finisher","Blur"],"picked":"Blade Dance","floor":14.0},{"not_picked":["Tools of the Trade","Storm of Steel"],"picked":"Envenom","floor":16.0},{"not_picked":["Prepared","Outmaneuver"],"picked":"Poisoned Stab","floor":18.0},{"not_picked":["Dagger Spray+1","Bouncing Flask"],"picked":"Blade Dance+1","floor":19.0},{"not_picked":["Flying Knee","Tools of the Trade"],"picked":"Blade Dance","floor":23.0},{"not_picked":["Dagger Throw+1","Prepared+1"],"picked":"Dodge and Roll","floor":28.0},{"not_picked":["Cloak And Dagger","Dagger Spray+1"],"picked":"Blade Dance","floor":29.0},{"not_picked":["Quick Slash+1","Backflip"],"picked":"Bane","floor":30.0},{"not_picked":["Malaise","Glass Knife"],"picked":"Adrenaline","floor":33.0},{"not_picked":["Deadly Poison+1","Cloak And Dagger"],"picked":"Poisoned Stab+1","floor":35.0},{"not_picked":["Blind","Good Instincts"],"picked":"Dark Shackles","floor":36.0},{"not_picked":["Prepared","Quick Slash+1"],"picked":"Poisoned Stab+1","floor":39.0},{"not_picked":["Sucker Punch","Dagger Spray+1","Masterful Stab"],"picked":"SKIP","floor":39.0},{"not_picked":["Deadly Poison+1","Underhanded Strike+1"],"picked":"Corpse Explosion","floor":40.0},{"not_picked":["Noxious Fumes","Deadly Poison"],"picked":"Blade Dance+1","floor":42.0},{"not_picked":["Underhanded Strike+1","Slice"],"picked":"Backstab","floor":42.0},{"not_picked":["Dagger Throw+1","Concentrate+1"],"picked":"Catalyst","floor":42.0},{"not_picked":["Riddle With Holes+1","Phantasmal Killer"],"picked":"Catalyst+1","floor":42.0},{"not_picked":["Tactician","Masterful Stab+1"],"picked":"Calculated Gamble","floor":42.0},{"not_picked":["Deflect+1","Heel Hook+1"],"picked":"Cloak And Dagger","floor":44.0},{"not_picked":["Deadly Poison","Infinite Blades+1"],"picked":"Accuracy+1","floor":44.0},{"not_picked":["Flying Knee+1","Tactician+1"],"picked":"A Thousand Cuts","floor":45.0},{"not_picked":["Dagger Spray+1","Deadly Poison+1"],"picked":"Deflect","floor":47.0},{"not_picked":["Dash","Dagger Spray"],"picked":"Deadly Poison+1","floor":47.0},{"not_picked":["All Out Attack","Setup"],"picked":"Well Laid Plans+1","floor":48.0},{"not_picked":["Quick Slash","PiercingWail"],"picked":"Setup+1","floor":48.0},{"not_picked":["Tactician+1","Outmaneuver+1"],"picked":"PiercingWail","floor":54}],"player_experience":193273,"relics_obtained":[{"floor":8.0,"key":"Regal Pillow"},{"floor":9.0,"key":"Kunai"},{"floor":13.0,"key":"Gremlin Horn"},{"floor":23.0,"key":"Ancient Tea Set"},{"floor":26.0,"key":"Turnip"},{"floor":28.0,"key":"The Specimen"},{"floor":38.0,"key":"Bronze Scales"},{"floor":40.0,"key":"StrikeDummy"},{"floor":43.0,"key":"HornCleat"},{"floor":45.0,"key":"Centennial Puzzle"},{"floor":54,"key":"Shuriken"}],"event_choices":[{"damage_healed":0.0,"max_hp_gain":0.0,"max_hp_loss":0.0,"gold_gain":0.0,"event_name":"Living Wall","player_choice":"Grow","floor":2.0,"gold_loss":0.0,"damage_taken":0.0,"cards_upgraded":["Adrenaline"]},{"damage_healed":0.0,"max_hp_gain":0.0,"max_hp_loss":0.0,"gold_gain":0.0,"event_name":"Scrap Ooze","player_choice":"Success","floor":3.0,"gold_loss":0.0,"damage_taken":3.0,"relics_obtained":["Bag of Marbles"]},{"damage_healed":0.0,"max_hp_gain":0.0,"max_hp_loss":0.0,"gold_gain":0.0,"event_name":"Golden Idol","player_choice":"Take Wound","floor":5.0,"gold_loss":0.0,"damage_taken":0.0,"relics_obtained":["Golden Idol"],"cards_obtained":["Injury"]},{"damage_healed":0.0,"max_hp_gain":0.0,"max_hp_loss":35.0,"gold_gain":0.0,"event_name":"Ghosts","player_choice":"Became a Ghost","floor":21.0,"gold_loss":0.0,"damage_taken":0.0,"cards_obtained":["Ghostly","Ghostly","Ghostly","Ghostly","Ghostly"]},{"damage_healed":0.0,"max_hp_gain":0.0,"max_hp_loss":0.0,"gold_gain":0.0,"event_name":"Addict","player_choice":"Stole Relic","floor":22.0,"gold_loss":0.0,"damage_taken":0.0,"relics_obtained":["Tiny Chest"],"cards_obtained":["Shame"]},{"damage_healed":0.0,"max_hp_gain":0.0,"max_hp_loss":0.0,"gold_gain":99.0,"event_name":"Nest","player_choice":"Stole From Cult","floor":25.0,"gold_loss":0.0,"damage_taken":0.0},{"damage_healed":0.0,"max_hp_gain":0.0,"max_hp_loss":0.0,"gold_gain":0.0,"event_name":"SensoryStone","player_choice":"Memory 1","floor":36.0,"gold_loss":0.0,"damage_taken":0.0},{"damage_healed":0.0,"max_hp_gain":0.0,"max_hp_loss":0.0,"gold_gain":0.0,"event_name":"WeMeetAgain","player_choice":"Gave Potion","floor":37.0,"gold_loss":0.0,"damage_taken":0.0,"relics_obtained":["Prayer Wheel"]}],"is_beta":false,"boss_relics":[{"not_picked":["Empty Cage","Tiny House"],"picked":"Fusion Hammer"},{"not_picked":["Snecko Eye","Ring of the Serpent"],"picked":"HoveringKite"}],"items_purged_floors":[31,46],"is_endless":false,"potions_floor_spawned":[7,10,12,14,16,19,29,33,35,40,48,54],"killed_by":"The Heart","ascension_level":7}}