{"host":"mvhzznpw3ffw85pv","time":1613972015,"event":{"mods":["AchievementEnabler","BaseMod","Bestiary","Block Reminder","Colored Map","Highlight Path","Minty Spire (QoL Compilation)","Relic Stats"],"gold_per_floor":[114,39,39,4,21,21,52,62,116,116,131,131,145,176,176,280,280,293,306,322,322,336,336,371,371,371,404,404,417,332,332,332],"floor_reached":31,"language":"ENG","playtime":2560,"items_purged":[],"score":496,"play_id":"fd7ce2fc-599b-49ff-8273-cc326e7741f5","local_time":"20210222003335","is_ascension_mode":true,"campfire_choices":[{"data":"Eruption","floor":6.0,"key":"SMITH"},{"data":"Protect","floor":10.0,"key":"SMITH"},{"data":"Protect","floor":12.0,"key":"SMITH"},{"data":"Wallop","floor":15.0,"key":"SMITH"},{"floor":23,"key":"REST"},{"data":"ThirdEye","floor":25,"key":"SMITH"}],"circlet_count":0,"master_deck":["AscendersBane","Strike_P","Strike_P","Strike_P","Strike_P","Defend_P","Defend_P","Defend_P","Defend_P","Eruption+1","Vigilance","CarveReality+1","Protect+1","Protect+1","FearNoEvil","Wallop+1","ConjureBlade","ThirdEye+1","ThirdEye","EmptyFist+1","BattleHymn"],"relics":["PureWater","Akabeko","Centennial Puzzle","Vajra","Ancient Tea Set","Black Star","Strawberry","PreservedInsect","Gambling Chip","Nunchaku","The Courier","MutagenicStrength","Regal Pillow"],"acts_visited":["Exordium","TheCity"],"potions_floor_usage":[24,29,29,31],"damage_taken":[{"damage":0.0,"enemies":"2 Louse","floor":1.0,"turns":3.0},{"damage":2.0,"enemies":"Jaw Worm","floor":5.0,"turns":2.0},{"damage":21.0,"enemies":"3 Sentries","floor":7.0,"turns":6.0},{"damage":0.0,"enemies":"Small Slimes","floor":8.0,"turns":2.0},{"damage":0.0,"enemies":"Red Slaver","floor":11.0,"turns":2.0},{"damage":0.0,"enemies":"Exordium Thugs","floor":13.0,"turns":5.0},{"damage":7.0,"enemies":"Lagavulin","floor":14.0,"turns":6.0},{"damage":9.0,"enemies":"Hexaghost","floor":16.0,"turns":7.0},{"damage":10,"enemies":"3 Byrds","floor":18,"turns":5},{"damage":7,"enemies":"2 Thieves","floor":19,"turns":3},{"damage":9,"enemies":"3 Cultists","floor":20,"turns":5},{"damage":25,"enemies":"Centurion and Healer","floor":22,"turns":5},{"damage":9,"enemies":"Book of Stabbing","floor":24,"turns":5},{"damage":0,"enemies":"Slavers","floor":27,"turns":6},{"damage":27,"enemies":"Snake Plant","floor":29,"turns":6},{"damage":10,"enemies":"Cultist and Chosen","floor":31,"turns":6}],"seed_played":"7400421589938666261","potions_obtained":[{"floor":5.0,"key":"ColorlessPotion"},{"floor":14.0,"key":"Ancient Potion"},{"floor":16.0,"key":"Swift Potion"},{"floor":20,"key":"AttackPotion"},{"floor":27,"key":"EntropicBrew"},{"floor":29,"key":"BottledMiracle"}],"is_trial":false,"path_per_floor":["M","$","?","?","M","R","E","M","T","R","M","R","M","E","R","B",null,"M","M","M","?","M","R","E","R","T","E","?","M","?","M"],"character_chosen":"WATCHER","items_purchased":["CarveReality"],"campfire_rested":1,"item_purchase_floors":[2],"current_hp_per_floor":[65,65,65,72,70,70,49,49,49,49,49,49,49,42,42,33,62,52,45,36,36,11,32,30,30,30,30,30,3,3,0,0],"gold":332,"neow_bonus":"RANDOM_COMMON_RELIC","is_daily":false,"chose_seed":false,"campfire_upgraded":5,"win_rate":0.0,"timestamp":1613972015,"path_taken":["M","$","?","?","M","R","E","M","T","R","M","R","M","E","R","BOSS","M","M","M","?","M","R","E","R","T","E","?","M","?","?"],"items_purchased_type":["Card"],"build_version":"2020-12-22","purchased_purges":0,"victory":false,"max_hp_per_floor":[72,72,72,72,72,72,72,72,72,72,72,72,72,72,72,72,72,72,72,72,72,72,72,79,79,79,79,79,79,79,79,79],"relic_stats":{"Centennial Puzzle":[24],"Nunchaku":[1],"Regal Pillow":0,"counters":[16,74],"Gambling Chip":[5],"PreservedInsect":41,"Black Star":2,"obtain_stats":[{"Regal Pillow":30,"Vajra":9,"PreservedInsect":24,"The Courier":27,"Ancient Tea Set":14,"Akabeko":0,"Centennial Puzzle":7,"Nunchaku":27,"Strawberry":24,"Gambling Chip":26,"MutagenicStrength":28,"Black Star":17,"PureWater":0},{"Regal Pillow":15,"Vajra":4,"PreservedInsect":13,"The Courier":14,"Ancient Tea Set":7,"Akabeko":0,"Centennial Puzzle":3,"Nunchaku":14,"Strawberry":13,"Gambling Chip":13,"MutagenicStrength":14,"Black Star":8,"PureWater":0},{"Regal Pillow":68,"Vajra":13,"PreservedInsect":56,"The Courier":62,"Ancient Tea Set":26,"Akabeko":0,"Centennial Puzzle":11,"Nunchaku":62,"Strawberry":56,"Gambling Chip":56,"MutagenicStrength":62,"Black Star":33,"PureWater":0}]},"card_choices":[{"not_picked":["FollowUp","Protect","JustLucky"],"picked":"SKIP","floor":1.0},{"not_picked":["Wireheading","PathToVictory"],"picked":"Protect","floor":5.0},{"not_picked":["Crescendo","Halt","Wish"],"picked":"SKIP","floor":7.0},{"not_picked":["ReachHeaven","FlurryOfBlows"],"picked":"Protect","floor":8.0},{"not_picked":["Vengeance","Halt"],"picked":"FearNoEvil","floor":11.0},{"not_picked":["Nirvana","PathToVictory","ForeignInfluence"],"picked":"SKIP","floor":13.0},{"not_picked":["Halt","CrushJoints"],"picked":"Wallop","floor":14.0},{"not_picked":["Omniscience","Wish"],"picked":"ConjureBlade","floor":16.0},{"not_picked":["Swivel","Adaptation","MentalFortress"],"picked":"SKIP","floor":18},{"not_picked":["Crescendo","Swivel","WaveOfTheHand"],"picked":"SKIP","floor":19},{"not_picked":["Consecrate","EmptyFist"],"picked":"ThirdEye","floor":20},{"not_picked":["JustLucky","PathToVictory"],"picked":"ThirdEye","floor":22},{"not_picked":["JustLucky","Halt"],"picked":"EmptyFist+1","floor":24},{"not_picked":["Evaluate","Vengeance"],"picked":"BattleHymn","floor":27},{"not_picked":["Weave","FlyingSleeves","Crescendo"],"picked":"SKIP","floor":29}],"player_experience":650741,"relics_obtained":[{"floor":7.0,"key":"Centennial Puzzle"},{"floor":9.0,"key":"Vajra"},{"floor":14.0,"key":"Ancient Tea Set"},{"floor":24,"key":"Strawberry"},{"floor":24,"key":"PreservedInsect"},{"floor":26,"key":"Gambling Chip"},{"floor":27,"key":"Nunchaku"},{"floor":27,"key":"The Courier"}],"event_choices":[{"damage_healed":0.0,"max_hp_gain":0.0,"max_hp_loss":0.0,"gold_gain":0.0,"event_name":"Living Wall","player_choice":"Grow","floor":3.0,"gold_loss":0.0,"damage_taken":0.0,"cards_upgraded":["CarveReality"]},{"damage_healed":18.0,"max_hp_gain":0.0,"max_hp_loss":0.0,"gold_gain":0.0,"event_name":"The Cleric","player_choice":"Healed","floor":4.0,"gold_loss":35.0,"damage_taken":0.0},{"damage_healed":0,"gold_gain":0,"player_choice":"Ignored","damage_taken":0,"max_hp_gain":0,"max_hp_loss":0,"event_name":"The Mausoleum","floor":21,"gold_loss":0},{"damage_healed":0,"gold_gain":0,"player_choice":"Inject Mutagens","damage_taken":0,"relics_obtained":["MutagenicStrength"],"max_hp_gain":0,"max_hp_loss":0,"event_name":"Drug Dealer","floor":28,"gold_loss":0},{"damage_healed":0,"gold_gain":0,"player_choice":"Obtained Relic","damage_taken":0,"relics_obtained":["Regal Pillow"],"max_hp_gain":0,"max_hp_loss":0,"event_name":"Addict","floor":30,"gold_loss":85}],"is_beta":false,"boss_relics":[{"not_picked":["Fusion Hammer","Tiny House"],"picked":"Black Star"}],"items_purged_floors":[],"is_endless":false,"potions_floor_spawned":[5,14,16,20,22,27,29],"killed_by":"Cultist and Chosen","ascension_level":12}}