{"host":"9rqxlbwknj581inl","time":1613955556,"event":{"mods":["AchievementEnabler","BaseMod","Colored Map","Colored Powertips","Dark Map","Highlight Path","Minty Spire (QoL Compilation)","Quick Restart","Random Character Button","Random Character Mod"],"gold_per_floor":[110,122,122,133,147,147,159,159,159,109,109,127,145,145,145,247,247,258,272,286,302,302,330,330,342,367,367,37,37,49,59,59,59,59],"floor_reached":33,"language":"ENG","playtime":5199,"items_purged":["SignatureMove"],"score":263,"play_id":"dd16012c-2e72-404c-ab2b-7cedad51e334","local_time":"20210221175916","is_ascension_mode":false,"campfire_choices":[{"data":"Eruption","floor":6,"key":"SMITH"},{"data":"Vigilance","floor":8,"key":"SMITH"},{"data":"EmptyBody","floor":11,"key":"SMITH"},{"data":"Prostrate","floor":15,"key":"SMITH"},{"data":"ThirdEye","floor":24,"key":"SMITH"},{"floor":29,"key":"REST"},{"data":"MasterReality","floor":32,"key":"SMITH"}],"circlet_count":0,"master_deck":["Defend_P","Defend_P","Defend_P","Defend_P","Eruption+1","Vigilance+1","Weave","ThirdEye+1","EmptyBody+1","Prostrate+1","Consecrate","TalkToTheHand","ConjureBlade","Vengeance+1","Adaptation+1","InnerPeace+1","Weave","SashWhip+1","EmptyFist","MasterReality+1","Wish","ThirdEye","Impatience","EmptyMind","Evaluate","CutThroughFate"],"relics":["PureWater","Thread and Needle","Ornamental Fan","Astrolabe","Enchiridion","White Beast Statue","Strawberry","Boot"],"acts_visited":["Exordium","TheCity"],"potions_floor_usage":[12,16,16,16,33],"damage_taken":[{"damage":0,"enemies":"Small Slimes","floor":1,"turns":3},{"damage":2,"enemies":"Jaw Worm","floor":2,"turns":5},{"damage":0,"enemies":"2 Louse","floor":4,"turns":4},{"damage":5,"enemies":"Blue Slaver","floor":5,"turns":4},{"damage":0,"enemies":"Looter","floor":7,"turns":3},{"damage":0,"enemies":"Lots of Slimes","floor":12,"turns":5},{"damage":0,"enemies":"Gremlin Gang","floor":13,"turns":5},{"damage":6,"enemies":"Slime Boss","floor":16,"turns":6},{"damage":5,"enemies":"Shell Parasite","floor":18,"turns":7},{"damage":0,"enemies":"Spheric Guardian","floor":19,"turns":1},{"damage":0,"enemies":"Centurion and Healer","floor":20,"turns":5},{"damage":15,"enemies":"Cultist and Chosen","floor":21,"turns":5},{"damage":12,"enemies":"Book of Stabbing","floor":23,"turns":6},{"damage":9,"enemies":"Shelled Parasite and Fungi","floor":25,"turns":5},{"damage":10,"enemies":"Centurion and Healer","floor":30,"turns":4},{"damage":5,"enemies":"Snecko","floor":31,"turns":5},{"damage":83,"enemies":"Automaton","floor":33,"turns":10}],"seed_played":"3328656527746749006","potions_obtained":[{"floor":1,"key":"StancePotion"},{"floor":2,"key":"Strength Potion"},{"floor":7,"key":"Dexterity Potion"},{"floor":13,"key":"Strength Potion"},{"floor":16,"key":"FairyPotion"},{"floor":20,"key":"Strength Potion"},{"floor":21,"key":"BlessingOfTheForge"},{"floor":25,"key":"CultistPotion"}],"is_trial":false,"path_per_floor":["M","M","?","M","M","R","M","R","T","?","R","M","M","?","R","B",null,"M","M","M","M","?","E","R","M","T","?","$","R","M","M","R","B"],"character_chosen":"WATCHER","items_purchased":["EmptyMind","Boot","Evaluate"],"campfire_rested":1,"item_purchase_floors":[28,28,28],"current_hp_per_floor":[79,77,74,74,69,69,69,69,69,69,69,69,69,69,69,63,79,74,74,74,59,43,31,31,22,29,17,17,42,32,27,27,0,0],"gold":59,"neow_bonus":"TEN_PERCENT_HP_BONUS","is_daily":false,"chose_seed":false,"campfire_upgraded":6,"win_rate":0.0,"timestamp":1613955556,"path_taken":["M","M","?","M","M","R","M","R","T","?","R","M","M","?","R","BOSS","M","M","M","M","?","E","R","M","T","?","$","R","?","?","R","BOSS"],"items_purchased_type":["Card","Relic","Card"],"build_version":"2020-12-22","purchased_purges":1,"victory":false,"max_hp_per_floor":[79,79,79,79,79,79,79,79,79,79,79,79,79,79,79,79,79,79,79,79,79,79,79,79,79,86,86,86,86,86,86,86,86,86],"card_choices":[{"not_picked":["FlyingSleeves","Indignation"],"picked":"Weave","floor":1},{"not_picked":["WindmillStrike","TalkToTheHand"],"picked":"ThirdEye","floor":2},{"not_picked":["PathToVictory","Crescendo"],"picked":"SignatureMove","floor":4},{"not_picked":["Omniscience","Prostrate"],"picked":"EmptyBody","floor":5},{"not_picked":["Crescendo","Adaptation"],"picked":"Prostrate","floor":7},{"not_picked":["Prostrate","SandsOfTime"],"picked":"Consecrate","floor":12},{"not_picked":["Worship","Protect"],"picked":"TalkToTheHand","floor":13},{"not_picked":["SpiritShield","Wish"],"picked":"ConjureBlade","floor":16},{"not_picked":["Protect","BowlingBash"],"picked":"Weave","floor":18},{"not_picked":["EmptyFist+1","Halt"],"picked":"SashWhip+1","floor":19},{"not_picked":["Fasting2","CrushJoints"],"picked":"EmptyFist","floor":20},{"not_picked":["Consecrate","Weave+1"],"picked":"MasterReality","floor":21},{"not_picked":["Collect","DeceiveReality"],"picked":"Wish","floor":23},{"not_picked":["FlurryOfBlows+1","Consecrate"],"picked":"ThirdEye","floor":25},{"not_picked":["EmptyFist+1","JustLucky","SashWhip"],"picked":"SKIP","floor":30},{"not_picked":["CrushJoints+1","FlurryOfBlows"],"picked":"CutThroughFate","floor":31}],"player_experience":197138,"relics_obtained":[{"floor":9,"key":"Ornamental Fan"},{"floor":22,"key":"Enchiridion"},{"floor":23,"key":"White Beast Statue"},{"floor":26,"key":"Strawberry"}],"event_choices":[{"damage_healed":0,"gold_gain":0,"player_choice":"Success","damage_taken":3,"relics_obtained":["Thread and Needle"],"max_hp_gain":0,"max_hp_loss":0,"event_name":"Scrap Ooze","floor":3,"gold_loss":0},{"cards_removed":["Strike_P"],"damage_healed":0,"gold_gain":0,"player_choice":"Card Removal","damage_taken":0,"max_hp_gain":0,"max_hp_loss":0,"event_name":"The Cleric","floor":10,"gold_loss":50},{"damage_healed":0,"gold_gain":0,"player_choice":"Ignored","damage_taken":0,"max_hp_gain":0,"max_hp_loss":0,"event_name":"Liars Game","floor":14,"gold_loss":0},{"damage_healed":0,"gold_gain":0,"player_choice":"Obtained Book","damage_taken":16,"max_hp_gain":0,"max_hp_loss":0,"event_name":"Cursed Tome","floor":22,"gold_loss":0},{"damage_healed":0,"gold_gain":0,"player_choice":"CARD ","damage_taken":12,"max_hp_gain":0,"max_hp_loss":0,"event_name":"Knowing Skull","floor":27,"potions_obtained":[],"gold_loss":0,"cards_obtained":["Impatience"]}],"is_beta":false,"boss_relics":[{"not_picked":["Philosopher\u0027s Stone","VioletLotus"],"picked":"Astrolabe"}],"items_purged_floors":[28],"is_endless":false,"potions_floor_spawned":[1,2,7,13,16,20,21,25,30,31],"killed_by":"Automaton","ascension_level":0}}