{"host":"4i5my69dv6e41930","time":1613974458,"event":{"mods":["AchievementEnabler","BaseMod","Minty Spire (QoL Compilation)","Relic Stats"],"gold_per_floor":[10,10,10,24,42,42,55,89,89,89,113,113,134,168,168,262,262,277,277,296,164,164,164,188,227,227,227,260,260,260,273,273,366,366,384,284,302,321,342,385,385,429,452,475,498,511,542,573,573,573,573,573,227,260,260],"floor_reached":56,"language":"ENG","playtime":6500,"items_purged":["Strike_G+1","Strike_G+1","Strike_G+1"],"score":2300,"play_id":"de02c368-5232-40b1-89e9-1a4d5f0f2956","local_time":"20210222011418","is_ascension_mode":true,"campfire_choices":[{"data":"Deadly Poison","floor":6.0,"key":"SMITH"},{"floor":10.0,"key":"REST"},{"data":"All Out Attack","floor":12.0,"key":"SMITH"},{"data":"Dash","floor":15.0,"key":"SMITH"},{"data":"Venomology","floor":23.0,"key":"SMITH"},{"data":"Noxious Fumes","floor":27.0,"key":"SMITH"},{"data":"Ghostly","floor":29.0,"key":"SMITH"},{"data":"Ghostly","floor":32.0,"key":"SMITH"},{"data":"Ghostly","floor":41,"key":"SMITH"},{"floor":49,"key":"RECALL"},{"data":"Burst","floor":52,"key":"SMITH"}],"circlet_count":0,"master_deck":["AscendersBane","Strike_G+1","Strike_G+1","Defend_G+1","Defend_G+1","Defend_G+1","Defend_G+1","Defend_G+1","Survivor","Neutralize+1","Dagger Throw","Deadly Poison+1","All Out Attack+1","Flying Knee","Venomology+1","PiercingWail","PiercingWail","Dash+1","Corpse Explosion","Backflip","Ghostly+1","Ghostly+1","Ghostly+1","Noxious Fumes+1","Bullet Time","PiercingWail","Burst+1","Backflip","Leg Sweep","Catalyst+1","Catalyst+1"],"relics":["Ring of the Snake","Ice Cream","Golden Idol","Centennial Puzzle","Bronze Scales","Matryoshka","Runic Pyramid","Happy Flower","Dream Catcher","Anchor","Bag of Preparation","Coffee Dripper","Mummified Hand","Molten Egg 2","Darkstone Periapt","Art of War","Turnip","DollysMirror","Pen Nib"],"acts_visited":["Exordium","TheCity","TheBeyond","TheEnding"],"potions_floor_usage":[33,33,40,42,44,45,46,47,48,48,50,55,55],"damage_taken":[{"damage":18.0,"enemies":"Small Slimes","floor":1.0,"turns":7.0},{"damage":1.0,"enemies":"2 Louse","floor":4.0,"turns":3.0},{"damage":1.0,"enemies":"Jaw Worm","floor":5.0,"turns":3.0},{"damage":3.0,"enemies":"Large Slime","floor":7.0,"turns":6.0},{"damage":15.0,"enemies":"Lagavulin","floor":8.0,"turns":6.0},{"damage":5.0,"enemies":"3 Louse","floor":11.0,"turns":2.0},{"damage":0.0,"enemies":"2 Fungi Beasts","floor":13.0,"turns":2.0},{"damage":10.0,"enemies":"Gremlin Nob","floor":14.0,"turns":3.0},{"damage":16.0,"enemies":"Slime Boss","floor":16.0,"turns":9.0},{"damage":22.0,"enemies":"2 Thieves","floor":18.0,"turns":4.0},{"damage":0.0,"enemies":"Spheric Guardian","floor":20.0,"turns":4.0},{"damage":0.0,"enemies":"Snecko","floor":24.0,"turns":6.0},{"damage":0.0,"enemies":"Gremlin Leader","floor":25.0,"turns":7.0},{"damage":0.0,"enemies":"Slavers","floor":28.0,"turns":2.0},{"damage":0.0,"enemies":"3 Cultists","floor":31.0,"turns":5.0},{"damage":3,"enemies":"Collector","floor":33,"turns":11},{"damage":0,"enemies":"Orb Walker","floor":35,"turns":4},{"damage":0,"enemies":"3 Darklings","floor":37,"turns":3},{"damage":0,"enemies":"Jaw Worm Horde","floor":38,"turns":3},{"damage":0,"enemies":"Writhing Mass","floor":39,"turns":7},{"damage":0,"enemies":"Giant Head","floor":40,"turns":10},{"damage":0,"enemies":"Nemesis","floor":42,"turns":9},{"damage":0,"enemies":"Sphere and 2 Shapes","floor":44,"turns":6},{"damage":0,"enemies":"Transient","floor":45,"turns":5},{"damage":0,"enemies":"4 Shapes","floor":46,"turns":7},{"damage":0,"enemies":"Giant Head","floor":47,"turns":10},{"damage":0,"enemies":"Mind Bloom Boss Battle","floor":48,"turns":7},{"damage":2,"enemies":"Donu and Deca","floor":50,"turns":8},{"damage":0,"enemies":"Shield and Spear","floor":54,"turns":3},{"damage":4,"enemies":"The Heart","floor":55,"turns":10}],"seed_played":"-459770695676946955","potions_obtained":[{"floor":7.0,"key":"Energy Potion"},{"floor":8.0,"key":"BlessingOfTheForge"},{"floor":11.0,"key":"PowerPotion"},{"floor":18.0,"key":"AttackPotion"},{"floor":20.0,"key":"CunningPotion"},{"floor":24.0,"key":"BlessingOfTheForge"},{"floor":28.0,"key":"DistilledChaos"},{"floor":33,"key":"SmokeBomb"},{"floor":39,"key":"PowerPotion"},{"floor":42,"key":"Fire Potion"}],"is_trial":false,"path_per_floor":["M","?","?","M","M","R","M","E","T","R","M","R","M","E","R","B",null,"M","?","M","$","?","R","M","E","T","R","E","R","?","M","R","B",null,"M","$","M","M","M","E","R","E","T","M","M","M","E","?","R","B",null,"R","$","E","B",null],"character_chosen":"THE_SILENT","items_purchased":["Energy Potion","DollysMirror","Dexterity Potion"],"campfire_rested":1,"item_purchase_floors":[21,53,53],"current_hp_per_floor":[41,41,41,40,39,39,36,21,21,39,34,34,34,24,24,8,47,25,25,25,25,25,25,25,25,25,25,25,25,25,25,25,22,28,28,28,28,28,28,28,28,28,28,28,28,28,28,28,28,26,29,29,29,29,25],"gold":260,"neow_bonus":"ONE_RARE_RELIC","is_daily":false,"chose_seed":false,"campfire_upgraded":9,"win_rate":0.0,"timestamp":1613974458,"path_taken":["M","?","?","M","M","R","M","E","T","R","M","R","M","E","R","BOSS","M","?","M","$","?","R","M","E","T","R","E","R","?","M","R","BOSS","M","$","M","M","M","E","R","E","T","M","M","M","E","?","R","BOSS","R","$","E","BOSS"],"items_purchased_type":["Potion","Relic","Potion"],"build_version":"2020-12-22","purchased_purges":3,"victory":true,"max_hp_per_floor":[66,60,60,60,60,60,60,60,60,60,60,60,60,60,60,60,60,60,60,60,60,30,30,30,30,30,30,30,30,30,30,30,30,30,30,30,30,30,30,30,30,30,30,30,30,30,30,30,30,30,30,30,30,30,30],"relic_stats":{"Darkstone Periapt":0,"Happy Flower":[36],"counters":[30,172],"Golden Idol":205,"Pen Nib":[1],"Bag of Preparation":[32],"Centennial Puzzle":[21],"Dream Catcher":0,"Mummified Hand":[10],"Bronze Scales":[478],"Turnip":[2],"Art of War":[6],"obtain_stats":[{"Ice Cream":0,"Darkstone Periapt":43,"Happy Flower":25,"Golden Idol":2,"Pen Nib":54,"Bag of Preparation":28,"Centennial Puzzle":8,"Dream Catcher":26,"Anchor":26,"Matryoshka":14,"Mummified Hand":40,"DollysMirror":53,"Bronze Scales":9,"Molten Egg 2":42,"Turnip":48,"Coffee Dripper":34,"Art of War":47,"Ring of the Snake":0,"Runic Pyramid":17},{"Ice Cream":0,"Darkstone Periapt":22,"Happy Flower":13,"Golden Idol":1,"Pen Nib":29,"Bag of Preparation":14,"Centennial Puzzle":5,"Dream Catcher":13,"Anchor":13,"Matryoshka":8,"Mummified Hand":21,"DollysMirror":28,"Bronze Scales":5,"Molten Egg 2":22,"Turnip":27,"Coffee Dripper":16,"Art of War":26,"Ring of the Snake":0,"Runic Pyramid":9},{"Ice Cream":0,"Darkstone Periapt":116,"Happy Flower":62,"Golden Idol":7,"Pen Nib":162,"Bag of Preparation":64,"Centennial Puzzle":25,"Dream Catcher":62,"Anchor":62,"Matryoshka":32,"Mummified Hand":107,"DollysMirror":159,"Bronze Scales":25,"Molten Egg 2":116,"Turnip":151,"Coffee Dripper":80,"Art of War":144,"Ring of the Snake":0,"Runic Pyramid":41}],"Ring of the Snake":[60]},"card_choices":[{"not_picked":["Cloak And Dagger","Tactician"],"picked":"Dagger Throw","floor":1.0},{"not_picked":["Poisoned Stab","Dagger Throw"],"picked":"Deadly Poison","floor":4.0},{"not_picked":["Choke","Deflect"],"picked":"All Out Attack","floor":5.0},{"not_picked":["Calculated Gamble","Prepared"],"picked":"Flying Knee","floor":7.0},{"not_picked":["Escape Plan","Deflect"],"picked":"Venomology","floor":8.0},{"not_picked":["Dagger Throw","Dodge and Roll"],"picked":"PiercingWail","floor":11.0},{"not_picked":["Accuracy","Dagger Throw"],"picked":"PiercingWail","floor":13.0},{"not_picked":["Deadly Poison","Underhanded Strike"],"picked":"Dash","floor":14.0},{"not_picked":["Adrenaline","Grand Finale"],"picked":"Corpse Explosion","floor":16.0},{"not_picked":["Heel Hook","Underhanded Strike"],"picked":"Backflip","floor":18.0},{"not_picked":["Masterful Stab","Quick Slash","Dodge and Roll"],"picked":"SKIP","floor":20.0},{"not_picked":["Outmaneuver","Bane","Poisoned Stab"],"picked":"SKIP","floor":24.0},{"not_picked":["Crippling Poison","Dagger Throw"],"picked":"Noxious Fumes","floor":25.0},{"not_picked":["Heel Hook","Underhanded Strike"],"picked":"Bullet Time","floor":28.0},{"not_picked":["Reflex","Slice"],"picked":"PiercingWail","floor":31.0},{"not_picked":["Adrenaline","Grand Finale"],"picked":"Burst","floor":33},{"not_picked":["Expertise","Bane"],"picked":"Backflip","floor":35},{"not_picked":["Flechettes","Blade Dance"],"picked":"Leg Sweep","floor":37},{"not_picked":["Acrobatics","Reflex","Terror"],"picked":"SKIP","floor":38},{"not_picked":["Concentrate","Reflex","Tactician+1"],"picked":"SKIP","floor":39},{"not_picked":["Backflip","Acrobatics","Phantasmal Killer"],"picked":"SKIP","floor":40},{"not_picked":["Acrobatics","Poisoned Stab+1"],"picked":"Catalyst+1","floor":42},{"not_picked":["Flying Knee+1","Heel Hook+1","Dagger Throw+1"],"picked":"SKIP","floor":44},{"not_picked":["Prepared","Dagger Throw+1","Deflect"],"picked":"SKIP","floor":45},{"not_picked":["Malaise","Prepared","Blade Dance"],"picked":"SKIP","floor":46},{"not_picked":["Blade Dance","Flying Knee+1","Setup"],"picked":"SKIP","floor":47},{"not_picked":["Cloak And Dagger","Slice+1","Crippling Poison"],"picked":"SKIP","floor":54}],"player_experience":106369,"relics_obtained":[{"floor":8.0,"key":"Centennial Puzzle"},{"floor":9.0,"key":"Bronze Scales"},{"floor":14.0,"key":"Matryoshka"},{"floor":25.0,"key":"Happy Flower"},{"floor":26.0,"key":"Dream Catcher"},{"floor":26.0,"key":"Anchor"},{"floor":28.0,"key":"Bag of Preparation"},{"floor":40,"key":"Mummified Hand"},{"floor":42,"key":"Molten Egg 2"},{"floor":43,"key":"Darkstone Periapt"},{"floor":47,"key":"Art of War"},{"floor":48,"key":"Turnip"},{"floor":54,"key":"Pen Nib"}],"event_choices":[{"damage_healed":0.0,"max_hp_gain":0.0,"max_hp_loss":6.0,"gold_gain":0.0,"event_name":"Golden Idol","player_choice":"Lose Max HP","floor":2.0,"gold_loss":0.0,"damage_taken":0.0,"relics_obtained":["Golden Idol"]},{"damage_healed":0.0,"max_hp_gain":0.0,"max_hp_loss":0.0,"gold_gain":0.0,"event_name":"Living Wall","player_choice":"Grow","floor":3.0,"gold_loss":0.0,"damage_taken":0.0,"cards_upgraded":["Neutralize"]},{"damage_healed":0.0,"max_hp_gain":0.0,"max_hp_loss":0.0,"gold_gain":0.0,"event_name":"Back to Basics","player_choice":"Simplicity","floor":19.0,"gold_loss":0.0,"damage_taken":0.0,"cards_upgraded":["Strike_G","Strike_G","Strike_G","Strike_G","Strike_G","Defend_G","Defend_G","Defend_G","Defend_G","Defend_G"]},{"damage_healed":0.0,"max_hp_gain":0.0,"max_hp_loss":30.0,"gold_gain":0.0,"event_name":"Ghosts","player_choice":"Became a Ghost","floor":22.0,"gold_loss":0.0,"damage_taken":0.0,"cards_obtained":["Ghostly","Ghostly","Ghostly"]},{"damage_healed":0.0,"max_hp_gain":0.0,"max_hp_loss":0.0,"gold_gain":0.0,"event_name":"Cursed Tome","player_choice":"Ignored","floor":30.0,"gold_loss":0.0,"damage_taken":0.0},{"damage_healed":0,"gold_gain":0,"player_choice":"Fight","damage_taken":0,"max_hp_gain":0,"max_hp_loss":0,"event_name":"MindBloom","floor":48,"gold_loss":0}],"is_beta":false,"boss_relics":[{"not_picked":["Tiny House","Sozu"],"picked":"Runic Pyramid"},{"not_picked":["SlaversCollar","Runic Dome"],"picked":"Coffee Dripper"}],"items_purged_floors":[21,36,53],"is_endless":false,"potions_floor_spawned":[7,8,11,13,18,20,24,28,33,35,39,42,47],"ascension_level":16}}