{"host":"w8xisjf5mgmfjvmt","time":1613963527,"event":{"mods":["BaseMod","BetterRewards","Challenge The Spire","Conspire","Energized Spire","Filter the Spire","Minty Spire (QoL Compilation)","Quarter Circle Forward PUNCH!","Quick Restart","Relic Filter Mod","Relic Stats","Reliquary","Replay The Spire","Say the Spire","Shop Mod","Spicy Shops","StSLib","¡¾ÒÅÎï¿¨ÅÆ¡¿REMEMod","óô»ðÖ¸ÄÏ"],"gold_per_floor":[14,26,40,50,50,81,91,110,110,110,127,127,137,171,171,243,243,254,254,267,287,7,7,34,34,88,106,132,132,132,143,143,216,216,228,283,283,283,293,326,326,343,416,432,459,459,476,506,506,506,506],"floor_reached":50,"language":"ZHS","playtime":3591,"items_purged":["Defend_G"],"score":1422,"play_id":"dbd0701e-d04b-4e34-8ce0-cbf6fe9fbc47","local_time":"20210222111207","is_ascension_mode":true,"campfire_choices":[{"data":"Apotheosis","floor":10.0,"key":"SMITH"},{"data":"Strike_G","floor":15.0,"key":"PURGE"},{"data":"Endless Agony","floor":23.0,"key":"PURGE"},{"data":"Footwork","floor":25.0,"key":"SMITH"},{"data":"Replay:Poison Smokescreen","floor":29.0,"key":"SMITH"},{"floor":32.0,"key":"REST"},{"data":"Catalyst","floor":41.0,"key":"SMITH"},{"floor":49,"key":"RECALL"}],"circlet_count":0,"master_deck":["AscendersBane","Strike_G","Defend_G","Defend_G","Defend_G","Defend_G","Survivor","Neutralize","Apotheosis+1","Deadly Poison","Backflip","Dagger Spray","conspire:PoisonWeapons","Footwork+1","Leg Sweep","Acrobatics","Eviscerate","REME_GreenPollution","Corpse Explosion","Crippling Poison+1","Atom Bomb","Catalyst+1","Predator","Replay:Poison Smokescreen+1","Crippling Poison","Draining Mist+1","PiercingWail","Backflip","Reflex+1","Catalyst+1","Dash","Burst"],"relics":["Ring of the Snake","REME_ComplimentaryCards","Pondfish Scales","Peace Pipe","ReplayTheSpireMod:Lightbulb","Mirror","MealTicket","Snecko Eye","Membership Card","REME_HandOfSuture","White Beast Statue","reliquary:Buckler","REME_LimitBreaker","Painkiller Herb","Unceasing Top","qcfpunch:Green_Leotard","Turnip","Calipers"],"acts_visited":["Exordium","TheCity","TheBeyond"],"potions_floor_usage":[44],"damage_taken":[{"damage":1.0,"enemies":"Small Slimes","floor":1.0,"turns":6.0},{"damage":6.0,"enemies":"Cultist","floor":2.0,"turns":4.0},{"damage":3.0,"enemies":"2 Louse","floor":3.0,"turns":3.0},{"damage":12.0,"enemies":"Exordium Thugs","floor":4.0,"turns":5.0},{"damage":28.0,"enemies":"3 Sentries","floor":6.0,"turns":9.0},{"damage":1.0,"enemies":"Blue Slaver","floor":7.0,"turns":4.0},{"damage":0.0,"enemies":"Exordium Wildlife","floor":8.0,"turns":6.0},{"damage":3.0,"enemies":"Exordium Thugs","floor":11.0,"turns":7.0},{"damage":0.0,"enemies":"Large Slime","floor":13.0,"turns":8.0},{"damage":0.0,"enemies":"Gremlin Nob","floor":14.0,"turns":3.0},{"damage":0.0,"enemies":"Hexaghost","floor":16.0,"turns":9.0},{"damage":0.0,"enemies":"2 Thieves","floor":18.0,"turns":2.0},{"damage":9.0,"enemies":"Shell Parasite","floor":20.0,"turns":3.0},{"damage":29.0,"enemies":"Sentry and Sphere","floor":21.0,"turns":6.0},{"damage":10.0,"enemies":"Slavers","floor":24.0,"turns":2.0},{"damage":0.0,"enemies":"Cultist and Chosen","floor":27.0,"turns":2.0},{"damage":8.0,"enemies":"Replay:Snechameleon","floor":28.0,"turns":5.0},{"damage":2.0,"enemies":"Centurion and Healer","floor":31.0,"turns":4.0},{"damage":18.0,"enemies":"Collector","floor":33.0,"turns":8.0},{"damage":0.0,"enemies":"3 Darklings","floor":35.0,"turns":2.0},{"damage":0.0,"enemies":"2 Orb Walkers","floor":36.0,"turns":2.0},{"damage":0.0,"enemies":"Orb Walker","floor":39.0,"turns":2.0},{"damage":35.0,"enemies":"Giant Head","floor":40.0,"turns":8.0},{"damage":0.0,"enemies":"Writhing Mass","floor":42.0,"turns":3.0},{"damage":1,"enemies":"3 Darklings","floor":44,"turns":3},{"damage":9,"enemies":"Nemesis","floor":45,"turns":5},{"damage":10,"enemies":"Spire Growth","floor":47,"turns":4},{"damage":0,"enemies":"R_Hoarder","floor":48,"turns":5},{"damage":8,"enemies":"Replay:Hell Engine","floor":50,"turns":3}],"seed_played":"-7785516003699863207","potions_obtained":[{"floor":1.0,"key":"Energy Potion"},{"floor":6.0,"key":"PowerPotion"},{"floor":8.0,"key":"ColorlessPotion"},{"floor":11.0,"key":"AttackPotion"},{"floor":14.0,"key":"Block Potion"},{"floor":16.0,"key":"Swift Potion"},{"floor":18.0,"key":"Regen Potion"},{"floor":20.0,"key":"LifebloodPotion"},{"floor":27.0,"key":"Swift Potion"},{"floor":28.0,"key":"Adrenaline Potion"},{"floor":33.0,"key":"Energy Potion"},{"floor":35.0,"key":"Energy Potion"},{"floor":36.0,"key":"Swift Potion"},{"floor":40.0,"key":"Weak Potion"},{"floor":42.0,"key":"Elixir"},{"floor":44,"key":"GhostInAJar"},{"floor":45,"key":"DuplicationPotion"}],"is_trial":false,"path_per_floor":["M","M","M","M","?","E","M","M","T","R","M","?","M","E","R","B",null,"M","?","M","M","$","R","E","R","T","M","E","R","?","M","R","B",null,"?","?","?","T","?","E","T","?","T","?","E","?","?","E","T","B"],"character_chosen":"THE_SILENT","items_purchased":["Membership Card","REME_HandOfSuture"],"campfire_rested":1,"item_purchase_floors":[22,22],"current_hp_per_floor":[58,52,49,37,37,9,8,8,8,8,5,5,5,5,5,5,51,51,51,42,28,43,43,33,33,33,33,25,25,21,19,38,20,55,55,55,55,66,66,31,31,31,31,30,21,21,11,13,13,5,5],"gold":506,"neow_bonus":"ONE_RARE_RELIC","is_daily":false,"chose_seed":false,"campfire_upgraded":4,"win_rate":0.0,"timestamp":1613963527,"path_taken":["M","M","M","M","?","E","M","?","T","R","M","?","M","E","R","BOSS","M","?","M","M","$","R","E","R","T","M","E","R","?","?","R","BOSS","?","?","?","T","?","E","T","?","T","?","E","?","?","E","T","BOSS"],"items_purchased_type":["Relic","Relic"],"build_version":"2020-12-22","purchased_purges":1,"victory":false,"max_hp_per_floor":[66,66,66,66,66,66,66,66,66,66,66,66,66,66,66,66,66,66,66,66,66,66,66,66,66,66,66,66,66,66,66,66,66,66,66,66,66,66,66,66,66,66,66,66,66,66,66,68,68,68,68],"relic_stats":{"Peace Pipe":3,"counters":[29,133],"Snecko Eye":[120,150,161,150],"MealTicket":26,"Turnip":[0],"obtain_stats":[{"Calipers":48,"Painkiller Herb":34,"REME_LimitBreaker":28,"White Beast Statue":24,"Peace Pipe":5,"Pondfish Scales":0,"qcfpunch:Green_Leotard":40,"Snecko Eye":17,"MealTicket":14,"reliquary:Buckler":26,"REME_HandOfSuture":22,"Turnip":45,"Membership Card":22,"ReplayTheSpireMod:Lightbulb":6,"Mirror":9,"Unceasing Top":36,"Ring of the Snake":0,"REME_ComplimentaryCards":0},{"Calipers":28,"Painkiller Herb":19,"REME_LimitBreaker":17,"White Beast Statue":15,"Peace Pipe":4,"Pondfish Scales":0,"qcfpunch:Green_Leotard":23,"Snecko Eye":11,"MealTicket":10,"reliquary:Buckler":15,"REME_HandOfSuture":14,"Turnip":26,"Membership Card":14,"ReplayTheSpireMod:Lightbulb":5,"Mirror":7,"Unceasing Top":21,"Ring of the Snake":0,"REME_ComplimentaryCards":0},{"Calipers":130,"Painkiller Herb":96,"REME_LimitBreaker":84,"White Beast Statue":77,"Peace Pipe":18,"Pondfish Scales":0,"qcfpunch:Green_Leotard":110,"Snecko Eye":64,"MealTicket":55,"reliquary:Buckler":77,"REME_HandOfSuture":75,"Turnip":121,"Membership Card":75,"ReplayTheSpireMod:Lightbulb":27,"Mirror":37,"Unceasing Top":100,"Ring of the Snake":0,"REME_ComplimentaryCards":0}],"Unceasing Top":[0],"Ring of the Snake":[61]},"card_choices":[{"not_picked":["Sucker Punch","Concentrate"],"picked":"Endless Agony","floor":1.0},{"not_picked":["ReplayTheSpireMod:Exploit Weakness","PiercingWail"],"picked":"Deadly Poison","floor":2.0},{"not_picked":["Blur","Underhanded Strike"],"picked":"Backflip","floor":3.0},{"not_picked":["Prepared","Outmaneuver"],"picked":"Dagger Spray","floor":4.0},{"not_picked":["conspire:PoisonWeapons","Sucker Punch","Dodge and Roll"],"picked":"SKIP","floor":6.0},{"not_picked":["Sucker Punch","Dodge and Roll"],"picked":"conspire:PoisonWeapons","floor":6.0},{"not_picked":["ReplayTheSpireMod:Shiv Toss","Underhanded Strike"],"picked":"Footwork","floor":7.0},{"not_picked":["Dagger Spray","Accuracy"],"picked":"Leg Sweep","floor":8.0},{"not_picked":["ReplayTheSpireMod:Tripwire","Deflect"],"picked":"Acrobatics","floor":11.0},{"not_picked":["Night Terror","ReplayTheSpireMod:Shiv Toss"],"picked":"Eviscerate","floor":13.0},{"not_picked":["Dash","Underhanded Strike"],"picked":"REME_GreenPollution","floor":14.0},{"not_picked":["Adrenaline","Burst"],"picked":"Corpse Explosion","floor":16.0},{"not_picked":["Bane","ReplayTheSpireMod:Speed Training+1"],"picked":"Crippling Poison","floor":18.0},{"not_picked":["Dagger Spray","ReplayTheSpireMod:Tripwire+1"],"picked":"Predator","floor":20.0},{"not_picked":["Acrobatics","Infinite Blades"],"picked":"Replay:Poison Smokescreen","floor":21.0},{"not_picked":["Setup","Leg Sweep","Expertise"],"picked":"SKIP","floor":24.0},{"not_picked":["Terror","Quick Slash","PiercingWail"],"picked":"SKIP","floor":27.0},{"not_picked":["conspire:DoublingDagger","Blade Dance"],"picked":"Crippling Poison","floor":28.0},{"not_picked":["PiercingWail+1","Deflect+1"],"picked":"Draining Mist","floor":31.0},{"not_picked":["Hidden Blade+1","conspire:PoisonWeapons+1","PiercingWail"],"picked":"SKIP","floor":35.0},{"not_picked":["Hidden Blade+1","conspire:PoisonWeapons+1"],"picked":"PiercingWail","floor":35.0},{"not_picked":["All Out Attack","Hidden Blade"],"picked":"Backflip","floor":36.0},{"not_picked":["Acrobatics","ReplayTheSpireMod:Speed Training+1"],"picked":"Reflex+1","floor":39.0},{"not_picked":["REME_GrazeFinale","Footwork"],"picked":"Catalyst","floor":40.0},{"not_picked":["Backflip","ReplayTheSpireMod:Shiv Toss","Dagger Spray+1"],"picked":"SKIP","floor":42.0},{"not_picked":["Backflip","ReplayTheSpireMod:Shiv Toss","Dagger Spray+1"],"picked":"SKIP","floor":42.0},{"not_picked":["Deadly Poison","Riddle With Holes+1"],"picked":"Dash","floor":44},{"not_picked":["Flying Knee","Backflip","Quick Slash"],"picked":"SKIP","floor":45},{"not_picked":["Tools of the Trade","Dodge and Roll","Hidden Blade"],"picked":"SKIP","floor":47},{"not_picked":["Tools of the Trade","Dodge and Roll","Hidden Blade"],"picked":"SKIP","floor":47},{"not_picked":["Dagger Throw","Deadly Poison+1"],"picked":"Burst","floor":48}],"player_experience":1384336,"relics_obtained":[{"floor":5.0,"key":"Peace Pipe"},{"floor":6.0,"key":"ReplayTheSpireMod:Lightbulb"},{"floor":9.0,"key":"Mirror"},{"floor":14.0,"key":"MealTicket"},{"floor":24.0,"key":"White Beast Statue"},{"floor":26.0,"key":"reliquary:Buckler"},{"floor":28.0,"key":"REME_LimitBreaker"},{"floor":36.0,"key":"Unceasing Top"},{"floor":40.0,"key":"qcfpunch:Green_Leotard"},{"floor":45,"key":"Turnip"},{"floor":48,"key":"Calipers"}],"event_choices":[{"damage_healed":0.0,"max_hp_gain":0.0,"max_hp_loss":0.0,"gold_gain":0.0,"event_name":"Wheel of Change","player_choice":"Relic","floor":5.0,"gold_loss":0.0,"damage_taken":0.0},{"cards_removed":["Strike_G"],"damage_healed":0.0,"max_hp_gain":0.0,"max_hp_loss":0.0,"gold_gain":0.0,"event_name":"Bonfire Elementals","player_choice":"Offered Basic","floor":12.0,"gold_loss":0.0,"damage_taken":0.0},{"damage_healed":0.0,"max_hp_gain":0.0,"max_hp_loss":0.0,"gold_gain":0.0,"cards_transformed":["Strike_G","Strike_G"],"event_name":"Drug Dealer","player_choice":"Became Test Subject","floor":19.0,"gold_loss":0.0,"damage_taken":0.0,"cards_obtained":["Atom Bomb","Catalyst"]},{"damage_healed":0.0,"max_hp_gain":0.0,"max_hp_loss":0.0,"gold_gain":0.0,"event_name":"conspire:Investor","player_choice":"Leave","floor":30.0,"gold_loss":0.0,"damage_taken":0.0},{"damage_healed":0.0,"max_hp_gain":0.0,"max_hp_loss":0.0,"gold_gain":0.0,"event_name":"Mysterious Sphere","player_choice":"Fight","floor":36.0,"gold_loss":0.0,"damage_taken":0.0},{"damage_healed":0.0,"max_hp_gain":0.0,"max_hp_loss":0.0,"gold_gain":0.0,"event_name":"Accursed Blacksmith","player_choice":"Forge","floor":37.0,"gold_loss":0.0,"damage_taken":0.0,"cards_upgraded":["Draining Mist"]},{"damage_healed":0,"gold_gain":0,"player_choice":"Ignored","damage_taken":0,"max_hp_gain":0,"max_hp_loss":0,"event_name":"Tomb of Lord Red Mask","floor":46,"gold_loss":0}],"is_beta":false,"boss_relics":[{"not_picked":["Ectoplasm","energizedSpire:PogoStick"],"picked":"Snecko Eye"},{"not_picked":["Tiny House","Snecko Heart"],"picked":"Painkiller Herb"}],"items_purged_floors":[22],"is_endless":false,"potions_floor_spawned":[1,6,8,11,14,16,18,20,27,28,31,33,35,36,39,40,42,44,45,47,48],"killed_by":"Replay:Hell Engine","ascension_level":20}}