{"host":"b3fp0sgzld04crtx","time":1613953242,"event":{"mods":["AchievementEnabler","BaseMod","Colored Map","Colored Powertips","Highlight Path","Minty Spire (QoL Compilation)","Quick Restart","StSLib"],"gold_per_floor":[15,15,26,26,26,52,3,3,3,31,50,68,68,82,82,186,186,197,197,168,243,83,112,112,12,36,36,12,12,26,26,26,124,124,136,11,1010,1010,1010,1010,1042,1060,1060,373,373,384,397,428,428,428],"floor_reached":51,"language":"ENG","playtime":4723,"items_purged":["Defend_R","Strike_R+1","Shame","Normality"],"score":856,"play_id":"7c5795eb-9d6c-402d-bd58-df51d783f8f2","local_time":"20210221182042","is_ascension_mode":true,"campfire_choices":[{"data":"Disarm","floor":8,"key":"SMITH"},{"data":"Bash","floor":15,"key":"SMITH"},{"data":"Ghostly","floor":32,"key":"SMITH"},{"data":"Dark Shackles","floor":40,"key":"SMITH"},{"floor":49,"key":"REST"}],"circlet_count":0,"master_deck":["Strike_R+1","Strike_R+1","Strike_R+1","Strike_R+1","Defend_R+1","Defend_R+1","Bash+1","Ghostly Armor","Disarm+1","Disarm","Clothesline","Shrug It Off","Reaper+1","Ghostly","Ghostly+1","Ghostly","Ghostly","Ghostly","Uppercut+1","Dark Shackles+1","J.A.X.","Shrug It Off","Writhe","Feed+1","Normality","Inflame","Burning Pact","True Grit","Searing Blow+1","HandOfGreed+1","Purity","Jack Of All Trades","Shrug It Off+1","Feel No Pain"],"relics":["Burning Blood","PreservedInsect","Centennial Puzzle","Paper Frog","Self Forming Clay","Molten Egg 2","Sozu","Juzu Bracelet","Bronze Scales","Lizard Tail","Mummified Hand","Runic Pyramid","Oddly Smooth Stone","Boot","Strawberry","Strange Spoon","Dream Catcher","Omamori"],"acts_visited":["Exordium","TheCity","TheBeyond"],"potions_floor_usage":[48,48,50],"damage_taken":[{"damage":10,"enemies":"Cultist","floor":1,"turns":5},{"damage":0,"enemies":"2 Louse","floor":3,"turns":3},{"damage":25,"enemies":"3 Sentries","floor":6,"turns":10},{"damage":22,"enemies":"Gremlin Nob","floor":10,"turns":4},{"damage":0,"enemies":"Jaw Worm","floor":11,"turns":5},{"damage":11,"enemies":"Blue Slaver","floor":12,"turns":5},{"damage":1,"enemies":"3 Louse","floor":14,"turns":4},{"damage":13,"enemies":"Hexaghost","floor":16,"turns":13},{"damage":2,"enemies":"Chosen","floor":18,"turns":5},{"damage":4,"enemies":"2 Thieves","floor":20,"turns":5},{"damage":10,"enemies":"Book of Stabbing","floor":23,"turns":7},{"damage":4,"enemies":"Chosen and Byrds","floor":30,"turns":6},{"damage":60,"enemies":"Automaton","floor":33,"turns":13},{"damage":4,"enemies":"3 Shapes","floor":35,"turns":5},{"damage":21,"enemies":"Nemesis","floor":41,"turns":9},{"damage":5,"enemies":"Orb Walker","floor":42,"turns":5},{"damage":12,"enemies":"Spire Growth","floor":46,"turns":6},{"damage":3,"enemies":"Writhing Mass","floor":47,"turns":8},{"damage":88,"enemies":"Giant Head","floor":48,"turns":13},{"damage":17,"enemies":"Time Eater","floor":50,"turns":17}],"seed_played":"8808344167098913544","potions_obtained":[{"floor":1,"key":"PowerPotion"},{"floor":6,"key":"Dexterity Potion"}],"is_trial":false,"path_per_floor":["M","?","M","$","?","E","$","R","T","E","M","M","T","M","R","B",null,"M","?","M","?","$","E","?","$","T","?","$","?","M","?","R","B",null,"M","$","?","?","T","R","E","M","T","$","?","M","M","E","R","B",null],"character_chosen":"IRONCLAD","items_purchased":["Dexterity Potion","Dark Shackles","Shrug It Off","Strawberry","Strange Spoon","Dream Catcher","True Grit","Searing Blow+1"],"campfire_rested":1,"item_purchase_floors":[7,22,28,44,44,44,44,44],"current_hp_per_floor":[92,92,96,96,71,52,52,52,52,36,42,37,37,42,42,35,96,96,48,48,44,44,47,47,47,47,47,47,47,48,48,48,9,48,52,52,52,49,49,49,41,53,53,60,50,55,64,7,26,39],"gold":428,"neow_bonus":"TWENTY_PERCENT_HP_BONUS","is_daily":false,"chose_seed":false,"campfire_upgraded":4,"win_rate":0.0,"timestamp":1613953242,"path_taken":["M","?","M","$","?","E","?","R","T","E","M","M","?","M","R","BOSS","M","?","M","?","$","E","?","$","T","?","?","?","M","?","R","BOSS","M","$","?","?","?","R","E","M","T","$","?","M","M","E","R","BOSS"],"items_purchased_type":["Potion","Card","Card","Relic","Relic","Relic","Card","Card"],"build_version":"2020-12-22","purchased_purges":4,"victory":true,"max_hp_per_floor":[96,96,96,96,96,96,96,96,96,96,96,96,96,96,96,96,96,96,48,48,48,48,48,48,48,48,48,48,48,48,48,48,48,48,52,52,52,49,49,49,49,53,53,60,60,64,64,64,64,64],"card_choices":[{"not_picked":["Bloodletting","Sword Boomerang"],"picked":"Ghostly Armor","floor":1},{"not_picked":["Headbutt","Evolve"],"picked":"Disarm","floor":3},{"not_picked":["Wild Strike","Rupture","Armaments"],"picked":"SKIP","floor":6},{"not_picked":["Sever Soul","Flex","Clash"],"picked":"SKIP","floor":10},{"not_picked":["Spot Weakness","Burning Pact"],"picked":"Disarm","floor":11},{"not_picked":["Heavy Blade","Anger"],"picked":"Clothesline","floor":12},{"not_picked":["True Grit","Warcry"],"picked":"Shrug It Off","floor":14},{"not_picked":["Brutality","Fiend Fire+1"],"picked":"Reaper+1","floor":16},{"not_picked":["Headbutt+1","Anger+1","Heavy Blade+1"],"picked":"SKIP","floor":18},{"not_picked":["Power Through","Thunderclap+1"],"picked":"Uppercut+1","floor":20},{"not_picked":["Limit Break","Clothesline+1","Reckless Charge+1"],"picked":"SKIP","floor":23},{"not_picked":["Entrench+1","Cleave+1","Iron Wave+1"],"picked":"SKIP","floor":30},{"not_picked":["Barricade","Immolate+1"],"picked":"Feed+1","floor":33},{"not_picked":["Pummel+1","Sentinel","Headbutt+1"],"picked":"SKIP","floor":35},{"not_picked":["Wild Strike+1","Headbutt+1"],"picked":"Inflame","floor":41},{"not_picked":["Reckless Charge+1","Iron Wave+1"],"picked":"Burning Pact","floor":42},{"not_picked":["The Bomb","Blind"],"picked":"HandOfGreed+1","floor":45},{"not_picked":["Good Instincts","Jack Of All Trades"],"picked":"Purity","floor":45},{"not_picked":["Deep Breath","Finesse"],"picked":"Jack Of All Trades","floor":45},{"not_picked":["Headbutt+1","Pummel+1","Infernal Blade"],"picked":"SKIP","floor":46},{"not_picked":["Sever Soul+1","Cleave+1"],"picked":"Shrug It Off+1","floor":47},{"not_picked":["Burning Pact","Headbutt+1","Rampage+1"],"picked":"SKIP","floor":48},{"not_picked":["Uppercut+1","Wild Strike+1"],"picked":"Feel No Pain","floor":49}],"player_experience":353670,"relics_obtained":[{"floor":6,"key":"Centennial Puzzle"},{"floor":9,"key":"Paper Frog"},{"floor":10,"key":"Self Forming Clay"},{"floor":13,"key":"Molten Egg 2"},{"floor":23,"key":"Juzu Bracelet"},{"floor":26,"key":"Bronze Scales"},{"floor":41,"key":"Oddly Smooth Stone"},{"floor":43,"key":"Boot"},{"floor":48,"key":"Omamori"}],"event_choices":[{"cards_removed":["Defend_R"],"damage_healed":0,"gold_gain":0,"player_choice":"Forget","damage_taken":0,"max_hp_gain":0,"max_hp_loss":0,"event_name":"Living Wall","floor":2,"gold_loss":0},{"damage_healed":0,"gold_gain":0,"player_choice":"Success","damage_taken":25,"relics_obtained":["PreservedInsect"],"max_hp_gain":0,"max_hp_loss":0,"event_name":"Scrap Ooze","floor":5,"gold_loss":0},{"damage_healed":0,"gold_gain":0,"player_choice":"Became a Ghost","damage_taken":0,"max_hp_gain":0,"max_hp_loss":48,"event_name":"Ghosts","floor":19,"gold_loss":0,"cards_obtained":["Ghostly","Ghostly","Ghostly","Ghostly","Ghostly"]},{"damage_healed":0,"gold_gain":75,"player_choice":"Touch","damage_taken":4,"max_hp_gain":0,"max_hp_loss":0,"event_name":"FaceTrader","floor":21,"gold_loss":0},{"damage_healed":0,"gold_gain":0,"player_choice":"Simplicity","damage_taken":0,"max_hp_gain":0,"max_hp_loss":0,"event_name":"Back to Basics","floor":24,"gold_loss":0,"cards_upgraded":["Strike_R","Strike_R","Strike_R","Strike_R","Strike_R","Defend_R","Defend_R"]},{"damage_healed":0,"gold_gain":0,"player_choice":"Obtain J.A.X.","damage_taken":0,"max_hp_gain":0,"max_hp_loss":0,"event_name":"Drug Dealer","floor":27,"gold_loss":0,"cards_obtained":["J.A.X."]},{"damage_healed":0,"gold_gain":0,"player_choice":"Opened","damage_taken":0,"relics_obtained":["Lizard Tail"],"max_hp_gain":0,"max_hp_loss":0,"event_name":"The Mausoleum","floor":29,"gold_loss":0,"cards_obtained":["Writhe"]},{"damage_healed":0,"gold_gain":0,"player_choice":"Stole Relic","damage_taken":0,"relics_obtained":["Mummified Hand"],"max_hp_gain":0,"max_hp_loss":0,"event_name":"Addict","floor":31,"gold_loss":0,"cards_obtained":["Shame"]},{"damage_healed":0,"gold_gain":999,"player_choice":"Gold","damage_taken":0,"max_hp_gain":0,"max_hp_loss":0,"event_name":"MindBloom","floor":37,"gold_loss":0,"cards_obtained":["Normality","Normality"]},{"damage_healed":0,"gold_gain":0,"player_choice":"Max HP","damage_taken":0,"max_hp_gain":0,"max_hp_loss":3,"event_name":"Winding Halls","floor":38,"gold_loss":0},{"damage_healed":0,"gold_gain":0,"player_choice":"Memory 3","damage_taken":10,"max_hp_gain":0,"max_hp_loss":0,"event_name":"SensoryStone","floor":45,"gold_loss":0}],"is_beta":false,"boss_relics":[{"not_picked":["SacredBark","Cursed Key"],"picked":"Sozu"},{"not_picked":["Calling Bell","Snecko Eye"],"picked":"Runic Pyramid"}],"items_purged_floors":[22,25,36,44],"is_endless":false,"potions_floor_spawned":[1,6,11,12,20,30,42,46,47],"ascension_level":3}}