{"host":"8g24zuco0epbjwbo","time":1613966880,"event":{"mods":["BaseMod","Downfall","Minty Spire (QoL Compilation)","Relic Stats","StSLib"],"gold_per_floor":[99,113,127,192,204,204,251,251,286,286,76,176,176,176,176],"floor_reached":13,"language":"ENG","playtime":494,"items_purged":["champ:Strike"],"score":85,"play_id":"544dd64b-a790-43c6-9709-64ad8667028e","local_time":"20210221230800","is_ascension_mode":true,"campfire_choices":[{"data":"champ:Taunt","floor":1,"key":"SMITH"},{"data":"champ:EnragedBash","floor":6,"key":"SMITH"},{"data":"champ:RecklessLeap","floor":8,"key":"SMITH"},{"data":"champ:EnchantSword","floor":10,"key":"SMITH"}],"circlet_count":0,"master_deck":["champ:Strike","champ:Strike","champ:Strike","champ:Defend","champ:Defend","champ:Execute","champ:Taunt+1","Madness","champ:RecklessLeap+1","champ:EnragedBash+1","champ:BringItOn","champ:FanOfKnives","champ:EnchantSword+1","champ:Duel","champ:ShieldWall","champ:SwordSigil+1","champ:ShieldSigil","champ:GutPunch"],"relics":["champ:ChampionCrown","champ:FightingForDummies","Nunchaku","Shuriken"],"acts_visited":["Exordium"],"potions_floor_usage":[9,9,12],"damage_taken":[{"damage":10,"enemies":"Jaw Worm","floor":2,"turns":3},{"damage":6,"enemies":"2 Louse","floor":3,"turns":3},{"damage":63,"enemies":"Gremlin Nob","floor":4,"turns":4},{"damage":20,"enemies":"Cultist","floor":5,"turns":4},{"damage":19,"enemies":"3 Sentries","floor":9,"turns":4},{"damage":35,"enemies":"downfall:FleeingMerchant","floor":11,"turns":4},{"damage":15,"enemies":"downfall:Heads","floor":12,"turns":6},{"damage":45,"enemies":"Gremlin Nob","floor":13,"turns":2}],"seed_played":"-2058268807997120825","potions_obtained":[{"floor":3,"key":"Explosive Potion"},{"floor":4,"key":"PowerPotion"},{"floor":5,"key":"Explosive Potion"}],"is_trial":false,"path_per_floor":["R","M","M","?","M","R","T","R","E","R","$","?","E"],"character_chosen":"THE_CHAMP","items_purchased":["champ:ShieldWall","champ:SwordSigil"],"campfire_rested":0,"item_purchase_floors":[11,11],"current_hp_per_floor":[90,90,84,56,56,56,56,56,52,52,52,42,0,0,0],"gold":176,"neow_bonus":"RANDOM_COLORLESS","is_daily":false,"chose_seed":false,"campfire_upgraded":4,"win_rate":0.0,"timestamp":1613966880,"path_taken":["R","M","M","?","M","R","T","R","E","R","$","?","E"],"items_purchased_type":["Card","Card"],"build_version":"2020-12-22","purchased_purges":1,"victory":false,"max_hp_per_floor":[90,90,90,90,90,90,90,90,90,90,90,90,90,90,90],"relic_stats":{"Nunchaku":[3],"counters":[8,30],"Shuriken":[4],"obtain_stats":[{"Nunchaku":7,"Shuriken":9,"champ:ChampionCrown":0,"champ:FightingForDummies":4},{"Nunchaku":4,"Shuriken":5,"champ:ChampionCrown":0,"champ:FightingForDummies":3},{"Nunchaku":14,"Shuriken":18,"champ:ChampionCrown":0,"champ:FightingForDummies":10}]},"card_choices":[{"not_picked":["Dramatic Entrance","Good Instincts"],"picked":"Madness","floor":0},{"not_picked":["champ:Circumvent","champ:PreemptiveStrike"],"picked":"champ:RecklessLeap","floor":2},{"not_picked":["champ:Backstep","champ:FaceSlap"],"picked":"champ:EnragedBash","floor":3},{"not_picked":["champ:PerfectedStrike","champ:PreciseThrust"],"picked":"champ:BringItOn","floor":4},{"not_picked":["champ:FlashCut","champ:BladeFlurry"],"picked":"champ:FanOfKnives","floor":5},{"not_picked":["champ:Lariat","champ:Shatter"],"picked":"champ:EnchantSword","floor":9},{"not_picked":["champ:Haymaker","champ:EnGarde"],"picked":"champ:Duel","floor":11},{"not_picked":["champ:Backstep","champ:PreemptiveStrike"],"picked":"champ:GutPunch","floor":12}],"player_experience":565453,"relics_obtained":[{"floor":4,"key":"champ:FightingForDummies"},{"floor":7,"key":"Nunchaku"},{"floor":9,"key":"Shuriken"}],"event_choices":[],"is_beta":false,"boss_relics":[],"items_purged_floors":[11],"is_endless":false,"potions_floor_spawned":[3,4,5],"killed_by":"Gremlin Nob","ascension_level":1}}