{"host":"2se5dq1do2gp0x9k","time":1613962306,"event":{"mods":["AchievementEnabler","BaseMod","Block Reminder","Colored Map","Colored Powertips","Minty Spire (QoL Compilation)","Relic Stats","StSLib","SuperFastMode"],"gold_per_floor":[114,129,141,153,164,164,164],"floor_reached":6,"language":"ENG","playtime":215,"items_purged":[],"score":76,"play_id":"30246121-0f1f-4efe-ae64-c1b57f2bfb81","local_time":"20210221185146","is_ascension_mode":true,"campfire_choices":[],"circlet_count":0,"master_deck":["AscendersBane","Strike_P","Strike_P","Strike_P","Strike_P","Defend_P","Defend_P","Defend_P","Defend_P","Eruption","Vigilance","FearNoEvil","Evaluate","DeceiveReality","Consecrate","WaveOfTheHand"],"relics":["PureWater","NeowsBlessing"],"acts_visited":["Exordium"],"potions_floor_usage":[],"damage_taken":[{"damage":0,"enemies":"Cultist","floor":1,"turns":1},{"damage":0,"enemies":"Jaw Worm","floor":2,"turns":1},{"damage":0,"enemies":"2 Louse","floor":3,"turns":2},{"damage":5,"enemies":"Red Slaver","floor":4,"turns":5},{"damage":1,"enemies":"Looter","floor":5,"turns":3},{"damage":33,"enemies":"Lagavulin","floor":6,"turns":9}],"seed_played":"4034665732437151558","potions_obtained":[{"floor":4,"key":"SteroidPotion"}],"is_trial":false,"path_per_floor":["M","M","M","M","M","E"],"character_chosen":"WATCHER","items_purchased":[],"campfire_rested":0,"item_purchase_floors":[],"current_hp_per_floor":[61,61,61,56,55,22,22],"gold":164,"neow_bonus":"THREE_ENEMY_KILL","is_daily":false,"chose_seed":false,"campfire_upgraded":0,"win_rate":0.0,"timestamp":1613962306,"path_taken":["M","M","M","M","M","E"],"items_purchased_type":[],"build_version":"2020-12-22","purchased_purges":0,"victory":false,"max_hp_per_floor":[68,68,68,68,68,68,68],"relic_stats":{"counters":[6,21],"obtain_stats":[{"NeowsBlessing":0,"PureWater":0},{"NeowsBlessing":0,"PureWater":0},{"NeowsBlessing":0,"PureWater":0}]},"card_choices":[{"not_picked":["PathToVictory","FlyingSleeves"],"picked":"FearNoEvil","floor":1},{"not_picked":["PathToVictory","FlyingSleeves"],"picked":"Evaluate","floor":2},{"not_picked":["WreathOfFlame","PathToVictory"],"picked":"DeceiveReality","floor":3},{"not_picked":["Evaluate","Crescendo"],"picked":"Consecrate","floor":4},{"not_picked":["PathToVictory","Perseverance"],"picked":"WaveOfTheHand","floor":5}],"player_experience":4111355,"relics_obtained":[],"event_choices":[],"is_beta":false,"boss_relics":[],"items_purged_floors":[],"is_endless":false,"potions_floor_spawned":[4],"killed_by":"Lagavulin","ascension_level":18}}