{"host":"c1oza4x7xlyuasvd","time":1613983863,"event":{"mods":["ATMod(°¢èªMod)","Act Like it!","BaseMod","Better Vampires","Colored Powertips","Gensokyo","Marisa£¨ìFÓê¡¡Ä§ÀíÉ³£©","Minty Spire (QoL Compilation)","MostiFishMod","Reimu£¨²©ÀöÁéÃÎ£©","StSLib","TestMod","Waifu the Spire","Youmu£¨»êÆÇÑýÃÎ£©"],"gold_per_floor":[111,122,47,65,65,65,94,94,94,112,62,62,62,90,90,190,190,209,226,226,226,239,271,271,76,76,76,76,91,104,129,129,225,225,236,253,253,203,213,238,238,188,262,212,287,197,197,197,197,234,234,234,184,275,318],"floor_reached":56,"language":"ZHS","playtime":6686,"items_purged":["Strike_YM","Strike_YM","Gensokyo:AllTheWorldsEvil","Strike_YM","Defend_YM","Defend_YM","HesitationCuttingSword+1"],"score":1696,"play_id":"ce446dd5-6f4b-45a8-b9a4-e737f71f4dfd","local_time":"20210222165102","is_ascension_mode":false,"campfire_choices":[{"data":"HesitationCuttingSword","floor":6.0,"key":"SMITH"},{"data":"FastingOfTheYoungPreta","floor":8.0,"key":"SMITH"},{"data":"HumanGodSword","floor":15.0,"key":"SMITH"},{"data":"FourBirthsSword","floor":24.0,"key":"SMITH"},{"data":"PretaSword","floor":32,"key":"SMITH"},{"floor":41,"key":"RECALL"},{"data":"SwordExtraction","floor":47,"key":"SMITH"},{"data":"SlashClearingTheSixSenses","floor":49,"key":"SMITH"},{"data":"SlashOfPresentWorld","floor":52,"key":"SMITH"}],"circlet_count":0,"master_deck":["Strike_YM","SlashOfPresentWorld+1","WheelOfPainOfLivingAndDead","AT_FamilyPortrait","HumanGodSword+1","FastingOfTheYoungPreta+1","HellFireSword","HellRealmSword","HeavenSword+1","FourBirthsSword+1","PretaSword+1","SlashClearingTheSixSenses+1","RapidSlash","ReincarnationSword+1","SwordExtraction+1","WickedSoul+1","Gensokyo:CustomPotion","CherryBlossomSword+1","SlashOfDepartureFromHesitation","HiganSword"],"relics":["testmod-TestBox","AT_ATBox","DaveBox","testmod-ArcanaOfDestiny","ChiXiaoBlade","RhineSuit","SynthV:TestCard","Hakurouken","Smiling Mask","Unceasing Top","testmod-BatchProcessingSystem","Gensokyo:SongOfSouls","testmod-ThousandKnives","DiscerningMonocle","StrikeDummy","White Beast Statue","AT_SpeedBoots","Matryoshka","BrkXgEgg","Gensokyo:MosesMiracle","AT_SunfireAegis","JellyFishMachine","TentaclePot:ReiMu","Juzu Bracelet","SynthV:C4","ImprovedEquipment","testmod-Acrobat","Thread and Needle","TimeFreeze","AT_MibuBalloonWealth","testmod-Hope","AT_TimeSand","testmod-AssaultLearning","MostiFishMod:AdaptiveDefenses","Happy Flower","Centennial Puzzle","Ying","AT_SilvercatRing"],"acts_visited":["Exordium","Gensokyo:Gensokyo","Gensokyo:Gensokyoer","TheEnding"],"potions_floor_usage":[55],"damage_taken":[{"damage":0.0,"enemies":"Gensokyo:2_Kodama","floor":1.0,"turns":2.0},{"damage":0.0,"enemies":"Gensokyo:Gryphon","floor":2.0,"turns":2.0},{"damage":0.0,"enemies":"Gensokyo:3_Fairies","floor":4.0,"turns":4.0},{"damage":0.0,"enemies":"Gensokyo:Cirno","floor":7.0,"turns":4.0},{"damage":3.0,"enemies":"Gensokyo:3_Kodama","floor":10.0,"turns":2.0},{"damage":0.0,"enemies":"Gensokyo:Aya","floor":14.0,"turns":3.0},{"damage":0.0,"enemies":"Gensokyo:Kokoro","floor":16.0,"turns":7.0},{"damage":0.0,"enemies":"Gensokyo:AngelMirror","floor":18.0,"turns":2.0},{"damage":0.0,"enemies":"Gensokyo:2_Gloops","floor":19.0,"turns":2.0},{"damage":0.0,"enemies":"Gensokyo:Slime_Group","floor":22.0,"turns":1.0},{"damage":0.0,"enemies":"Gensokyo:Tenshi","floor":23.0,"turns":3.0},{"damage":0.0,"enemies":"Gensokyo:Chomper_and_Gloop","floor":29.0,"turns":2.0},{"damage":0.0,"enemies":"Gensokyo:3_Gloops","floor":30.0,"turns":1.0},{"damage":0.0,"enemies":"Gensokyo:Koishi","floor":31.0,"turns":1.0},{"damage":0,"enemies":"Gensokyo:Eiki","floor":33,"turns":2},{"damage":0,"enemies":"Gensokyo:3_Boulders","floor":35,"turns":2},{"damage":0,"enemies":"Gensokyo:3_Bats","floor":36,"turns":1},{"damage":0,"enemies":"Gensokyo:SeedOfUnknown","floor":39,"turns":1},{"damage":0,"enemies":"Gensokyo:Marisa","floor":40,"turns":1},{"damage":0,"enemies":"Gensokyo:Dusk_and_Dawn","floor":45,"turns":2},{"damage":0,"enemies":"Gensokyo:Scarlet_Devils","floor":50,"turns":1},{"damage":0,"enemies":"Shield and Spear","floor":54,"turns":2},{"damage":0,"enemies":"The Heart","floor":55,"turns":2}],"seed_played":"3300479661627947083","potions_obtained":[{"floor":2.0,"key":"SpeedPotion"},{"floor":7.0,"key":"EntropicBrew"},{"floor":22.0,"key":"ColorlessPotion"},{"floor":23.0,"key":"Dexterity Potion"},{"floor":36,"key":"DuplicationPotion"}],"is_trial":false,"path_per_floor":["M","M","$","M","$","R","E","R","T","M","$","?","?","E","R","B",null,"M","M","?","?","M","E","R","$","T","$","?","M","M","E","R","B",null,"M","M","?","$","M","E","R","$","T","$","M","?","R","?","R","B",null,"R","$","E","B",null],"character_chosen":"YOUMU","items_purchased":["DiscerningMonocle","StrikeDummy","White Beast Statue","RapidSlash","AT_SpeedBoots","Matryoshka","BrkXgEgg","TentaclePot:ReiMu","Juzu Bracelet","SynthV:C4","testmod-Acrobat","Thread and Needle","TimeFreeze","WickedSoul+1","AT_TimeSand","testmod-AssaultLearning","MostiFishMod:AdaptiveDefenses","Happy Flower","Centennial Puzzle","Ying","SlashOfDepartureFromHesitation","HiganSword"],"campfire_rested":0,"item_purchase_floors":[25,25,25,25,27,27,27,38,38,38,42,42,42,42,44,44,44,53,53,53,53,53],"current_hp_per_floor":[75,75,75,75,75,75,75,75,75,72,72,72,72,72,72,72,75,75,75,75,75,75,75,75,75,75,75,75,75,75,75,75,75,75,75,75,75,75,75,75,75,75,75,75,75,75,75,75,75,75,75,75,75,75,75],"gold":318,"neow_bonus":"BOSS_RELIC","is_daily":false,"chose_seed":false,"campfire_upgraded":8,"win_rate":0.0,"timestamp":1613983862,"path_taken":["M","M","$","M","?","R","E","R","T","M","$","?","?","E","R","BOSS","M","M","?","?","M","E","R","$","T","$","?","?","M","E","R","BOSS","M","M","?","$","M","E","R","?","T","$","M","?","R","?","R","BOSS","R","$","E","BOSS"],"items_purchased_type":["Relic","Relic","Relic","Card","Relic","Relic","Relic","Relic","Relic","Relic","Relic","Relic","Relic","Card","Relic","Relic","Relic","Relic","Relic","Relic","Card","Card"],"build_version":"2020-12-22","purchased_purges":7,"victory":true,"max_hp_per_floor":[75,75,75,75,75,75,75,75,75,75,75,75,75,75,75,75,75,75,75,75,75,75,75,75,75,75,75,75,75,75,75,75,75,75,75,75,75,75,75,75,75,75,75,75,75,75,75,75,75,75,75,75,75,75,75],"card_choices":[{"not_picked":["SwordOfBindingDesires","ThreeKonsSevenHakus"],"picked":"HumanGodSword","floor":1.0},{"not_picked":["LightFlashOfTheNetherworld","FlashingScatteredFlowers","DoubleWheelOfPain","SpiritCuttingSword","SlashOfMeditation"],"picked":"SKIP","floor":2.0},{"not_picked":["SlashClearingTheSixSenses","TwoHundredYojanaInOneSlash","HumanKnowledgeSword","CrescentMoonSlash"],"picked":"HesitationCuttingSword","floor":4.0},{"not_picked":["ThreeKonsSevenHakus","SpiritCuttingSword","PhosphoricSlash","BizarrenessOfSixRealms"],"picked":"FastingOfTheYoungPreta","floor":7.0},{"not_picked":["SanzenSekai","PhosphoricSlash","ObsessionWithThePresentWorld","SlashOfMeditation"],"picked":"HellFireSword","floor":10.0},{"not_picked":["EchoesOfTheInclemencyOfAllBeings","PhosphoricSlash","KarmicPunishmentOfTheIdleAndUnfocused","SpiritCuttingSword"],"picked":"HellRealmSword","floor":14.0},{"not_picked":["GreatEnlightenmentAppearingAndDisappearing","ASingleThoughtAndInfiniteKalpas","HeavenGodSword","AsuraSword"],"picked":"HeavenSword","floor":16.0},{"not_picked":["HumanKnowledgeSword+1","FiveSignsOfTheDyingDeva","DispleasureOfTheSevenHakus+1","CherryBlossomFlashing"],"picked":"FourBirthsSword","floor":18.0},{"not_picked":["CrescentMoonSlash","LowerRealmReflectionSlash","SpiritCuttingSword","SanzenSekai"],"picked":"PretaSword","floor":19.0},{"not_picked":["FlashingScatteredFlowers","SpiritCuttingSword+1","DispleasureOfTheSevenHakus+1","CrescentMoonSlash"],"picked":"CherryBlossomFlashing","floor":22.0},{"not_picked":["SanzenSekai","HellGodSword","AsuraSword","FiveSignsOfTheDyingDeva+1"],"picked":"SlashClearingTheSixSenses","floor":23.0},{"not_picked":["ObsessionSword","CrescentMoonSlash+1","SanzenSekai","PhosphoricSlash","SlashOfDelusionalInnerEye"],"picked":"SKIP","floor":29.0},{"not_picked":["FlashingScatteredFlowers+1","SwordOfBindingDesires","LifeCuttingSword","SanzenSekai","ThreeKonsSevenHakus"],"picked":"SKIP","floor":30.0},{"not_picked":["SanzenSekai","FlashingScatteredFlowers","HiganSword","DispleasureOfTheSevenHakus","HumanKnowledgeSword+1"],"picked":"SKIP","floor":31},{"not_picked":["DeadlyForm+1","ASingleThoughtAndInfiniteKalpas+1","AsuraSword+1","WickedSoul+1"],"picked":"ReincarnationSword+1","floor":33},{"not_picked":["CherryBlossomFlashing","SpiritCuttingSword+1","PhosphoricSlash+1","TurningAngelCut","SwordOfBindingDesires"],"picked":"SKIP","floor":35},{"not_picked":["FlashingScatteredFlowers+1","TwoHundredYojanaInOneSlash+1","LifeCuttingSword+1","DoubleWheelOfPain+1","PhosphoricSlash"],"picked":"SKIP","floor":36},{"not_picked":["IrresoluteSoul+1","PhosphoricSlash","SwordExtraction","HumanGodSword","CherryBlossomFlashing+1"],"picked":"SKIP","floor":39},{"not_picked":["IrresoluteSoul+1","PhosphoricSlash","HumanGodSword","CherryBlossomFlashing+1"],"picked":"SwordExtraction","floor":39},{"not_picked":["ConstancyOfTheConventionalTruth","FiveSignsOfTheDyingDeva","HumanKnowledgeSword+1","SpiritMediumsBind","LightFlashOfTheNetherworld+1"],"picked":"SKIP","floor":40},{"not_picked":["SwordOfBindingDesires+1","ObsessionSword","SlashOfDepartureFromHesitation","HellFireSword+1","HumanKnowledgeSword+1"],"picked":"SKIP","floor":45},{"not_picked":["SpiritCuttingSword","LowerRealmReflectionSlash+1","LotusPostureSlash","SwordOfBindingDesires","SwordExtraction"],"picked":"SKIP","floor":54}],"player_experience":215281,"relics_obtained":[{"floor":1.0,"key":"SynthV:TestCard"},{"floor":7.0,"key":"Hakurouken"},{"floor":9.0,"key":"Smiling Mask"},{"floor":14.0,"key":"Unceasing Top"},{"floor":23.0,"key":"testmod-ThousandKnives"},{"floor":31,"key":"Gensokyo:MosesMiracle"},{"floor":31,"key":"AT_SunfireAegis"},{"floor":40,"key":"ImprovedEquipment"},{"floor":43,"key":"AT_MibuBalloonWealth"},{"floor":43,"key":"testmod-Hope"},{"floor":54,"key":"AT_SilvercatRing"}],"event_choices":[{"damage_healed":0.0,"max_hp_gain":0.0,"max_hp_loss":0.0,"gold_gain":0.0,"event_name":"¸ø×Ô¼ºµÄºÐ×Ó","player_choice":"Ignored","floor":13.0,"gold_loss":0.0,"damage_taken":0.0}],"is_beta":false,"boss_relics":[{"not_picked":["Empty Cage","Tiny House"],"picked":"testmod-BatchProcessingSystem"},{"not_picked":["Snecko Eye","HereWithMe"],"picked":"JellyFishMachine"}],"items_purged_floors":[3,11,25,38,42,44,53],"is_endless":false,"potions_floor_spawned":[2,7,22,23,29,30,31,33,35,36,39,40,45,54],"ascension_level":0}}