{"host":"blhqr6uo32maonpv","time":1613963207,"event":{"mods":["BaseMod","Downfall","Minty Spire (QoL Compilation)","Replay The Spire","StSLib","The Bug Knight","The Marked"],"gold_per_floor":[109,109,120,47,63,95,270,270,270,299,315,327,327,76,76,172,172,157,176,176,28,46,80,80,108,108,108,108,108,28,28,39,49,49,148,148,160,170,170,170,183,201,44,44,60,78,101,118,118,118],"floor_reached":49,"language":"ENG","playtime":2905,"items_purged":[],"score":514,"play_id":"870ae49e-dc7c-44a9-a376-fb65d56dfb42","local_time":"20210221230647","is_ascension_mode":false,"campfire_choices":[{"data":"Terror","floor":8,"key":"SMITH"},{"floor":15,"key":"REST"},{"floor":24,"key":"REST"},{"floor":29,"key":"REST"},{"floor":31,"key":"REST"},{"floor":34,"key":"REST"},{"floor":44,"key":"REST"}],"circlet_count":0,"master_deck":["Strike_G","Strike_G","Defend_G","Defend_G+1","Defend_G+1","Defend_G+1","Survivor","Neutralize+1","Cloak And Dagger+1","Terror+1","Heel Hook+1","Quick Slash+1","Doubt","Replay:Poison Smokescreen","Replay:Bag of Tricks","Footwork+1","Blade Dance","Backflip","Adrenaline+1","Reflex+1","Night Terror+1","Masterful Stab+1","Crippling Poison+1","Prepared","Outmaneuver+1","Hidden Blade","Venomology","Accuracy","ReplayTheSpireMod:Shiv Toss","Malaise","Outmaneuver+1","Blur","Expertise+1","Dodge and Roll+1"],"relics":["Ring of the Snake","Garlic","TungstenRod","Whetstone","Replay:WaspNest","Gremlin Food","Astrolabe","Nilry\u0027s Codex","Boot","Replay:Bottled Flurry","Quantum Egg","Replay:PocketPolymizer","Replay:Grab Bag","Painkiller Herb","Philosopher\u0027s Stone","Black Star","ReplayFunnel","Bag of Marbles"],"acts_visited":["Exordium","TheCity","TheBeyond"],"potions_floor_usage":[6,16,22,23,25,32,33,35,35,37,41,42,45,46,46,48,48,49,49],"damage_taken":[{"damage":2,"enemies":"Small Slimes","floor":1,"turns":3},{"damage":1,"enemies":"Jaw Worm","floor":3,"turns":4},{"damage":2,"enemies":"Cultist","floor":5,"turns":4},{"damage":15,"enemies":"Gremlin Nob","floor":6,"turns":4},{"damage":10,"enemies":"Replay:BlueRogue","floor":10,"turns":7},{"damage":0,"enemies":"Looter","floor":11,"turns":3},{"damage":0,"enemies":"2 Fungi Beasts","floor":12,"turns":4},{"damage":24,"enemies":"Slime Boss","floor":16,"turns":12},{"damage":8,"enemies":"2 Thieves","floor":18,"turns":4},{"damage":10,"enemies":"Spheric Guardian","floor":19,"turns":5},{"damage":0,"enemies":"Chosen and Byrds","floor":22,"turns":5},{"damage":20,"enemies":"Book of Stabbing","floor":23,"turns":6},{"damage":31,"enemies":"Gremlin Leader","floor":25,"turns":5},{"damage":16,"enemies":"3 Cultists","floor":32,"turns":4},{"damage":0,"enemies":"Snecko","floor":33,"turns":4},{"damage":37,"enemies":"Automaton","floor":35,"turns":10},{"damage":1,"enemies":"Orb Walker","floor":37,"turns":4},{"damage":9,"enemies":"3 Shapes","floor":38,"turns":5},{"damage":7,"enemies":"Maw","floor":41,"turns":8},{"damage":1,"enemies":"Sphere and 2 Shapes","floor":42,"turns":5},{"damage":29,"enemies":"Jaw Worm Horde","floor":45,"turns":4},{"damage":0,"enemies":"Maw","floor":46,"turns":6},{"damage":5,"enemies":"3 Darklings","floor":48,"turns":7},{"damage":37,"enemies":"Sphere and 2 Shapes","floor":49,"turns":4}],"seed_played":"-2542407274626412913","potions_obtained":[{"floor":3,"key":"Dexterity Potion"},{"floor":5,"key":"LifebloodPotion"},{"floor":11,"key":"Poison Potion"},{"floor":19,"key":"ColorlessPotion"},{"floor":22,"key":"Dexterity Potion"},{"floor":23,"key":"CunningPotion"},{"floor":35,"key":"Reflective Coating"},{"floor":42,"key":"LiquidMemories"},{"floor":45,"key":"Dexterity Potion"},{"floor":46,"key":"Adrenaline Potion"}],"is_trial":false,"path_per_floor":["M","?","M","$","M","E","?","R","T","E","M","M","T","$","R","B",null,"M","M","?","$","M","E","R","E","PTL","PTL","T","R","$","R","M","M","R","B",null,"?","?","PTL","PTL","?","?","T","T","?","?","T","?","?"],"character_chosen":"THE_SILENT","items_purchased":["Terror","Gremlin Food","Blade Dance","Backflip","Boot","Accuracy","ReplayFunnel"],"campfire_rested":6,"item_purchase_floors":[4,14,14,14,21,30,43],"current_hp_per_floor":[68,68,67,67,65,50,50,50,50,40,40,40,40,40,61,37,70,62,52,40,40,40,20,41,10,10,10,10,31,31,52,36,36,57,20,70,69,60,60,60,53,52,52,70,41,41,41,36,0,0],"gold":118,"neow_bonus":"RANDOM_EVENT","is_daily":false,"chose_seed":false,"campfire_upgraded":1,"win_rate":0.0,"timestamp":1613963207,"path_taken":["M","?","M","$","M","E","?","R","T","E","M","M","?","$","R","BOSS","M","M","?","$","M","E","R","E","PTL","PTL","T","R","$","R","M","M","R","BOSS","?","?","PTL","PTL","?","?","T","T","?","?","T","?","?"],"items_purchased_type":["Card","Relic","Card","Card","Relic","Card","Relic"],"build_version":"2020-12-22","purchased_purges":0,"victory":false,"max_hp_per_floor":[70,70,70,70,70,70,70,70,70,70,70,70,70,70,70,70,70,70,70,70,70,70,70,70,70,70,70,70,70,70,70,70,70,70,70,70,70,70,70,70,70,70,70,70,70,70,70,70,70,70],"card_choices":[{"not_picked":["Flechettes","Backflip"],"picked":"Cloak And Dagger","floor":1},{"not_picked":["Noxious Fumes","Dagger Throw"],"picked":"Cloak And Dagger","floor":3},{"not_picked":["Leg Sweep","Terror"],"picked":"Heel Hook","floor":5},{"not_picked":["Outmaneuver","Calculated Gamble"],"picked":"Quick Slash","floor":6},{"not_picked":["Poisoned Stab","Dagger Throw"],"picked":"Replay:Poison Smokescreen","floor":10},{"not_picked":["Riddle With Holes","Underhanded Strike"],"picked":"Replay:Bag of Tricks","floor":11},{"not_picked":["Fluid Movement","Outmaneuver"],"picked":"Footwork","floor":12},{"not_picked":["Bullet Time","Atom Bomb"],"picked":"Adrenaline","floor":16},{"not_picked":["Blade Dance","Prepared"],"picked":"Crippling Poison+1","floor":18},{"not_picked":["ReplayTheSpireMod:Tripwire","Poison Darts"],"picked":"Prepared","floor":19},{"not_picked":["Dagger Spray","Replay:Poison Smokescreen+1"],"picked":"Outmaneuver+1","floor":22},{"not_picked":["Bouncing Flask","Underhanded Strike"],"picked":"Hidden Blade","floor":23},{"not_picked":["Deflect","Prepared+1"],"picked":"Venomology","floor":25},{"not_picked":["Terror","Deflect","ReplayTheSpireMod:Scrap Shanks"],"picked":"SKIP","floor":32},{"not_picked":["Catalyst","Slice","Backflip"],"picked":"SKIP","floor":33},{"not_picked":["Atom Bomb","Unload"],"picked":"Malaise","floor":35},{"not_picked":["ReplayTheSpireMod:The Works","Deadly Poison","Heel Hook"],"picked":"SKIP","floor":37},{"not_picked":["ReplayTheSpireMod:The Works","Dagger Spray"],"picked":"Outmaneuver+1","floor":38},{"not_picked":["Draining Mist","Hidden Blade+1"],"picked":"Blur","floor":41},{"not_picked":["Acrobatics","Hidden Blade","Dagger Throw"],"picked":"SKIP","floor":42},{"not_picked":["Outmaneuver","Deflect"],"picked":"Expertise+1","floor":45},{"not_picked":["Footwork+1","Burst"],"picked":"Dodge and Roll+1","floor":46},{"not_picked":["Dagger Spray+1","Underhanded Strike+1","Prepared+1"],"picked":"SKIP","floor":48}],"player_experience":39860,"relics_obtained":[{"floor":6,"key":"Garlic"},{"floor":9,"key":"TungstenRod"},{"floor":10,"key":"Whetstone"},{"floor":13,"key":"Replay:WaspNest"},{"floor":20,"key":"Nilry\u0027s Codex"},{"floor":23,"key":"Replay:Bottled Flurry"},{"floor":25,"key":"Quantum Egg"},{"floor":28,"key":"Replay:PocketPolymizer"},{"floor":47,"key":"Bag of Marbles"}],"event_choices":[{"damage_healed":0,"gold_gain":0,"player_choice":"Grow","damage_taken":0,"max_hp_gain":0,"max_hp_loss":0,"event_name":"Living Wall","floor":0,"gold_loss":0,"cards_upgraded":["Neutralize"]},{"damage_healed":0,"gold_gain":175,"player_choice":"AGREE","damage_taken":0,"max_hp_gain":0,"max_hp_loss":0,"event_name":"Liars Game","floor":7,"gold_loss":0,"cards_obtained":["Doubt"]},{"damage_healed":0,"gold_gain":0,"player_choice":"Obtained Book","damage_taken":16,"max_hp_gain":0,"max_hp_loss":0,"event_name":"Cursed Tome","floor":20,"gold_loss":0}],"is_beta":false,"boss_relics":[{"not_picked":["ReplayTheSpireMod:DimensionalGlitch","Kintsugi"],"picked":"Astrolabe"},{"not_picked":["Honey Jar","Ring of Chaos"],"picked":"Replay:Grab Bag"},{"not_picked":["Cursed Key","Fusion Hammer"],"picked":"Painkiller Herb"},{"not_picked":["ChewingGum","Sozu"],"picked":"Philosopher\u0027s Stone"},{"not_picked":["Snecko Eye","Runic Pyramid"],"picked":"Black Star"}],"items_purged_floors":[],"is_endless":false,"potions_floor_spawned":[3,5,11,19,22,23,35,42,45,46],"killed_by":"Sphere and 2 Shapes","ascension_level":0}}