{"host":"65a95dzim48ko8ke","time":1613971203,"event":{"mods":["AchievementEnabler","Aspiration","BaseMod","Bestiary","Better Altar","Better Match","Better Note","Better Sensory Stone","Better Skull","Better Third Choice","Block Reminder","Colored Map","Colored Powertips","Conspire","Curses Come First","DeckTracker","Energized Spire","Halation","Highlight Path","Hubris","Jedi Mod","Minty Spire (QoL Compilation)","MostiFishMod","Permanent Neow","Quick Restart","Random Character Button","Rare Cards Sparkle","Relic Sorter","Reliquary","Replay The Spire","RumiaBox-òIïƒ?ìIê_îÈ·¥éq","Spicy Shops","StSLib","TestMod","The Blue Laboratory","The Bug Knight","The IronCluck","Trackpad","Wandering Minibosses","Åy?ï®?îvÅzREMEMod"],"gold_per_floor":[115,115,127,127,137,137,137,137],"floor_reached":7,"language":"ENG","playtime":451,"items_purged":[],"score":112,"play_id":"2b1128e5-757b-4a54-b097-0328ea89d45e","local_time":"20210222142003","is_ascension_mode":true,"campfire_choices":[{"floor":6.0,"key":"REST"}],"circlet_count":0,"master_deck":["AscendersBane","conspire:GhostlyStrike","conspire:GhostlyStrike","conspire:GhostlyStrike","conspire:GhostlyStrike","conspire:GhostlyDefend","conspire:GhostlyDefend","conspire:GhostlyDefend","conspire:GhostlyDefend","Zap","Dualcast","Auto Shields","hubris:DoWhile","Sneak Up","aspiration:Lunge"],"relics":["Cracked Core","DaveBox","testmod-TestBox","REME_ComplimentaryCards","aspiration:Nostalgia","Burning Blood","trackpad:SneckoScepter","hubris:BallOfYels"],"acts_visited":["Exordium"],"potions_floor_usage":[7],"damage_taken":[{"damage":4.0,"enemies":"Small Slimes","floor":1.0,"turns":3.0},{"damage":7.0,"enemies":"2 Louse","floor":3.0,"turns":5.0},{"damage":0.0,"enemies":"Jaw Worm","floor":5.0,"turns":4.0},{"damage":32,"enemies":"Gremlin Nob","floor":7,"turns":4}],"seed_played":"-340562429563167360","potions_obtained":[{"floor":1.0,"key":"Strength Potion"}],"is_trial":false,"path_per_floor":["M","?","M","?","M","R","E"],"character_chosen":"DEFECT","items_purchased":[],"campfire_rested":1,"item_purchase_floors":[],"current_hp_per_floor":[70,70,69,13,19,41,9,9],"gold":137,"neow_bonus":"NOSTALGIA","is_daily":false,"chose_seed":false,"campfire_upgraded":0,"win_rate":0.0,"timestamp":1613971203,"path_taken":["M","?","M","?","?","R","E"],"items_purchased_type":[],"build_version":"2020-12-22","purchased_purges":0,"victory":false,"max_hp_per_floor":[75,75,75,75,75,75,75,75],"card_choices":[{"not_picked":["Compile Driver","Barrage"],"picked":"Auto Shields","floor":1.0},{"not_picked":["jedi:BurstLightning","jedi:markofdeath"],"picked":"hubris:DoWhile","floor":3.0},{"not_picked":["Stack","Auto Shields","jedi:blockon"],"picked":"SKIP","floor":5.0}],"player_experience":436140,"relics_obtained":[],"event_choices":[{"damage_healed":0.0,"max_hp_gain":0.0,"max_hp_loss":0.0,"gold_gain":0.0,"event_name":"conspire:LoneGhost","player_choice":"Agree","floor":2.0,"gold_loss":0.0,"damage_taken":0.0}],"is_beta":false,"boss_relics":[],"items_purged_floors":[],"is_endless":false,"potions_floor_spawned":[1],"killed_by":"Gremlin Nob","ascension_level":10}}