{"host":"kmq7aw60w430zvtx","time":1613997853,"event":{"mods":["Aspiration","BaseMod","Downfall","GifTheSpireLib","Hermit","Hubris","Infinite Spire","Minty Spire (QoL Compilation)","Reliquary","Replay The Spire","Spire Arcade","StSLib","The Construct","The Cursed","The Hierophant","The Jungle","The Necromancer","The Runesmith"],"gold_per_floor":[119,132,144,154,170,170,170,170,248,248,261,100,100,228,228,333,333,350,52,52,63,79,79,105,121,121,121,121],"floor_reached":27,"language":"ENG","playtime":987,"items_purged":[],"score":390,"play_id":"d99336c5-0c3f-4733-b615-54df4d1656b0","local_time":"20210222134413","is_ascension_mode":true,"campfire_choices":[{"floor":6,"key":"RECALL"},{"floor":8,"key":"REST"},{"floor":15,"key":"REST"},{"floor":23,"key":"REST"}],"circlet_count":0,"master_deck":["AscendersBane","Strike_G","Strike_G","Strike_G","Strike_G","Strike_G","Defend_G","Defend_G","Defend_G","Defend_G","Defend_G+1","Survivor","Neutralize","Poisoned Stab","Dagger Throw","Poisoned Stab","Die Die Die","Slice","Neutralize","Escape Plan","Catalyst","Fluid Movement","Escape Plan","Poisoned Stab","hubris:NaturalOne","Die Die Die","Deadly Poison","Noxious Fumes","hubris:Insight+1","Dodge and Roll+1","PiercingWail","Hidden Blade","Flying Knee","Quick Slash+1"],"relics":["Ring of the Snake","Replay:Rubber Ducky","hubris:Icosahedron","Iron Hammer","GremlinMask","Dream Catcher","Painkiller Herb","Membership Card","War Paint"],"acts_visited":["Exordium","theJungle:Jungle"],"potions_floor_usage":[14,14,16,21,24],"damage_taken":[{"damage":7,"enemies":"Cultist","floor":1,"turns":4},{"damage":11,"enemies":"Jaw Worm","floor":2,"turns":4},{"damage":0,"enemies":"Small Slimes","floor":3,"turns":3},{"damage":6,"enemies":"Looter","floor":4,"turns":3},{"damage":5,"enemies":"Red Slaver","floor":5,"turns":3},{"damage":0,"enemies":"Lots of Slimes","floor":11,"turns":2},{"damage":0,"enemies":"Gremlin Nob","floor":14,"turns":2},{"damage":53,"enemies":"The Guardian","floor":16,"turns":10},{"damage":17,"enemies":"theJungle:MUSHROOMGANG","floor":18,"turns":3},{"damage":13,"enemies":"theJungle:5_Spyders","floor":21,"turns":8},{"damage":23,"enemies":"theJungle:Lyon","floor":22,"turns":4},{"damage":16,"enemies":"theJungle:MamaSnecko","floor":24,"turns":7},{"damage":19,"enemies":"theJungle:SlimyTreeVines","floor":25,"turns":7},{"damage":0,"enemies":"theJungle:JungleHuntersEncounter","floor":27,"turns":1}],"seed_played":"3916891215355188155","potions_obtained":[{"floor":2,"key":"Guardian:BlockOnCardUsePotion"},{"floor":3,"key":"CunningPotion"},{"floor":5,"key":"FearPotion"},{"floor":18,"key":"ColorlessPotion"},{"floor":20,"key":"BlessingOfTheForge"},{"floor":24,"key":"champ:CounterPotion"},{"floor":25,"key":"SkillPotion"}],"is_trial":false,"path_per_floor":["M","M","M","M","M","R","?","R","T","?","M","$","?","E","R","B",null,"?","T","?","?","?","T","E","?","T","?"],"character_chosen":"THE_SILENT","items_purchased":["Catalyst","Fluid Movement","Noxious Fumes","Membership Card","Regen Potion","hubris:Insight"],"campfire_rested":3,"item_purchase_floors":[12,12,19,19,19,19],"current_hp_per_floor":[56,45,45,39,34,34,34,55,55,55,55,55,55,55,70,17,57,40,40,40,42,19,40,24,11,11,11,11],"gold":121,"neow_bonus":"RANDOM_COMMON_RELIC","is_daily":false,"chose_seed":false,"campfire_upgraded":0,"win_rate":0.0,"timestamp":1613997853,"path_taken":["M","?","M","M","M","R","?","R","T","?","?","$","?","E","R","BOSS","?","T","?","?","?","T","E","?","T","?"],"items_purchased_type":["Card","Card","Card","Relic","Potion","Card"],"build_version":"2020-12-22","purchased_purges":0,"victory":false,"max_hp_per_floor":[70,70,70,70,70,70,70,70,70,70,70,70,70,70,70,70,70,70,70,70,70,70,70,70,70,70,70,70],"card_choices":[{"not_picked":["Slice","hubris:Counter"],"picked":"Poisoned Stab","floor":1},{"not_picked":["Hidden Blade","Outmaneuver"],"picked":"Dagger Throw","floor":2},{"not_picked":["Acrobatics","Deflect"],"picked":"Poisoned Stab","floor":3},{"not_picked":["Flying Knee","Slice"],"picked":"Die Die Die","floor":4},{"not_picked":["Finisher","Backflip"],"picked":"Slice","floor":5},{"not_picked":["Backflip","Sucker Punch"],"picked":"Escape Plan","floor":11},{"not_picked":["Expertise","Dagger Throw"],"picked":"Escape Plan","floor":14},{"not_picked":["All Out Attack","Slice"],"picked":"Poisoned Stab","floor":15},{"not_picked":["Storm of Steel","Grand Finale"],"picked":"Die Die Die","floor":16},{"not_picked":["Hidden Blade","Bane"],"picked":"Deadly Poison","floor":18},{"not_picked":["Dagger Spray+1","All Out Attack+1"],"picked":"Dodge and Roll+1","floor":21},{"not_picked":["Blade Dance+1","Sucker Punch"],"picked":"PiercingWail","floor":22},{"not_picked":["Underhanded Strike","Choke"],"picked":"Hidden Blade","floor":23},{"not_picked":["Glass Knife","Eviscerate"],"picked":"Flying Knee","floor":24},{"not_picked":["Dagger Spray+1","Predator"],"picked":"Quick Slash+1","floor":25}],"player_experience":407915,"relics_obtained":[{"floor":9,"key":"Iron Hammer"},{"floor":14,"key":"Dream Catcher"},{"floor":24,"key":"War Paint"}],"event_choices":[{"damage_healed":0,"gold_gain":0,"player_choice":"1 cards matched","damage_taken":0,"max_hp_gain":0,"max_hp_loss":0,"event_name":"Match and Keep!","floor":10,"gold_loss":0,"cards_obtained":["Neutralize"]},{"damage_healed":0,"gold_gain":0,"player_choice":"Trade","damage_taken":0,"relics_obtained":["GremlinMask"],"max_hp_gain":0,"max_hp_loss":0,"event_name":"FaceTrader","floor":13,"gold_loss":0},{"damage_healed":0,"gold_gain":0,"player_choice":"Got Potions","damage_taken":0,"max_hp_gain":0,"max_hp_loss":0,"event_name":"Lab","floor":20,"gold_loss":0}],"is_beta":false,"boss_relics":[{"not_picked":["HoveringKite","Cursed Key"],"picked":"Painkiller Herb"}],"items_purged_floors":[],"is_endless":false,"potions_floor_spawned":[2,3,5,18,24,25],"killed_by":"theJungle:JungleHuntersEncounter","ascension_level":10}}