{"host":"0kk91h4bq4kgfj0u","time":1613955921,"event":{"mods":["BaseMod","Bestiary","Block Reminder","Colored Map","Colored Powertips","Curses Come First","Highlight Path","Minty Spire (QoL Compilation)","Relic Stats","StSLib"],"gold_per_floor":[211,211,223,242,21,47,47,73,73,104,67,67,67,83,83,180,180,196,221,221,121,141,141,158,191,191,191,45,45,63,63,63,164,164,181,192,192,210,432,432,356,356,379,379,432,447,233,243,243,243,243],"floor_reached":50,"language":"ENG","playtime":1756,"items_purged":[],"score":715,"play_id":"0bd621ee-ac69-4ae4-b844-4b6b5cc33c8b","local_time":"20210221200521","is_ascension_mode":true,"campfire_choices":[{"floor":12,"key":"REST"},{"data":"Apotheosis","floor":15,"key":"SMITH"},{"floor":23,"key":"REST"},{"floor":27,"key":"RECALL"},{"floor":32,"key":"REST"},{"floor":40,"key":"REST"},{"floor":42,"key":"REST"},{"data":"Demon Form","floor":44,"key":"SMITH"},{"floor":49,"key":"REST"}],"circlet_count":0,"master_deck":["Strike_R+1","Strike_R+1","Strike_R+1","Strike_R+1","Strike_R+1","Defend_R+1","Defend_R+1","Defend_R+1","Defend_R+1","Bash+1","Thunderclap","Flame Barrier","Anger","Apotheosis+1","Flex","Shrug It Off","Spot Weakness","Searing Blow","Power Through","Feed","Iron Wave","Pommel Strike+1","Armaments","Uppercut","Anger","Inflame","Demon Form+1","Flex","Rampage","Shrug It Off+1","Heavy Blade","Pommel Strike+1","Infernal Blade","Cleave"],"relics":["Burning Blood","Shuriken","StrikeDummy","Whetstone","Mark of Pain","Red Mask","Kunai","Blue Candle","Happy Flower","SacredBark","PreservedInsect","Calipers","TheAbacus"],"acts_visited":["Exordium","TheCity","TheBeyond"],"potions_floor_usage":[16,19,36,45,50,50,50],"damage_taken":[{"damage":14.0,"enemies":"Cultist","floor":1.0,"turns":5.0},{"damage":0.0,"enemies":"2 Louse","floor":3.0,"turns":2.0},{"damage":0.0,"enemies":"Small Slimes","floor":4.0,"turns":5.0},{"damage":20.0,"enemies":"3 Sentries","floor":6.0,"turns":9.0},{"damage":28.0,"enemies":"Lagavulin","floor":8.0,"turns":8.0},{"damage":17,"enemies":"Gremlin Nob","floor":10,"turns":4},{"damage":11,"enemies":"Red Slaver","floor":14,"turns":3},{"damage":41,"enemies":"Slime Boss","floor":16,"turns":11},{"damage":1,"enemies":"3 Byrds","floor":18,"turns":3},{"damage":32,"enemies":"Masked Bandits","floor":19,"turns":6},{"damage":17,"enemies":"Shell Parasite","floor":22,"turns":4},{"damage":0,"enemies":"Cultist and Chosen","floor":24,"turns":4},{"damage":24,"enemies":"Book of Stabbing","floor":25,"turns":5},{"damage":2,"enemies":"Chosen and Byrds","floor":30,"turns":7},{"damage":65,"enemies":"Automaton","floor":33,"turns":8},{"damage":31,"enemies":"3 Shapes","floor":35,"turns":7},{"damage":41,"enemies":"3 Darklings","floor":36,"turns":4},{"damage":28,"enemies":"Spire Growth","floor":38,"turns":5},{"damage":50,"enemies":"2 Orb Walkers","floor":45,"turns":6},{"damage":19,"enemies":"Maw","floor":46,"turns":7},{"damage":42,"enemies":"Jaw Worm Horde","floor":48,"turns":5},{"damage":103,"enemies":"Awakened One","floor":50,"turns":9}],"seed_played":"7323498972564988642","potions_obtained":[{"floor":3.0,"key":"Explosive Potion"},{"floor":6.0,"key":"LiquidMemories"},{"floor":10,"key":"ElixirPotion"},{"floor":16,"key":"AttackPotion"},{"floor":19,"key":"Energy Potion"},{"floor":22,"key":"Ancient Potion"},{"floor":30,"key":"Strength Potion"},{"floor":38,"key":"LiquidBronze"},{"floor":45,"key":"Energy Potion"},{"floor":48,"key":"Regen Potion"}],"is_trial":false,"path_per_floor":["M","$","M","M","$","E","?","E","T","E","$","R","?","M","R","B",null,"M","?","?","$","M","R","M","E","T","R","$","?","M","$","R","B",null,"M","M","?","M","?","R","$","R","T","R","?","M","$","M","R","B"],"character_chosen":"IRONCLAD","items_purchased":["Apotheosis","Flex","Searing Blow","FairyPotion","Happy Flower","Heavy Blade","Block Potion","Infernal Blade","TheAbacus"],"campfire_rested":6,"item_purchase_floors":[5,5,11,21,28,41,41,47,47],"current_hp_per_floor":[64,64,70,76,76,62,62,40,40,29,29,53,58,53,53,18,65,70,48,48,48,37,62,68,54,54,54,54,54,61,61,88,33,80,59,28,28,67,67,97,97,103,103,103,59,46,46,10,40,0,0],"gold":243,"neow_bonus":"HUNDRED_GOLD","is_daily":false,"chose_seed":false,"campfire_upgraded":2,"win_rate":0.0,"timestamp":1613955921,"path_taken":["M","?","M","M","$","E","?","E","T","E","$","R","?","M","R","BOSS","M","?","?","$","M","R","M","E","T","R","$","?","M","?","R","BOSS","M","M","?","?","?","R","$","R","T","R","?","M","$","M","R","BOSS"],"items_purchased_type":["Card","Card","Card","Potion","Relic","Card","Potion","Card","Relic"],"build_version":"2020-12-22","purchased_purges":0,"victory":false,"max_hp_per_floor":[80,80,80,80,80,80,80,80,80,80,80,80,80,80,80,80,80,80,84,84,84,84,84,84,88,88,88,88,88,91,91,91,95,95,99,103,103,103,103,103,103,103,103,103,103,103,103,103,103,103,103],"relic_stats":{"TheAbacus":[6],"Happy Flower":[19],"counters":[22,127],"Shuriken":[30],"Blue Candle":[0],"PreservedInsect":0,"Whetstone":["Strike_R","Bash"],"Kunai":[19],"obtain_stats":[{"Calipers":45,"Happy Flower":28,"Blue Candle":26,"SacredBark":34,"PreservedInsect":43,"Whetstone":10,"Burning Blood":0,"TheAbacus":47,"Shuriken":6,"Mark of Pain":17,"Red Mask":19,"Kunai":25,"StrikeDummy":8},{"Calipers":19,"Happy Flower":13,"Blue Candle":13,"SacredBark":15,"PreservedInsect":18,"Whetstone":6,"Burning Blood":0,"TheAbacus":20,"Shuriken":4,"Mark of Pain":8,"Red Mask":10,"Kunai":13,"StrikeDummy":5},{"Calipers":106,"Happy Flower":69,"Blue Candle":69,"SacredBark":84,"PreservedInsect":100,"Whetstone":33,"Burning Blood":0,"TheAbacus":113,"Shuriken":21,"Mark of Pain":47,"Red Mask":56,"Kunai":69,"StrikeDummy":29}],"Burning Blood":126},"card_choices":[{"not_picked":["Clash","Dropkick"],"picked":"Thunderclap","floor":1.0},{"not_picked":["Burning Pact","Wild Strike"],"picked":"Flame Barrier","floor":3.0},{"not_picked":["Bloodletting","Rage"],"picked":"Anger","floor":4.0},{"not_picked":["Perfected Strike","Whirlwind"],"picked":"Shrug It Off","floor":6.0},{"not_picked":["Uppercut","Inflame"],"picked":"Spot Weakness","floor":8.0},{"not_picked":["Fire Breathing","Perfected Strike"],"picked":"Clothesline","floor":10},{"not_picked":["Twin Strike","Cleave"],"picked":"Power Through","floor":14},{"not_picked":["Immolate","Double Tap"],"picked":"Feed","floor":16},{"not_picked":["Havoc+1","Power Through"],"picked":"Iron Wave","floor":18},{"not_picked":["Entrench","Blood for Blood+1"],"picked":"Pommel Strike+1","floor":19},{"not_picked":["Uppercut","Perfected Strike"],"picked":"Armaments","floor":22},{"not_picked":["Ghostly Armor","Body Slam"],"picked":"Uppercut","floor":24},{"not_picked":["Havoc","Warcry+1"],"picked":"Anger","floor":25},{"not_picked":["Headbutt","True Grit"],"picked":"Inflame","floor":30},{"not_picked":["Juggernaut","Exhume"],"picked":"Demon Form","floor":33},{"not_picked":["Reckless Charge+1","Hemokinesis+1"],"picked":"Flex","floor":35},{"not_picked":["Flex+1","Whirlwind+1"],"picked":"Rampage","floor":36},{"not_picked":["Perfected Strike+1","Second Wind"],"picked":"Shrug It Off+1","floor":38},{"not_picked":["Armaments","Flex+1"],"picked":"Pommel Strike+1","floor":46},{"not_picked":["Twin Strike","Havoc+1"],"picked":"Cleave","floor":48}],"player_experience":902118,"relics_obtained":[{"floor":6.0,"key":"Shuriken"},{"floor":8.0,"key":"StrikeDummy"},{"floor":10,"key":"Whetstone"},{"floor":19,"key":"Red Mask"},{"floor":25,"key":"Kunai"},{"floor":26,"key":"Blue Candle"},{"floor":43,"key":"PreservedInsect"},{"floor":45,"key":"Calipers"}],"event_choices":[{"damage_healed":0.0,"max_hp_gain":0.0,"max_hp_loss":0.0,"gold_gain":0.0,"event_name":"The Cleric","player_choice":"Leave","floor":7.0,"gold_loss":0.0,"damage_taken":0.0},{"cards_removed":["Clothesline"],"damage_healed":5,"gold_gain":0,"player_choice":"Offered Common","damage_taken":0,"max_hp_gain":0,"max_hp_loss":0,"event_name":"Bonfire Elementals","floor":13,"gold_loss":0},{"cards_removed":["Clothesline"],"damage_healed":5,"gold_gain":0,"player_choice":"Offered Special","damage_taken":0,"max_hp_gain":0,"max_hp_loss":0,"event_name":"Bonfire Elementals","floor":13,"gold_loss":0},{"damage_healed":0,"gold_gain":0,"player_choice":"Fought Bandits","damage_taken":0,"max_hp_gain":0,"max_hp_loss":0,"event_name":"Masked Bandits","floor":19,"gold_loss":0},{"damage_healed":0,"gold_gain":0,"player_choice":"Simplicity","damage_taken":0,"max_hp_gain":0,"max_hp_loss":0,"event_name":"Back to Basics","floor":20,"gold_loss":0,"cards_upgraded":["Strike_R","Strike_R","Strike_R","Strike_R","Defend_R","Defend_R","Defend_R","Defend_R"]},{"damage_healed":0,"gold_gain":0,"player_choice":"Ignored","damage_taken":0,"max_hp_gain":0,"max_hp_loss":0,"event_name":"Vampires","floor":29,"gold_loss":0},{"damage_healed":0,"gold_gain":0,"player_choice":"Ignored","damage_taken":0,"max_hp_gain":0,"max_hp_loss":0,"event_name":"SecretPortal","floor":37,"gold_loss":0},{"damage_healed":0,"gold_gain":222,"player_choice":"Wore Mask","damage_taken":0,"max_hp_gain":0,"max_hp_loss":0,"event_name":"Tomb of Lord Red Mask","floor":39,"gold_loss":0},{"damage_healed":0,"gold_gain":0,"player_choice":"Fight","damage_taken":0,"max_hp_gain":0,"max_hp_loss":0,"event_name":"Mysterious Sphere","floor":45,"gold_loss":0}],"is_beta":false,"boss_relics":[{"not_picked":["Busted Crown","Ectoplasm"],"picked":"Mark of Pain"},{"not_picked":["Cursed Key","Pandora\u0027s Box"],"picked":"SacredBark"}],"items_purged_floors":[],"is_endless":false,"potions_floor_spawned":[3,6,10,16,19,22,30,38,45,48],"killed_by":"Awakened One","ascension_level":9}}