{"host":"2l3i55whvwk76mom","time":1613965889,"event":{"mods":["BaseMod","Googly Eyes","Hubris","Minty Spire (QoL Compilation)","Replay The Spire","StSLib"],"gold_per_floor":[212,212,212,226,238,238,238,268,268,298,310,323,225,238,238,341,341,355,71,84,96,96,96,125,50,50,50,50,50],"floor_reached":28,"language":"ENG","playtime":944,"items_purged":["ReplayTheSpireMod:Corrosion Curse+1","Strike_R"],"score":421,"play_id":"ce781db6-d0d4-4237-96ca-bf8121d7151f","local_time":"20210221195129","is_ascension_mode":true,"campfire_choices":[{"data":"Whirlwind","floor":6,"key":"SMITH"},{"data":"Combust","floor":15,"key":"SMITH"},{"data":"Armaments","floor":23,"key":"SMITH"}],"circlet_count":0,"master_deck":["Defend_R","Defend_R","Defend_R","Defend_R","Bash+1","Whirlwind+1","Second Wind","Rampage","Thunderclap","Inflame","True Grit","Combust+1","Double Tap","Sword Boomerang+1","Flame Barrier","Armaments+1","Flame Barrier+1","J.A.X.","Juggernaut","Inflame","Bite","Bite","Bite","Bite","Bite"],"relics":["Burning Blood","hubris:SphereOfDissonance","hubris:MysteriousPyramids","hubris:SlimyHat","hubris:CrackedHourglass","Lee\u0027s Waffle","Bottled Flame"],"acts_visited":["Exordium","TheCity"],"potions_floor_usage":[8,10,11,16,16,16,19,24],"damage_taken":[{"damage":9,"enemies":"Jaw Worm","floor":1,"turns":6},{"damage":11,"enemies":"Cultist","floor":4,"turns":4},{"damage":11,"enemies":"Small Slimes","floor":5,"turns":4},{"damage":25,"enemies":"Lagavulin","floor":8,"turns":6},{"damage":0,"enemies":"Gremlin Nob","floor":10,"turns":3},{"damage":21,"enemies":"Exordium Thugs","floor":11,"turns":4},{"damage":0,"enemies":"3 Louse","floor":12,"turns":1},{"damage":1,"enemies":"2 Fungi Beasts","floor":14,"turns":3},{"damage":29,"enemies":"Hexaghost","floor":16,"turns":7},{"damage":19,"enemies":"Spheric Guardian","floor":18,"turns":4},{"damage":21,"enemies":"2 Thieves","floor":20,"turns":3},{"damage":10,"enemies":"Snecko","floor":21,"turns":4},{"damage":32,"enemies":"Book of Stabbing","floor":24,"turns":6},{"damage":74,"enemies":"Gremlin Leader","floor":28,"turns":7}],"seed_played":"-1436101805387976069","potions_obtained":[{"floor":1,"key":"Cursed Concoction"},{"floor":4,"key":"Explosive Potion"},{"floor":10,"key":"BloodPotion"},{"floor":11,"key":"Languid Potion"},{"floor":12,"key":"Toxic Potion"},{"floor":14,"key":"Strength Potion"},{"floor":18,"key":"Fruit Juice"},{"floor":21,"key":"Block Potion"}],"is_trial":false,"path_per_floor":["M","?","$","M","M","R","?","E","T","E","M","M","$","M","R","B",null,"M","$","M","M","?","R","E","$","T","?","E"],"character_chosen":"IRONCLAD","items_purchased":["True Grit","Lee\u0027s Waffle","Flame Barrier","Inflame"],"campfire_rested":0,"item_purchase_floors":[13,19,19,25],"current_hp_per_floor":[69,69,69,64,59,59,59,40,40,46,47,53,53,58,58,35,69,56,92,77,73,73,73,47,47,47,47,0,0],"gold":50,"neow_bonus":"HUNDRED_GOLD","is_daily":false,"chose_seed":false,"campfire_upgraded":3,"win_rate":0.0,"timestamp":1613965889,"path_taken":["M","?","?","M","?","R","?","E","T","E","M","M","$","M","R","BOSS","M","$","M","M","?","R","E","$","T","?","E"],"items_purchased_type":["Card","Relic","Card","Card"],"build_version":"2020-12-22","purchased_purges":2,"victory":false,"max_hp_per_floor":[80,80,80,80,80,80,80,80,80,80,80,80,80,80,80,80,80,80,92,92,92,92,92,92,92,92,64,64,64],"card_choices":[{"not_picked":["Dual Wield","Thunderclap"],"picked":"ReplayTheSpireMod:Corrosion Curse","floor":1},{"not_picked":["Entrench","Iron Wave"],"picked":"Whirlwind","floor":4},{"not_picked":["ReplayTheSpireMod:Corrosion Curse","Anger"],"picked":"Second Wind","floor":5},{"not_picked":["Sword Boomerang","hubris:ReadiedAction"],"picked":"Rampage","floor":8},{"not_picked":["hubris:StunningStrike","Perfected Strike"],"picked":"Thunderclap","floor":10},{"not_picked":["Sword Boomerang","Shockwave"],"picked":"Inflame","floor":11},{"not_picked":["Thunderclap","Wild Strike","Corruption"],"picked":"SKIP","floor":12},{"not_picked":["Ghostly Armor","Dual Wield"],"picked":"Combust","floor":14},{"not_picked":["Exhume","Demonic Infusion"],"picked":"Double Tap","floor":16},{"not_picked":["Cleave","Warcry"],"picked":"Sword Boomerang+1","floor":18},{"not_picked":["ReplayTheSpireMod:Corrosion Curse","Shrug It Off+1"],"picked":"Armaments","floor":20},{"not_picked":["Sword Boomerang+1","Headbutt+1"],"picked":"Flame Barrier+1","floor":21},{"not_picked":["Thunderclap","Heavy Blade"],"picked":"Juggernaut","floor":24}],"player_experience":388078,"relics_obtained":[{"floor":8,"key":"hubris:SphereOfDissonance"},{"floor":9,"key":"hubris:MysteriousPyramids"},{"floor":10,"key":"hubris:SlimyHat"},{"floor":24,"key":"Bottled Flame"}],"event_choices":[{"damage_healed":0,"gold_gain":0,"player_choice":"Upgraded","damage_taken":0,"max_hp_gain":0,"max_hp_loss":0,"event_name":"Upgrade Shrine","floor":2,"gold_loss":0,"cards_upgraded":["Bash"]},{"damage_healed":0,"gold_gain":0,"player_choice":"Forge","damage_taken":0,"max_hp_gain":0,"max_hp_loss":0,"event_name":"Accursed Blacksmith","floor":7,"gold_loss":0,"cards_upgraded":["ReplayTheSpireMod:Corrosion Curse"]},{"damage_healed":0,"gold_gain":0,"player_choice":"Obtain J.A.X.","damage_taken":0,"max_hp_gain":0,"max_hp_loss":0,"event_name":"Drug Dealer","floor":22,"gold_loss":0,"cards_obtained":["J.A.X."]},{"damage_healed":0,"gold_gain":0,"player_choice":"Became a vampire","damage_taken":0,"max_hp_gain":0,"max_hp_loss":28,"event_name":"Vampires","floor":27,"gold_loss":0,"cards_obtained":["Bite","Bite","Bite","Bite","Bite"]}],"is_beta":false,"boss_relics":[{"not_picked":["hubris:RunicObelisk","Ectoplasm"],"picked":"hubris:CrackedHourglass"}],"items_purged_floors":[13,19],"is_endless":false,"potions_floor_spawned":[1,4,10,11,12,14,18,21],"killed_by":"Gremlin Leader","ascension_level":9}}