{"host":"37dk0reb6x0du8wx","time":1613997492,"event":{"mods":["BaseMod","Colored Map","DeckTracker","Minty Spire (QoL Compilation)","Quick Restart","StSLib"],"gold_per_floor":[112,112,126,126,126,126,156,202,202,237,35,50,50,64,64,169,169,184,201,201,213,236,266,266,266,266,279,279,279,295,311,311,416,416,426,480,529,529,529],"floor_reached":40,"language":"KOR","playtime":1170,"items_purged":["Strike_G"],"score":662,"play_id":"1b977730-665e-4172-970c-070fe278b3e0","local_time":"20210222213812","is_ascension_mode":false,"campfire_choices":[{"data":"Blade Dance","floor":6,"key":"SMITH"},{"data":"Accuracy","floor":13,"key":"SMITH"},{"data":"Cloak And Dagger","floor":15,"key":"SMITH"},{"data":"Blade Dance","floor":25,"key":"SMITH"},{"floor":29,"key":"REST"},{"floor":32,"key":"REST"}],"circlet_count":0,"master_deck":["Strike_G","Strike_G","Defend_G","Defend_G","Defend_G","Defend_G","Defend_G","Survivor","Neutralize","Accuracy+1","Blade Dance+1","Cloak And Dagger+1","Infinite Blades","Burst","CurseOfTheBell","Slice+1","Cloak And Dagger+1","Blade Dance+1","Regret","Corpse Explosion"],"relics":["Ring of the Snake","Snake Skull","Ginger","MealTicket","Sundial","Meat on the Bone","Ninja Scroll","Tiny Chest","Calling Bell","Blood Vial","Ornamental Fan","Lizard Tail","Art of War","Darkstone Periapt","Shuriken","Philosopher\u0027s Stone","Vajra","Thread and Needle"],"acts_visited":["Exordium","TheCity","TheBeyond"],"potions_floor_usage":[23,23,23,27,33],"damage_taken":[{"damage":0,"enemies":"Jaw Worm","floor":1,"turns":5},{"damage":1,"enemies":"Cultist","floor":3,"turns":5},{"damage":8,"enemies":"Lagavulin","floor":7,"turns":7},{"damage":22,"enemies":"Gremlin Nob","floor":10,"turns":5},{"damage":0,"enemies":"2 Louse","floor":12,"turns":1},{"damage":4,"enemies":"Blue Slaver","floor":14,"turns":3},{"damage":43,"enemies":"The Guardian","floor":16,"turns":10},{"damage":6,"enemies":"3 Byrds","floor":18,"turns":4},{"damage":0,"enemies":"2 Thieves","floor":19,"turns":2},{"damage":13,"enemies":"Snake Plant","floor":21,"turns":4},{"damage":30,"enemies":"Gremlin Leader","floor":23,"turns":5},{"damage":8,"enemies":"Snecko","floor":27,"turns":3},{"damage":11,"enemies":"Centurion and Healer","floor":30,"turns":2},{"damage":3,"enemies":"Cultist and Chosen","floor":31,"turns":3},{"damage":8,"enemies":"Champ","floor":33,"turns":6},{"damage":8,"enemies":"3 Shapes","floor":35,"turns":2},{"damage":24,"enemies":"2 Orb Walkers","floor":37,"turns":4},{"damage":38,"enemies":"Donu and Deca","floor":39,"turns":6}],"seed_played":"2919130611305974804","potions_obtained":[{"floor":10,"key":"SkillPotion"},{"floor":12,"key":"Block Potion"},{"floor":14,"key":"SneckoOil"},{"floor":23,"key":"LiquidBronze"},{"floor":27,"key":"Dexterity Potion"},{"floor":33,"key":"Energy Potion"}],"is_trial":false,"path_per_floor":["M","?","M","?","?","R","E","T","T","E","$","M","R","M","R","B",null,"M","M","?","M","T","E","?","R","T","M","?","R","M","M","R","B",null,"M","T","?","?","B",null],"character_chosen":"THE_SILENT","items_purchased":["Infinite Blades","Ninja Scroll","Tiny Chest"],"campfire_rested":2,"item_purchase_floors":[11,11,11],"current_hp_per_floor":[70,70,69,69,74,74,66,66,66,44,59,59,59,55,55,24,75,69,71,71,60,60,44,44,44,44,38,44,68,59,58,81,73,81,73,73,51,51,27],"gold":529,"neow_bonus":"RANDOM_COMMON_RELIC","is_daily":false,"chose_seed":false,"campfire_upgraded":4,"win_rate":0.0,"timestamp":1613997492,"path_taken":["M","?","?","?","?","R","E","?","T","E","$","?","R","M","R","BOSS","M","M","?","?","?","E","?","R","T","M","?","R","?","M","R","BOSS","M","?","?","?","BOSS"],"items_purchased_type":["Card","Relic","Relic"],"build_version":"2020-12-22","purchased_purges":1,"victory":true,"max_hp_per_floor":[70,70,70,70,75,75,75,75,75,75,75,75,75,75,75,75,75,75,75,75,75,75,75,75,75,75,75,81,81,81,81,81,81,81,81,81,81,81,81],"card_choices":[{"not_picked":["Underhanded Strike","Dagger Throw"],"picked":"Accuracy","floor":1},{"not_picked":["Flechettes","Footwork"],"picked":"Blade Dance","floor":3},{"not_picked":["Prepared","Dash"],"picked":"Cloak And Dagger","floor":7},{"not_picked":["Acrobatics","Dagger Spray","Escape Plan"],"picked":"SKIP","floor":10},{"not_picked":["Bane","Outmaneuver","Predator"],"picked":"SKIP","floor":12},{"not_picked":["Masterful Stab","Expertise","Endless Agony"],"picked":"SKIP","floor":14},{"not_picked":["Grand Finale","Unload"],"picked":"Burst","floor":16},{"not_picked":["Deadly Poison","Heel Hook","Endless Agony"],"picked":"SKIP","floor":18},{"not_picked":["Prepared","Crippling Poison+1","Flechettes+1"],"picked":"SKIP","floor":19},{"not_picked":["Dodge and Roll","Eviscerate"],"picked":"Slice+1","floor":21},{"not_picked":["Dagger Spray","Deflect+1"],"picked":"Cloak And Dagger+1","floor":23},{"not_picked":["Slice+1","Distraction","Blur+1"],"picked":"SKIP","floor":27},{"not_picked":["Dagger Throw","Quick Slash","Reflex"],"picked":"SKIP","floor":30},{"not_picked":["Outmaneuver","Noxious Fumes","Backstab"],"picked":"SKIP","floor":31},{"not_picked":["Die Die Die","Wraith Form v2"],"picked":"Corpse Explosion","floor":33},{"not_picked":["Infinite Blades","Calculated Gamble+1","Prepared+1"],"picked":"SKIP","floor":35}],"player_experience":235046,"relics_obtained":[{"floor":7,"key":"Ginger"},{"floor":8,"key":"MealTicket"},{"floor":9,"key":"Sundial"},{"floor":10,"key":"Meat on the Bone"},{"floor":17,"key":"Blood Vial"},{"floor":17,"key":"Ornamental Fan"},{"floor":17,"key":"Lizard Tail"},{"floor":22,"key":"Art of War"},{"floor":23,"key":"Darkstone Periapt"},{"floor":26,"key":"Shuriken"},{"floor":36,"key":"Vajra"},{"floor":37,"key":"Thread and Needle"}],"event_choices":[{"cards_removed":["Strike_G"],"damage_healed":0,"gold_gain":0,"player_choice":"Offered Basic","damage_taken":0,"max_hp_gain":0,"max_hp_loss":0,"event_name":"Bonfire Elementals","floor":2,"gold_loss":0},{"cards_removed":["Strike_G"],"damage_healed":0,"gold_gain":0,"player_choice":"Forget","damage_taken":0,"max_hp_gain":0,"max_hp_loss":0,"event_name":"Living Wall","floor":4,"gold_loss":0},{"damage_healed":0,"gold_gain":0,"player_choice":"Donut","damage_taken":0,"max_hp_gain":5,"max_hp_loss":0,"event_name":"Big Fish","floor":5,"gold_loss":0},{"damage_healed":0,"gold_gain":0,"player_choice":"Cursed","damage_taken":0,"max_hp_gain":0,"max_hp_loss":0,"event_name":"Wheel of Change","floor":20,"gold_loss":0,"cards_obtained":["Decay"]},{"damage_healed":0,"gold_gain":0,"player_choice":"Read","damage_taken":0,"max_hp_gain":0,"max_hp_loss":0,"event_name":"The Library","floor":24,"gold_loss":0,"cards_obtained":["Blade Dance"]},{"damage_healed":0,"gold_gain":0,"cards_transformed":["Decay"],"player_choice":"Transformed","damage_taken":0,"max_hp_gain":0,"max_hp_loss":0,"event_name":"Transmorgrifier","floor":28,"gold_loss":0,"cards_obtained":["Regret"]},{"damage_healed":0,"gold_gain":0,"player_choice":"Fight","damage_taken":0,"max_hp_gain":0,"max_hp_loss":0,"event_name":"Mysterious Sphere","floor":37,"gold_loss":0},{"damage_healed":0,"gold_gain":0,"player_choice":"Took Portal","damage_taken":0,"max_hp_gain":0,"max_hp_loss":0,"event_name":"SecretPortal","floor":38,"gold_loss":0}],"is_beta":false,"boss_relics":[{"not_picked":["Ring of the Serpent","Tiny House"],"picked":"Calling Bell"},{"not_picked":["Cursed Key","HoveringKite"],"picked":"Philosopher\u0027s Stone"}],"items_purged_floors":[11],"is_endless":false,"potions_floor_spawned":[10,12,14,16,18,23,27,33],"ascension_level":0}}