{"host":"0awa854l6bexpjrv","time":1613970988,"event":{"mods":["BaseMod","Block Reminder","Colored Map","Colored Powertips","Downfall","Highlight Path","Minty Spire (QoL Compilation)","Quick Restart","Rare Cards Sparkle","StSLib","SuperFastMode"],"gold_per_floor":[116,15,33,49,49,49,59,59,59,59,85,100,100,100,100,199,199,211,37,37,51,51,51,76,76,76,2,19,19,30,30,30],"floor_reached":31,"language":"ENG","playtime":1880,"items_purged":["Strike_G","Strike_G"],"score":291,"play_id":"db2e610d-8146-4513-bb87-ef17fdc83ecf","local_time":"20210221211628","is_ascension_mode":true,"campfire_choices":[{"data":"Storm of Steel","floor":6.0,"key":"SMITH"},{"floor":8.0,"key":"REST"},{"data":"Leg Sweep","floor":10.0,"key":"SMITH"},{"data":"Storm of Steel","floor":15.0,"key":"SMITH"},{"floor":23,"key":"REST"},{"floor":29,"key":"REST"}],"circlet_count":0,"master_deck":["Strike_G+1","Strike_G+1","Strike_G+1","Defend_G+1","Defend_G+1","Defend_G+1","Defend_G+1","Defend_G+1","Survivor","Neutralize","Storm of Steel+1","Cloak And Dagger","Dagger Throw","Leg Sweep+1","Backflip","Riddle With Holes","Storm of Steel+1","Prepared","Corpse Explosion","Caltrops+1","Noxious Fumes","Outmaneuver+1","downfall:Bewildered","All Out Attack","Footwork","Blade Dance","Blade Dance"],"relics":["Ring of the Snake","Mummified Hand","Torii","Sozu","sneckomod:BabySnecko","Question Card","Bottled Flame"],"acts_visited":["Exordium","TheCity"],"potions_floor_usage":[21],"damage_taken":[{"damage":8.0,"enemies":"Small Slimes","floor":1.0,"turns":4.0},{"damage":0.0,"enemies":"2 Louse","floor":3.0,"turns":3.0},{"damage":0.0,"enemies":"Jaw Worm","floor":4.0,"turns":5.0},{"damage":2.0,"enemies":"Blue Slaver","floor":7.0,"turns":4.0},{"damage":14.0,"enemies":"Lagavulin","floor":11.0,"turns":9.0},{"damage":1.0,"enemies":"Exordium Wildlife","floor":12.0,"turns":2.0},{"damage":29.0,"enemies":"The Guardian","floor":16.0,"turns":19.0},{"damage":24.0,"enemies":"Spheric Guardian","floor":18.0,"turns":6.0},{"damage":12,"enemies":"2 Thieves","floor":21,"turns":3},{"damage":7,"enemies":"Book of Stabbing","floor":24,"turns":6},{"damage":24,"enemies":"Sentry and Sphere","floor":28,"turns":6},{"damage":1,"enemies":"Cultist and Chosen","floor":30,"turns":4},{"damage":32,"enemies":"Shelled Parasite and Fungi","floor":31,"turns":4}],"seed_played":"4896777598877757217","potions_obtained":[{"floor":1.0,"key":"AttackPotion"},{"floor":11.0,"key":"Block Potion"},{"floor":16.0,"key":"Poison Potion"}],"is_trial":false,"path_per_floor":["M","$","M","M","$","R","M","R","T","R","E","M","?","?","R","B",null,"M","$","?","M","?","R","E","?","T","$","M","R","M","M"],"character_chosen":"THE_SILENT","items_purchased":["Dagger Throw","Noxious Fumes","Footwork"],"campfire_rested":3,"item_purchase_floors":[2,19,27],"current_hp_per_floor":[41,41,41,41,41,41,39,60,60,60,46,45,45,68,68,39,70,46,46,46,34,34,55,48,48,48,48,24,45,44,12,12],"gold":30,"neow_bonus":"THREE_RARE_CARDS","is_daily":false,"chose_seed":false,"campfire_upgraded":3,"win_rate":0.0,"timestamp":1613970988,"path_taken":["M","$","M","M","$","R","M","R","T","R","E","M","?","?","R","BOSS","M","$","?","M","?","R","E","?","T","?","M","R","?","M"],"items_purchased_type":["Card","Card","Card"],"build_version":"2020-12-22","purchased_purges":2,"victory":false,"max_hp_per_floor":[70,70,70,70,70,70,70,70,70,70,70,70,70,70,70,70,70,70,70,70,70,70,70,70,70,70,70,70,70,70,70,70],"card_choices":[{"not_picked":["Burst","Unload"],"picked":"Storm of Steel","floor":0.0},{"not_picked":["Underhanded Strike","Backstab"],"picked":"Cloak And Dagger","floor":1.0},{"not_picked":["Deadly Poison","Predator"],"picked":"Leg Sweep","floor":3.0},{"not_picked":["Dagger Throw","Quick Slash"],"picked":"Backflip","floor":4.0},{"not_picked":["Bane","Sucker Punch"],"picked":"Riddle With Holes","floor":7.0},{"not_picked":["Quick Slash","Underhanded Strike"],"picked":"Storm of Steel","floor":11.0},{"not_picked":["Deflect","Bane"],"picked":"Prepared","floor":12.0},{"not_picked":["Night Terror","Doppelganger"],"picked":"Corpse Explosion","floor":16.0},{"not_picked":["Deflect+1","All Out Attack"],"picked":"Caltrops+1","floor":18.0},{"not_picked":["Finisher","Sucker Punch"],"picked":"Outmaneuver+1","floor":21},{"not_picked":["Grand Finale","Backstab"],"picked":"All Out Attack","floor":24},{"not_picked":["Cloak And Dagger+1","Dash","Masterful Stab"],"picked":"Blade Dance","floor":28},{"not_picked":["Poisoned Stab+1","Underhanded Strike","Quick Slash"],"picked":"Blade Dance","floor":30}],"player_experience":801565,"relics_obtained":[{"floor":9.0,"key":"Mummified Hand"},{"floor":11.0,"key":"Torii"},{"floor":24,"key":"Question Card"},{"floor":26,"key":"Bottled Flame"}],"event_choices":[{"damage_healed":0.0,"max_hp_gain":0.0,"max_hp_loss":0.0,"gold_gain":0.0,"event_name":"Liars Game","player_choice":"Ignored","floor":13.0,"gold_loss":0.0,"damage_taken":0.0},{"damage_healed":23.0,"max_hp_gain":0.0,"max_hp_loss":0.0,"gold_gain":0.0,"event_name":"Big Fish","player_choice":"Banana","floor":14.0,"gold_loss":0.0,"damage_taken":0.0},{"damage_healed":0,"gold_gain":0,"player_choice":"Simplicity","damage_taken":0,"max_hp_gain":0,"max_hp_loss":0,"event_name":"Back to Basics","floor":25,"gold_loss":0,"cards_upgraded":["Strike_G","Strike_G","Strike_G","Defend_G","Defend_G","Defend_G","Defend_G","Defend_G"]}],"is_beta":false,"boss_relics":[{"not_picked":["Runic Dome","SacredBark"],"picked":"Sozu"}],"items_purged_floors":[2,19],"is_endless":false,"potions_floor_spawned":[1,11,16,21,28],"killed_by":"Shelled Parasite and Fungi","ascension_level":3}}