{"host":"3zmssa4s99zhxek5","time":1613983562,"event":{"mods":["AchievementEnabler","BaseMod","Minty Spire (QoL Compilation)","Permanent Neow","Relic Stats"],"gold_per_floor":[115,129,146,146,158,158,158,189,189,206,221,221,251,266,266,266,266],"floor_reached":16,"language":"KOR","playtime":777,"items_purged":[],"score":278,"play_id":"624be24f-2df5-47db-815b-adca97e6dec2","local_time":"20210222174602","is_ascension_mode":true,"campfire_choices":[{"data":"Go for the Eyes","floor":6,"key":"SMITH"},{"data":"Buffer","floor":12,"key":"SMITH"},{"data":"Beam Cell","floor":15,"key":"SMITH"}],"circlet_count":0,"master_deck":["AscendersBane","Strike_B","Strike_B","Strike_B","Strike_B+1","Defend_B","Defend_B","Defend_B","Defend_B","Zap","Dualcast","Conserve Battery","Scrape+1","Go for the Eyes+1","Rebound","Buffer+1","Glacier","Steam","Buffer","Beam Cell+1"],"relics":["SlaversCollar","FossilizedHelix","Sundial","TungstenRod","Whetstone"],"acts_visited":["Exordium"],"potions_floor_usage":[5],"damage_taken":[{"damage":3.0,"enemies":"2 Louse","floor":1.0,"turns":3.0},{"damage":13,"enemies":"Small Slimes","floor":2,"turns":5},{"damage":0,"enemies":"Cultist","floor":3,"turns":4},{"damage":0,"enemies":"Gremlin Gang","floor":5,"turns":3},{"damage":14,"enemies":"Gremlin Nob","floor":8,"turns":4},{"damage":0,"enemies":"Red Slaver","floor":10,"turns":5},{"damage":0,"enemies":"Looter","floor":11,"turns":3},{"damage":0,"enemies":"Lagavulin","floor":13,"turns":11},{"damage":0,"enemies":"3 Louse","floor":14,"turns":5},{"damage":25,"enemies":"Slime Boss","floor":16,"turns":9}],"seed_played":"7286067964548636410","potions_obtained":[{"floor":1.0,"key":"Fire Potion"},{"floor":10,"key":"Ancient Potion"},{"floor":11,"key":"FocusPotion"},{"floor":14,"key":"FearPotion"}],"is_trial":false,"path_per_floor":["M","M","M","?","M","R","?","E","T","M","M","R","E","M","R","B"],"character_chosen":"DEFECT","items_purchased":[],"campfire_rested":0,"item_purchase_floors":[],"current_hp_per_floor":[61,48,48,30,30,30,30,16,16,16,16,16,16,16,16,0,0],"gold":266,"neow_bonus":"BOSS_RELIC","is_daily":false,"chose_seed":false,"campfire_upgraded":3,"win_rate":0.0,"timestamp":1613983562,"path_taken":["M","M","M","?","M","R","?","E","T","M","?","R","E","?","R","BOSS"],"items_purchased_type":[],"build_version":"2020-12-22","purchased_purges":0,"victory":false,"max_hp_per_floor":[71,71,71,71,71,71,71,71,71,71,71,71,71,71,71,71,71],"relic_stats":{"counters":[10,52],"Sundial":[6],"Whetstone":["Scrape","Strike_B"],"obtain_stats":[{"SlaversCollar":0,"Sundial":8,"Whetstone":13,"Cracked Core":0,"FossilizedHelix":4,"TungstenRod":9},{"SlaversCollar":0,"Sundial":5,"Whetstone":8,"Cracked Core":0,"FossilizedHelix":3,"TungstenRod":5},{"SlaversCollar":0,"Sundial":19,"Whetstone":38,"Cracked Core":0,"FossilizedHelix":12,"TungstenRod":19}],"TungstenRod":3},"card_choices":[{"not_picked":["Lockon","Go for the Eyes"],"picked":"Conserve Battery","floor":1.0},{"not_picked":["Stack","Compile Driver"],"picked":"Scrape","floor":2},{"not_picked":["Coolheaded","Rebound"],"picked":"Go for the Eyes","floor":3},{"not_picked":["Reinforced Body","Turbo"],"picked":"Rebound","floor":5},{"not_picked":["Auto Shields","Barrage"],"picked":"Glacier","floor":8},{"not_picked":["Coolheaded","Rebound"],"picked":"Steam","floor":10},{"not_picked":["Beam Cell","Static Discharge"],"picked":"Buffer","floor":11},{"not_picked":["Barrage","Cold Snap","Reinforced Body"],"picked":"SKIP","floor":13},{"not_picked":["Doom and Gloom","Sunder"],"picked":"Beam Cell","floor":14}],"player_experience":1677221,"relics_obtained":[{"floor":8,"key":"Sundial"},{"floor":9,"key":"TungstenRod"},{"floor":13,"key":"Whetstone"}],"event_choices":[{"damage_healed":0,"gold_gain":0,"player_choice":"Success","damage_taken":18,"relics_obtained":["FossilizedHelix"],"max_hp_gain":0,"max_hp_loss":0,"event_name":"Scrap Ooze","floor":4,"gold_loss":0},{"damage_healed":0,"gold_gain":0,"player_choice":"1 cards matched","damage_taken":0,"max_hp_gain":0,"max_hp_loss":0,"event_name":"Match and Keep!","floor":7,"gold_loss":0,"cards_obtained":["Buffer"]}],"is_beta":false,"boss_relics":[],"items_purged_floors":[],"is_endless":false,"potions_floor_spawned":[1,10,11,14],"killed_by":"Slime Boss","ascension_level":20}}