{"host":"d73an99q9oevilk5","time":1613983809,"event":{"mods":["2.2 Compatiblity","AchievementEnabler","Act Like it!","Aspiration","BaseMod","Beaked The Cultist","Better Third Choice","BetterRewards","Colored Map","Colored Powertips","Conspire","Downfall","GifTheSpireLib","Halation","Hubris","Infinite Spire","Marisa????????","Mimic Mod","Minty Spire (QoL Compilation)","MostiFishMod","Quick Restart","Relic Sorter","Reliquary","Replay The Spire","Shop Mod","Spikes Relics","StSLib","Stuff the Spire","The Cursed","The Jungle","The Necromancer","The Saiyan","Waifu the Spire","egg","slay the spire mod where everything is the same but ironclad has a cowboy hat"],"gold_per_floor":[112,127,107,120,133,164,182,182,228,228,40,40,40,57,57,160,160,176,176,194,45,65,99,115,115,115,115,115,129,161,190,190,295,295,314,379,379,396,413,443,443,478,478,478,67,167,185,185,185,185],"floor_reached":51,"language":"ENG","playtime":1855,"items_purged":[],"score":1120,"play_id":"ce59fab4-0300-420f-ac3e-9b26fcf25af6","local_time":"20210222015009","is_ascension_mode":false,"campfire_choices":[{"data":"Summon_Undead_Army","floor":8.0,"key":"SMITH"},{"data":"Summon_Death_Knight","floor":10.0,"key":"SMITH"},{"data":"Bone_Armory","floor":12.0,"key":"SMITH"},{"data":"Summon_Undead","floor":15.0,"key":"SMITH"},{"data":"MostiFishMod:NightSea","floor":27.0,"key":"SMITH"},{"floor":32,"key":"REST"},{"data":"StuffTheSpire:Harmony","floor":41,"key":"SMITH"},{"data":"Detonate_Bones","floor":44,"key":"SMITH"}],"circlet_count":0,"master_deck":["Strike_W","Strike_W","Strike_W","Strike_W","Defend_W","Defend_W","Defend_W","Defend_W+1","Negative_Energy_Arrows","Bone_Wall","Blood_for_Blood","Summon_Undead+1","Summon_Death_Knight+1","Bone_Armor","Summon_Undead_Army+1","Bone_Armory+1","Detonate_Bones","Detonate_Bones+1","Summon_Death_Knight+1","MostiFishMod:Neptune","MostiFishMod:TheEndOfMoonlight","MostiFishMod:SparklingWater","MostiFishMod:FantasySummer","MostiFishMod:NightSea+1","conspire:Banana+1","Summon_Lich","Bone_Prison+1","Blood_Curse","Consume_Illness","Summon_Vampire_Lady","Bones_to_Steel+1","Finger_Of_Death+1","StuffTheSpire:Harmony+1"],"relics":["Vampire_Amulet","hubris:Icosahedron","DaveBox","SacredBark","hubris:CuriousFeather","FossilizedHelix","SynthV:TestCard","Replay:Baseball","MoonlightInvasionPlan","aspiration:Lifesprig","Mercury Hourglass","CaptainsWheel","Dream Catcher","DaCapo","Replay:Rubber Ducky","hubris:SphereOfDissonance","Chameleon Ring","Lee\u0027s Waffle"],"acts_visited":["Exordium","TheCity","TheBeyond"],"potions_floor_usage":[31,31,33,39,39,39,39,40,42,50,50],"damage_taken":[{"damage":0.0,"enemies":"Small Slimes","floor":1.0,"turns":3.0},{"damage":0.0,"enemies":"Cultist","floor":2.0,"turns":4.0},{"damage":0.0,"enemies":"2 Louse","floor":4.0,"turns":3.0},{"damage":9.0,"enemies":"Exordium Thugs","floor":5.0,"turns":6.0},{"damage":13.0,"enemies":"3 Sentries","floor":6.0,"turns":6.0},{"damage":0.0,"enemies":"Blue Slaver","floor":7.0,"turns":4.0},{"damage":0.0,"enemies":"Red Slaver","floor":14.0,"turns":3.0},{"damage":0.0,"enemies":"The Guardian","floor":16.0,"turns":8.0},{"damage":0.0,"enemies":"2 Thieves","floor":18.0,"turns":3.0},{"damage":14.0,"enemies":"3 Byrds","floor":20.0,"turns":3.0},{"damage":4.0,"enemies":"Snecko","floor":22.0,"turns":5.0},{"damage":41.0,"enemies":"Book of Stabbing","floor":23.0,"turns":8.0},{"damage":21.0,"enemies":"3 Cultists","floor":24.0,"turns":5.0},{"damage":0,"enemies":"Centurion and Healer","floor":29,"turns":3},{"damage":0,"enemies":"Snake Plant","floor":30,"turns":7},{"damage":13,"enemies":"Slavers","floor":31,"turns":3},{"damage":28,"enemies":"Automaton","floor":33,"turns":8},{"damage":0,"enemies":"Orb Walker","floor":35,"turns":4},{"damage":0,"enemies":"3 Shapes","floor":38,"turns":5},{"damage":20,"enemies":"Writhing Mass","floor":39,"turns":3},{"damage":0,"enemies":"Reptomancer","floor":40,"turns":8},{"damage":18,"enemies":"Giant Head","floor":42,"turns":9},{"damage":0,"enemies":"4 Shapes","floor":47,"turns":5},{"damage":0,"enemies":"conspire:OrnateMirror","floor":50,"turns":11}],"seed_played":"-4811678490238023931","potions_obtained":[{"floor":1.0,"key":"Regen Potion"},{"floor":3.0,"key":"Elixir"},{"floor":5.0,"key":"LiquidMemories"},{"floor":16.0,"key":"Adrenaline Potion"},{"floor":22.0,"key":"Slimebound:ThreeZeroPotion"},{"floor":29,"key":"Explosive Potion"},{"floor":31,"key":"BlessingOfTheForge"},{"floor":35,"key":"EntropicBrew"},{"floor":36,"key":"BlessingOfTheForge"},{"floor":36,"key":"champ:CounterPotion"},{"floor":40,"key":"sneckomod:MuddlingPotion"},{"floor":42,"key":"BlessingOfTheForge"},{"floor":49,"key":"FearPotion"},{"floor":49,"key":"Adrenaline Potion"}],"is_trial":false,"path_per_floor":["M","M","?","M","M","E","M","R","T","R","$","R","$","M","R","B",null,"M","?","M","$","M","E","M","?","T","R","?","M","MIM","E","R","B",null,"M","?","?","M","M","E","R","E","T","R","$","?","M","?","R","B",null],"character_chosen":"NECROMANCER","items_purchased":["hubris:CuriousFeather","Bone_Armory","Detonate_Bones","conspire:Banana","Summon_Lich","Chameleon Ring","Lee\u0027s Waffle"],"campfire_rested":1,"item_purchase_floors":[0,11,11,21,21,45,45],"current_hp_per_floor":[75,75,75,75,70,63,65,65,65,65,65,65,65,67,67,69,75,75,75,67,67,66,55,41,41,41,41,29,34,46,45,69,61,81,82,82,82,84,73,88,88,80,80,80,97,97,97,97,97,99],"gold":185,"neow_bonus":"","is_daily":false,"chose_seed":false,"campfire_upgraded":7,"win_rate":0.0,"timestamp":1613983809,"path_taken":["M","M","?","?","M","E","M","R","T","R","$","R","$","M","R","BOSS","M","?","M","$","M","E","?","?","T","R","?","?","?","E","R","BOSS","M","?","?","M","M","E","R","E","T","R","$","?","?","?","R","BOSS"],"items_purchased_type":["Relic","Card","Card","Card","Card","Relic","Relic"],"build_version":"2020-12-22","purchased_purges":0,"victory":true,"max_hp_per_floor":[75,75,75,75,75,75,75,75,75,75,75,75,75,75,75,75,75,75,75,75,75,76,77,78,78,78,78,78,79,80,80,80,81,81,82,82,82,84,86,88,88,90,90,90,97,97,97,97,97,99],"card_choices":[{"not_picked":["Spectral_Walk","Vampiric_Strike"],"picked":"Blood_for_Blood","floor":1.0},{"not_picked":["Toxic_Smoke_Screen","Stop_Heart","Blood_Curse","Death_March_Dance"],"picked":"Summon_Undead","floor":2.0},{"not_picked":["Negative_Energy_Mist","Bones_to_Steel","Necromantic_Selection","Blood_Is_Power","Death_Coil"],"picked":"SKIP","floor":4.0},{"not_picked":["Bone_Armor","Strike_from_Beyond","Shade_Step","Consume_Illness"],"picked":"Summon_Death_Knight","floor":5.0},{"not_picked":["Pandemic","Thousand_Bone_Knives","Death_March_Dance","Negative_Energy_Sphere"],"picked":"Bone_Armor","floor":6.0},{"not_picked":["Scare","Blood_Curse","Finger_Of_Death","Negative_Energy_Javelin"],"picked":"Summon_Undead_Army","floor":7.0},{"not_picked":["Uncharnel","Shackles_Of_Pain","Scare","Life_Tap","Negative_Energy_Burst"],"picked":"SKIP","floor":14.0},{"not_picked":["Grasp_Heart","Negative_Energy_Bomb","Hellfire","Blood_Wake"],"picked":"Summon_Death_Knight","floor":16.0},{"not_picked":["Deaths_Shadow","Death_Coil","Negative_Energy_Javelin+1","Consume_Illness","Blood_Whip"],"picked":"SKIP","floor":18.0},{"not_picked":["Bones_to_Steel","Whirlwind_of_Bones+1","Toxic_Smoke_Screen","Negative_Energy_Javelin","Blood_Whip"],"picked":"SKIP","floor":20.0},{"not_picked":["Bones_to_Steel","Whirlwind_of_Bones+1","Toxic_Smoke_Screen","Negative_Energy_Javelin","Blood_Whip"],"picked":"SKIP","floor":20.0},{"not_picked":["Consume_Illness","Epidemic","Blood_Curse","Finger_Of_Death","Negative_Energy_Burst"],"picked":"SKIP","floor":22.0},{"not_picked":["Deaths_Shadow","Death_Coil","Spectral_Armor","Finger_Of_Death"],"picked":"Bone_Prison+1","floor":23.0},{"not_picked":["Cloudkill","Negative_Energy_Sphere","Shackles_Of_Pain","Vampiric_Strike","Negative_Energy_Javelin"],"picked":"SKIP","floor":24.0},{"not_picked":["Thousand_Bone_Knives+1","Blood_Shield","Death_Coil+1","Negative_Energy_Javelin+1","Necromantic_Selection"],"picked":"SKIP","floor":29},{"not_picked":["Negative_Energy_Sphere","Grasp_Heart","Bone_Shift","Vampiric_Strike"],"picked":"Blood_Curse","floor":30},{"not_picked":["Toxic_Smoke_Screen+1","Negative_Energy_Javelin","Bone_Spikes+1","Death_Coil","Bone_Shift"],"picked":"SKIP","floor":31},{"not_picked":["Shade_Step","Negative_Energy_Bomb","Thousand_Bone_Knives","Negative_Energy_Mist"],"picked":"Consume_Illness","floor":32},{"not_picked":["Negative_Energy_Bomb","Cloudkill","Hellfire","Blood_Wake"],"picked":"Summon_Vampire_Lady","floor":33},{"not_picked":["Shackles_Of_Pain+1","Thousand_Bone_Knives","Negative_Energy_Shield+1","Exploit"],"picked":"Bones_to_Steel+1","floor":35},{"not_picked":["Negative_Energy_Shield+1","Necrotic_Claws","Bone_Armor","Negative_Energy_Sphere"],"picked":"Finger_Of_Death+1","floor":36},{"not_picked":["StuffTheSpire:Rapture","StuffTheSpire:BrainWave"],"picked":"StuffTheSpire:Harmony","floor":37},{"not_picked":["Strike_from_Beyond","Deaths_Shadow+1","Shade_Step+1","Negative_Energy_Bomb","Negative_Energy_Javelin"],"picked":"SKIP","floor":38},{"not_picked":["Spectral_Walk","Negative_Energy_Mist+1","Toxic_Smoke_Screen+1","Death_March_Dance","Finger_Of_Death"],"picked":"SKIP","floor":39},{"not_picked":["Requiem","Thousand_Bone_Knives","Consume_Illness","Shackles_Of_Pain","Life_Tap"],"picked":"SKIP","floor":40},{"not_picked":["Negative_Energy_Sphere+1","Exploit+1","Cloudkill","Violent_Necrosis","Pandemic+1"],"picked":"SKIP","floor":42},{"not_picked":["Blood_Curse+1","Death_March_Dance+1","Bone_Spikes","Blood_Is_Power","Finger_Of_Death+1"],"picked":"SKIP","floor":47}],"player_experience":1965685,"relics_obtained":[{"floor":1.0,"key":"SynthV:TestCard"},{"floor":9.0,"key":"Replay:Baseball"},{"floor":23.0,"key":"aspiration:Lifesprig"},{"floor":26.0,"key":"Mercury Hourglass"},{"floor":30,"key":"CaptainsWheel"},{"floor":31,"key":"Dream Catcher"},{"floor":36,"key":"War Paint"},{"floor":40,"key":"DaCapo"},{"floor":42,"key":"Replay:Rubber Ducky"},{"floor":43,"key":"hubris:SphereOfDissonance"}],"event_choices":[{"damage_healed":0.0,"max_hp_gain":0.0,"max_hp_loss":0.0,"gold_gain":0.0,"event_name":"The Woman in Blue","player_choice":"Bought 1 Potion","floor":3.0,"gold_loss":0.0,"damage_taken":0.0},{"damage_healed":0.0,"max_hp_gain":0.0,"max_hp_loss":0.0,"gold_gain":0.0,"event_name":"Upgrade Shrine","player_choice":"Upgraded","floor":19.0,"gold_loss":0.0,"damage_taken":0.0,"cards_upgraded":["Summon_Death_Knight"]},{"damage_healed":0,"gold_gain":0,"player_choice":"POTION ","damage_taken":12,"max_hp_gain":0,"max_hp_loss":0,"event_name":"Knowing Skull","floor":28,"potions_obtained":["PowerPotion"],"gold_loss":0,"cards_obtained":[]},{"damage_healed":0,"gold_gain":100,"player_choice":"Pray","damage_taken":0,"max_hp_gain":0,"max_hp_loss":0,"event_name":"Golden Shrine","floor":46,"gold_loss":0}],"is_beta":false,"boss_relics":[{"not_picked":["beaked:MawFillet","CosmicIsotope"],"picked":"MoonlightInvasionPlan"},{"not_picked":["reliquary:Ember","aspiration:RunicSpoon","hubris:BlackHole"]}],"items_purged_floors":[],"is_endless":false,"potions_floor_spawned":[1,5,14,16,18,22,29,31,35,40,42],"ascension_level":0}}