{"host":"hrvs05np4ys7itky","time":1613960182,"event":{"mods":["BaseMod","Colored Map","Colored Powertips","Downfall","Emptier Cage","Hermit","Highlight Path","Minty Spire (QoL Compilation)","Permanent Neow","Rare Cards Sparkle","Relic Stats","StSLib","everything is the same but u backflip on backflip"],"gold_per_floor":[114,131,141,158,176,176,208,208,235,235,255,255,255,287,287,360,360,375,391,441,441,459,459,459],"floor_reached":23,"language":"ENG","playtime":1609,"items_purged":[],"score":556,"play_id":"b3340913-09dc-41ca-96b7-7860dc3c52fc","local_time":"20210221211622","daily_mods":["SealedDeck","Vintage"],"is_ascension_mode":true,"campfire_choices":[{"data":"Body Slam","floor":6,"key":"SMITH"},{"data":"Armaments","floor":8,"key":"SMITH"},{"floor":10,"key":"RECALL"},{"data":"Metallicize","floor":15,"key":"SMITH"}],"circlet_count":0,"master_deck":["AscendersBane","Iron Wave+1","Iron Wave+1","Iron Wave","Dark Embrace","Evolve","Body Slam+1","Shrug It Off","Metallicize+1","Flame Barrier","Shrug It Off","Armaments+1","Berserk+1"],"relics":["Burning Blood","Bag of Preparation","Omamori","Toy Ornithopter","Peace Pipe","Art of War","bronze:DecasWashers","sneckomod:BlankCard","Oddly Smooth Stone","Frozen Egg 2","Runic Cube","Potion Belt","Bottled Lightning","Enchiridion","Girya"],"acts_visited":["Exordium","TheCity"],"potions_floor_usage":[16,16],"damage_taken":[{"damage":0,"enemies":"Small Slimes","floor":1,"turns":4},{"damage":0,"enemies":"Jaw Worm","floor":2,"turns":6},{"damage":0,"enemies":"2 Louse","floor":3,"turns":3},{"damage":3,"enemies":"2 Fungi Beasts","floor":4,"turns":4},{"damage":4,"enemies":"Large Slime","floor":5,"turns":11},{"damage":7,"enemies":"3 Sentries","floor":7,"turns":7},{"damage":0,"enemies":"Lots of Slimes","floor":11,"turns":4},{"damage":0,"enemies":"Lagavulin","floor":14,"turns":6},{"damage":0,"enemies":"The Guardian","floor":16,"turns":7},{"damage":0,"enemies":"Shell Parasite","floor":18,"turns":5},{"damage":0,"enemies":"Spheric Guardian","floor":19,"turns":4},{"damage":4,"enemies":"3 Cultists","floor":22,"turns":5},{"damage":39,"enemies":"Gremlin Leader","floor":23,"turns":8}],"seed_played":"4884090527732978533","potions_obtained":[{"floor":1,"key":"LiquidMemories"},{"floor":3,"key":"SkillPotion"}],"is_trial":true,"path_per_floor":["M","M","M","M","M","R","E","R","T","R","M","?","?","E","R","B",null,"M","M","?","?","M","E"],"character_chosen":"IRONCLAD","items_purchased":[],"campfire_rested":0,"item_purchase_floors":[],"current_hp_per_floor":[74,75,75,75,75,75,74,74,74,74,75,75,52,58,58,74,75,75,75,75,54,56,17,17],"gold":459,"neow_bonus":"","is_daily":false,"chose_seed":false,"campfire_upgraded":3,"win_rate":0.0,"timestamp":1613960182,"path_taken":["M","M","M","M","M","R","E","R","T","R","M","?","?","E","R","BOSS","M","M","?","?","M","E"],"items_purchased_type":[],"build_version":"2020-12-22","purchased_purges":0,"victory":false,"max_hp_per_floor":[75,75,75,75,75,75,75,75,75,75,75,75,75,75,75,75,75,75,75,75,75,75,75,75],"relic_stats":{"Peace Pipe":1,"counters":[13,74],"Bag of Preparation":[24],"Art of War":[8],"obtain_stats":[{"Potion Belt":18,"Girya":22,"bronze:DecasWashers":7,"sneckomod:BlankCard":11,"Oddly Smooth Stone":12,"Enchiridion":21,"Bag of Preparation":1,"Omamori":2,"Frozen Egg 2":14,"Burning Blood":0,"Peace Pipe":4,"Art of War":5,"Bottled Lightning":19,"Toy Ornithopter":3,"Runic Cube":17},{"Potion Belt":10,"Girya":12,"bronze:DecasWashers":6,"sneckomod:BlankCard":7,"Oddly Smooth Stone":7,"Enchiridion":11,"Bag of Preparation":1,"Omamori":2,"Frozen Egg 2":8,"Burning Blood":0,"Peace Pipe":4,"Art of War":5,"Bottled Lightning":11,"Toy Ornithopter":3,"Runic Cube":9},{"Potion Belt":57,"Girya":66,"bronze:DecasWashers":35,"sneckomod:BlankCard":39,"Oddly Smooth Stone":39,"Enchiridion":61,"Bag of Preparation":4,"Omamori":10,"Frozen Egg 2":45,"Burning Blood":0,"Peace Pipe":17,"Art of War":28,"Bottled Lightning":61,"Toy Ornithopter":13,"Runic Cube":52}],"Burning Blood":39,"Toy Ornithopter":10,"Runic Cube":[9]},"card_choices":[{"not_picked":["Intimidate","Thunderclap"],"picked":"Armaments","floor":7},{"not_picked":["Fiend Fire","Sentinel"],"picked":"Berserk+1","floor":14}],"player_experience":1128098,"relics_obtained":[{"floor":1,"key":"Bag of Preparation"},{"floor":2,"key":"Omamori"},{"floor":3,"key":"Toy Ornithopter"},{"floor":4,"key":"Peace Pipe"},{"floor":5,"key":"Art of War"},{"floor":7,"key":"bronze:DecasWashers"},{"floor":11,"key":"sneckomod:BlankCard"},{"floor":14,"key":"Frozen Egg 2"},{"floor":18,"key":"Potion Belt"},{"floor":19,"key":"Bottled Lightning"},{"floor":21,"key":"Enchiridion"},{"floor":22,"key":"Girya"}],"event_choices":[{"damage_healed":0,"gold_gain":0,"player_choice":"Box","damage_taken":0,"relics_obtained":["Oddly Smooth Stone"],"max_hp_gain":0,"max_hp_loss":0,"event_name":"Big Fish","floor":12,"gold_loss":0,"cards_obtained":["Regret"]},{"damage_healed":0,"gold_gain":0,"player_choice":"Entered Light","damage_taken":23,"max_hp_gain":0,"max_hp_loss":0,"event_name":"Shining Light","floor":13,"gold_loss":0,"cards_upgraded":["Iron Wave","Iron Wave"]},{"damage_healed":0,"gold_gain":50,"player_choice":"Stole From Cult","damage_taken":0,"max_hp_gain":0,"max_hp_loss":0,"event_name":"Nest","floor":20,"gold_loss":0},{"damage_healed":0,"gold_gain":0,"player_choice":"Obtained Book","damage_taken":21,"max_hp_gain":0,"max_hp_loss":0,"event_name":"Cursed Tome","floor":21,"gold_loss":0}],"is_beta":false,"boss_relics":[{"not_picked":["Velvet Choker","Sozu"],"picked":"Runic Cube"}],"items_purged_floors":[],"is_endless":false,"potions_floor_spawned":[1,3,11,14],"killed_by":"Gremlin Leader","ascension_level":20}}