{"host":"prxrhpgaxnj4om9r","time":1613985602,"event":{"mods":["AchievementEnabler","BaseMod","Colored Map","DeckTracker","Minty Spire (QoL Compilation)"],"gold_per_floor":[115,91,91,91,107,134,144,176,202,202,237,266,453,475,487,604,616,646,658,686,698,698],"floor_reached":21,"language":"KOR","playtime":617,"items_purged":[],"score":291,"play_id":"aa65883e-4154-4655-8452-4c22b81ba689","local_time":"20210222182002","is_ascension_mode":true,"campfire_choices":[{"floor":10,"key":"REST"},{"floor":15,"key":"REST"}],"circlet_count":0,"master_deck":["Strike_P","Strike_P","Strike_P","Strike_P","Defend_P","Defend_P","Defend_P","Eruption+1","Vigilance","Protect","FlurryOfBlows","WindmillStrike","Crescendo","Consecrate","JustLucky","FearNoEvil","FlurryOfBlows","Doubt","EmptyMind","Alpha","Fasting2+1","EmptyFist"],"relics":["PureWater","NeowsBlessing","Pen Nib","Potion Belt","Smiling Mask","Regal Pillow","MawBank","SlaversCollar"],"acts_visited":["Exordium","TheCity"],"potions_floor_usage":[8,8,14,16,18,21],"damage_taken":[{"damage":0,"enemies":"Small Slimes","floor":1,"turns":1},{"damage":0,"enemies":"Jaw Worm","floor":5,"turns":1},{"damage":0,"enemies":"Gremlin Nob","floor":6,"turns":1},{"damage":0,"enemies":"2 Louse","floor":7,"turns":1},{"damage":20,"enemies":"Lagavulin","floor":8,"turns":3},{"damage":36,"enemies":"Gremlin Nob","floor":11,"turns":3},{"damage":0,"enemies":"Large Slime","floor":12,"turns":3},{"damage":22,"enemies":"Gremlin Gang","floor":14,"turns":2},{"damage":33,"enemies":"Slime Boss","floor":16,"turns":8},{"damage":52,"enemies":"Chosen","floor":18,"turns":6},{"damage":0,"enemies":"Spheric Guardian","floor":20,"turns":3},{"damage":6,"enemies":"Chosen and Byrds","floor":21,"turns":1}],"seed_played":"3552299465621487891","potions_obtained":[{"floor":5,"key":"StancePotion"},{"floor":7,"key":"PowerPotion"},{"floor":12,"key":"SkillPotion"},{"floor":14,"key":"BottledMiracle"},{"floor":16,"key":"EssenceOfSteel"},{"floor":18,"key":"Ancient Potion"},{"floor":20,"key":"Fire Potion"}],"is_trial":false,"path_per_floor":["M","$","?","?","M","E","M","E","T","R","E","M","?","M","R","B",null,"M","?","M","M"],"character_chosen":"WATCHER","items_purchased":["FlurryOfBlows"],"campfire_rested":2,"item_purchase_floors":[2],"current_hp_per_floor":[65,65,58,51,51,51,51,31,31,67,31,31,31,9,45,12,57,5,5,5,0,0],"gold":698,"neow_bonus":"THREE_ENEMY_KILL","is_daily":false,"chose_seed":false,"campfire_upgraded":0,"win_rate":0.0,"timestamp":1613985602,"path_taken":["M","$","?","?","M","E","M","E","T","R","E","M","?","M","R","BOSS","M","?","M","M"],"items_purchased_type":["Card"],"build_version":"2020-12-22","purchased_purges":0,"victory":false,"max_hp_per_floor":[72,72,72,72,72,72,72,72,72,72,72,72,72,72,72,72,72,72,72,72,72,72],"card_choices":[{"not_picked":["SashWhip","EmptyFist"],"picked":"Protect","floor":1},{"not_picked":["Protect","ThirdEye"],"picked":"WindmillStrike","floor":5},{"not_picked":["WindmillStrike","Nirvana"],"picked":"Crescendo","floor":6},{"not_picked":["MentalFortress","Indignation"],"picked":"Consecrate","floor":7},{"not_picked":["Wallop","Protect"],"picked":"JustLucky","floor":8},{"not_picked":["MasterReality","Wireheading"],"picked":"FearNoEvil","floor":11},{"not_picked":["Protect","Nirvana"],"picked":"FlurryOfBlows","floor":12},{"not_picked":["Collect","Tantrum"],"picked":"EmptyMind","floor":14},{"not_picked":["ConjureBlade","Establishment"],"picked":"Alpha","floor":16},{"not_picked":["Nirvana","Protect"],"picked":"Fasting2+1","floor":18},{"not_picked":["JustLucky","Meditate"],"picked":"EmptyFist","floor":20}],"player_experience":588609,"relics_obtained":[{"floor":6,"key":"Potion Belt"},{"floor":8,"key":"Smiling Mask"},{"floor":9,"key":"Regal Pillow"},{"floor":11,"key":"MawBank"}],"event_choices":[{"cards_removed":["Defend_P"],"damage_healed":0,"gold_gain":0,"player_choice":"Card Removal","damage_taken":7,"max_hp_gain":0,"max_hp_loss":0,"event_name":"Golden Wing","floor":3,"gold_loss":0},{"damage_healed":0,"gold_gain":0,"player_choice":"Success","damage_taken":7,"relics_obtained":["Pen Nib"],"max_hp_gain":0,"max_hp_loss":0,"event_name":"Scrap Ooze","floor":4,"gold_loss":0},{"damage_healed":0,"gold_gain":175,"player_choice":"AGREE","damage_taken":0,"max_hp_gain":0,"max_hp_loss":0,"event_name":"Liars Game","floor":13,"gold_loss":0,"cards_obtained":["Doubt"]},{"damage_healed":0,"gold_gain":0,"player_choice":"Forge","damage_taken":0,"max_hp_gain":0,"max_hp_loss":0,"event_name":"Accursed Blacksmith","floor":19,"gold_loss":0,"cards_upgraded":["Eruption"]}],"is_beta":false,"boss_relics":[{"not_picked":["Sozu","Velvet Choker"],"picked":"SlaversCollar"}],"items_purged_floors":[],"is_endless":false,"potions_floor_spawned":[5,7,12,14,16,18,20],"killed_by":"Chosen and Byrds","ascension_level":6}}