{"host":"me7pax5d7uwssv6n","time":1613962889,"event":{"mods":["Act Like it!","BaseMod","Minty Spire (QoL Compilation)","StSLib","The Hierophant"],"gold_per_floor":[116,131,131,153,190,224,224,276,276,276,309,351,351,379,379,371,371],"floor_reached":16,"language":"ENG","playtime":1920,"items_purged":[],"score":114,"play_id":"45077e63-0485-4f1b-9f60-e7404a661546","local_time":"20210222110129","is_ascension_mode":false,"campfire_choices":[{"data":"hierophant:Chorus","floor":7,"key":"SMITH"},{"floor":10,"key":"REST"},{"floor":13,"key":"REST"},{"data":"hierophant:Repentance","floor":15,"key":"SMITH"}],"circlet_count":0,"master_deck":["hierophant:Strike_Hierophant","hierophant:Strike_Hierophant","hierophant:Strike_Hierophant","hierophant:Strike_Hierophant","hierophant:Punish","hierophant:Defend_Hierophant","hierophant:Defend_Hierophant","hierophant:Defend_Hierophant","hierophant:Defend_Hierophant","hierophant:ChurchCoffers+1","hierophant:OrnateBuckler","hierophant:Chorus+1","hierophant:RustyCrate","hierophant:Doubloon","hierophant:Doubloon","hierophant:Glossolalia","hierophant:DeathKnell","hierophant:Repentance+1","hierophant:Encroach","hierophant:MorningPrayer","hierophant:Doubloon","hierophant:CoinFling"],"relics":["hierophant:PropheticMaskRelic","NeowsBlessing","PreservedInsect","Shuriken","Shovel"],"acts_visited":["Exordium"],"potions_floor_usage":[6,6,16],"damage_taken":[{"damage":0,"enemies":"Cultist","floor":1,"turns":1},{"damage":0,"enemies":"2 Louse","floor":2,"turns":1},{"damage":0,"enemies":"Small Slimes","floor":4,"turns":1},{"damage":1,"enemies":"2 Fungi Beasts","floor":5,"turns":3},{"damage":24,"enemies":"Lagavulin","floor":6,"turns":10},{"damage":31,"enemies":"3 Sentries","floor":8,"turns":10},{"damage":19,"enemies":"Exordium Wildlife","floor":11,"turns":4},{"damage":12,"enemies":"Large Slime","floor":12,"turns":7},{"damage":0,"enemies":"2 Fungi Beasts","floor":14,"turns":4},{"damage":46,"enemies":"Slime Boss","floor":16,"turns":7}],"seed_played":"-2841214335440451827","potions_obtained":[{"floor":2,"key":"SpeedPotion"},{"floor":5,"key":"EssenceOfSteel"},{"floor":11,"key":"DuplicationPotion"},{"floor":14,"key":"CultistPotion"}],"is_trial":false,"path_per_floor":["M","M","?","M","M","E","R","E","T","R","M","M","R","M","R","B"],"character_chosen":"HIEROPHANT","items_purchased":[],"campfire_rested":2,"item_purchase_floors":[],"current_hp_per_floor":[75,75,75,75,74,50,50,19,19,41,22,10,32,32,32,0,0],"gold":371,"neow_bonus":"THREE_ENEMY_KILL","is_daily":false,"chose_seed":false,"campfire_upgraded":2,"win_rate":0.0,"timestamp":1613962889,"path_taken":["M","M","?","M","?","E","R","E","T","R","M","M","R","M","R","BOSS"],"items_purchased_type":[],"build_version":"2020-12-22","purchased_purges":0,"victory":false,"max_hp_per_floor":[75,75,75,75,75,75,75,75,75,75,75,75,75,75,75,75,75],"card_choices":[{"not_picked":["hierophant:Refuge","hierophant:AuricBeam"],"picked":"hierophant:OrnateBuckler","floor":1},{"not_picked":["hierophant:OrnateBuckler","hierophant:Zeal"],"picked":"hierophant:Chorus","floor":2},{"not_picked":["hierophant:Purify","hierophant:PassingBell"],"picked":"hierophant:RustyCrate","floor":4},{"not_picked":["hierophant:HammerAndAnvil","hierophant:Chorus"],"picked":"hierophant:Glossolalia","floor":5},{"not_picked":["hierophant:RustyCrate","hierophant:Refuge"],"picked":"hierophant:DeathKnell","floor":6},{"not_picked":["hierophant:EyeForCoin","hierophant:Bribe"],"picked":"hierophant:Repentance","floor":8},{"not_picked":["hierophant:SecretStash","hierophant:Zeal"],"picked":"hierophant:Encroach","floor":11},{"not_picked":["hierophant:DisplayOfPower","hierophant:Repentance"],"picked":"hierophant:MorningPrayer","floor":12},{"not_picked":["hierophant:AuricForm","hierophant:FieryStrike"],"picked":"hierophant:CoinFling","floor":14}],"player_experience":38918,"relics_obtained":[{"floor":6,"key":"PreservedInsect"},{"floor":8,"key":"Shuriken"},{"floor":9,"key":"Shovel"}],"event_choices":[{"damage_healed":0,"gold_gain":0,"player_choice":"Upgraded","damage_taken":0,"max_hp_gain":0,"max_hp_loss":0,"event_name":"Upgrade Shrine","floor":3,"gold_loss":0,"cards_upgraded":["hierophant:ChurchCoffers"]}],"is_beta":false,"boss_relics":[],"items_purged_floors":[],"is_endless":false,"potions_floor_spawned":[2,5,11,14],"killed_by":"Slime Boss","ascension_level":0}}