{"host":"0mk07bycsqo1qk03","time":1613987627,"event":{"mods":["BaseMod","Downfall","Hermit","Hubris","Minty Spire (QoL Compilation)","Reliquary","Replay The Spire","StSLib"],"gold_per_floor":[118,118,118,230,245,245,295,295,350,398,377,377,398,430,430,516,516,554,583,583,668,668,674,674],"floor_reached":23,"language":"ENG","playtime":660,"items_purged":[],"score":344,"play_id":"5df9c987-e9c3-409f-8d1e-b55166697f0b","local_time":"20210222105347","is_ascension_mode":true,"campfire_choices":[{"data":"Unload","floor":6,"key":"SMITH"},{"data":"Catalyst","floor":8,"key":"SMITH"},{"data":"Poisoned Stab","floor":12,"key":"SMITH"},{"floor":15,"key":"REST"}],"circlet_count":0,"master_deck":["AscendersBane","Strike_G","Strike_G","Strike_G","Defend_G","Defend_G","Defend_G","Defend_G","Survivor","Neutralize","Unload+1","Catalyst+1","Prepared","Poisoned Stab+1","Deflect","Escape Plan","Burst","Poisoned Stab","PiercingWail","PiercingWail","ReplayTheSpireMod:From All Sides","Deadly Poison","Terror","Backflip"],"relics":["Ring of the Snake","hubris:Icosahedron","Replay:Bandana","reliquary:PartyBalloon","Ring of Chaos","hubris:Towel","reliquary:PorcupineQuills"],"acts_visited":["Exordium","TheCity"],"potions_floor_usage":[10,11,16,18,23],"damage_taken":[{"damage":7,"enemies":"Jaw Worm","floor":1,"turns":3},{"damage":1,"enemies":"2 Louse","floor":4,"turns":2},{"damage":0,"enemies":"Small Slimes","floor":5,"turns":3},{"damage":17,"enemies":"Gremlin Nob","floor":10,"turns":4},{"damage":15,"enemies":"Exordium Thugs","floor":11,"turns":5},{"damage":0,"enemies":"3 Louse","floor":13,"turns":2},{"damage":11,"enemies":"Gremlin Gang","floor":14,"turns":5},{"damage":39,"enemies":"The Guardian","floor":16,"turns":13},{"damage":20,"enemies":"2 Thieves","floor":18,"turns":4},{"damage":0,"enemies":"Chosen","floor":19,"turns":5},{"damage":15,"enemies":"Slavers","floor":23,"turns":1}],"seed_played":"636391344800873854","potions_obtained":[{"floor":4,"key":"bronze:BurnAndBuffPotion"},{"floor":5,"key":"GamblersBrew"},{"floor":14,"key":"BlessingOfTheForge"},{"floor":18,"key":"LifebloodPotion"},{"floor":19,"key":"SneckoOil"}],"is_trial":false,"path_per_floor":["M","?","?","M","M","R","?","R","T","E","M","R","M","M","R","B",null,"M","M","?","?","?","E"],"character_chosen":"THE_SILENT","items_purchased":[],"campfire_rested":1,"item_purchase_floors":[],"current_hp_per_floor":[37,37,37,36,36,36,36,36,36,49,34,34,34,23,42,3,50,30,30,30,4,4,0,0],"gold":674,"neow_bonus":"TRANSFORM_TWO_CARDS","is_daily":false,"chose_seed":false,"campfire_upgraded":3,"win_rate":0.0,"timestamp":1613987627,"path_taken":["M","?","?","M","M","R","?","R","T","E","M","R","?","M","R","BOSS","M","M","?","?","?","E"],"items_purchased_type":[],"build_version":"2020-12-22","purchased_purges":0,"victory":false,"max_hp_per_floor":[66,66,66,66,66,66,66,66,66,66,66,66,66,66,66,66,66,66,66,66,66,66,66,66],"card_choices":[{"not_picked":["Dodge and Roll","hubris:Counter"],"picked":"Prepared","floor":1},{"not_picked":["hubris:Sniper","Masterful Stab"],"picked":"Deflect","floor":4},{"not_picked":["Well Laid Plans","Bane"],"picked":"Escape Plan","floor":5},{"not_picked":["Catalyst","Blur"],"picked":"Burst","floor":10},{"not_picked":["hubris:Sniper","Acrobatics"],"picked":"Poisoned Stab","floor":11},{"not_picked":["Dodge and Roll","Cloak And Dagger"],"picked":"PiercingWail","floor":13},{"not_picked":["Underhanded Strike","Flying Knee"],"picked":"PiercingWail","floor":14},{"not_picked":["ReplayTheSpireMod:Necrosis","Glass Knife"],"picked":"ReplayTheSpireMod:From All Sides","floor":16},{"not_picked":["Deflect","Acrobatics"],"picked":"Deadly Poison","floor":18},{"not_picked":["Prepared","PiercingWail"],"picked":"Terror","floor":19},{"not_picked":["Outmaneuver","Well Laid Plans"],"picked":"Backflip","floor":21}],"player_experience":1053328,"relics_obtained":[{"floor":9,"key":"Replay:Bandana"},{"floor":10,"key":"reliquary:PartyBalloon"},{"floor":21,"key":"reliquary:PorcupineQuills"}],"event_choices":[{"damage_healed":0,"gold_gain":50,"player_choice":"Gained Gold","damage_taken":0,"max_hp_gain":0,"max_hp_loss":0,"event_name":"Golden Wing","floor":7,"gold_loss":0},{"cards_removed":["Strike_G"],"damage_healed":0,"gold_gain":0,"player_choice":"Purged","damage_taken":0,"max_hp_gain":0,"max_hp_loss":0,"event_name":"Purifier","floor":22,"gold_loss":0}],"is_beta":false,"boss_relics":[{"not_picked":["Velvet Choker","Ectoplasm"],"picked":"Ring of Chaos"}],"items_purged_floors":[],"is_endless":false,"potions_floor_spawned":[4,5,14,18,19],"killed_by":"Slavers","ascension_level":16}}