{"host":"oyzno85dy6ca94bi","time":1613979240,"event":{"mods":["AchievementEnabler","BaseMod","Colored Map","DeckTracker","Keyboard Shortcuts","Minty Spire (QoL Compilation)","Permanent Neow","SuperFastMode","everything is the same but u backflip on backflip"],"gold_per_floor":[112,124,124,10,10,43,43,73,119,136,136,156,176,195,195,273,273,285,33,49,49,99,99,99,99],"floor_reached":24,"language":"KOR","playtime":1330,"items_purged":["Strike_R","Strike_R"],"score":416,"play_id":"f1710d88-e5d0-44c6-b84f-c9bb582089af","local_time":"20210222163400","is_ascension_mode":true,"campfire_choices":[{"data":"Blood for Blood","floor":7.0,"key":"SMITH"},{"floor":15.0,"key":"REST"},{"floor":23,"key":"REST"}],"circlet_count":0,"master_deck":["AscendersBane","Strike_R","Strike_R","Strike_R+1","Defend_R+1","Defend_R","Defend_R+1","Defend_R+1","Bash","Clothesline","Hemokinesis","Blood for Blood+1","Cleave","Fiend Fire","Feel No Pain","Fire Breathing","Wild Strike","Demon Form","Inflame","Evolve","Shrug It Off","Wild Strike","Flame Barrier"],"relics":["Burning Blood","NeowsBlessing","Boot","Paper Frog","War Paint","Anchor","Sozu"],"acts_visited":["TheCity"],"potions_floor_usage":[],"damage_taken":[{"damage":0.0,"enemies":"Cultist","floor":1.0,"turns":1.0},{"damage":0.0,"enemies":"Jaw Worm","floor":2.0,"turns":1.0},{"damage":0.0,"enemies":"Gremlin Nob","floor":6.0,"turns":1.0},{"damage":17.0,"enemies":"Lagavulin","floor":8.0,"turns":6.0},{"damage":4.0,"enemies":"Small Slimes","floor":10.0,"turns":2.0},{"damage":2.0,"enemies":"3 Louse","floor":12.0,"turns":3.0},{"damage":12.0,"enemies":"Large Slime","floor":13.0,"turns":5.0},{"damage":12.0,"enemies":"Exordium Wildlife","floor":14.0,"turns":4.0},{"damage":42.0,"enemies":"Slime Boss","floor":16.0,"turns":10.0},{"damage":4.0,"enemies":"Chosen","floor":18.0,"turns":4.0},{"damage":21.0,"enemies":"2 Thieves","floor":20.0,"turns":4.0},{"damage":67,"enemies":"Gremlin Leader","floor":24,"turns":5}],"seed_played":"7641417724739912241","potions_obtained":[{"floor":2.0,"key":"HeartOfIron"},{"floor":6.0,"key":"Swift Potion"},{"floor":8.0,"key":"SpeedPotion"}],"is_trial":false,"path_per_floor":["M","M","?","$","?","E","R","E","T","M","?","M","M","M","R","B",null,"M","$","M","?","?","R","E"],"character_chosen":"IRONCLAD","items_purchased":["Blood for Blood","Evolve","Shrug It Off","Wild Strike"],"campfire_rested":2,"item_purchase_floors":[4,19,19,19],"current_hp_per_floor":[74,75,52,52,52,58,58,47,47,49,31,35,29,23,45,9,59,61,61,46,46,39,61,0,0],"gold":99,"neow_bonus":"THREE_ENEMY_KILL","is_daily":false,"chose_seed":false,"campfire_upgraded":1,"win_rate":0.0,"timestamp":1613979240,"path_taken":["M","?","?","$","?","E","R","E","T","M","?","M","M","M","R","BOSS","M","$","M","?","?","R","E"],"items_purchased_type":["Card","Card","Card","Card"],"build_version":"2020-12-22","purchased_purges":2,"victory":false,"max_hp_per_floor":[75,75,75,75,75,75,75,75,75,75,75,75,75,75,75,75,75,75,75,75,75,75,75,75,75],"card_choices":[{"not_picked":["Clash","Thunderclap"],"picked":"Clothesline","floor":1.0},{"not_picked":["Whirlwind","Entrench"],"picked":"Hemokinesis","floor":2.0},{"not_picked":["True Grit","Clash"],"picked":"Cleave","floor":6.0},{"not_picked":["Second Wind","Clothesline"],"picked":"Fiend Fire","floor":8.0},{"not_picked":["Pommel Strike","Clash"],"picked":"Feel No Pain","floor":10.0},{"not_picked":["Heavy Blade","Thunderclap"],"picked":"Fire Breathing","floor":12.0},{"not_picked":["Heavy Blade","Infernal Blade","Thunderclap"],"picked":"SKIP","floor":13.0},{"not_picked":["Warcry","Perfected Strike"],"picked":"Wild Strike","floor":14.0},{"not_picked":["Reaper","Juggernaut"],"picked":"Demon Form","floor":16.0},{"not_picked":["Carnage","Thunderclap"],"picked":"Inflame","floor":18.0},{"not_picked":["Iron Wave+1","Warcry"],"picked":"Flame Barrier","floor":20.0}],"player_experience":504785,"relics_obtained":[{"floor":6.0,"key":"Boot"},{"floor":8.0,"key":"Paper Frog"},{"floor":9.0,"key":"War Paint"}],"event_choices":[{"damage_healed":0.0,"max_hp_gain":0.0,"max_hp_loss":0.0,"gold_gain":0.0,"event_name":"Shining Light","player_choice":"Entered Light","floor":3.0,"gold_loss":0.0,"damage_taken":23.0,"cards_upgraded":["Defend_R","Strike_R"]},{"damage_healed":0.0,"max_hp_gain":0.0,"max_hp_loss":0.0,"gold_gain":0.0,"event_name":"Liars Game","player_choice":"Ignored","floor":5.0,"gold_loss":0.0,"damage_taken":0.0},{"damage_healed":0.0,"max_hp_gain":0.0,"max_hp_loss":0.0,"gold_gain":0.0,"event_name":"Scrap Ooze","player_choice":"Success","floor":11.0,"gold_loss":0.0,"damage_taken":18.0,"relics_obtained":["Anchor"]},{"damage_healed":0.0,"max_hp_gain":0.0,"max_hp_loss":0.0,"gold_gain":0.0,"event_name":"The Mausoleum","player_choice":"Ignored","floor":21.0,"gold_loss":0.0,"damage_taken":0.0},{"damage_healed":0,"gold_gain":50,"player_choice":"Touch","damage_taken":7,"max_hp_gain":0,"max_hp_loss":0,"event_name":"FaceTrader","floor":22,"gold_loss":0}],"is_beta":false,"boss_relics":[{"not_picked":["Busted Crown","Black Star"],"picked":"Sozu"}],"items_purged_floors":[4,19],"is_endless":false,"potions_floor_spawned":[2,6,8,14],"killed_by":"Gremlin Leader","ascension_level":16}}