{"host":"elacvoo1ojii4e8w","time":1613975647,"event":{"mods":["Aspiration","Bard","BaseMod","BetterRewards","Challenge The Spire","Colored Map","Colored Powertips","Conspire","Downfall","Energized Spire","Friendly Minions","GifTheSpireLib","Halation","Highlight Path","Hubris","Infinite Spire","Mad Scientist","Marisa????????","Minty Spire (QoL Compilation)","Quick Restart","RNG Fix","Relic Sorter","Reliquary","Replay The Spire","Spikes Relics","StS++","StSLib","Stuff the Spire","The Blackbeard","The Disciple","The Gatherer","The Jungle","The Marked","The Runesmith","The Servant 0.9.4","The Valiant","Unceasing Turn Reminder"],"gold_per_floor":[119,135,145,245,255,290,308,308,332,17,17,17,50,50,50,150,150,160,60,91,0,18,18],"floor_reached":22,"language":"ENG","playtime":1010,"items_purged":[],"score":219,"play_id":"22a45ab6-05ad-413b-8986-a2eb184c2078","local_time":"20210222003407","is_ascension_mode":false,"campfire_choices":[{"floor":15,"key":"REST"}],"circlet_count":0,"master_deck":["Strike_R","Strike_R","Strike_R","Strike_R","Strike_R","Defend_R+1","Defend_R","Defend_R","Defend_R","Bash+1","Feed+1","Perfected Strike","Perfected Strike","Flex+1","conspire:HitWhereItHurts","Clash","Searing Blow","conspire:ExplosiveBarrier+1","conspire:ExplosiveBarrier","Invigoration","Reaper","CurseOfTheBell","Infernal Blade","conspire:SpireCoStock","conspire:SpireCoStock","Absolvement"],"relics":["Burning Blood","hubris:Potato","Orichalcum","StSpp:SailingBoat","Torii","Calling Bell","War Paint","reliquary:PurpleTingedLeaf","Replay:Multitool"],"acts_visited":["Exordium","TheCity"],"potions_floor_usage":[6,6,20],"damage_taken":[{"damage":4,"enemies":"Jaw Worm","floor":1,"turns":6},{"damage":2,"enemies":"Small Slimes","floor":2,"turns":4},{"damage":1,"enemies":"Cultist","floor":3,"turns":3},{"damage":40,"enemies":"Gremlin Gang","floor":5,"turns":4},{"damage":31,"enemies":"3 Sentries","floor":6,"turns":9},{"damage":11,"enemies":"2 Fungi Beasts","floor":7,"turns":3},{"damage":7,"enemies":"Lagavulin","floor":13,"turns":5},{"damage":17,"enemies":"Hexaghost","floor":16,"turns":12},{"damage":34,"enemies":"3 Byrds","floor":18,"turns":8},{"damage":15,"enemies":"Shell Parasite","floor":20,"turns":8},{"damage":69,"enemies":"conspire:MimicChest","floor":22,"turns":11}],"seed_played":"-8940564929953469179","potions_obtained":[{"floor":3,"key":"Block Potion"},{"floor":5,"key":"Adrenaline Potion"},{"floor":18,"key":"Explosive Potion"}],"is_trial":false,"path_per_floor":["M","M","M","?","M","E","M","?","T","$","?","?","E","?","R","B",null,"M","?","M","?","?"],"character_chosen":"IRONCLAD","items_purchased":["conspire:ExplosiveBarrier","StSpp:SailingBoat"],"campfire_rested":1,"item_purchase_floors":[10,10],"current_hp_per_floor":[83,86,89,89,58,36,34,34,34,34,49,29,28,28,57,46,98,71,71,63,63,0,0],"gold":18,"neow_bonus":"ONE_RANDOM_RARE_CARD","is_daily":false,"chose_seed":false,"campfire_upgraded":0,"win_rate":0.0,"timestamp":1613975647,"path_taken":["M","M","?","?","M","E","M","?","T","$","?","?","E","?","R","BOSS","M","?","M","?","?"],"items_purchased_type":["Card","Relic"],"build_version":"2020-12-22","purchased_purges":0,"victory":false,"max_hp_per_floor":[83,86,89,89,92,95,98,98,98,98,98,98,98,98,98,98,98,98,98,98,98,98,98],"card_choices":[{"not_picked":["Warcry","StSpp:Jab"],"picked":"Perfected Strike","floor":1},{"not_picked":["Anger","Uppercut"],"picked":"Perfected Strike","floor":2},{"not_picked":["Absolvement","StuffTheSpire:RockThrow"],"picked":"Flex","floor":3},{"not_picked":["Battle Trance","StSpp:Sprint"],"picked":"conspire:HitWhereItHurts","floor":5},{"not_picked":["True Grit","Shockwave"],"picked":"Clash","floor":6},{"not_picked":["hubris:CleavingFinish","StSpp:Sprint"],"picked":"Searing Blow","floor":7},{"not_picked":["Perfected Strike","StuffTheSpire:Slingshot"],"picked":"Invigoration","floor":13},{"not_picked":["Hemogenesis","Brutality"],"picked":"Reaper","floor":16},{"not_picked":["Clothesline","Clash"],"picked":"Infernal Blade","floor":18},{"not_picked":["Clothesline","StuffTheSpire:Slingshot"],"picked":"Absolvement","floor":20}],"player_experience":75650,"relics_obtained":[{"floor":6,"key":"hubris:Potato"},{"floor":9,"key":"Orichalcum"},{"floor":13,"key":"Torii"},{"floor":17,"key":"War Paint"},{"floor":17,"key":"reliquary:PurpleTingedLeaf"},{"floor":17,"key":"Replay:Multitool"}],"event_choices":[{"damage_healed":0,"gold_gain":100,"player_choice":"Pray","damage_taken":0,"max_hp_gain":0,"max_hp_loss":0,"event_name":"Golden Shrine","floor":4,"gold_loss":0},{"damage_healed":0,"gold_gain":0,"player_choice":"Grow","damage_taken":0,"max_hp_gain":0,"max_hp_loss":0,"event_name":"Living Wall","floor":8,"gold_loss":0,"cards_upgraded":["Feed"]},{"damage_healed":0,"gold_gain":0,"player_choice":"Entered Light","damage_taken":20,"max_hp_gain":0,"max_hp_loss":0,"event_name":"Shining Light","floor":12,"gold_loss":0,"cards_upgraded":["Defend_R","Bash"]},{"damage_healed":0,"gold_gain":0,"player_choice":"Invest 2","damage_taken":0,"max_hp_gain":0,"max_hp_loss":0,"event_name":"conspire:Investor","floor":19,"gold_loss":0},{"damage_healed":0,"gold_gain":0,"player_choice":"Paid Fearfully","damage_taken":0,"max_hp_gain":0,"max_hp_loss":0,"event_name":"Masked Bandits","floor":21,"gold_loss":91}],"is_beta":false,"boss_relics":[{"not_picked":["reliquary:ThirdArm","Snecko Eye"],"picked":"Calling Bell"}],"items_purged_floors":[],"is_endless":false,"potions_floor_spawned":[3,5,18],"killed_by":"conspire:MimicChest","ascension_level":0}}