{"host":"jydwu1shxxemady1","time":1613963841,"event":{"mods":["Ascension Reborn","BaseMod","Colored Powertips","Conspire","Downfall","Duelist Mod","Hermit","Highlight Path","Hunter ¡‘»À","LagranYue(¿≠∏Ò¿ °§‘¬)","Lobotomy","Marisa£®ÏF”Í°°ƒß¿Ì…≥£©","Minty Spire (QoL Compilation)","Quick Restart","READ ME - Guardian Mod","Relic Stats","Remilia£®¿Ÿ√◊¿Ú—«£©","Replay The Spire","Shop Mod","StSLib","TestMod","The Administrix","The Blackbeard","The Bladedancer","The Bug Knight","The Construct","The Cursed","The Hierophant","The Runesmith","The Servant 0.9.4","UnlockEverythingMod","Youmu£®ªÍ∆«—˝√Œ£©","Yuyuko"],"gold_per_floor":[144,162,162,162,179,243,254,269,269,309,21,32,32,32],"floor_reached":13,"language":"ZHS","playtime":669,"items_purged":[],"score":114,"play_id":"f0fea843-92a1-4dbe-8d18-3268f5f14214","local_time":"20210222111720","is_ascension_mode":false,"campfire_choices":[],"circlet_count":0,"master_deck":["Strike_Giant","Strike_Giant","Defend_Giant","Defend_Giant","Defend_Giant","Defend_Giant","CultistPetCall","EagleFirst","EagleFirst","EagleSecond","SpiderBud","Fanatic Cultist","Drunk Grant","Porccubus","ByrdPetCall","CherryBlossoms","TakeAction_Giant","UniverseFragment","Clone Minion","GremlinTsunderePetCall","LongBird","SingingMachine","EagleSecond","Murderer","Blood Defend"],"relics":["GiantSoulBox","testmod-TestBox","LagranYue:RandomDrawCardRelic","testmod-TimeTraveler","CogitoBucket","conspire:DecoderRing","Happy Flower","AntiCross","testmod-AssaultLearning","Lee\u0027s Waffle"],"acts_visited":["Exordium"],"potions_floor_usage":[8,8],"damage_taken":[{"damage":0,"enemies":"2 Louse","floor":1,"turns":2},{"damage":0,"enemies":"Small Slimes","floor":2,"turns":2},{"damage":0,"enemies":"Cultist","floor":5,"turns":3},{"damage":5,"enemies":"Replay:BlueRogue","floor":6,"turns":3},{"damage":8,"enemies":"Red Slaver","floor":7,"turns":2},{"damage":7,"enemies":"Lots of Slimes","floor":8,"turns":3},{"damage":11,"enemies":"2 Fungi Beasts","floor":10,"turns":3},{"damage":5,"enemies":"Exordium Thugs","floor":12,"turns":2},{"damage":168,"enemies":"Lagavulin","floor":13,"turns":2}],"seed_played":"4110675602427422573","potions_obtained":[{"floor":5,"key":"DistilledChaos"},{"floor":6,"key":"Toxic Potion"},{"floor":8,"key":"Block Potion"},{"floor":10,"key":"Dexterity Potion"}],"is_trial":false,"path_per_floor":["M","M","?","?","M","E","M","M","T","M","$","M","E"],"character_chosen":"Giant","items_purchased":["testmod-AssaultLearning","Lee\u0027s Waffle"],"campfire_rested":0,"item_purchase_floors":[11,11],"current_hp_per_floor":[65,65,65,65,65,65,57,50,50,44,82,77,0,0],"gold":32,"neow_bonus":"","is_daily":false,"chose_seed":false,"campfire_upgraded":0,"win_rate":0.0,"timestamp":1613963840,"path_taken":["M","M","?","?","M","E","?","M","T","M","?","M","E"],"items_purchased_type":["Relic","Relic"],"build_version":"2020-12-22","purchased_purges":0,"victory":false,"max_hp_per_floor":[65,65,65,65,65,70,70,70,70,75,82,82,82,82],"relic_stats":{"Lee\u0027s Waffle":38,"Happy Flower":[4],"counters":[10,23],"obtain_stats":[{"CogitoBucket":0,"Lee\u0027s Waffle":11,"testmod-TestBox":0,"testmod-TimeTraveler":0,"LagranYue:RandomDrawCardRelic":0,"Happy Flower":6,"conspire:DecoderRing":4,"testmod-AssaultLearning":11,"AntiCross":9,"GiantSoulBox":0},{"CogitoBucket":0,"Lee\u0027s Waffle":8,"testmod-TestBox":0,"testmod-TimeTraveler":0,"LagranYue:RandomDrawCardRelic":0,"Happy Flower":4,"conspire:DecoderRing":2,"testmod-AssaultLearning":8,"AntiCross":7,"GiantSoulBox":0},{"CogitoBucket":0,"Lee\u0027s Waffle":19,"testmod-TestBox":0,"testmod-TimeTraveler":0,"LagranYue:RandomDrawCardRelic":0,"Happy Flower":10,"conspire:DecoderRing":4,"testmod-AssaultLearning":19,"AntiCross":16,"GiantSoulBox":0}]},"card_choices":[{"not_picked":["Bloodbath","MeatLantern"],"picked":"SpiderBud","floor":1},{"not_picked":["Combo Connect","Pummel Giant"],"picked":"Fanatic Cultist","floor":1},{"not_picked":["ShyLook","CherryBlossoms"],"picked":"Mercenary","floor":2},{"not_picked":["Meditate Giant","Sacrifice Summons"],"picked":"Drunk Grant","floor":2},{"not_picked":["Bloodbath","Scorched","PunishingBird"],"picked":"Singing Bowl","floor":5},{"not_picked":["Yin","UniverseFragment"],"picked":"Porccubus","floor":5},{"not_picked":["HealerPetCall","Trace_Giant"],"picked":"ByrdPetCall","floor":5},{"not_picked":["SingingMachine","ShyLook","LongBird"],"picked":"Singing Bowl","floor":6},{"not_picked":["BeautyBeast","UniverseFragment"],"picked":"CherryBlossoms","floor":6},{"not_picked":["Clone Minion","EagleSecond"],"picked":"TakeAction_Giant","floor":6},{"not_picked":["BigBadWolf","NakedNest","Wellcheers"],"picked":"Singing Bowl","floor":7},{"not_picked":["QueenBee","BlackSwan"],"picked":"UniverseFragment","floor":7},{"not_picked":["Calmness Giant","Combo Recycle"],"picked":"Clone Minion","floor":7},{"not_picked":["LeftHookFist","CultistPetCall"],"picked":"GremlinTsunderePetCall","floor":8},{"not_picked":["Bloodbath","PunishingBird","HappyTeddy"],"picked":"Singing Bowl","floor":8},{"not_picked":["MHz","MeatLantern"],"picked":"LongBird","floor":8},{"not_picked":["BeautyBeast","Wellcheers","NakedNest"],"picked":"Singing Bowl","floor":10},{"not_picked":["WallGazer","VoidDream"],"picked":"SingingMachine","floor":10},{"not_picked":["Calmness Giant","Drunk Grant"],"picked":"EagleSecond","floor":10},{"not_picked":["GalaxyChild","FairyFestival"],"picked":"Murderer","floor":12},{"not_picked":["Burning Pact Giant","Combo Recycle"],"picked":"Blood Defend","floor":12}],"player_experience":644705,"relics_obtained":[{"floor":6,"key":"Happy Flower"},{"floor":9,"key":"AntiCross"}],"event_choices":[{"damage_healed":0,"gold_gain":0,"player_choice":"Disagree","damage_taken":0,"max_hp_gain":0,"max_hp_loss":0,"event_name":"conspire:LoneGhost","floor":3,"gold_loss":0},{"cards_removed":["Mercenary"],"damage_healed":0,"gold_gain":0,"player_choice":"Gave Card","damage_taken":0,"relics_obtained":["conspire:DecoderRing"],"max_hp_gain":0,"max_hp_loss":0,"event_name":"WeMeetAgain","floor":4,"gold_loss":0}],"is_beta":false,"boss_relics":[],"items_purged_floors":[],"is_endless":false,"potions_floor_spawned":[5,6,8,10],"killed_by":"Lagavulin","ascension_level":0}}