{"host":"fbf4ff5zs5coz2xl","time":1613982583,"event":{"mods":["BaseMod","Downfall","Minty Spire (QoL Compilation)","Permanent Neow","StSLib"],"gold_per_floor":[99,114,114,114,132,132,132,145,163,195,195,195,207,232,251,346,346,246,257,12,12,23,23,46,61,88,111,208,246,158,197,224,340,352,364,391,503,526,549,329,329,357,357,357,257,257,257,96,107,107,107,137,64,64,64,64,64,64],"floor_reached":56,"language":"ENG","playtime":6597,"items_purged":[],"score":1115,"play_id":"ce8b1a93-aa73-4a93-81b3-a2e371804b1a","local_time":"20210222012943","is_ascension_mode":true,"campfire_choices":[{"data":"Flash of Steel","floor":1,"key":"SMITH"},{"data":"Guardian:Planning","floor":11,"key":"SMITH"},{"data":"Guardian:TimeCapacitor","floor":18,"key":"SMITH"},{"data":"Guardian:CurlUp","floor":23,"key":"SMITH"},{"data":"Guardian:SphericShield","floor":30,"key":"SMITH"},{"floor":35,"key":"RECALL"},{"data":"Guardian:Suspension","floor":45,"key":"SMITH"},{"data":"Guardian:PrismaticBarrier","floor":47,"key":"SMITH"},{"data":"Guardian:PolyBeam","floor":54,"key":"SMITH"}],"circlet_count":0,"master_deck":["Guardian:CurlUp+1","Guardian:TwinSlam","Flash of Steel+1","Guardian:Recover","Guardian:ShieldCharger","Guardian:Planning+1","Guardian:TimeCapacitor+1","Guardian:ShieldCharger","Guardian:SphericShield+1","Guardian:PiercingHide","Finesse","Guardian:RevengeProtocol","Guardian:DecasProtection","Guardian:Repulse+1","Guardian:TimeSifter","Guardian:Suspension+1","Guardian:PolyBeam+1","Guardian:CrystalBeam","Guardian:PrismaticBarrier+1","Guardian:PrimingBeam","Guardian:FuturePlans+1","Guardian:Suspension+1","Guardian:TimeSifter","Guardian:RollAttack","Guardian:GatlingBeam","Guardian:Incinerate+1","Guardian:EvasiveProtocol"],"relics":["Guardian:ModeShifter","Mummified Hand","Bronze Scales","Mercury Hourglass","StrikeDummy","Coffee Dripper","downfall:HeartBlessingGreen","sneckomod:BlankCard","MawBank","Shuriken","downfall:HeartBlessingBlue","FossilizedHelix","Pandora\u0027s Box","White Beast Statue","Strange Spoon","Ornamental Fan","Singing Bowl","downfall:HeartBlessingRed","Guardian:BottledAnomaly","Guardian:DefensiveModeMoreBlock"],"acts_visited":["Exordium","TheCity","TheBeyond","TheEnding"],"potions_floor_usage":[37,48,55,56],"damage_taken":[{"damage":3,"enemies":"Jaw Worm","floor":2,"turns":4},{"damage":0,"enemies":"2 Louse","floor":5,"turns":2},{"damage":3,"enemies":"Small Slimes","floor":8,"turns":3},{"damage":2,"enemies":"downfall:LooterAlt","floor":9,"turns":4},{"damage":18,"enemies":"Gremlin Nob","floor":10,"turns":5},{"damage":3,"enemies":"2 Fungi Beasts","floor":13,"turns":3},{"damage":2,"enemies":"Lagavulin","floor":14,"turns":9},{"damage":8,"enemies":"Blue Slaver","floor":15,"turns":3},{"damage":0,"enemies":"SI_SHIV_ARCHETYPE","floor":16,"turns":6},{"damage":0,"enemies":"Spheric Guardian","floor":19,"turns":4},{"damage":0,"enemies":"downfall:FleeingMerchant","floor":20,"turns":4},{"damage":0,"enemies":"Shell Parasite","floor":22,"turns":5},{"damage":7,"enemies":"Shelled Parasite and Fungi","floor":25,"turns":4},{"damage":0,"enemies":"Book of Stabbing","floor":26,"turns":5},{"damage":0,"enemies":"3 Cultists","floor":27,"turns":5},{"damage":5,"enemies":"Gremlin Leader","floor":29,"turns":7},{"damage":0,"enemies":"Slavers","floor":31,"turns":6},{"damage":0,"enemies":"Chosen and Byrds","floor":32,"turns":7},{"damage":24,"enemies":"IC_MUSHROOM_ARCHETYPE","floor":33,"turns":11},{"damage":0,"enemies":"Orb Walker","floor":36,"turns":4},{"damage":0,"enemies":"downfall:LadyInBlue","floor":37,"turns":12},{"damage":0,"enemies":"3 Darklings","floor":38,"turns":6},{"damage":0,"enemies":"Jaw Worm Horde","floor":39,"turns":6},{"damage":0,"enemies":"downfall:FleeingMerchant","floor":40,"turns":4},{"damage":14,"enemies":"Nemesis","floor":42,"turns":7},{"damage":0,"enemies":"Transient","floor":43,"turns":5},{"damage":0,"enemies":"downfall:FleeingMerchant","floor":48,"turns":4},{"damage":10,"enemies":"3 Darklings","floor":49,"turns":3},{"damage":11,"enemies":"DF_ARCHETYPE_ORBS","floor":50,"turns":12},{"damage":0,"enemies":"downfall:CharBossMerchant","floor":52,"turns":9},{"damage":0,"enemies":"downfall:NeowBoss","floor":55,"turns":10},{"damage":104,"enemies":"downfall:NeowBossFinal","floor":56,"turns":11}],"seed_played":"-695971002241826687","potions_obtained":[{"floor":5,"key":"Energy Potion"},{"floor":10,"key":"bronze:BurnAndBuffPotion"},{"floor":13,"key":"SmokeBomb"},{"floor":14,"key":"Guardian:AcceleratePotion"},{"floor":22,"key":"champ:CounterPotion"},{"floor":32,"key":"Dexterity Potion"},{"floor":37,"key":"Fruit Juice"},{"floor":38,"key":"AttackPotion"},{"floor":39,"key":"FearPotion"},{"floor":48,"key":"Energy Potion"}],"is_trial":false,"path_per_floor":["R","M","?","?","M","?","T","M","M","E","R","?","M","E","M","B",null,"R","M","$","?","M","R","T","M","E","M","?","E","R","E","M","B",null,"R","M","?","M","M","$","T","E","M","?","R","?","R","$","M","B",null,"E","$","R","B","B"],"character_chosen":"GUARDIAN","items_purchased":["sneckomod:BlankCard","Finesse","Strange Spoon","Guardian:RollAttack","Guardian:Gem_Lightblue","Guardian:BottledAnomaly","Guardian:EvasiveProtocol"],"campfire_rested":0,"item_purchase_floors":[20,20,40,40,40,48,53],"current_hp_per_floor":[80,77,74,74,74,74,74,71,69,51,51,51,48,46,38,38,70,70,70,70,70,70,70,70,63,63,63,47,42,52,52,52,28,75,75,75,80,80,80,80,80,66,68,70,70,70,70,72,62,51,89,91,91,91,91,0,0,0],"gold":64,"neow_bonus":"RANDOM_COLORLESS","is_daily":false,"chose_seed":false,"campfire_upgraded":8,"win_rate":0.0,"timestamp":1613982583,"path_taken":["R","M","?","?","M","?","T","M","M","E","R","?","M","E","M","BOSS","R","M","$","?","M","R","T","M","E","M","?","E","R","E","M","BOSS","R","M","?","?","M","$","T","E","M","?","R","?","R","$","M","BOSS","E","$","R","BOSS","BOSS"],"items_purchased_type":["Relic","Card","Relic","Card","Card","Relic","Card"],"build_version":"2020-12-22","purchased_purges":0,"victory":false,"max_hp_per_floor":[80,80,80,80,80,80,80,80,80,80,80,80,80,80,80,80,80,80,80,80,80,80,80,80,80,80,80,80,80,90,90,90,90,90,90,90,95,95,95,95,95,95,97,99,99,99,99,101,101,101,101,103,103,103,103,103,103,103],"card_choices":[{"not_picked":["Blind","Finesse"],"picked":"Flash of Steel","floor":0},{"not_picked":["Guardian:TemporalStrike","Guardian:Suspension"],"picked":"Guardian:Recover","floor":2},{"not_picked":["Guardian:FierceBash","Guardian:Gem_Green"],"picked":"Guardian:ShieldCharger","floor":5},{"not_picked":["Guardian:Planning","Guardian:Gem_Blue"],"picked":"Guardian:Gem_White","floor":8},{"not_picked":["Guardian:PrismaticBeam","Guardian:TemporalStrike"],"picked":"Guardian:Planning","floor":9},{"not_picked":["Guardian:BronzeOrb","Guardian:CrystalBeam"],"picked":"Guardian:TimeCapacitor","floor":10},{"not_picked":["Guardian:Suspension","Guardian:PrismaticBarrier","Guardian:Gem_Green"],"picked":"SKIP","floor":13},{"not_picked":["Guardian:GemFire","Guardian:VentSteam"],"picked":"Guardian:ShieldCharger","floor":14},{"not_picked":["Guardian:PrismaticBarrier","Guardian:CrystalBeam","Guardian:ChargeCore"],"picked":"SKIP","floor":15},{"not_picked":["Guardian:CompilePackage","Guardian:GemFire"],"picked":"Guardian:SphericShield","floor":16},{"not_picked":["Guardian:RollAttack","Guardian:Clone+1"],"picked":"Guardian:Gem_Lightblue","floor":19},{"not_picked":["Guardian:SentryBeam","Guardian:WalkerClaw+1"],"picked":"Guardian:PiercingHide","floor":20},{"not_picked":["Guardian:Gem_Red","Guardian:ChargeUp"],"picked":"Guardian:Gem_Cyan","floor":22},{"not_picked":["Guardian:SentryBeam","Guardian:PrimingBeam"],"picked":"Guardian:Gem_Cyan","floor":25},{"not_picked":["Guardian:BodySlam","Guardian:Gem_Purple"],"picked":"Guardian:Gem_Synthetic","floor":26},{"not_picked":["Guardian:PiercingHide","Guardian:Gem_Purple"],"picked":"Guardian:Gem_Cyan","floor":27},{"not_picked":["Guardian:DecasProtection","Guardian:Orbwalk"],"picked":"Guardian:Gem_Cyan","floor":29},{"not_picked":["Guardian:Gem_Crimson","Guardian:TimeBomb"],"picked":"Guardian:DecasProtection","floor":31},{"not_picked":["Guardian:Reroute","Guardian:Incinerate"],"picked":"Guardian:Repulse+1","floor":32},{"not_picked":["Guardian:GemFire","Guardian:StasisStrike"],"picked":"Guardian:TimeSifter","floor":33},{"not_picked":["Guardian:SentryBeam+1","Guardian:CrystalBeam+1"],"picked":"Guardian:PrimingBeam","floor":36},{"not_picked":["Guardian:Gem_Red","Guardian:TemporalStrike"],"picked":"Guardian:FuturePlans+1","floor":37},{"not_picked":["Guardian:TemporalStrike","Guardian:Incinerate"],"picked":"Guardian:Suspension+1","floor":38},{"not_picked":["Guardian:RollAttack","Guardian:VentSteam+1"],"picked":"Guardian:Gem_White","floor":39},{"not_picked":["Guardian:DonusPower","Guardian:CrystalBeam"],"picked":"Guardian:TimeSifter","floor":40},{"not_picked":["Guardian:Suspension","Guardian:Planning"],"picked":"Guardian:GatlingBeam","floor":42},{"not_picked":["Guardian:Suspension","Guardian:WalkerClaw","Guardian:GuardianWhirl"],"picked":"Singing Bowl","floor":43},{"not_picked":["expansioncontent:Chronoboost","expansioncontent:PolyBeam","expansioncontent:InvincibleStrength"],"picked":"Singing Bowl","floor":44},{"not_picked":["Guardian:GuardianWhirl+1","Guardian:TemporalShield","Guardian:Reroute+1"],"picked":"Singing Bowl","floor":48},{"not_picked":["Guardian:WalkerClaw","Guardian:Gem_Cyan"],"picked":"Guardian:Incinerate+1","floor":49},{"not_picked":["Guardian:BaubleBeam","Guardian:VentSteam+1","Guardian:RollAttack"],"picked":"Singing Bowl","floor":52}],"player_experience":579961,"relics_obtained":[{"floor":7,"key":"Bronze Scales"},{"floor":10,"key":"Mercury Hourglass"},{"floor":14,"key":"StrikeDummy"},{"floor":26,"key":"MawBank"},{"floor":29,"key":"Shuriken"},{"floor":31,"key":"FossilizedHelix"},{"floor":37,"key":"White Beast Statue"},{"floor":41,"key":"Ornamental Fan"},{"floor":42,"key":"Singing Bowl"},{"floor":52,"key":"Guardian:DefensiveModeMoreBlock"}],"event_choices":[{"damage_healed":0,"gold_gain":0,"player_choice":"Success","damage_taken":3,"relics_obtained":["Mummified Hand"],"max_hp_gain":0,"max_hp_loss":0,"event_name":"Scrap Ooze","floor":3,"gold_loss":0},{"damage_healed":0,"gold_gain":0,"player_choice":"Read","damage_taken":0,"max_hp_gain":0,"max_hp_loss":0,"event_name":"The Library","floor":21,"gold_loss":0,"cards_obtained":["Guardian:RevengeProtocol"]}],"is_beta":false,"boss_relics":[{"not_picked":["Astrolabe","SacredBark"],"picked":"Coffee Dripper"},{"not_picked":["Empty Cage","Fusion Hammer"],"picked":"Pandora\u0027s Box"}],"items_purged_floors":[],"is_endless":false,"potions_floor_spawned":[5,10,13,14,19,22,27,29,32,36,38,39,40,42,43,48,49,52],"killed_by":"downfall:NeowBossFinal","ascension_level":5}}