{"host":"ju1b3c4x8n2jtjm7","time":1613955681,"event":{"mods":["AchievementEnabler","BaseMod","Colored Map","Colored Powertips","DeckTracker","Highlight Path","Minty Spire (QoL Compilation)","Quick Restart","Rare Cards Sparkle","Relic Stats"],"gold_per_floor":[116,131,145,163,117,117,163,50,50,84,96,46,57,57,57,154,154,168,182,182,15,26,64,88,97,97,130,130,140,140,169,169,273,273,288,306,216,234,259,292,303,303,303,303,353,393,393,393,393,393,393,393,18,49,49,49],"floor_reached":55,"language":"ENG","playtime":3230,"items_purged":["Strike_P","Defend_P"],"score":1318,"play_id":"81e44913-620f-40cc-87ec-a592f04eefd8","local_time":"20210222020121","is_ascension_mode":true,"campfire_choices":[{"data":"Eruption","floor":6.0,"key":"SMITH"},{"data":"Fasting2","floor":15.0,"key":"SMITH"},{"data":"MentalFortress","floor":28.0,"key":"SMITH"},{"data":"Vigilance","floor":32.0,"key":"SMITH"},{"floor":42.0,"key":"REST"},{"floor":44.0,"key":"REST"},{"floor":49.0,"key":"RECALL"},{"data":"CutThroughFate","floor":52.0,"key":"SMITH"}],"circlet_count":0,"master_deck":["AscendersBane","Defend_P","Defend_P+1","Defend_P","Eruption+1","Vigilance+1","EmptyFist","CutThroughFate+1","BowlingBash","Fasting2+1","FlurryOfBlows","Consecrate","InnerPeace+1","MentalFortress+1","FearNoEvil+1","Trip","Flash of Steel","Madness","Madness","Adaptation+1","FlurryOfBlows+1"],"relics":["Busted Crown","Strawberry","Pen Nib","Mercury Hourglass","VioletLotus","CeramicFish","Singing Bowl","Juzu Bracelet","Omamori","Kunai","Empty Cage","White Beast Statue","Du-Vu Doll","Centennial Puzzle","ClockworkSouvenir","Bag of Preparation","Mango"],"acts_visited":["Exordium","TheCity","TheBeyond","TheEnding"],"potions_floor_usage":[55],"damage_taken":[{"damage":0.0,"enemies":"Cultist","floor":1.0,"turns":3.0},{"damage":4.0,"enemies":"Small Slimes","floor":2.0,"turns":3.0},{"damage":4.0,"enemies":"Jaw Worm","floor":3.0,"turns":3.0},{"damage":3.0,"enemies":"Blue Slaver","floor":4.0,"turns":4.0},{"damage":0.0,"enemies":"Lagavulin","floor":7.0,"turns":4.0},{"damage":2.0,"enemies":"3 Sentries","floor":10.0,"turns":3.0},{"damage":6.0,"enemies":"Looter","floor":11.0,"turns":2.0},{"damage":0.0,"enemies":"3 Louse","floor":13.0,"turns":3.0},{"damage":30.0,"enemies":"The Guardian","floor":16.0,"turns":6.0},{"damage":5.0,"enemies":"Shell Parasite","floor":18.0,"turns":3.0},{"damage":0.0,"enemies":"Spheric Guardian","floor":19.0,"turns":2.0},{"damage":12.0,"enemies":"Centurion and Healer","floor":22.0,"turns":4.0},{"damage":20.0,"enemies":"Slavers","floor":23.0,"turns":2.0},{"damage":18.0,"enemies":"Shelled Parasite and Fungi","floor":24.0,"turns":4.0},{"damage":0.0,"enemies":"Gremlin Leader","floor":27.0,"turns":2.0},{"damage":9.0,"enemies":"Chosen and Byrds","floor":29.0,"turns":3.0},{"damage":21.0,"enemies":"Book of Stabbing","floor":31.0,"turns":4.0},{"damage":28.0,"enemies":"Automaton","floor":33.0,"turns":8.0},{"damage":0.0,"enemies":"3 Shapes","floor":35.0,"turns":5.0},{"damage":0.0,"enemies":"Orb Walker","floor":39.0,"turns":3.0},{"damage":32.0,"enemies":"Nemesis","floor":40.0,"turns":5.0},{"damage":13.0,"enemies":"Spire Growth","floor":41.0,"turns":4.0},{"damage":13.0,"enemies":"Mind Bloom Boss Battle","floor":45.0,"turns":6.0},{"damage":0.0,"enemies":"Giant Head","floor":46.0,"turns":7.0},{"damage":53.0,"enemies":"Awakened One","floor":50.0,"turns":10.0},{"damage":12.0,"enemies":"Shield and Spear","floor":54.0,"turns":3.0},{"damage":80,"enemies":"The Heart","floor":55,"turns":5}],"seed_played":"-6566658053916633953","potions_obtained":[{"floor":2.0,"key":"Strength Potion"},{"floor":4.0,"key":"ColorlessPotion"},{"floor":11.0,"key":"SpeedPotion"},{"floor":13.0,"key":"FairyPotion"},{"floor":16.0,"key":"GamblersBrew"},{"floor":23.0,"key":"DuplicationPotion"},{"floor":33.0,"key":"AttackPotion"},{"floor":41.0,"key":"ColorlessPotion"},{"floor":45.0,"key":"EssenceOfSteel"},{"floor":46.0,"key":"Energy Potion"},{"floor":54.0,"key":"Block Potion"}],"is_trial":false,"path_per_floor":["M","M","M","M","$","R","E","$","T","E","M","?","M","$","R","B",null,"M","M","?","$","M","E","M","?","T","E","R","M","?","E","R","B",null,"M","?","?","?","M","E","M","R","T","R","?","E","?","?","R","B",null,"R","$","E","B"],"character_chosen":"WATCHER","items_purchased":["BowlingBash","Fasting2","InnerPeace","ClockworkSouvenir","Bag of Preparation","StancePotion"],"campfire_rested":2,"item_purchase_floors":[5,8,21,53,53,53],"current_hp_per_floor":[65,61,57,54,54,54,61,61,61,59,53,53,53,53,53,23,65,60,60,60,60,48,28,10,10,10,12,12,5,32,13,13,27,72,74,66,66,55,55,25,14,42,42,70,59,59,59,59,59,6,74,74,74,78,0,0],"gold":49,"neow_bonus":"BOSS_RELIC","is_daily":false,"chose_seed":false,"campfire_upgraded":5,"win_rate":0.0,"timestamp":1613955681,"path_taken":["M","?","M","M","?","R","E","$","T","E","M","?","M","$","R","BOSS","M","M","?","$","M","E","M","?","T","E","R","M","?","E","R","BOSS","M","?","?","?","M","E","M","R","T","R","?","E","?","?","R","BOSS","R","$","E","BOSS"],"items_purchased_type":["Card","Card","Card","Relic","Relic","Potion"],"build_version":"2020-12-22","purchased_purges":2,"victory":false,"max_hp_per_floor":[72,72,72,72,72,72,79,79,79,79,79,79,79,79,79,79,79,79,79,79,79,79,79,79,79,79,81,81,83,83,85,85,87,87,89,91,91,91,91,93,95,95,95,95,97,97,97,97,97,97,97,97,97,113,113,113],"relic_stats":{"Centennial Puzzle":[9],"Busted Crown":56,"Singing Bowl":20,"counters":[27,110],"CeramicFish":90,"Pen Nib":[31],"VioletLotus":[36],"Juzu Bracelet":2,"Bag of Preparation":[4],"Kunai":[50],"obtain_stats":[{"Singing Bowl":23,"CeramicFish":20,"Mango":54,"Pen Nib":9,"Juzu Bracelet":26,"Omamori":27,"Bag of Preparation":53,"Empty Cage":34,"White Beast Statue":40,"Mercury Hourglass":10,"ClockworkSouvenir":53,"Du-Vu Doll":45,"Centennial Puzzle":46,"Busted Crown":0,"Strawberry":7,"VioletLotus":17,"Kunai":31,"PureWater":0},{"Singing Bowl":13,"CeramicFish":11,"Mango":26,"Pen Nib":5,"Juzu Bracelet":14,"Omamori":15,"Bag of Preparation":25,"Empty Cage":18,"White Beast Statue":21,"Mercury Hourglass":6,"ClockworkSouvenir":25,"Du-Vu Doll":23,"Centennial Puzzle":24,"Busted Crown":0,"Strawberry":5,"VioletLotus":9,"Kunai":17,"PureWater":0},{"Singing Bowl":41,"CeramicFish":35,"Mango":105,"Pen Nib":17,"Juzu Bracelet":45,"Omamori":47,"Bag of Preparation":102,"Empty Cage":62,"White Beast Statue":75,"Mercury Hourglass":20,"ClockworkSouvenir":102,"Du-Vu Doll":85,"Centennial Puzzle":92,"Busted Crown":0,"Strawberry":17,"VioletLotus":30,"Kunai":54,"PureWater":0}],"Mercury Hourglass":[305]},"card_choices":[{"not_picked":["Evaluate"],"picked":"SKIP","floor":1.0},{"not_picked":["Protect"],"picked":"SKIP","floor":2.0},{"not_picked":[],"picked":"EmptyFist","floor":3.0},{"not_picked":[],"picked":"CutThroughFate","floor":4.0},{"not_picked":["WindmillStrike"],"picked":"SKIP","floor":7.0},{"not_picked":["Protect"],"picked":"SKIP","floor":10.0},{"not_picked":[],"picked":"FlurryOfBlows","floor":11.0},{"not_picked":[],"picked":"Consecrate","floor":13.0},{"not_picked":["BowlingBash+1"],"picked":"SKIP","floor":18.0},{"not_picked":["Protect"],"picked":"SKIP","floor":19.0},{"not_picked":["Crescendo"],"picked":"SKIP","floor":22.0},{"not_picked":[],"picked":"MentalFortress","floor":23.0},{"not_picked":[],"picked":"FearNoEvil+1","floor":24.0},{"not_picked":["Consecrate+1"],"picked":"Singing Bowl","floor":27.0},{"not_picked":["Sanctity"],"picked":"Singing Bowl","floor":29.0},{"not_picked":["Perseverance"],"picked":"Singing Bowl","floor":31.0},{"not_picked":["MasterReality"],"picked":"Singing Bowl","floor":33.0},{"not_picked":["Vengeance"],"picked":"Singing Bowl","floor":35.0},{"not_picked":["PanicButton"],"picked":"Singing Bowl","floor":36.0},{"not_picked":[],"picked":"Trip","floor":36.0},{"not_picked":[],"picked":"Flash of Steel","floor":36.0},{"not_picked":[],"picked":"Adaptation+1","floor":39.0},{"not_picked":["CrushJoints+1"],"picked":"Singing Bowl","floor":40.0},{"not_picked":["FollowUp"],"picked":"Singing Bowl","floor":41.0},{"not_picked":["Swivel+1"],"picked":"Singing Bowl","floor":45.0},{"not_picked":[],"picked":"FlurryOfBlows+1","floor":46.0},{"not_picked":["WreathOfFlame+1"],"picked":"Singing Bowl","floor":54.0}],"player_experience":464200,"relics_obtained":[{"floor":7.0,"key":"Strawberry"},{"floor":9.0,"key":"Pen Nib"},{"floor":10.0,"key":"Mercury Hourglass"},{"floor":23.0,"key":"Singing Bowl"},{"floor":26.0,"key":"Juzu Bracelet"},{"floor":27.0,"key":"Omamori"},{"floor":31.0,"key":"Kunai"},{"floor":40.0,"key":"White Beast Statue"},{"floor":45.0,"key":"Du-Vu Doll"},{"floor":46.0,"key":"Centennial Puzzle"},{"floor":54.0,"key":"Mango"}],"event_choices":[{"cards_removed":["Strike_P"],"damage_healed":0.0,"max_hp_gain":0.0,"max_hp_loss":0.0,"gold_gain":0.0,"event_name":"The Cleric","player_choice":"Card Removal","floor":12.0,"gold_loss":50.0,"damage_taken":0.0},{"damage_healed":0.0,"max_hp_gain":0.0,"max_hp_loss":0.0,"gold_gain":0.0,"event_name":"The Mausoleum","player_choice":"Opened","floor":20.0,"gold_loss":0.0,"damage_taken":0.0,"relics_obtained":["CeramicFish"]},{"damage_healed":0.0,"max_hp_gain":0.0,"max_hp_loss":0.0,"gold_gain":0.0,"event_name":"Forgotten Altar","player_choice":"Smashed Altar","floor":25.0,"gold_loss":0.0,"damage_taken":0.0,"cards_obtained":["Decay"]},{"damage_healed":27.0,"max_hp_gain":0.0,"max_hp_loss":0.0,"gold_gain":0.0,"event_name":"The Library","player_choice":"Heal","floor":30.0,"gold_loss":0.0,"damage_taken":0.0},{"damage_healed":0.0,"max_hp_gain":0.0,"max_hp_loss":0.0,"gold_gain":0.0,"event_name":"SensoryStone","player_choice":"Memory 3","floor":36.0,"gold_loss":0.0,"damage_taken":10.0},{"cards_removed":["Strike_P"],"damage_healed":0.0,"max_hp_gain":0.0,"max_hp_loss":0.0,"gold_gain":0.0,"event_name":"Designer","player_choice":"Upgrade and Remove","floor":37.0,"gold_loss":90.0,"damage_taken":0.0,"cards_upgraded":["Defend_P"]},{"damage_healed":0.0,"max_hp_gain":0.0,"max_hp_loss":0.0,"gold_gain":0.0,"event_name":"Winding Halls","player_choice":"Embrace Madness","floor":38.0,"gold_loss":0.0,"damage_taken":11.0,"cards_obtained":["Madness","Madness"]},{"damage_healed":0.0,"max_hp_gain":0.0,"max_hp_loss":0.0,"gold_gain":0.0,"event_name":"MindBloom","player_choice":"Fight","floor":45.0,"gold_loss":0.0,"damage_taken":0.0},{"damage_healed":0.0,"max_hp_gain":0.0,"max_hp_loss":0.0,"gold_gain":0.0,"event_name":"Accursed Blacksmith","player_choice":"Forge","floor":47.0,"gold_loss":0.0,"damage_taken":0.0,"cards_upgraded":["InnerPeace"]},{"damage_healed":0.0,"max_hp_gain":0.0,"max_hp_loss":0.0,"gold_gain":0.0,"event_name":"Tomb of Lord Red Mask","player_choice":"Ignored","floor":48.0,"gold_loss":0.0,"damage_taken":0.0}],"is_beta":false,"boss_relics":[{"not_picked":["Calling Bell","Pandora\u0027s Box"],"picked":"VioletLotus"},{"not_picked":["Velvet Choker","Sozu"],"picked":"Empty Cage"}],"items_purged_floors":[8,21],"is_endless":false,"potions_floor_spawned":[2,4,11,13,16,18,23,27,29,33,35,41,45,46,54],"killed_by":"The Heart","ascension_level":11}}