{"host":"kxz5izodaorfb9am","time":1613994726,"event":{"mods":["BaseMod","GifTheSpireLib","Minty Spire (QoL Compilation)","Shop Mod","StSLib"],"gold_per_floor":[115,126,126,126,39,69,69,69,69,81,81,92,92,124,124,200,250,265,105,121,121,121,121,121],"floor_reached":23,"language":"ENG","playtime":903,"items_purged":["Strike_G"],"score":411,"play_id":"ec300d7a-be22-4034-98c0-7e010fb547cb","local_time":"20210222125206","is_ascension_mode":true,"campfire_choices":[{"data":"Noxious Fumes","floor":7,"key":"SMITH"},{"data":"Blade Dance","floor":13,"key":"SMITH"},{"data":"Caltrops","floor":15,"key":"SMITH"}],"circlet_count":0,"master_deck":["AscendersBane","Strike_G","Strike_G+1","Strike_G+1","Defend_G","Defend_G","Defend_G","Defend_G","Defend_G","Survivor","Neutralize+1","Deflect","Deflect","Decay","Noxious Fumes+1","Caltrops+1","Calculated Gamble","Blade Dance+1","Corpse Explosion","Prepared","Blade Dance","Leg Sweep","Decay"],"relics":["Ring of the Snake","NeowsBlessing","Juzu Bracelet","Ancient Tea Set","Matryoshka","Tiny House","CeramicFish"],"acts_visited":["Exordium","TheCity"],"potions_floor_usage":[14,16,18,20,23],"damage_taken":[{"damage":0,"enemies":"2 Louse","floor":1,"turns":1},{"damage":0,"enemies":"Small Slimes","floor":2,"turns":1},{"damage":0,"enemies":"3 Sentries","floor":6,"turns":2},{"damage":1,"enemies":"Cultist","floor":10,"turns":4},{"damage":1,"enemies":"Looter","floor":12,"turns":5},{"damage":21,"enemies":"Gremlin Nob","floor":14,"turns":4},{"damage":8,"enemies":"The Guardian","floor":16,"turns":11},{"damage":15,"enemies":"Shell Parasite","floor":18,"turns":8},{"damage":26,"enemies":"Spheric Guardian","floor":20,"turns":6},{"damage":19,"enemies":"Book of Stabbing","floor":23,"turns":2}],"seed_played":"-1862700754920449948","potions_obtained":[{"floor":2,"key":"Strength Potion"},{"floor":12,"key":"BlessingOfTheForge"},{"floor":16,"key":"Block Potion"},{"floor":17,"key":"EntropicBrew"}],"is_trial":false,"path_per_floor":["M","M","?","?","$","E","R","?","T","M","?","M","R","E","R","B",null,"M","$","M","?","?","E"],"character_chosen":"THE_SILENT","items_purchased":["Noxious Fumes","Leg Sweep"],"campfire_rested":0,"item_purchase_floors":[5,19],"current_hp_per_floor":[59,59,39,39,39,39,39,61,61,60,53,52,52,31,31,23,60,45,45,19,19,19,0,0],"gold":121,"neow_bonus":"THREE_ENEMY_KILL","is_daily":false,"chose_seed":false,"campfire_upgraded":3,"win_rate":0.0,"timestamp":1613994726,"path_taken":["M","M","?","?","$","E","R","?","T","M","?","M","R","E","R","BOSS","M","$","M","?","?","E"],"items_purchased_type":["Card","Card"],"build_version":"2020-12-22","purchased_purges":1,"victory":false,"max_hp_per_floor":[66,66,66,66,66,66,66,66,66,66,66,66,66,66,66,66,71,71,71,71,71,71,71,71],"card_choices":[{"not_picked":["Setup","Underhanded Strike"],"picked":"Deflect","floor":1},{"not_picked":["Skewer","Bane"],"picked":"Deflect","floor":2},{"not_picked":["Sucker Punch","Flying Knee"],"picked":"Caltrops","floor":6},{"not_picked":["Acrobatics","Underhanded Strike"],"picked":"Calculated Gamble","floor":10},{"not_picked":["Concentrate","Dagger Spray"],"picked":"Blade Dance","floor":12},{"not_picked":["Die Die Die","PiercingWail","Choke"],"picked":"SKIP","floor":14},{"not_picked":["Night Terror","A Thousand Cuts"],"picked":"Corpse Explosion","floor":16},{"not_picked":["PiercingWail","Acrobatics"],"picked":"Prepared","floor":17},{"not_picked":["Acrobatics+1","Dagger Spray"],"picked":"Blade Dance","floor":18},{"not_picked":["Dagger Throw","Bane+1","Sucker Punch"],"picked":"SKIP","floor":20}],"player_experience":356581,"relics_obtained":[{"floor":6,"key":"Juzu Bracelet"},{"floor":9,"key":"Ancient Tea Set"},{"floor":14,"key":"Matryoshka"}],"event_choices":[{"damage_healed":0,"gold_gain":0,"player_choice":"Entered Light","damage_taken":20,"max_hp_gain":0,"max_hp_loss":0,"event_name":"Shining Light","floor":3,"gold_loss":0,"cards_upgraded":["Neutralize","Strike_G"]},{"damage_healed":0,"gold_gain":0,"player_choice":"Cursed","damage_taken":0,"max_hp_gain":0,"max_hp_loss":0,"event_name":"Wheel of Change","floor":4,"gold_loss":0,"cards_obtained":["Decay"]},{"damage_healed":22,"gold_gain":0,"player_choice":"Banana","damage_taken":0,"max_hp_gain":0,"max_hp_loss":0,"event_name":"Big Fish","floor":8,"gold_loss":0},{"cards_removed":["Strike_G"],"damage_healed":0,"gold_gain":0,"player_choice":"Card Removal","damage_taken":7,"max_hp_gain":0,"max_hp_loss":0,"event_name":"Golden Wing","floor":11,"gold_loss":0},{"damage_healed":0,"gold_gain":0,"player_choice":"Smashed Altar","damage_taken":0,"max_hp_gain":0,"max_hp_loss":0,"event_name":"Forgotten Altar","floor":21,"gold_loss":0,"cards_obtained":["Decay"]},{"damage_healed":0,"gold_gain":0,"player_choice":"Gave Potion","damage_taken":0,"relics_obtained":["CeramicFish"],"max_hp_gain":0,"max_hp_loss":0,"event_name":"WeMeetAgain","floor":22,"gold_loss":0}],"is_beta":false,"boss_relics":[{"not_picked":["Coffee Dripper","Runic Pyramid"],"picked":"Tiny House"}],"items_purged_floors":[19],"is_endless":false,"potions_floor_spawned":[2,12,16,20],"killed_by":"Book of Stabbing","ascension_level":17}}