{"host":"p8bnstsjdxjza4jm","time":1613982850,"event":{"mods":["BaseMod","Colored Powertips","Minty Spire (QoL Compilation)","Quick Restart","StSLib","Together in Spire"],"gold_per_floor":[119,135,148,73,91,121,121,121,121],"floor_reached":8,"language":"KOR","playtime":2284,"items_purged":["Strike_B"],"score":61,"play_id":"9533ae9f-c320-4271-aeac-7af523e2ea88","local_time":"20210222173410","is_ascension_mode":true,"campfire_choices":[],"circlet_count":0,"master_deck":["Strike_B","Strike_B","Defend_B","Defend_B","Defend_B","Defend_B","Zap","Dualcast","Lockon","Storm","Genetic Algorithm","Loop","Ball Lightning"],"relics":["Cracked Core","NeowsBlessing","Incense Burner"],"acts_visited":["Exordium"],"potions_floor_usage":[],"damage_taken":[{"damage":0,"enemies":"Cultist","floor":1,"turns":1},{"damage":0,"enemies":"2 Louse","floor":2,"turns":1},{"damage":0,"enemies":"Small Slimes","floor":3,"turns":1},{"damage":37,"enemies":"Exordium Thugs","floor":5,"turns":6},{"damage":32,"enemies":"Gremlin Nob","floor":6,"turns":4},{"damage":10,"enemies":"3 Sentries","floor":8,"turns":2}],"seed_played":"-8460041520422381913","potions_obtained":[{"floor":1,"key":"Block Potion"}],"is_trial":false,"path_per_floor":["M","M","M","$","M","E","?","E"],"character_chosen":"DEFECT","items_purchased":[],"campfire_rested":0,"item_purchase_floors":[],"current_hp_per_floor":[75,75,75,75,38,6,6,0,0],"gold":121,"neow_bonus":"THREE_ENEMY_KILL","is_daily":false,"chose_seed":false,"campfire_upgraded":0,"win_rate":0.0,"timestamp":1613982850,"path_taken":["M","M","M","$","M","E","?","E"],"items_purchased_type":[],"build_version":"2020-12-22","purchased_purges":1,"victory":false,"max_hp_per_floor":[75,75,75,75,75,75,75,75,75],"card_choices":[{"not_picked":["Chaos","Blizzard"],"picked":"Lockon","floor":1},{"not_picked":["Go for the Eyes","Turbo"],"picked":"Storm","floor":2},{"not_picked":["Barrage","Redo"],"picked":"Genetic Algorithm","floor":3},{"not_picked":["Cold Snap","Chill"],"picked":"Loop","floor":5},{"not_picked":["Compile Driver","Turbo"],"picked":"Ball Lightning","floor":6}],"player_experience":110609,"relics_obtained":[{"floor":6,"key":"Incense Burner"}],"event_choices":[{"cards_removed":["Strike_B"],"damage_healed":0,"gold_gain":0,"player_choice":"Offered Basic","damage_taken":0,"max_hp_gain":0,"max_hp_loss":0,"event_name":"Bonfire Elementals","floor":7,"gold_loss":0}],"is_beta":false,"boss_relics":[],"items_purged_floors":[4],"is_endless":false,"potions_floor_spawned":[1],"killed_by":"3 Sentries","ascension_level":1}}