{"host":"xz7n3qy1zq36rzpg","time":1613987076,"event":{"mods":["BaseMod","Colored Map","Colored Powertips","Highlight Path","Minty Spire (QoL Compilation)","Quick Restart","Shop Mod"],"gold_per_floor":[113,129,129,148,161,161,187,217,217,242,242,306,322,322,322],"floor_reached":14,"language":"ENG","playtime":458,"items_purged":[],"score":130,"play_id":"108486dc-bf52-41c6-8d6d-935cf606fe35","local_time":"20210222104436","is_ascension_mode":true,"campfire_choices":[{"data":"Uppercut","floor":6,"key":"SMITH"},{"data":"True Grit","floor":11,"key":"SMITH"}],"circlet_count":0,"master_deck":["Strike_R+1","Strike_R","Strike_R+1","Strike_R","Strike_R","Defend_R","Defend_R","Defend_R","Defend_R","Bash","Normality","Immolate","Uppercut+1","True Grit+1","Pummel","Cleave","Pommel Strike","Clothesline"],"relics":["Burning Blood","StrikeDummy","Turnip","Self Forming Clay","Whetstone"],"acts_visited":["Exordium"],"potions_floor_usage":[7,13],"damage_taken":[{"damage":0,"enemies":"Small Slimes","floor":1,"turns":2},{"damage":7,"enemies":"2 Louse","floor":2,"turns":2},{"damage":0,"enemies":"Cultist","floor":4,"turns":3},{"damage":15,"enemies":"2 Fungi Beasts","floor":5,"turns":3},{"damage":16,"enemies":"Lagavulin","floor":7,"turns":6},{"damage":22,"enemies":"3 Sentries","floor":10,"turns":5},{"damage":25,"enemies":"Large Slime","floor":13,"turns":4},{"damage":12,"enemies":"Gremlin Nob","floor":14,"turns":2}],"seed_played":"6777380814174102295","potions_obtained":[{"floor":1,"key":"PowerPotion"},{"floor":7,"key":"ColorlessPotion"},{"floor":10,"key":"Dexterity Potion"}],"is_trial":false,"path_per_floor":["M","M","?","M","M","R","E","?","T","E","R","?","M","E"],"character_chosen":"IRONCLAD","items_purchased":[],"campfire_rested":0,"item_purchase_floors":[],"current_hp_per_floor":[78,77,59,65,56,56,46,46,46,30,30,30,11,0,0],"gold":322,"neow_bonus":"THREE_RARE_CARDS","is_daily":false,"chose_seed":false,"campfire_upgraded":2,"win_rate":0.0,"timestamp":1613987076,"path_taken":["M","M","?","M","M","R","E","?","T","E","R","?","M","E"],"items_purchased_type":[],"build_version":"2020-12-22","purchased_purges":0,"victory":false,"max_hp_per_floor":[80,80,80,80,80,80,80,80,80,80,80,80,80,80,80],"card_choices":[{"not_picked":["Feed","Exhume"],"picked":"Immolate","floor":0},{"not_picked":["Twin Strike","Iron Wave"],"picked":"Uppercut","floor":1},{"not_picked":["Evolve","Warcry"],"picked":"True Grit","floor":2},{"not_picked":["Entrench","Sword Boomerang","Havoc"],"picked":"SKIP","floor":4},{"not_picked":["Headbutt","Metallicize"],"picked":"Pummel","floor":5},{"not_picked":["Iron Wave","Bludgeon"],"picked":"Cleave","floor":7},{"not_picked":["Bludgeon","Warcry"],"picked":"Pommel Strike","floor":10},{"not_picked":["Sword Boomerang","Fire Breathing"],"picked":"Clothesline","floor":13}],"player_experience":568456,"relics_obtained":[{"floor":7,"key":"Turnip"},{"floor":9,"key":"Self Forming Clay"},{"floor":10,"key":"Whetstone"}],"event_choices":[{"damage_healed":0,"gold_gain":0,"player_choice":"Success","damage_taken":18,"relics_obtained":["StrikeDummy"],"max_hp_gain":0,"max_hp_loss":0,"event_name":"Scrap Ooze","floor":3,"gold_loss":0},{"damage_healed":0,"gold_gain":30,"player_choice":"Searched \u00272\u0027 times","damage_taken":0,"max_hp_gain":0,"max_hp_loss":0,"event_name":"Dead Adventurer","floor":8,"gold_loss":0},{"damage_healed":0,"gold_gain":64,"player_choice":"Gained Gold","damage_taken":0,"max_hp_gain":0,"max_hp_loss":0,"event_name":"Golden Wing","floor":12,"gold_loss":0}],"is_beta":false,"boss_relics":[],"items_purged_floors":[],"is_endless":false,"potions_floor_spawned":[1,7,10],"killed_by":"Gremlin Nob","ascension_level":6}}