{"host":"h3ogdo6no3ehk88q","time":1613956933,"event":{"mods":["AchievementEnabler","BaseMod","Downfall","Minty Spire (QoL Compilation)","StSLib","SuperFastMode"],"gold_per_floor":[113,113,123,123,133,208,233,233,252,321,372,372,404,369,50,50,67,67,164,164,164,268,268,281,281,381,62,72,72,107,107,134,215,244,244,272,51,66,82,82,82,182,182,199,217,217,21,41,55,55,73,73,73,97,123,138,138,151,178,178,178,178,178,6,34,34],"floor_reached":67,"language":"ENG","playtime":2181,"items_purged":["Well Laid Plans+1"],"score":2626,"play_id":"1a749481-e42d-4a9b-a494-0d25dabaf3f9","local_time":"20210221202213","is_ascension_mode":true,"campfire_choices":[{"data":"Leg Sweep","floor":8,"key":"SMITH"},{"floor":16,"key":"REST"},{"data":"Flechettes","floor":18,"key":"SMITH"},{"floor":21,"key":"REST"},{"floor":29,"key":"REST"},{"data":"Malaise","floor":31,"key":"SMITH"},{"data":"Catalyst","floor":40,"key":"SMITH"},{"data":"Catalyst","floor":41,"key":"SMITH"},{"data":"Outmaneuver","floor":50,"key":"SMITH"},{"floor":52,"key":"REST"},{"floor":57,"key":"RECALL"},{"floor":60,"key":"REST"},{"data":"Tactician","floor":63,"key":"SMITH"}],"circlet_count":0,"master_deck":["AscendersBane","Defend_G","Defend_G","Defend_G","Defend_G","Defend_G","Survivor","Neutralize","Deadly Poison+1","Leg Sweep+1","Flechettes+1","Backflip","PiercingWail","Envenom+1","Corpse Explosion","Cloak And Dagger+1","Prepared+1","Bouncing Flask+1","Noxious Fumes+1","Malaise+1","Blade Dance","After Image+1","Outmaneuver+1","Catalyst+1","Calculated Gamble+1","Catalyst+1","Adrenaline+1","PiercingWail","Tactician+1","Noxious Fumes+1","Noxious Fumes+1"],"relics":["Ring of the Snake","Dead Branch","Frozen Egg 2","Art of War","Happy Flower","Ancient Tea Set","Mummified Hand","Runic Pyramid","Astrolabe","Mango","PreservedInsect","Pantograph","Bottled Flame","Boot","Oddly Smooth Stone","Empty Cage","ClockworkSouvenir","Snake Skull","Ninja Scroll","Orichalcum","Membership Card","Eternal Feather"],"acts_visited":["Exordium","TheCity","TheBeyond","TheEnding"],"potions_floor_usage":[7,19,49,59,66,66],"damage_taken":[{"damage":4,"enemies":"Jaw Worm","floor":1,"turns":5},{"damage":7,"enemies":"2 Louse","floor":3,"turns":3},{"damage":1,"enemies":"Small Slimes","floor":5,"turns":5},{"damage":27,"enemies":"Gremlin Nob","floor":7,"turns":5},{"damage":0,"enemies":"Looter","floor":9,"turns":3},{"damage":30,"enemies":"3 Sentries","floor":13,"turns":7},{"damage":8,"enemies":"Large Slime","floor":17,"turns":5},{"damage":30,"enemies":"Hexaghost","floor":19,"turns":12},{"damage":4,"enemies":"Hexaghost","floor":22,"turns":9},{"damage":7,"enemies":"Spheric Guardian","floor":24,"turns":5},{"damage":6,"enemies":"Shell Parasite","floor":28,"turns":5},{"damage":2,"enemies":"Book of Stabbing","floor":30,"turns":6},{"damage":15,"enemies":"Slavers","floor":34,"turns":2},{"damage":2,"enemies":"Book of Stabbing","floor":36,"turns":4},{"damage":0,"enemies":"Snake Plant","floor":38,"turns":3},{"damage":3,"enemies":"Chosen and Byrds","floor":39,"turns":3},{"damage":0,"enemies":"Collector","floor":42,"turns":5},{"damage":3,"enemies":"Orb Walker","floor":44,"turns":2},{"damage":0,"enemies":"3 Darklings","floor":45,"turns":2},{"damage":13,"enemies":"Maw","floor":48,"turns":6},{"damage":0,"enemies":"4 Shapes","floor":49,"turns":3},{"damage":11,"enemies":"Writhing Mass","floor":51,"turns":6},{"damage":0,"enemies":"Nemesis","floor":55,"turns":3},{"damage":0,"enemies":"Jaw Worm Horde","floor":56,"turns":3},{"damage":0,"enemies":"4 Shapes","floor":58,"turns":1},{"damage":21,"enemies":"Reptomancer","floor":59,"turns":4},{"damage":6,"enemies":"Donu and Deca","floor":61,"turns":5},{"damage":0,"enemies":"Shield and Spear","floor":65,"turns":3},{"damage":56,"enemies":"The Heart","floor":66,"turns":8}],"seed_played":"-5197244405748889685","potions_obtained":[{"floor":3,"key":"DuplicationPotion"},{"floor":9,"key":"GamblersBrew"},{"floor":17,"key":"BlessingOfTheForge"},{"floor":22,"key":"BlessingOfTheForge"},{"floor":24,"key":"DuplicationPotion"},{"floor":35,"key":"LiquidBronze"},{"floor":45,"key":"PowerPotion"},{"floor":49,"key":"Fruit Juice"},{"floor":58,"key":"Swift Potion"},{"floor":59,"key":"CunningPotion"}],"is_trial":false,"path_per_floor":["M","?","M","?","M","?","E","R","M","T","T","T","E","?","$","R","M","R","B",null,"R","B",null,"M","?","?","$","M","R","E","R","T","T","E","?","E","$","M","M","R","R","B",null,"M","M","?","$","M","M","R","M","R","T","T","E","M","R","M","E","R","B",null,"R","$","E","B",null],"character_chosen":"THE_SILENT","items_purchased":["Well Laid Plans+1","Mummified Hand","Noxious Fumes+1","Malaise","Catalyst","Oddly Smooth Stone","ClockworkSouvenir","Tactician","Membership Card","SkillPotion"],"campfire_rested":5,"item_purchase_floors":[15,15,27,27,37,37,47,47,64,64],"current_hp_per_floor":[66,66,59,77,76,65,38,38,38,38,38,38,8,27,27,50,42,42,12,12,35,31,66,59,45,45,45,39,63,75,75,75,75,60,60,58,58,58,55,55,55,80,92,89,89,89,89,76,81,81,70,100,100,100,100,100,100,100,79,101,95,100,100,100,100,45],"gold":34,"neow_bonus":"TEN_PERCENT_HP_BONUS","is_daily":false,"chose_seed":false,"campfire_upgraded":7,"win_rate":0.0,"timestamp":1613956933,"path_taken":["M","?","M","?","M","?","E","R","M","T","T","?","E","?","$","R","M","R","BOSS","R","BOSS","M","?","?","$","?","R","E","R","T","T","E","?","E","$","?","M","R","R","BOSS","M","M","?","$","M","?","R","M","R","T","T","E","M","R","M","E","R","BOSS","R","$","E","BOSS"],"items_purchased_type":["Card","Relic","Card","Card","Card","Relic","Relic","Card","Relic","Potion"],"build_version":"2020-12-22","purchased_purges":1,"victory":true,"max_hp_per_floor":[77,77,77,77,77,77,77,77,77,77,77,77,77,77,77,77,77,77,77,77,77,77,77,77,82,82,82,82,82,96,96,96,96,96,96,96,96,96,96,96,96,96,96,96,96,96,96,96,101,101,101,101,101,101,101,101,101,101,101,101,101,101,101,101,101,101],"card_choices":[{"not_picked":["Sucker Punch","Prepared"],"picked":"Deadly Poison","floor":1},{"not_picked":["Heel Hook","Flying Knee","Quick Slash"],"picked":"SKIP","floor":3},{"not_picked":["Endless Agony","Concentrate"],"picked":"Leg Sweep","floor":5},{"not_picked":["Backstab","Dagger Spray"],"picked":"Flechettes","floor":7},{"not_picked":["Setup","Heel Hook","Bullet Time"],"picked":"SKIP","floor":9},{"not_picked":["PiercingWail","Calculated Gamble"],"picked":"Backflip","floor":13},{"not_picked":["Slice","Poisoned Stab"],"picked":"PiercingWail","floor":17},{"not_picked":["Glass Knife","Storm of Steel"],"picked":"Envenom+1","floor":19},{"not_picked":["Storm of Steel","Bullet Time"],"picked":"Corpse Explosion","floor":22},{"not_picked":["Riddle With Holes","Dagger Spray","Quick Slash"],"picked":"SKIP","floor":24},{"not_picked":["Slice","Backflip"],"picked":"Blade Dance","floor":28},{"not_picked":["Dagger Spray","Choke"],"picked":"After Image+1","floor":30},{"not_picked":["Slice","Blade Dance","All Out Attack"],"picked":"SKIP","floor":34},{"not_picked":["Concentrate","Blade Dance","Outmaneuver"],"picked":"SKIP","floor":36},{"not_picked":["Concentrate","Blade Dance"],"picked":"Outmaneuver","floor":36},{"not_picked":["Catalyst","Poisoned Stab"],"picked":"Calculated Gamble+1","floor":38},{"not_picked":["Deadly Poison","Dagger Spray","Catalyst"],"picked":"SKIP","floor":39},{"not_picked":["Deadly Poison","Dagger Spray"],"picked":"Catalyst","floor":39},{"not_picked":["Phantasmal Killer","Burst"],"picked":"Adrenaline","floor":42},{"not_picked":["Setup","Predator"],"picked":"PiercingWail","floor":44},{"not_picked":["Deadly Poison","Calculated Gamble","Sucker Punch+1"],"picked":"SKIP","floor":45},{"not_picked":["Skewer","Deadly Poison"],"picked":"Noxious Fumes+1","floor":48},{"not_picked":["Acrobatics","Backflip+1","Endless Agony"],"picked":"SKIP","floor":49},{"not_picked":["Setup+1","Slice","Flechettes+1"],"picked":"SKIP","floor":51},{"not_picked":["Well Laid Plans+1","Masterful Stab","Prepared"],"picked":"SKIP","floor":55},{"not_picked":["Blade Dance+1","Backstab","Prepared"],"picked":"SKIP","floor":56},{"not_picked":["PiercingWail+1","Sucker Punch+1","Heel Hook"],"picked":"SKIP","floor":58},{"not_picked":["Accuracy+1","Glass Knife"],"picked":"Noxious Fumes+1","floor":59},{"not_picked":["Sucker Punch","Riddle With Holes","Cloak And Dagger+1"],"picked":"SKIP","floor":65}],"player_experience":954852,"relics_obtained":[{"floor":7,"key":"Dead Branch"},{"floor":10,"key":"Frozen Egg 2"},{"floor":11,"key":"Art of War"},{"floor":12,"key":"Happy Flower"},{"floor":13,"key":"Ancient Tea Set"},{"floor":30,"key":"Mango"},{"floor":32,"key":"PreservedInsect"},{"floor":33,"key":"Pantograph"},{"floor":34,"key":"Bottled Flame"},{"floor":36,"key":"Boot"},{"floor":53,"key":"Snake Skull"},{"floor":55,"key":"Ninja Scroll"},{"floor":59,"key":"Orichalcum"},{"floor":65,"key":"Eternal Feather"}],"event_choices":[{"damage_healed":0,"gold_gain":0,"player_choice":"Grow","damage_taken":0,"max_hp_gain":0,"max_hp_loss":0,"event_name":"Living Wall","floor":2,"gold_loss":0,"cards_upgraded":["Deadly Poison"]},{"damage_healed":25,"gold_gain":0,"player_choice":"Banana","damage_taken":0,"max_hp_gain":0,"max_hp_loss":0,"event_name":"Big Fish","floor":4,"gold_loss":0},{"damage_healed":0,"gold_gain":75,"player_choice":"Gather Gold","damage_taken":11,"max_hp_gain":0,"max_hp_loss":0,"event_name":"World of Goop","floor":6,"gold_loss":0},{"damage_healed":19,"gold_gain":0,"player_choice":"Healed","damage_taken":0,"max_hp_gain":0,"max_hp_loss":0,"event_name":"The Cleric","floor":14,"gold_loss":35},{"damage_healed":0,"gold_gain":0,"player_choice":"Shed Blood","damage_taken":19,"max_hp_gain":5,"max_hp_loss":0,"event_name":"Forgotten Altar","floor":25,"gold_loss":0},{"damage_healed":0,"gold_gain":100,"player_choice":"Pray","damage_taken":0,"max_hp_gain":0,"max_hp_loss":0,"event_name":"Golden Shrine","floor":26,"gold_loss":0},{"damage_healed":0,"gold_gain":0,"player_choice":"Got Potions","damage_taken":0,"max_hp_gain":0,"max_hp_loss":0,"event_name":"Lab","floor":35,"gold_loss":0},{"damage_healed":0,"gold_gain":0,"player_choice":"Forge","damage_taken":0,"max_hp_gain":0,"max_hp_loss":0,"event_name":"Accursed Blacksmith","floor":46,"gold_loss":0,"cards_upgraded":["Adrenaline"]}],"is_beta":false,"boss_relics":[{"not_picked":["Runic Dome","Sozu"],"picked":"Runic Pyramid"},{"not_picked":["WristBlade","Philosopher\u0027s Stone"],"picked":"Astrolabe"},{"not_picked":["bronze:MakeshiftBattery","SlaversCollar"],"picked":"Empty Cage"}],"items_purged_floors":[27],"is_endless":false,"potions_floor_spawned":[3,9,17,22,24,36,42,45,48,49,58,59],"ascension_level":12}}