{"host":"dt8tt9y5uobrbn6j","time":1613960538,"event":{"mods":["Act Like it!","BaseMod","Better Third Choice","BetterRewards","Bossed Relics","Card Forge","Colored Powertips","Conspire","Dota2Spire","Minty Spire (QoL Compilation)","Quick Restart","Relic Stats","Reliquary","Retaliation","Ruina","Shop Mod","StSLib","¡¾ÒÅÎï¿¨ÅÆ¡¿REMEMod","óô»ðÖ¸ÄÏ"],"gold_per_floor":[65,340,357,372,372,400,418,418,418],"floor_reached":8,"language":"ZHS","playtime":467,"items_purged":["Strike_G","Strike_G"],"score":141,"play_id":"4a6d54da-a13b-41d6-9110-2041b9242c8b","local_time":"20210222102218","is_ascension_mode":true,"campfire_choices":[],"circlet_count":0,"master_deck":["AscendersBane","Strike_G","Strike_G","Strike_G","Defend_G","Defend_G","Defend_G","Defend_G","Defend_G","Survivor","Neutralize","REME_GrazeFinale","Backflip","Footwork","Well Laid Plans","Expertise","Reflex","Prepared"],"relics":["Ring of the Snake","Hammer of Thor","Seething Fire","Anvil of the Gods","REME_ComplimentaryCards","TheAbacus","Lantern","Shovel","Membership Card","Orichalcum","REME_HourglassOfDeath","conspire:Boomerang","conspire:InfiniteJournal","Chemical X","Dota2Spire:Satanic","conspire:TreasureMap","Dota2Spire:DivineRapier","MealTicket","WingedGreaves","reliquary:BrokenClock","Dota2Spire:HeartOfTarrasque","Dota2Spire:Butterfly","Mango","Dota2Spire:Dagon"],"acts_visited":["Exordium"],"potions_floor_usage":[],"damage_taken":[{"damage":0.0,"enemies":"Small Slimes","floor":1.0,"turns":3.0},{"damage":0.0,"enemies":"Cultist","floor":3.0,"turns":2.0},{"damage":12.0,"enemies":"2 Louse","floor":4.0,"turns":3.0},{"damage":25.0,"enemies":"3 Sentries","floor":6.0,"turns":5.0},{"damage":0.0,"enemies":"Red Slaver","floor":7.0,"turns":2.0},{"damage":25,"enemies":"Lagavulin","floor":8,"turns":2}],"seed_played":"3703771759545600598","potions_obtained":[{"floor":3.0,"key":"Dota2Spire:Clarity"},{"floor":6.0,"key":"DDmod:CleansePotion"}],"is_trial":false,"path_per_floor":["M","?","M","M","T","E","M","E"],"character_chosen":"THE_SILENT","items_purchased":["TheAbacus","Lantern","Shovel","REME_GrazeFinale","Membership Card","Orichalcum","Backflip","REME_HourglassOfDeath","Chemical X","Footwork","conspire:TreasureMap","MealTicket","Well Laid Plans","Expertise","reliquary:BrokenClock","Reflex"],"campfire_rested":0,"item_purchase_floors":[0,0,0,0,0,0,0,0,0,0,0,0,0,0,0,0],"current_hp_per_floor":[25,25,25,13,27,2,2,0,0],"gold":418,"neow_bonus":"","is_daily":false,"chose_seed":false,"campfire_upgraded":0,"win_rate":0.0,"timestamp":1613960538,"path_taken":["M","?","?","M","?","E","M","E"],"items_purchased_type":["Relic","Relic","Relic","Card","Relic","Relic","Card","Relic","Relic","Card","Relic","Relic","Card","Card","Relic","Card"],"build_version":"2020-12-22","purchased_purges":2,"victory":false,"max_hp_per_floor":[74,74,74,74,88,88,88,88,88],"relic_stats":{"TheAbacus":[486],"Shovel":0,"counters":[73,237],"MealTicket":66,"Chemical X":[15],"Orichalcum":[24],"obtain_stats":[{"Dota2Spire:MaskOfMadness":23,"reliquary:IvoryTrinket":29,"Dota2Spire:PowerTreads":55,"Gremlin Horn":3,"reliquary:PartyBalloon":23,"Dota2Spire:ArmletOfMordiggian":14,"Hammer of Thor":0,"Dota2Spire:RefresherOrb":34,"reliquary:Tamtam":0,"reliquary:QuartzCube":0,"Sling":0,"Old Coin":42,"Dota2Spire:Satanic":25,"Centennial Puzzle":0,"Dota2Spire:CrimsonGuard":8,"Dota2Spire:EyeOfSkadi":45,"conspire:DecoderRing":25,"MealTicket":0,"Dota2Spire:DivineRapier":0,"HandDrill":0,"reliquary:FingerTrap":0,"reliquary:Vitrine":15,"REME_OnlineShoppingPlatform":0,"Dota2Spire:HandOfMidas":31,"Girya":0,"MerchantsRug":20,"conspire:TreasureMap":0,"Dota2Spire:UrnOfShadows":13,"Happy Flower":46,"Dota2Spire:Dagon":6,"conspire:Boomerang":0,"Dota2Spire:HeartOfTarrasque":0,"reliquary:WeakTea":0,"Question Card":27,"Akabeko":10,"reliquary:Bookmark":0,"reliquary:JackalopeAntler":26,"OrangePellets":24,"Bottled Flame":45,"Dota2Spire:AghanimScepter":27,"reliquary:PorcupineQuills":27,"REME_HourglassOfDeath":0,"Anvil of the Gods":0,"reliquary:BrokenClock":0,"Black Star":17,"reliquary:Knoch":43,"Dota2Spire:MonkeyKingBar":53,"Dota2Spire:PhaseBoots":22,"Lantern":0,"Regal Pillow":7,"reliquary:SilkGlove":23,"reliquary:Firecrackers":25,"reliquary:BoilingFlask":41,"Mango":0,"Dota2Spire:Vanguard":55,"Bag of Preparation":0,"PrismaticShard":0,"Smiling Mask":48,"Burning Blood":0,"conspire:TopHat":55,"conspire:InfiniteJournal":0,"reliquary:TridentHead":0,"Frozen Eye":20,"reliquary:HotPoker":43,"Shovel":0,"TheAbacus":37,"Gambling Chip":12,"reliquary:Buckler":0,"WingedGreaves":0,"Dota2Spire:AssaultCuirass":49,"Chemical X":0,"Dota2Spire:ArcaneBoots":7,"Runic Pyramid":17,"Ring of the Snake":0,"Lee\u0027s Waffle":45,"The Courier":40,"PreservedInsect":0,"Seething Fire":0,"Orichalcum":0,"MawBank":11,"Medical Kit":28,"CaptainsWheel":26,"Busted Crown":34,"Dota2Spire:Butterfly":0,"Orrery":54,"reliquary:Stiletto":9,"REME_HandOfSuture":29,"Dota2Spire:OctarineCore":38,"Champion Belt":32,"Membership Card":30,"PureWater":0,"DDmod:BarbedSlagRelic":36,"REME_ComplimentaryCards":0},{"Dota2Spire:MaskOfMadness":15,"reliquary:IvoryTrinket":52,"Dota2Spire:PowerTreads":33,"Gremlin Horn":2,"reliquary:PartyBalloon":49,"Dota2Spire:ArmletOfMordiggian":10,"Hammer of Thor":0,"Dota2Spire:RefresherOrb":22,"reliquary:Tamtam":0,"reliquary:QuartzCube":0,"Sling":34,"Old Coin":27,"Dota2Spire:Satanic":50,"Centennial Puzzle":34,"Dota2Spire:CrimsonGuard":5,"Dota2Spire:EyeOfSkadi":60,"conspire:DecoderRing":50,"MealTicket":34,"Dota2Spire:DivineRapier":67,"HandDrill":0,"reliquary:FingerTrap":0,"reliquary:Vitrine":10,"REME_OnlineShoppingPlatform":34,"Dota2Spire:HandOfMidas":21,"Girya":34,"MerchantsRug":47,"conspire:TreasureMap":67,"Dota2Spire:UrnOfShadows":43,"Happy Flower":29,"Dota2Spire:Dagon":71,"conspire:Boomerang":67,"Dota2Spire:HeartOfTarrasque":67,"reliquary:WeakTea":34,"Question Card":51,"Akabeko":6,"reliquary:Bookmark":34,"reliquary:JackalopeAntler":50,"OrangePellets":49,"Bottled Flame":28,"Dota2Spire:AghanimScepter":51,"reliquary:PorcupineQuills":17,"REME_HourglassOfDeath":67,"Anvil of the Gods":0,"reliquary:BrokenClock":0,"Black Star":45,"reliquary:Knoch":58,"Dota2Spire:MonkeyKingBar":32,"Dota2Spire:PhaseBoots":14,"Lantern":0,"Regal Pillow":5,"reliquary:SilkGlove":49,"reliquary:Firecrackers":16,"reliquary:BoilingFlask":57,"Mango":0,"Dota2Spire:Vanguard":66,"Bag of Preparation":34,"PrismaticShard":0,"Smiling Mask":30,"Burning Blood":0,"conspire:TopHat":66,"conspire:InfiniteJournal":67,"reliquary:TridentHead":0,"Frozen Eye":12,"reliquary:HotPoker":27,"Shovel":0,"TheAbacus":23,"Gambling Chip":8,"reliquary:Buckler":0,"WingedGreaves":67,"Dota2Spire:AssaultCuirass":30,"Chemical X":34,"Dota2Spire:ArcaneBoots":39,"Runic Pyramid":11,"Ring of the Snake":0,"Lee\u0027s Waffle":28,"The Courier":25,"PreservedInsect":34,"Seething Fire":0,"Orichalcum":67,"MawBank":41,"Medical Kit":51,"CaptainsWheel":16,"Busted Crown":53,"Dota2Spire:Butterfly":67,"Orrery":65,"reliquary:Stiletto":39,"REME_HandOfSuture":52,"Dota2Spire:OctarineCore":24,"Champion Belt":21,"Membership Card":52,"PureWater":0,"DDmod:BarbedSlagRelic":23,"REME_ComplimentaryCards":0},{"Dota2Spire:MaskOfMadness":53,"reliquary:IvoryTrinket":176,"Dota2Spire:PowerTreads":110,"Gremlin Horn":2,"reliquary:PartyBalloon":163,"Dota2Spire:ArmletOfMordiggian":29,"Hammer of Thor":0,"Dota2Spire:RefresherOrb":79,"reliquary:Tamtam":0,"reliquary:QuartzCube":0,"Sling":119,"Old Coin":91,"Dota2Spire:Satanic":170,"Centennial Puzzle":119,"Dota2Spire:CrimsonGuard":11,"Dota2Spire:EyeOfSkadi":196,"conspire:DecoderRing":170,"MealTicket":119,"Dota2Spire:DivineRapier":222,"HandDrill":0,"reliquary:FingerTrap":0,"reliquary:Vitrine":29,"REME_OnlineShoppingPlatform":119,"Dota2Spire:HandOfMidas":70,"Girya":119,"MerchantsRug":159,"conspire:TreasureMap":222,"Dota2Spire:UrnOfShadows":146,"Happy Flower":97,"Dota2Spire:Dagon":233,"conspire:Boomerang":222,"Dota2Spire:HeartOfTarrasque":222,"reliquary:WeakTea":119,"Question Card":172,"Akabeko":17,"reliquary:Bookmark":119,"reliquary:JackalopeAntler":170,"OrangePellets":163,"Bottled Flame":94,"Dota2Spire:AghanimScepter":172,"reliquary:PorcupineQuills":58,"REME_HourglassOfDeath":222,"Anvil of the Gods":0,"reliquary:BrokenClock":0,"Black Star":153,"reliquary:Knoch":191,"Dota2Spire:MonkeyKingBar":109,"Dota2Spire:PhaseBoots":49,"Lantern":0,"Regal Pillow":11,"reliquary:SilkGlove":163,"reliquary:Firecrackers":56,"reliquary:BoilingFlask":189,"Mango":0,"Dota2Spire:Vanguard":218,"Bag of Preparation":119,"PrismaticShard":0,"Smiling Mask":100,"Burning Blood":0,"conspire:TopHat":218,"conspire:InfiniteJournal":222,"reliquary:TridentHead":0,"Frozen Eye":45,"reliquary:HotPoker":91,"Shovel":0,"TheAbacus":82,"Gambling Chip":24,"reliquary:Buckler":0,"WingedGreaves":222,"Dota2Spire:AssaultCuirass":100,"Chemical X":119,"Dota2Spire:ArcaneBoots":135,"Runic Pyramid":42,"Ring of the Snake":0,"Lee\u0027s Waffle":94,"The Courier":85,"PreservedInsect":119,"Seething Fire":0,"Orichalcum":222,"MawBank":141,"Medical Kit":172,"CaptainsWheel":56,"Busted Crown":181,"Dota2Spire:Butterfly":222,"Orrery":215,"reliquary:Stiletto":135,"REME_HandOfSuture":176,"Dota2Spire:OctarineCore":83,"Champion Belt":70,"Membership Card":176,"PureWater":0,"DDmod:BarbedSlagRelic":82,"REME_ComplimentaryCards":0}],"Ring of the Snake":[12]},"card_choices":[{"not_picked":["Crippling Poison","Poisoned Stab","Cloak And Dagger"],"picked":"SKIP","floor":1.0},{"not_picked":["Deflect","Quick Slash"],"picked":"Prepared","floor":3.0},{"not_picked":["Endless Agony","Poisoned Stab","Slice"],"picked":"SKIP","floor":4.0},{"not_picked":["Setup","Infinite Blades","Cloak And Dagger"],"picked":"SKIP","floor":6.0},{"not_picked":["Reflex","REME_ShadowStrike","REME_GreenPollution"],"picked":"SKIP","floor":7.0}],"player_experience":910037,"relics_obtained":[{"floor":5.0,"key":"Mango"},{"floor":6.0,"key":"Dota2Spire:Dagon"}],"event_choices":[{"damage_healed":0.0,"max_hp_gain":0.0,"max_hp_loss":0.0,"gold_gain":275.0,"event_name":"Golden Shrine","player_choice":"Desecrate","floor":2.0,"gold_loss":0.0,"damage_taken":0.0,"cards_obtained":["Regret"]}],"is_beta":false,"boss_relics":[],"items_purged_floors":[0,0],"is_endless":false,"potions_floor_spawned":[3,6],"killed_by":"Lagavulin","ascension_level":20}}