{"host":"iyj530209nkhhjuz","time":1613995348,"event":{"mods":["AchievementEnabler","BaseMod","Better Match","Better Note","Better Third Choice","BetterRewards","Colored Map","Colored Powertips","Dark Map","Fox Events","Highlight Path","Minty Spire (QoL Compilation)","Permanent Neow","Random Character Button","Rare Cards Sparkle","Relic Stats","StSLib","Waifu the Spire"],"gold_per_floor":[112,128,141,91,91,122,8,39,39,56,86,86,36,36,36,132,132,156,181,205,226,240,284,308,352,352,352,352,373,373,411,411,502,502,525,556,581,606,606,649,362,362,362,400,194,212,226,226,226,226,226,226,24,55,55],"floor_reached":56,"language":"ENG","playtime":3297,"items_purged":["Strike_R","Strike_R","Defend_R","Strike_R","Defend_R","Defend_R"],"score":2492,"play_id":"ba46a403-f1b4-4d40-9419-120ec0f485d2","local_time":"20210222130228","is_ascension_mode":true,"campfire_choices":[{"data":"Limit Break","floor":15.0,"key":"SMITH"},{"data":"Heavy Blade","floor":28.0,"key":"SMITH"},{"data":"Shockwave","floor":30.0,"key":"SMITH"},{"floor":32.0,"key":"RECALL"},{"floor":42.0,"key":"REST"},{"floor":49.0,"key":"REST"},{"floor":52.0,"key":"REST"}],"circlet_count":0,"master_deck":["AscendersBane","Strike_R+1","Defend_R","Bash+1","Violence+1","Heavy Blade+1","Cleave","Flash of Steel","Shrug It Off","Warcry","Twin Strike","Sword Boomerang+1","Shrug It Off+1","Limit Break+1","Injury","Reaper","Twin Strike","Shockwave+1","Warcry+1","Headbutt","Seek+1","Warcry+1","Reaper+1","Headbutt+1","Headbutt+1","Mayhem","Heavy Blade+1","Mayhem","Limit Break"],"relics":["Burning Blood","Brimstone","White Beast Statue","Du-Vu Doll","Whetstone","The Courier","Bag of Marbles","Bird Faced Urn","Smiling Mask","Paper Frog","Golden Idol","Black Star","Bottled Lightning","Ornamental Fan","Happy Flower","Molten Egg 2","Pear","Boot","Shuriken","Fusion Hammer","Magic Flower","Red Skull","Bottled Flame","Nunchaku","War Paint","Anchor","Darkstone Periapt","Ancient Tea Set","Orichalcum","Vajra","Letter Opener","Self Forming Clay"],"acts_visited":["Exordium","TheCity","TheBeyond","TheEnding"],"potions_floor_usage":[55],"damage_taken":[{"damage":0.0,"enemies":"Jaw Worm","floor":1.0,"turns":2.0},{"damage":0.0,"enemies":"Small Slimes","floor":2.0,"turns":2.0},{"damage":0.0,"enemies":"Cultist","floor":3.0,"turns":2.0},{"damage":4.0,"enemies":"Gremlin Nob","floor":6.0,"turns":3.0},{"damage":14.0,"enemies":"Lagavulin","floor":8.0,"turns":3.0},{"damage":0.0,"enemies":"2 Fungi Beasts","floor":10.0,"turns":1.0},{"damage":0.0,"enemies":"Gremlin Nob","floor":11.0,"turns":2.0},{"damage":50.0,"enemies":"Hexaghost","floor":16.0,"turns":4.0},{"damage":0.0,"enemies":"Spheric Guardian","floor":18.0,"turns":2.0},{"damage":37.0,"enemies":"3 Byrds","floor":19.0,"turns":3.0},{"damage":5.0,"enemies":"Sentry and Sphere","floor":20.0,"turns":3.0},{"damage":10.0,"enemies":"Snecko","floor":21.0,"turns":3.0},{"damage":19.0,"enemies":"Snake Plant","floor":22.0,"turns":2.0},{"damage":21.0,"enemies":"Gremlin Leader","floor":23.0,"turns":4.0},{"damage":16.0,"enemies":"Chosen and Byrds","floor":24.0,"turns":3.0},{"damage":13.0,"enemies":"Book of Stabbing","floor":25.0,"turns":3.0},{"damage":12.0,"enemies":"Snecko","floor":29.0,"turns":3.0},{"damage":33.0,"enemies":"Slavers","floor":31.0,"turns":3.0},{"damage":22.0,"enemies":"Champ","floor":33.0,"turns":5.0},{"damage":0.0,"enemies":"3 Darklings","floor":35.0,"turns":1.0},{"damage":0.0,"enemies":"Mind Bloom Boss Battle","floor":36.0,"turns":2.0},{"damage":12.0,"enemies":"Orb Walker","floor":38.0,"turns":2.0},{"damage":37.0,"enemies":"Reptomancer","floor":40.0,"turns":4.0},{"damage":14.0,"enemies":"Giant Head","floor":44.0,"turns":3.0},{"damage":0.0,"enemies":"Jaw Worm Horde","floor":46.0,"turns":2.0},{"damage":0.0,"enemies":"Sphere and 2 Shapes","floor":47.0,"turns":2.0},{"damage":51.0,"enemies":"Time Eater","floor":50.0,"turns":3.0},{"damage":12.0,"enemies":"Shield and Spear","floor":54.0,"turns":3.0},{"damage":139,"enemies":"The Heart","floor":55,"turns":6}],"seed_played":"5667922702309231938","potions_obtained":[{"floor":1.0,"key":"BloodPotion"},{"floor":2.0,"key":"CultistPotion"},{"floor":20.0,"key":"Fruit Juice"},{"floor":21.0,"key":"Ancient Potion"},{"floor":23.0,"key":"LiquidBronze"},{"floor":29.0,"key":"BloodPotion"},{"floor":38.0,"key":"EssenceOfSteel"}],"is_trial":false,"path_per_floor":["M","M","M","?","?","E","$","E","T","M","E","T","$","?","R","B",null,"M","M","M","M","M","E","M","E","T","?","R","M","R","E","R","B",null,"M","?","T","M","?","E","$","R","T","E","$","M","M","?","R","B",null,"R","$","E","B",null],"character_chosen":"IRONCLAD","items_purchased":["Brimstone","White Beast Statue","Violence","Heavy Blade","Du-Vu Doll","Whetstone","Cleave","Flash of Steel","Shrug It Off","PowerPotion","AttackPotion","Bag of Marbles","War Paint","Anchor","Mayhem","Vajra","BlessingOfTheForge"],"campfire_rested":3,"item_purchase_floors":[0,0,0,0,0,0,0,0,0,0,0,7,41,41,45,53,53],"current_hp_per_floor":[50,71,75,75,75,75,75,67,67,73,75,75,75,75,75,31,64,70,63,69,68,55,65,80,73,83,83,83,77,77,90,90,74,86,90,90,90,87,77,90,90,90,90,90,90,90,90,72,95,95,95,95,95,95,57],"gold":55,"neow_bonus":"","is_daily":false,"chose_seed":false,"campfire_upgraded":3,"win_rate":0.0,"timestamp":1613995348,"path_taken":["M","M","M","?","?","E","$","E","T","M","E","?","?","?","R","BOSS","M","M","M","M","M","E","M","E","T","?","R","M","R","E","R","BOSS","M","?","?","M","?","E","$","R","T","E","?","?","?","?","R","BOSS","R","$","E","BOSS"],"items_purchased_type":["Relic","Relic","Card","Card","Relic","Relic","Card","Card","Card","Potion","Potion","Relic","Relic","Relic","Card","Relic","Potion"],"build_version":"2020-12-22","purchased_purges":6,"victory":true,"max_hp_per_floor":[75,75,75,75,75,75,75,75,75,75,75,75,75,75,75,75,75,75,75,80,80,80,80,80,80,90,90,90,90,90,90,90,90,90,90,90,90,90,90,90,90,90,90,90,90,90,90,95,95,95,95,95,95,95,95],"relic_stats":{"Darkstone Periapt":0,"Happy Flower":[13],"counters":[173,787],"Golden Idol":180,"Self Forming Clay":[99],"Magic Flower":[33],"Whetstone":["Strike_R","Bash","Searing Blow","Strike_R","Clash","Strike_R","Bash"],"Letter Opener":[15],"War Paint":["Violence","Shrug It Off"],"Orichalcum":[348],"Smiling Mask":320,"Boot":[0],"Burning Blood":919,"Nunchaku":[4],"Ornamental Fan":[56],"Shuriken":[13],"Bird Faced Urn":[6],"Black Star":6,"obtain_stats":[{"Mark of the Bloom":45,"Calipers":0,"Tiny House":17,"CeramicFish":10,"Vajra":0,"Ginger":46,"Whetstone":0,"Boot":45,"Lizard Tail":0,"Centennial Puzzle":6,"HornCleat":19,"FaceOfCleric":14,"DollysMirror":0,"Sundial":42,"Strawberry":31,"Prayer Wheel":8,"Fusion Hammer":34,"HandDrill":0,"Toxic Egg 2":0,"Pear":0,"Happy Flower":54,"Dead Branch":0,"Blue Candle":31,"Astrolabe":17,"Oddly Smooth Stone":0,"Charon\u0027s Ashes":12,"Pen Nib":54,"Letter Opener":21,"War Paint":48,"Question Card":0,"Akabeko":27,"Du-Vu Doll":0,"SlaversCollar":0,"OrangePellets":36,"Bottled Flame":43,"Brimstone":0,"Shuriken":31,"Bronze Scales":0,"Bird Faced Urn":34,"Molten Egg 2":25,"Mark of Pain":34,"foxEvents:LuckyCharm":14,"Black Star":17,"StrikeDummy":43,"Unceasing Top":43,"Pocketwatch":7,"Darkstone Periapt":25,"Lantern":0,"Regal Pillow":0,"Singing Bowl":0,"Torii":38,"SacredBark":17,"Magic Flower":23,"StoneCalendar":40,"Bag of Preparation":6,"Juzu Bracelet":48,"Ancient Tea Set":14,"Smiling Mask":24,"Burning Blood":0,"SsserpentHead":28,"Nunchaku":45,"Dream Catcher":12,"Pantograph":0,"Red Mask":0,"Chemical X":53,"Red Skull":34,"InkBottle":6,"Runic Pyramid":0,"Paper Frog":12,"Golden Idol":0,"Self Forming Clay":10,"Thread and Needle":9,"The Courier":0,"PreservedInsect":26,"Orichalcum":0,"Frozen Egg 2":0,"MawBank":45,"Medical Kit":53,"White Beast Statue":9,"Mercury Hourglass":22,"Calling Bell":34,"Anchor":53,"CaptainsWheel":36,"Ornamental Fan":23,"betterThird:SlimedRelic":2,"Orrery":0,"Turnip":41,"Art of War":0,"Bag of Marbles":54,"Bottled Lightning":41,"Membership Card":39,"Toy Ornithopter":12,"FossilizedHelix":47},{"Mark of the Bloom":116,"Calipers":0,"Tiny House":44,"CeramicFish":100,"Vajra":95,"Ginger":2,"Whetstone":61,"Boot":139,"Lizard Tail":95,"Centennial Puzzle":98,"HornCleat":17,"FaceOfCleric":126,"DollysMirror":0,"Sundial":55,"Strawberry":50,"Prayer Wheel":39,"Fusion Hammer":81,"HandDrill":61,"Toxic Egg 2":0,"Pear":7,"Happy Flower":6,"Dead Branch":7,"Blue Candle":80,"Astrolabe":104,"Oddly Smooth Stone":33,"Charon\u0027s Ashes":70,"Pen Nib":94,"Letter Opener":46,"War Paint":92,"Question Card":0,"Akabeko":22,"Du-Vu Doll":144,"SlaversCollar":0,"OrangePellets":25,"Bottled Flame":55,"Brimstone":144,"Shuriken":162,"Bronze Scales":0,"Bird Faced Urn":24,"Molten Egg 2":160,"Mark of Pain":111,"foxEvents:LuckyCharm":43,"Black Star":152,"StrikeDummy":28,"Unceasing Top":115,"Pocketwatch":10,"Darkstone Periapt":21,"Lantern":0,"Regal Pillow":0,"Singing Bowl":33,"Torii":53,"SacredBark":16,"Magic Flower":77,"StoneCalendar":54,"Bag of Preparation":38,"Juzu Bracelet":58,"Ancient Tea Set":15,"Smiling Mask":77,"Burning Blood":0,"SsserpentHead":49,"Nunchaku":29,"Dream Catcher":102,"Pantograph":121,"Red Mask":0,"Chemical X":142,"Red Skull":24,"InkBottle":66,"Runic Pyramid":0,"Paper Frog":151,"Golden Idol":0,"Self Forming Clay":12,"Thread and Needle":39,"The Courier":0,"PreservedInsect":109,"Orichalcum":0,"Frozen Egg 2":61,"MawBank":1,"Medical Kit":93,"White Beast Statue":11,"Mercury Hourglass":19,"Calling Bell":24,"Anchor":93,"CaptainsWheel":113,"Ornamental Fan":20,"betterThird:SlimedRelic":96,"Orrery":61,"Turnip":114,"Art of War":0,"Bag of Marbles":32,"Bottled Lightning":28,"Membership Card":113,"Toy Ornithopter":14,"FossilizedHelix":117},{"Mark of the Bloom":573,"Calipers":0,"Tiny House":204,"CeramicFish":488,"Vajra":474,"Ginger":13,"Whetstone":295,"Boot":684,"Lizard Tail":474,"Centennial Puzzle":483,"HornCleat":93,"FaceOfCleric":617,"DollysMirror":0,"Sundial":259,"Strawberry":233,"Prayer Wheel":182,"Fusion Hammer":394,"HandDrill":295,"Toxic Egg 2":0,"Pear":52,"Happy Flower":44,"Dead Branch":52,"Blue Candle":385,"Astrolabe":510,"Oddly Smooth Stone":157,"Charon\u0027s Ashes":333,"Pen Nib":461,"Letter Opener":214,"War Paint":448,"Question Card":0,"Akabeko":110,"Du-Vu Doll":706,"SlaversCollar":0,"OrangePellets":123,"Bottled Flame":259,"Brimstone":706,"Shuriken":754,"Bronze Scales":0,"Bird Faced Urn":122,"Molten Egg 2":748,"Mark of Pain":550,"foxEvents:LuckyCharm":195,"Black Star":725,"StrikeDummy":132,"Unceasing Top":565,"Pocketwatch":64,"Darkstone Periapt":106,"Lantern":0,"Regal Pillow":0,"Singing Bowl":157,"Torii":250,"SacredBark":88,"Magic Flower":367,"StoneCalendar":255,"Bag of Preparation":178,"Juzu Bracelet":274,"Ancient Tea Set":81,"Smiling Mask":367,"Burning Blood":0,"SsserpentHead":227,"Nunchaku":136,"Dream Catcher":495,"Pantograph":593,"Red Mask":0,"Chemical X":698,"Red Skull":122,"InkBottle":312,"Runic Pyramid":0,"Paper Frog":721,"Golden Idol":0,"Self Forming Clay":71,"Thread and Needle":182,"The Courier":0,"PreservedInsect":538,"Orichalcum":0,"Frozen Egg 2":295,"MawBank":7,"Medical Kit":455,"White Beast Statue":66,"Mercury Hourglass":99,"Calling Bell":122,"Anchor":455,"CaptainsWheel":557,"Ornamental Fan":105,"betterThird:SlimedRelic":477,"Orrery":295,"Turnip":562,"Art of War":0,"Bag of Marbles":151,"Bottled Lightning":132,"Membership Card":557,"Toy Ornithopter":78,"FossilizedHelix":577}]},"card_choices":[{"not_picked":["Clothesline","Combust"],"picked":"Warcry","floor":1.0},{"not_picked":["True Grit","Pommel Strike"],"picked":"Twin Strike","floor":2.0},{"not_picked":["Spot Weakness","Brutality"],"picked":"Sword Boomerang","floor":3.0},{"not_picked":["Rage","Body Slam","Clothesline"],"picked":"SKIP","floor":6.0},{"not_picked":["Sentinel","Ghostly Armor"],"picked":"Shrug It Off","floor":8.0},{"not_picked":["Dark Embrace","Infernal Blade","Flame Barrier"],"picked":"SKIP","floor":10.0},{"not_picked":["Anger","Perfected Strike"],"picked":"Limit Break","floor":11.0},{"not_picked":["Barricade","Limit Break"],"picked":"Reaper","floor":16.0},{"not_picked":["Anger","Perfected Strike"],"picked":"Twin Strike","floor":18.0},{"not_picked":["Iron Wave","Reckless Charge"],"picked":"Shockwave","floor":19.0},{"not_picked":["Feel No Pain","Iron Wave","Body Slam"],"picked":"SKIP","floor":20.0},{"not_picked":["Perfected Strike","Iron Wave","Shrug It Off"],"picked":"SKIP","floor":21.0},{"not_picked":["Dark Embrace","Berserk"],"picked":"Warcry+1","floor":22.0},{"not_picked":["Berserk","Clothesline"],"picked":"Headbutt","floor":23.0},{"not_picked":["Iron Wave+1","True Grit","Sentinel+1"],"picked":"SKIP","floor":24.0},{"not_picked":["Fiend Fire+1","Intimidate","Havoc"],"picked":"SKIP","floor":25.0},{"not_picked":["Twin Strike+1","Perfected Strike+1"],"picked":"Warcry+1","floor":29.0},{"not_picked":["Clothesline+1","Brutality","Corruption"],"picked":"SKIP","floor":31.0},{"not_picked":["Barricade","Exhume"],"picked":"Reaper+1","floor":33.0},{"not_picked":["Warcry+1","Clash+1","Iron Wave+1"],"picked":"SKIP","floor":35.0},{"not_picked":["Iron Wave+1","Shrug It Off"],"picked":"Headbutt+1","floor":36.0},{"not_picked":["Havoc","Cleave+1"],"picked":"Headbutt+1","floor":38.0},{"not_picked":["Swift Strike+1","Discovery"],"picked":"Mayhem","floor":39.0},{"not_picked":["Clothesline+1","Pommel Strike+1","Body Slam+1"],"picked":"SKIP","floor":40.0},{"not_picked":["Flex","Thunderclap+1"],"picked":"Heavy Blade+1","floor":44.0},{"not_picked":["Heavy Blade+1","Cleave+1","Clash+1"],"picked":"SKIP","floor":46.0},{"not_picked":["Rage","Twin Strike+1"],"picked":"Limit Break","floor":47.0},{"not_picked":["Metallicize","Sword Boomerang+1","Shrug It Off+1"],"picked":"SKIP","floor":54.0}],"player_experience":525852,"relics_obtained":[{"floor":6.0,"key":"The Courier"},{"floor":8.0,"key":"Bird Faced Urn"},{"floor":11.0,"key":"Smiling Mask"},{"floor":12.0,"key":"Paper Frog"},{"floor":23.0,"key":"Bottled Lightning"},{"floor":23.0,"key":"Ornamental Fan"},{"floor":25.0,"key":"Happy Flower"},{"floor":25.0,"key":"Molten Egg 2"},{"floor":26.0,"key":"Pear"},{"floor":31.0,"key":"Boot"},{"floor":31.0,"key":"Shuriken"},{"floor":36.0,"key":"Magic Flower"},{"floor":37.0,"key":"Red Skull"},{"floor":40.0,"key":"Bottled Flame"},{"floor":40.0,"key":"Nunchaku"},{"floor":43.0,"key":"Darkstone Periapt"},{"floor":44.0,"key":"Ancient Tea Set"},{"floor":44.0,"key":"Orichalcum"},{"floor":54.0,"key":"Letter Opener"},{"floor":54.0,"key":"Self Forming Clay"}],"event_choices":[{"cards_removed":["Strike_R"],"damage_healed":0.0,"max_hp_gain":0.0,"max_hp_loss":0.0,"gold_gain":0.0,"event_name":"The Cleric","player_choice":"Card Removal","floor":4.0,"gold_loss":50.0,"damage_taken":0.0},{"damage_healed":0.0,"max_hp_gain":0.0,"max_hp_loss":0.0,"gold_gain":0.0,"event_name":"Living Wall","player_choice":"Grow","floor":5.0,"gold_loss":0.0,"damage_taken":0.0,"cards_upgraded":["Sword Boomerang"]},{"damage_healed":0.0,"max_hp_gain":0.0,"max_hp_loss":0.0,"gold_gain":0.0,"event_name":"Golden Idol","player_choice":"Take Wound","floor":14.0,"gold_loss":0.0,"damage_taken":0.0,"relics_obtained":["Golden Idol"],"cards_obtained":["Injury"]},{"cards_removed":["Seek"],"damage_healed":0.0,"max_hp_gain":0.0,"max_hp_loss":0.0,"gold_gain":0.0,"event_name":"betterNote:BetterNote","player_choice":"Take \u0026 Give","floor":27.0,"gold_loss":0.0,"damage_taken":0.0,"cards_obtained":["Seek"]},{"damage_healed":0.0,"max_hp_gain":0.0,"max_hp_loss":0.0,"gold_gain":0.0,"event_name":"MindBloom","player_choice":"Fight","floor":36.0,"gold_loss":0.0,"damage_taken":0.0},{"damage_healed":0.0,"max_hp_gain":0.0,"max_hp_loss":0.0,"gold_gain":0.0,"event_name":"SensoryStone","player_choice":"Memory 3","floor":39.0,"gold_loss":0.0,"damage_taken":10.0},{"damage_healed":0.0,"max_hp_gain":0.0,"max_hp_loss":0.0,"gold_gain":0.0,"event_name":"betterThird:BetterPortal","player_choice":"Random: Violet","floor":48.0,"gold_loss":0.0,"damage_taken":0.0},{"damage_healed":0.0,"max_hp_gain":5.0,"max_hp_loss":0.0,"gold_gain":0.0,"event_name":"Forgotten Altar","player_choice":"Shed Blood","floor":48.0,"gold_loss":0.0,"damage_taken":23.0}],"is_beta":false,"boss_relics":[{"not_picked":["Empty Cage","Black Blood"],"picked":"Black Star"},{"not_picked":["Runic Pyramid","Cursed Key"],"picked":"Fusion Hammer"}],"items_purged_floors":[0,0,13,41,45,53],"is_endless":false,"potions_floor_spawned":[1,2,3,6,8,10,11,16,18,19,20,21,22,23,24,25,29,31,33,35,36,38,40,44,46,47,54],"ascension_level":14}}