{"host":"zwfzlkwql9nyrw94","time":1613982013,"event":{"mods":["AchievementEnabler","BaseMod","Highlight Path","Minty Spire (QoL Compilation)"],"gold_per_floor":[113,113,127,127,26,26,43,61,139,139,171,171,199,212,212,311,311,323,323,340,340,351,379,379,399,399,417,448,467,566,580,580,683,683,696,46,61,61,79,105,122,133,133,133,133],"floor_reached":44,"language":"ENG","playtime":3095,"items_purged":["Strike_R","Strike_R"],"score":494,"play_id":"d7c44111-4825-47b3-b6f3-cab2abea041d","local_time":"20210222022013","is_ascension_mode":false,"campfire_choices":[{"data":"True Grit","floor":6,"key":"SMITH"},{"data":"Body Slam","floor":10,"key":"SMITH"},{"data":"Metallicize","floor":15,"key":"SMITH"},{"data":"Juggernaut","floor":24,"key":"SMITH"},{"data":"Strike_R","floor":32,"key":"PURGE"}],"circlet_count":0,"master_deck":["Defend_R+1","Defend_R+1","Defend_R+1","Defend_R+1","Body Slam+1","True Grit+1","Metallicize+1","Metallicize+1","Juggernaut+1","Iron Wave+1","Armaments+1","Armaments+1","Searing Blow+1","Thinking Ahead+1"],"relics":["Burning Blood","Letter Opener","MealTicket","Eternal Feather","Busted Crown","Omamori","Peace Pipe","FossilizedHelix","Cursed Key","Frozen Egg 2","Mark of the Bloom","Question Card"],"acts_visited":["Exordium","TheCity","TheBeyond"],"potions_floor_usage":[11,13,16,28,33,42],"damage_taken":[{"damage":0,"enemies":"2 Louse","floor":1,"turns":2},{"damage":7,"enemies":"Small Slimes","floor":3,"turns":3},{"damage":1,"enemies":"Jaw Worm","floor":7,"turns":5},{"damage":2,"enemies":"Blue Slaver","floor":8,"turns":6},{"damage":6,"enemies":"Lagavulin","floor":11,"turns":7},{"damage":16,"enemies":"3 Sentries","floor":13,"turns":11},{"damage":0,"enemies":"3 Louse","floor":14,"turns":5},{"damage":47,"enemies":"The Guardian","floor":16,"turns":13},{"damage":12,"enemies":"2 Thieves","floor":18,"turns":5},{"damage":0,"enemies":"Chosen","floor":20,"turns":6},{"damage":2,"enemies":"Snecko","floor":22,"turns":6},{"damage":43,"enemies":"Slavers","floor":23,"turns":6},{"damage":9,"enemies":"Snake Plant","floor":25,"turns":3},{"damage":5,"enemies":"Centurion and Healer","floor":27,"turns":5},{"damage":8,"enemies":"Book of Stabbing","floor":28,"turns":5},{"damage":0,"enemies":"3 Cultists","floor":29,"turns":4},{"damage":0,"enemies":"Chosen and Byrds","floor":31,"turns":5},{"damage":24,"enemies":"Champ","floor":33,"turns":10},{"damage":0,"enemies":"Orb Walker","floor":35,"turns":4},{"damage":0,"enemies":"3 Shapes","floor":37,"turns":3},{"damage":11,"enemies":"Jaw Worm Horde","floor":39,"turns":4},{"damage":46,"enemies":"Reptomancer","floor":40,"turns":8},{"damage":8,"enemies":"3 Darklings","floor":41,"turns":6},{"damage":0,"enemies":"Maw","floor":42,"turns":6},{"damage":33,"enemies":"2 Orb Walkers","floor":44,"turns":3}],"seed_played":"8731570661377056557","potions_obtained":[{"floor":7,"key":"DistilledChaos"},{"floor":8,"key":"DistilledChaos"},{"floor":13,"key":"BlessingOfTheForge"},{"floor":22,"key":"FearPotion"},{"floor":23,"key":"GamblersBrew"},{"floor":25,"key":"DuplicationPotion"},{"floor":29,"key":"EssenceOfSteel"},{"floor":31,"key":"SpeedPotion"},{"floor":33,"key":"LiquidBronze"},{"floor":39,"key":"HeartOfIron"}],"is_trial":false,"path_per_floor":["M","?","M","?","$","R","M","M","T","R","E","?","E","M","R","B",null,"M","?","M","?","M","E","R","M","T","M","E","M","?","M","R","B",null,"M","$","M","?","M","E","M","M","T","?"],"character_chosen":"IRONCLAD","items_purchased":["True Grit","Armaments","Searing Blow","Thinking Ahead","Frozen Egg 2"],"campfire_rested":0,"item_purchase_floors":[5,36,36,36,36],"current_hp_per_floor":[88,81,80,80,80,80,85,88,88,88,88,93,83,89,93,52,93,87,87,93,93,93,56,62,59,59,60,58,64,64,70,76,58,93,93,93,93,93,82,36,28,28,28,0,0],"gold":133,"neow_bonus":"TEN_PERCENT_HP_BONUS","is_daily":false,"chose_seed":false,"campfire_upgraded":4,"win_rate":0.0,"timestamp":1613982013,"path_taken":["M","?","M","?","$","R","M","M","T","R","E","?","E","M","R","BOSS","M","?","M","?","M","E","R","M","T","M","E","M","?","M","R","BOSS","M","$","M","?","M","E","M","M","T","?"],"items_purchased_type":["Card","Card","Card","Card","Relic"],"build_version":"2020-12-22","purchased_purges":2,"victory":false,"max_hp_per_floor":[88,88,88,88,88,88,88,88,88,88,88,93,93,93,93,93,93,93,93,93,93,93,93,93,93,93,93,93,93,93,93,93,93,93,93,93,93,93,93,93,93,93,93,93,93],"card_choices":[{"not_picked":["Headbutt","Flame Barrier"],"picked":"Body Slam","floor":1},{"not_picked":["Perfected Strike","Uppercut","Thunderclap"],"picked":"SKIP","floor":3},{"not_picked":["Pummel","Havoc","Thunderclap"],"picked":"SKIP","floor":7},{"not_picked":["Reaper","Clash","Intimidate"],"picked":"SKIP","floor":8},{"not_picked":["Inflame","Bloodletting","Perfected Strike"],"picked":"SKIP","floor":11},{"not_picked":["Headbutt","Thunderclap"],"picked":"Metallicize","floor":13},{"not_picked":["Feel No Pain","Heavy Blade"],"picked":"Metallicize","floor":14},{"not_picked":["Demon Form","Limit Break"],"picked":"Juggernaut","floor":16},{"not_picked":["Havoc"],"picked":"SKIP","floor":18},{"not_picked":["Havoc+1"],"picked":"SKIP","floor":20},{"not_picked":[],"picked":"Iron Wave","floor":22},{"not_picked":["Twin Strike"],"picked":"SKIP","floor":23},{"not_picked":[],"picked":"Armaments","floor":25},{"not_picked":["Fire Breathing+1"],"picked":"SKIP","floor":27},{"not_picked":["Feel No Pain+1"],"picked":"SKIP","floor":28},{"not_picked":["Infernal Blade+1"],"picked":"SKIP","floor":29},{"not_picked":["Perfected Strike"],"picked":"SKIP","floor":31},{"not_picked":["Anger+1"],"picked":"SKIP","floor":35},{"not_picked":["True Grit"],"picked":"SKIP","floor":37},{"not_picked":["Pummel+1"],"picked":"SKIP","floor":39},{"not_picked":["Flex+1"],"picked":"SKIP","floor":40},{"not_picked":["True Grit","Body Slam"],"picked":"SKIP","floor":41},{"not_picked":["Twin Strike","Berserk+1"],"picked":"SKIP","floor":42}],"player_experience":159862,"relics_obtained":[{"floor":9,"key":"Letter Opener"},{"floor":11,"key":"MealTicket"},{"floor":13,"key":"Eternal Feather"},{"floor":23,"key":"Omamori"},{"floor":26,"key":"Peace Pipe"},{"floor":28,"key":"FossilizedHelix"},{"floor":40,"key":"Question Card"}],"event_choices":[{"cards_removed":["Strike_R"],"damage_healed":0,"gold_gain":0,"player_choice":"Card Removal","damage_taken":7,"max_hp_gain":0,"max_hp_loss":0,"event_name":"Golden Wing","floor":2,"gold_loss":0},{"cards_removed":["Strike_R"],"damage_healed":0,"gold_gain":0,"player_choice":"Forget","damage_taken":0,"max_hp_gain":0,"max_hp_loss":0,"event_name":"Living Wall","floor":4,"gold_loss":0},{"damage_healed":0,"gold_gain":0,"player_choice":"Donut","damage_taken":0,"max_hp_gain":5,"max_hp_loss":0,"event_name":"Big Fish","floor":12,"gold_loss":0},{"cards_removed":["Bash"],"damage_healed":0,"gold_gain":0,"player_choice":"Elegance","damage_taken":0,"max_hp_gain":0,"max_hp_loss":0,"event_name":"Back to Basics","floor":19,"gold_loss":0},{"damage_healed":0,"gold_gain":0,"player_choice":"Ignored","damage_taken":0,"max_hp_gain":0,"max_hp_loss":0,"event_name":"Ghosts","floor":21,"gold_loss":0},{"damage_healed":0,"gold_gain":99,"player_choice":"Stole From Cult","damage_taken":0,"max_hp_gain":0,"max_hp_loss":0,"event_name":"Nest","floor":30,"gold_loss":0},{"damage_healed":0,"gold_gain":0,"player_choice":"Upgrade","damage_taken":0,"relics_obtained":["Mark of the Bloom"],"max_hp_gain":0,"max_hp_loss":0,"event_name":"MindBloom","floor":38,"gold_loss":0,"cards_upgraded":["Defend_R","Defend_R","Defend_R","Defend_R","Metallicize","Iron Wave","Armaments","Armaments","Searing Blow","Thinking Ahead"]},{"damage_healed":0,"gold_gain":0,"player_choice":"Fight","damage_taken":0,"max_hp_gain":0,"max_hp_loss":0,"event_name":"Mysterious Sphere","floor":44,"gold_loss":0}],"is_beta":false,"boss_relics":[{"not_picked":["SlaversCollar","Tiny House"],"picked":"Busted Crown"},{"not_picked":["Runic Dome","Sozu"],"picked":"Cursed Key"}],"items_purged_floors":[5,36],"is_endless":false,"potions_floor_spawned":[7,8,13,22,23,25,29,31,33,39,40,41],"killed_by":"2 Orb Walkers","ascension_level":0}}