{"host":"ymrxmazrubg7ht5t","time":1613962002,"event":{"mods":["2.2 Compatiblity","Act Like it!","Arknights","Bartender","BaseMod","Better Match","Better Note","Colored Powertips","Conspire","Evolution","Gensokyo","HololiveMod","Infinite Spire","Jorbs\u0027s Wanderer Trilogy","Lobotomy","LobotomyExtend","Marisa????????","Minty Spire (QoL Compilation)","Relic Stats","Replay The Spire","Ruina","StSLib","The Cursed","The Marked"],"gold_per_floor":[115,115,29,40,140,167,190,206,206,206,206,239,311,326,326,425,425,439,439,439,439,154,154,154,154],"floor_reached":24,"language":"ENG","playtime":1978,"items_purged":[],"score":250,"play_id":"21e5c119-4b5e-47dd-98c0-50e2d91084dc","local_time":"20210221224642","is_ascension_mode":false,"campfire_choices":[{"data":"ats:Burning Ground","floor":11,"key":"SMITH"},{"floor":15,"key":"DIG"},{"floor":23,"key":"REST"}],"circlet_count":0,"master_deck":["ats:Hammer On","ats:Strike G","ats:Strike S","ats:Strike V","ats:Armor Crushing Shot","ats:Defend","ats:Defend","ats:Defend","ats:Defend","ats:Emotion Absorption","ats:Thorns","Panacea+1","ats:Burning Ground+1","ats:Closed Bolt Burst Fire","ats:Guardian Obelisk","ats:Volcano","ats:Ignite","ats:Very Hot Blade","ats:Sword Rain","ats:Echo Reverb","ats:Charging Defense","ruina:GoldRush"],"relics":["ats:Sanity","EVO:Axolotl","NeowsBlessing","ats:Originium","ats:Ability Aura","ats:Rhine Circuitry","Bronze Scales","Replay:Multitool","Replay:Ringing Soul","Strawberry","Ring of Misfortune","Ring of Panic","conspire:InfiniteJournal"],"acts_visited":["Gensokyo:Gensokyo","ruina:Briah"],"potions_floor_usage":[12,18,24,24],"damage_taken":[{"damage":0,"enemies":"Gensokyo:Gryphon","floor":1,"turns":1},{"damage":0,"enemies":"Gensokyo:2_Kodama","floor":4,"turns":1},{"damage":0,"enemies":"Gensokyo:Cirno","floor":6,"turns":2},{"damage":2,"enemies":"Gensokyo:Python","floor":8,"turns":4},{"damage":18,"enemies":"Gensokyo:Aya","floor":12,"turns":4},{"damage":0,"enemies":"Gensokyo:LivingMonolith","floor":14,"turns":3},{"damage":23,"enemies":"Gensokyo:Kokoro","floor":16,"turns":10},{"damage":36,"enemies":"ruina:Nosferatu","floor":18,"turns":7},{"damage":85,"enemies":"ruina:Mountain","floor":24,"turns":6}],"seed_played":"3859586471325699261","potions_obtained":[{"floor":1,"key":"Swift Potion"},{"floor":8,"key":"Weak Potion"},{"floor":14,"key":"LiquidMemories"},{"floor":18,"key":"EssenceOfSteel"}],"is_trial":false,"path_per_floor":["M","?","$","M","?","E","T","M","T","?","R","E","T","M","R","B",null,"M","?","?","?","$","R","E"],"character_chosen":"DOCTOR_CLASS","items_purchased":["ats:Burning Ground","ats:Closed Bolt Burst Fire","conspire:InfiniteJournal"],"campfire_rested":1,"item_purchase_floors":[3,3,22],"current_hp_per_floor":[72,72,72,72,72,72,72,70,70,70,70,52,52,55,62,42,85,52,52,55,55,55,82,0,0],"gold":154,"neow_bonus":"THREE_ENEMY_KILL","is_daily":false,"chose_seed":false,"campfire_upgraded":1,"win_rate":0.0,"timestamp":1613962002,"path_taken":["M","?","$","?","?","E","?","?","T","?","R","E","?","M","R","BOSS","M","?","?","?","?","R","E"],"items_purchased_type":["Card","Card","Relic"],"build_version":"2020-12-22","purchased_purges":0,"victory":false,"max_hp_per_floor":[72,72,72,72,72,72,72,72,72,72,72,72,72,75,82,85,85,88,88,91,91,91,91,91,91],"relic_stats":{"counters":[9,38],"Bronze Scales":[72],"obtain_stats":[{"ats:Ability Aura":6,"NeowsBlessing":0,"Replay:Multitool":12,"EVO:Axolotl":0,"conspire:InfiniteJournal":22,"Replay:Ringing Soul":13,"ats:Originium":6,"Bronze Scales":9,"Strawberry":15,"Ring of Misfortune":21,"ats:Sanity":0,"Ring of Panic":21,"ats:Rhine Circuitry":7},{"ats:Ability Aura":3,"NeowsBlessing":0,"Replay:Multitool":5,"EVO:Axolotl":0,"conspire:InfiniteJournal":8,"Replay:Ringing Soul":5,"ats:Originium":3,"Bronze Scales":4,"Strawberry":6,"Ring of Misfortune":8,"ats:Sanity":0,"Ring of Panic":8,"ats:Rhine Circuitry":3},{"ats:Ability Aura":4,"NeowsBlessing":0,"Replay:Multitool":12,"EVO:Axolotl":0,"conspire:InfiniteJournal":32,"Replay:Ringing Soul":12,"ats:Originium":4,"Bronze Scales":8,"Strawberry":15,"Ring of Misfortune":32,"ats:Sanity":0,"Ring of Panic":32,"ats:Rhine Circuitry":4}]},"card_choices":[{"not_picked":["ats:Revitalization","ats:Absolute Focus"],"picked":"ats:Thorns","floor":1},{"not_picked":["conspire:Banana+1","Forethought+1"],"picked":"Panacea+1","floor":2},{"not_picked":["ats:Closed Bolt Burst Fire","ats:Charging Defense"],"picked":"ats:Guardian Obelisk","floor":4},{"not_picked":["ats:Phantom","ats:Sashimi Platter"],"picked":"ats:Volcano","floor":6},{"not_picked":["ats:Neurotoxin","ats:Flexible Camouflage"],"picked":"ats:Ignite","floor":8},{"not_picked":["ats:Beaten Up","ats:Flexible Camouflage"],"picked":"ats:Very Hot Blade","floor":12},{"not_picked":["ats:Flexible Camouflage","ats:True Silver Slash"],"picked":"ats:Sword Rain","floor":14},{"not_picked":["ats:Fractured Body","ats:Volcano"],"picked":"ats:Echo Reverb","floor":16},{"not_picked":["ats:Explosion Area Strengthen+1","ats:Healing Strengthening+1"],"picked":"ats:Charging Defense","floor":18}],"player_experience":476034,"relics_obtained":[{"floor":6,"key":"ats:Originium"},{"floor":6,"key":"ats:Ability Aura"},{"floor":7,"key":"ats:Rhine Circuitry"},{"floor":9,"key":"Bronze Scales"},{"floor":12,"key":"ats:Originium"},{"floor":12,"key":"Replay:Multitool"},{"floor":13,"key":"Replay:Ringing Soul"},{"floor":15,"key":"Strawberry"},{"floor":21,"key":"Ring of Misfortune"},{"floor":21,"key":"Ring of Panic"}],"event_choices":[{"damage_healed":0,"gold_gain":0,"player_choice":"2","damage_taken":0,"max_hp_gain":0,"max_hp_loss":0,"event_name":"betterMatch:BetterMatch","floor":2,"gold_loss":0,"cards_obtained":["betterMatch:ColorlessUncommonCard"]},{"damage_healed":0,"gold_gain":0,"player_choice":"Leave","damage_taken":0,"max_hp_gain":0,"max_hp_loss":0,"event_name":"conspire:Investor","floor":19,"gold_loss":0}],"is_beta":false,"boss_relics":[{"not_picked":["Busted Crown","Cursed Key","Runic Pyramid"]}],"items_purged_floors":[],"is_endless":false,"potions_floor_spawned":[1,8,14,18],"killed_by":"ruina:Mountain","ascension_level":0}}