{"host":"gsp4qlltb0c3ynci","time":1613995128,"event":{"mods":["2.2 Compatiblity","Abigail Mod","Ascension Reborn","BaseMod","Friendly Minions","Minty Spire (QoL Compilation)","Prisma Mod","Replay The Spire","Say the Spire","StSLib"],"gold_per_floor":[156,156,192,192,192,270,351,429,429,522,600,687,687,107,107,395,395,431,73,13,38,86,176,266,350,350,431,512,599,698,782,782,1082,1082,1127,507,540,435,226,328,382,487,537,567,657,33,114,219,219,219],"floor_reached":51,"language":"KOR","playtime":1862,"items_purged":["Strike_G+1","Flying Knee","Strike_G+1","After Image+1"],"score":1766,"play_id":"cad6a579-eb7b-4ff0-ad4e-a5c1b357b6dc","local_time":"20210222205848","daily_mods":["Vintage","Heirloom","Time Dilation","Flight","DeadlyEvents","Elite Swarm","Midas"],"is_ascension_mode":true,"campfire_choices":[{"floor":32,"key":"DIG"}],"circlet_count":0,"master_deck":["Strike_G+2","Strike_G+3","Defend_G+1","Defend_G+2","Defend_G+1","Defend_G+1","Defend_G+1","Leap+1","Beam Cell+1","After Image+1","Die Die Die+1","Footwork","Flying Knee","Envenom","Adrenaline","Venomology+1","Phantasmal Killer+1","Burst+1","Backstab","ReplayTheSpireMod:Private Reserves+1","Adrenaline+1","Storm of Steel+1","Accuracy"],"relics":["Ring of the Snake","Replay:Kaleidoscope","HornCleat","The Specimen","Ring of Hypnosis","Bird Faced Urn","Blue Candle","Singing Bowl","Basket Of Snakes","Turnip","Letter Opener","ReplayTheSpireMod:Ninjato","Replay:Bottled Eggs","Chameleon Ring","Onion Ring","SlaversCollar","Potion Belt","Quantum Egg","Blood Vial","Nunchaku","Replay:Bottled Snecko","Replay:Rubber Ducky","Anchor","Gambling Chip","Toxic Egg 2","Replay:Bottled Steam","Tough Bandages","Incense Burner","Replay:Wax Seal","Snack Pack","Replay:Bronze Core","Meat on the Bone","Counterbalance","DollysMirror","Simple Rune","Torii","Dream Catcher","Paper Crane","White Beast Statue","Snake Skull","Shuriken","ReplayFunnel","Iron Hammer","TwistedFunnel","MealTicket","Whetstone"],"acts_visited":["Exordium","TheCity","TheBeyond"],"potions_floor_usage":[16,16,27,33,33,33,33,33,40,41,42,44,47,48,50,50,50,50,50],"damage_taken":[{"damage":0.0,"enemies":"Jaw Worm","floor":1.0,"turns":4.0},{"damage":0.0,"enemies":"Small Slimes","floor":3.0,"turns":3.0},{"damage":0.0,"enemies":"Lagavulin","floor":6.0,"turns":6.0},{"damage":3.0,"enemies":"3 Sentries","floor":7.0,"turns":8.0},{"damage":0.0,"enemies":"Replay:BlueRogue","floor":8.0,"turns":5.0},{"damage":0.0,"enemies":"Gremlin Nob","floor":10.0,"turns":3.0},{"damage":0.0,"enemies":"3 Sentries","floor":11.0,"turns":7.0},{"damage":0.0,"enemies":"Lagavulin","floor":12.0,"turns":6.0},{"damage":0,"enemies":"Slime Boss","floor":16,"turns":15},{"damage":0,"enemies":"Spheric Guardian","floor":18,"turns":3},{"damage":5,"enemies":"2 Thieves","floor":22,"turns":3},{"damage":0,"enemies":"Book of Stabbing","floor":23,"turns":5},{"damage":0,"enemies":"Replay:Snechameleon","floor":24,"turns":4},{"damage":0,"enemies":"Book of Stabbing","floor":25,"turns":4},{"damage":0,"enemies":"Slavers","floor":27,"turns":3},{"damage":0,"enemies":"Gremlin Leader","floor":28,"turns":4},{"damage":0,"enemies":"Book of Stabbing","floor":29,"turns":4},{"damage":0,"enemies":"Replay:Snechameleon","floor":30,"turns":4},{"damage":0,"enemies":"Book of Stabbing","floor":31,"turns":4},{"damage":0,"enemies":"Collector","floor":33,"turns":1},{"damage":0,"enemies":"Orb Walker","floor":35,"turns":1},{"damage":0,"enemies":"3 Darklings","floor":37,"turns":3},{"damage":0,"enemies":"Giant Head","floor":40,"turns":5},{"damage":0,"enemies":"4 Shapes","floor":41,"turns":1},{"damage":0,"enemies":"Nemesis","floor":42,"turns":7},{"damage":0,"enemies":"Maw","floor":44,"turns":4},{"damage":0,"enemies":"R_Hoarder","floor":45,"turns":3},{"damage":0,"enemies":"Reptomancer","floor":47,"turns":1},{"damage":0,"enemies":"Giant Head","floor":48,"turns":4},{"damage":0,"enemies":"Awakened One","floor":50,"turns":6}],"seed_played":"2161535262038644200","potions_obtained":[{"floor":1.0,"key":"DuplicationPotion"},{"floor":11.0,"key":"Block Potion"},{"floor":12.0,"key":"Elixir"},{"floor":23,"key":"Adrenaline Potion"},{"floor":24,"key":"Swift Potion"},{"floor":25,"key":"Venom Potion"},{"floor":30,"key":"Ancient Potion"},{"floor":33,"key":"DuplicationPotion"},{"floor":40,"key":"AttackPotion"},{"floor":42,"key":"FearPotion"},{"floor":44,"key":"Toxic Potion"},{"floor":45,"key":"Adrenaline Potion"},{"floor":49,"key":"Poison Potion"}],"is_trial":true,"path_per_floor":["M","?","M","?","?","E","E","E","T","E","E","E","T","$","R","B",null,"M","$","?","T","M","E","E","E","T","E","E","E","E","E","R","B",null,"M","$","M","?","$","E","M","E","T","M","E","$","E","E","R","B",null],"character_chosen":"THE_SILENT","items_purchased":["Chameleon Ring","Onion Ring","Quantum Egg","Footwork","Flying Knee","Counterbalance","DollysMirror","Backstab","ReplayTheSpireMod:Private Reserves+1","Iron Hammer","Accuracy","TwistedFunnel"],"campfire_rested":0,"item_purchase_floors":[14,14,19,19,19,36,36,36,39,46,46,46],"current_hp_per_floor":[70,70,70,70,70,70,67,71,71,72,74,76,76,76,76,78,78,78,78,78,78,73,78,80,80,80,80,82,84,86,86,86,86,86,86,86,86,86,86,86,86,86,86,86,88,88,90,92,92,92],"gold":219,"neow_bonus":"","is_daily":false,"chose_seed":false,"campfire_upgraded":0,"win_rate":0.0,"timestamp":1613995128,"path_taken":["M","?","M","?","?","E","E","E","T","E","?","E","?","$","R","BOSS","M","$","?","?","M","E","E","E","T","E","E","?","E","E","R","BOSS","M","$","?","?","$","E","M","E","T","M","E","$","E","E","R","BOSS"],"items_purchased_type":["Relic","Relic","Relic","Card","Card","Relic","Relic","Card","Card","Relic","Card","Relic"],"build_version":"2020-12-22","purchased_purges":4,"victory":true,"max_hp_per_floor":[70,70,70,70,70,70,70,72,72,72,74,76,76,76,76,78,78,78,78,78,78,78,78,80,80,80,80,82,84,86,86,86,86,86,86,86,86,86,86,86,86,86,86,86,88,88,90,92,92,92],"card_choices":[{"not_picked":["Replay:Bag of Tricks","Doppelganger"],"picked":"After Image","floor":6.0},{"not_picked":["Replay:Bag of Tricks","Doppelganger","Bullet Time"],"picked":"SKIP","floor":7.0},{"not_picked":["Phantasmal Killer","Doppelganger","Unload"],"picked":"Singing Bowl","floor":8.0},{"not_picked":["Malaise","Unload"],"picked":"Die Die Die","floor":10.0},{"not_picked":["Wraith Form v2","Tools of the Trade","Storm of Steel"],"picked":"Singing Bowl","floor":11.0},{"not_picked":["A Thousand Cuts","Replay:Bag of Tricks","Doppelganger"],"picked":"Singing Bowl","floor":12.0},{"not_picked":["After Image","Envenom","Storm of Steel"],"picked":"Singing Bowl","floor":16},{"not_picked":["Poison Darts","Venomology"],"picked":"Envenom","floor":23},{"not_picked":["After Image","Unload","Corpse Explosion"],"picked":"Singing Bowl","floor":24},{"not_picked":["Burst","Grand Finale"],"picked":"Adrenaline","floor":25},{"not_picked":["Malaise+1","Corpse Explosion+1"],"picked":"Venomology+1","floor":27},{"not_picked":["Malaise+1","Storm of Steel+1","Unload"],"picked":"Singing Bowl","floor":28},{"not_picked":["Corpse Explosion+1","Replay:Bag of Tricks+1","Malaise+1"],"picked":"Singing Bowl","floor":29},{"not_picked":["Doppelganger+1","Envenom","Unload"],"picked":"Singing Bowl","floor":30},{"not_picked":["Replay:Bag of Tricks+1","Poison Darts+1"],"picked":"Phantasmal Killer+1","floor":31},{"not_picked":["Doppelganger+1","Venomology+1"],"picked":"Burst+1","floor":33},{"not_picked":["Phantasmal Killer+1","Grand Finale"],"picked":"Adrenaline+1","floor":40},{"not_picked":["Die Die Die","Phantasmal Killer+1"],"picked":"Storm of Steel+1","floor":42},{"not_picked":["Glass Knife","Replay:Bag of Tricks+1","A Thousand Cuts"],"picked":"Singing Bowl","floor":45},{"not_picked":["Burst+1","Die Die Die","Corpse Explosion+1"],"picked":"Singing Bowl","floor":47},{"not_picked":["Wraith Form v2","Storm of Steel+1","Corpse Explosion+1"],"picked":"Singing Bowl","floor":48}],"player_experience":509957,"relics_obtained":[{"floor":1.0,"key":"HornCleat"},{"floor":3.0,"key":"The Specimen"},{"floor":4.0,"key":"Ring of Hypnosis"},{"floor":6.0,"key":"Bird Faced Urn"},{"floor":7.0,"key":"Blue Candle"},{"floor":8.0,"key":"Singing Bowl"},{"floor":9.0,"key":"Basket Of Snakes"},{"floor":10.0,"key":"Turnip"},{"floor":11.0,"key":"Letter Opener"},{"floor":12.0,"key":"ReplayTheSpireMod:Ninjato"},{"floor":13.0,"key":"Replay:Bottled Eggs"},{"floor":18,"key":"Potion Belt"},{"floor":21,"key":"Blood Vial"},{"floor":22,"key":"Nunchaku"},{"floor":23,"key":"Replay:Bottled Snecko"},{"floor":24,"key":"Replay:Rubber Ducky"},{"floor":25,"key":"Anchor"},{"floor":26,"key":"Gambling Chip"},{"floor":27,"key":"Toxic Egg 2"},{"floor":28,"key":"Replay:Bottled Steam"},{"floor":29,"key":"Tough Bandages"},{"floor":30,"key":"Incense Burner"},{"floor":31,"key":"Replay:Wax Seal"},{"floor":32,"key":"Snack Pack"},{"floor":35,"key":"Meat on the Bone"},{"floor":37,"key":"Simple Rune"},{"floor":40,"key":"Dream Catcher"},{"floor":41,"key":"Paper Crane"},{"floor":42,"key":"White Beast Statue"},{"floor":43,"key":"Snake Skull"},{"floor":44,"key":"Shuriken"},{"floor":45,"key":"ReplayFunnel"},{"floor":47,"key":"MealTicket"},{"floor":48,"key":"Whetstone"}],"event_choices":[{"cards_removed":["Strike_G"],"damage_healed":0.0,"max_hp_gain":0.0,"max_hp_loss":0.0,"gold_gain":0.0,"event_name":"Bonfire Elementals","player_choice":"Offered Basic","floor":5.0,"gold_loss":0.0,"damage_taken":0.0},{"damage_healed":0,"gold_gain":0,"player_choice":"Paid Gold","damage_taken":0,"relics_obtained":["Torii"],"max_hp_gain":0,"max_hp_loss":0,"event_name":"WeMeetAgain","floor":38,"gold_loss":105}],"is_beta":false,"boss_relics":[{"not_picked":["Astrolabe","Snecko Heart"],"picked":"SlaversCollar"},{"not_picked":["Pandora\u0027s Box","Replay:Drink Me"],"picked":"Replay:Bronze Core"}],"items_purged_floors":[14,36,39,46],"is_endless":false,"potions_floor_spawned":[1,11,12,23,24,25,30,31,33,40,42,44,45,47,48],"ascension_level":0}}