{"host":"9c5s71vpq5e0ob8c","time":1613956889,"event":{"mods":["BaseMod","DeckTracker","Minty Spire (QoL Compilation)","StSLib"],"gold_per_floor":[118,118,136,136,136,136,171,171,217,65,81,114,114,128,128,128,128],"floor_reached":16,"language":"ENG","playtime":437,"items_purged":["Strike_B"],"score":206,"play_id":"7cc32b7e-c9a9-483d-883a-2ba5ca724f07","local_time":"20210221202129","is_ascension_mode":true,"campfire_choices":[{"data":"Glacier","floor":6,"key":"SMITH"},{"data":"Defend_B","floor":8,"key":"SMITH"},{"data":"Glacier","floor":15,"key":"SMITH"}],"circlet_count":0,"master_deck":["AscendersBane","Defend_B","Defend_B","Defend_B","Defend_B+1","Zap","Dualcast","Glacier+1","Gash","Scrape","Glacier+1","Steam","Coolheaded"],"relics":["Cracked Core","NeowsBlessing","Golden Idol","Eternal Feather","Pen Nib","Symbiotic Virus"],"acts_visited":["Exordium"],"potions_floor_usage":[12,16],"damage_taken":[{"damage":0,"enemies":"2 Louse","floor":1,"turns":1},{"damage":0,"enemies":"Small Slimes","floor":3,"turns":1},{"damage":0,"enemies":"3 Sentries","floor":7,"turns":2},{"damage":0,"enemies":"Jaw Worm","floor":11,"turns":2},{"damage":8,"enemies":"Gremlin Nob","floor":12,"turns":4},{"damage":0,"enemies":"Blue Slaver","floor":14,"turns":3},{"damage":48,"enemies":"Hexaghost","floor":16,"turns":16}],"seed_played":"851220852862553569","potions_obtained":[{"floor":11,"key":"SteroidPotion"},{"floor":14,"key":"LiquidBronze"}],"is_trial":false,"path_per_floor":["M","?","M","?","?","R","E","R","T","$","M","E","?","M","R","B"],"character_chosen":"DEFECT","items_purchased":["Scrape"],"campfire_rested":0,"item_purchase_floors":[10],"current_hp_per_floor":[68,61,61,43,43,43,43,49,49,49,49,41,41,41,47,0,0],"gold":128,"neow_bonus":"THREE_ENEMY_KILL","is_daily":false,"chose_seed":false,"campfire_upgraded":3,"win_rate":0.0,"timestamp":1613956889,"path_taken":["M","?","M","?","?","R","E","R","T","$","?","E","?","?","R","BOSS"],"items_purchased_type":["Card"],"build_version":"2020-12-22","purchased_purges":1,"victory":false,"max_hp_per_floor":[75,75,75,75,75,75,75,75,75,75,75,75,75,75,75,75,75],"card_choices":[{"not_picked":["Coolheaded","Conserve Battery"],"picked":"Glacier","floor":1},{"not_picked":["Darkness","Chill"],"picked":"Gash","floor":3},{"not_picked":["Sweeping Beam","Go for the Eyes","Heatsinks"],"picked":"SKIP","floor":7},{"not_picked":["Steam Power","Sweeping Beam"],"picked":"Glacier","floor":11},{"not_picked":["Turbo","Stack"],"picked":"Steam","floor":12},{"not_picked":["Sweeping Beam","Steam"],"picked":"Coolheaded","floor":14}],"player_experience":355378,"relics_obtained":[{"floor":7,"key":"Eternal Feather"},{"floor":9,"key":"Pen Nib"},{"floor":12,"key":"Symbiotic Virus"}],"event_choices":[{"cards_removed":["Strike_B"],"damage_healed":0,"gold_gain":0,"player_choice":"Card Removal","damage_taken":7,"max_hp_gain":0,"max_hp_loss":0,"event_name":"Golden Wing","floor":2,"gold_loss":0},{"damage_healed":0,"gold_gain":0,"player_choice":"Take Damage","damage_taken":18,"relics_obtained":["Golden Idol"],"max_hp_gain":0,"max_hp_loss":0,"event_name":"Golden Idol","floor":4,"gold_loss":0},{"cards_removed":["Strike_B"],"damage_healed":0,"gold_gain":0,"player_choice":"Forget","damage_taken":0,"max_hp_gain":0,"max_hp_loss":0,"event_name":"Living Wall","floor":5,"gold_loss":0},{"cards_removed":["Strike_B"],"damage_healed":0,"gold_gain":0,"player_choice":"Card Removal","damage_taken":0,"max_hp_gain":0,"max_hp_loss":0,"event_name":"Wheel of Change","floor":13,"gold_loss":0}],"is_beta":false,"boss_relics":[],"items_purged_floors":[10],"is_endless":false,"potions_floor_spawned":[11,14],"killed_by":"Hexaghost","ascension_level":11}}