{"host":"gm50ke85n5jz306u","time":1613954490,"event":{"mods":["AchievementEnabler","AlwaysNeverKeys","Aspiration","BaseMod","Bestiary","Better Altar","Better Match","Better Note","Better Sensory Stone","Better Skull","Better Third Choice","Better Vampires","Better-Laid Plans","BetterRewards","Colored Powertips","Curses Come First","DNKmod","Defuse TimeMaze Blight","Disable Question Mark Monsters","Displayed Cursed Tome","Downfall","Emptier Cage","Extra Virgin Snecko Oil","Filter the Spire","Friendly Minions","Gremlin Skip","Hermit","Hubris","Hyrulean Relics","Ironclad Rager","Jorbs\u0027s Wanderer Trilogy","Koishi","Lobotomy","Marisa????????","Marked Mod","Minty Spire (QoL Compilation)","Permanent Neow","Poor People Problems","Quick Restart","Reimu??????","Relic Filter Mod","Relic Sorter","Remilia??????","Remove Card Discount Mod","Reorder Act Four","Replay The Spire","Shop Mod","StSLib","Synergy Search","Td1madao Mod","The Administrix","The Animator","The Blue Laboratory","The Bug Knight","The Construct","The Cursed","The Disciple","The Hierophant","The Necromancer","The Poker Player","The Runesmith","The Senshi","The Servant 0.9.4","Thieving Mod","Transform Curses","WarShipGirlsR/????R mod","Youmu??????"],"gold_per_floor":[10019,10019,8920,8940,8081,8081,8098,8098,8098,8098,8098,7459,7518,7518,7623,7623,7637,7254,7254],"floor_reached":19,"language":"ENG","playtime":1756,"items_purged":["Strike_Br","Strike_Br","Defend_Br","Strike_Br","Strike_Br","VestedLegacy+1","Echonomics"],"score":153,"play_id":"48776665-df9e-42eb-ba4e-8c4b74e7e4dd","local_time":"20210222014130","is_ascension_mode":false,"campfire_choices":[{"data":"ExoVibe","floor":6,"key":"SMITH"},{"data":"Goo","floor":8,"key":"SMITH"},{"data":"ReapSow","floor":11,"key":"SMITH"},{"data":"Tempo","floor":15,"key":"SMITH"}],"circlet_count":0,"master_deck":["Defend_Br+1","Defend_Br","Defend_Br","SecondHand","PatternShift+1","HandsUpC","Goo+4","Analog","PrimeTime","PrimeTime","ReapSow+4","PrimeTime","ExoVibe+4","BlueShift","Keepsakes","Allegro+1","MasterKey","ExoVibe","Goo"],"relics":["Chronometer","MerchantsRug","Membership Card","Anchor","hubris:64BitClover","hubris:Teleporter","Ancient Tea Set","hubris:TenFootPole","TheAbacus","ClockworkSouvenir","TungstenRod","Potion Belt","Pear","Sling","Metronome","Bag of Preparation","aspiration:HummingbirdHeart"],"acts_visited":["Exordium","TheCity"],"potions_floor_usage":[],"damage_taken":[{"damage":1,"enemies":"2 Louse","floor":1,"turns":4},{"damage":0,"enemies":"Small Slimes","floor":4,"turns":3},{"damage":0,"enemies":"Jaw Worm","floor":7,"turns":4},{"damage":14,"enemies":"Slime Boss","floor":16,"turns":10},{"damage":2,"enemies":"Spheric Guardian","floor":18,"turns":3}],"seed_played":"-1994121366766275826","potions_obtained":[{"floor":16,"key":"GrandPatriotsElixir:ReiMu"}],"is_trial":false,"path_per_floor":["M","?","$","M","$","R","M","R","T","R","?","$","?","R","B",null,"M","$"],"character_chosen":"CHRONO_CLASS","items_purchased":["TheAbacus","hubris:64BitClover","MerchantsRug","Ancient Tea Set","Goo","Analog","PrimeTime","Echonomics","ClockworkSouvenir","TungstenRod","hubris:Teleporter","PrimeTime","ExoVibe","BlueShift","Potion Belt","Pear","Sling","VestedLegacy+1","Tempo","Membership Card","Bag of Preparation","aspiration:HummingbirdHeart","Goo"],"campfire_rested":0,"item_purchase_floors":[3,3,3,3,3,3,3,3,5,5,5,5,5,5,13,13,13,13,13,19,19,19,19],"current_hp_per_floor":[64,61,61,61,61,61,61,61,61,61,61,71,71,71,57,75,73,73,73],"gold":7254,"neow_bonus":"RANDOM_COMMON_RELIC","is_daily":false,"chose_seed":false,"campfire_upgraded":4,"win_rate":0.0,"timestamp":1613954490,"path_taken":["M","?","$","M","$","R","M","R","T","R","?","$","?","R","BOSS","M","$"],"items_purchased_type":["Relic","Relic","Relic","Relic","Card","Card","Card","Card","Relic","Relic","Relic","Card","Card","Card","Relic","Relic","Relic","Card","Card","Relic","Relic","Relic","Card"],"build_version":"2020-12-22","purchased_purges":7,"victory":false,"max_hp_per_floor":[65,65,65,65,65,65,65,65,65,65,65,75,75,75,75,75,75,75,75],"card_choices":[{"not_picked":["LockedBlood","LockedTornado"],"picked":"HandsUpC","floor":1},{"not_picked":["HandsUpB","WindUp"],"picked":"ReapSow","floor":4},{"not_picked":["PrimeTime","Facsimile"],"picked":"Keepsakes","floor":7},{"not_picked":["BackFourSeconds","LockedAstrolabe"],"picked":"MasterKey","floor":16},{"not_picked":["LockedPlans+1","Facsimile+1"],"picked":"ExoVibe","floor":18}],"player_experience":379976,"relics_obtained":[{"floor":9,"key":"Anchor"}],"event_choices":[{"damage_healed":0,"gold_gain":0,"player_choice":"Relic ","damage_taken":3,"max_hp_gain":0,"max_hp_loss":0,"event_name":"betterThird:BetterScrap","floor":2,"gold_loss":0,"cards_obtained":["Searing Blow"]},{"damage_healed":0,"gold_gain":1,"player_choice":"1","damage_taken":0,"max_hp_gain":0,"max_hp_loss":0,"event_name":"betterStone:BetterStone","floor":12,"gold_loss":0},{"damage_healed":0,"gold_gain":59,"player_choice":"Gained Gold","damage_taken":0,"max_hp_gain":0,"max_hp_loss":0,"event_name":"Golden Wing","floor":14,"gold_loss":0}],"is_beta":false,"boss_relics":[{"not_picked":["SlaversCollar","hubris:CrackedHourglass"],"picked":"Metronome"}],"items_purged_floors":[3,3,5,5,5,19,19],"is_endless":false,"potions_floor_spawned":[16,18],"ascension_level":0}}