{"host":"dn6kke80v5f7isus","time":1613959476,"event":{"mods":["AchievementEnabler","Act Like it!","Bard","BaseMod","Colored Powertips","Custom Start","Defuse TimeMaze Blight","Energized Spire","Gremlin Skip","Highlight Path","Hubris","Infinite Spire","Marisa????????","Marked Mod","Minty Spire (QoL Compilation)","Quick Restart","Rare Cards Sparkle","Reliquary","Replay The Spire","StSLib","The Administrix","The Servant 0.9.4","Uncapped","Unceasing Turn Reminder"],"gold_per_floor":[116,116,129,149,149,167,167,177,177,209,226,241,241,273,273,368,368,385,405,405,177,177,177,188,242,266,226,260,5404,5423,5446,5446,5544,5544,5561,5561,5579,4907,4924,4924,4924,4924],"floor_reached":41,"language":"ENG","playtime":2866,"items_purged":["AdministrixMod:Strike_Administrix","AdministrixMod:Strike_Administrix+1","AdministrixMod:Defend_Administrix+1"],"score":548,"play_id":"4adeac2a-a9e3-4550-b2ed-ca819fad64a1","local_time":"20210221210436","is_ascension_mode":false,"campfire_choices":[{"data":"AdministrixMod:ImmortalGrace","floor":7.0,"key":"SMITH"},{"data":"AdministrixMod:HaveItAll","floor":13.0,"key":"SMITH"},{"floor":15.0,"key":"DIG"},{"data":"AdministrixMod:LightOfYourLife","floor":23.0,"key":"SMITH"},{"data":"AdministrixMod:ImmortalGrace+1","floor":32,"key":"SMITH"},{"data":"AdministrixMod:AmassedMasks","floor":40,"key":"SMITH"}],"circlet_count":0,"master_deck":["AdministrixMod:Strike_Administrix+1","AdministrixMod:RedCloak+1","AdministrixMod:Defend_Administrix+1","AdministrixMod:Defend_Administrix+1","AdministrixMod:Defend_Administrix+1","AdministrixMod:BlueCloak+1","AdministrixMod:ImmortalGrace+2","AdministrixMod:HaveItAll+1","AdministrixMod:ShadowPlay+1","AdministrixMod:ImmortalGrace+1","AdministrixMod:SipOfSparks+1","AdministrixMod:HarmonicReverence+1","AdministrixMod:TrickOfTheLight+1","AdministrixMod:ImmortalClarity+1","AdministrixMod:LightOfYourLife+1","AdministrixMod:BishamonBlessing+1","AdministrixMod:LightOfYourLife+1","infinitespire:Execution+1","AdministrixMod:DeathByGlamour","AdministrixMod:AmassedMasks+1","AdministrixMod:FaithfulFlames","AdministrixMod:SealAway+1","AdministrixMod:FuneraryRites","Parasite"],"relics":["AdministrixMod:ConductorRitualBaton","HornCleat","Mango","reliquary:HotPoker","Garlic","Nloth\u0027s Gift","ClockworkSouvenir","hubris:Icosahedron","Replay:Mystery Machine","reliquary:PartyBalloon","Oddly Smooth Stone","Calipers","reliquary:PurpleTingedLeaf","reliquary:Bookmark","infinitespire:PuzzleCube","reliquary:WritOfMandamus","Medical Kit","Pen Nib","Sundial"],"acts_visited":["Exordium","TheCity","TheBeyond"],"potions_floor_usage":[30,30,37],"damage_taken":[{"damage":0.0,"enemies":"2 Louse","floor":1.0,"turns":1.0},{"damage":0.0,"enemies":"Cultist","floor":3.0,"turns":1.0},{"damage":0.0,"enemies":"Jaw Worm","floor":4.0,"turns":1.0},{"damage":3.0,"enemies":"Gremlin Gang","floor":6.0,"turns":3.0},{"damage":0.0,"enemies":"3 Louse","floor":8.0,"turns":2.0},{"damage":12.0,"enemies":"3 Sentries","floor":10.0,"turns":8.0},{"damage":2.0,"enemies":"Exordium Thugs","floor":11.0,"turns":4.0},{"damage":0.0,"enemies":"Large Slime","floor":12.0,"turns":2.0},{"damage":0.0,"enemies":"Lagavulin","floor":14.0,"turns":5.0},{"damage":51.0,"enemies":"Fading Forest","floor":16.0,"turns":11.0},{"damage":2.0,"enemies":"Shell Parasite","floor":18.0,"turns":4.0},{"damage":0.0,"enemies":"Spheric Guardian","floor":19.0,"turns":4.0},{"damage":4.0,"enemies":"Snake Plant","floor":24.0,"turns":4.0},{"damage":12.0,"enemies":"Nightmare","floor":28.0,"turns":8.0},{"damage":0,"enemies":"Snecko","floor":30,"turns":3},{"damage":0,"enemies":"Automaton","floor":33,"turns":6},{"damage":0,"enemies":"Orb Walker","floor":35,"turns":2},{"damage":0,"enemies":"3 Darklings","floor":37,"turns":4},{"damage":12,"enemies":"Spire Growth","floor":39,"turns":5},{"damage":9,"enemies":"Writhing Mass","floor":41,"turns":4}],"seed_played":"2003889110492949340","potions_obtained":[{"floor":4.0,"key":"Strength Potion"},{"floor":6.0,"key":"Weak Potion"},{"floor":10.0,"key":"Toxic Potion"},{"floor":11.0,"key":"Adrenaline Potion"},{"floor":16.0,"key":"Block Potion"},{"floor":28.0,"key":"Explosive Potion"},{"floor":33,"key":"Block Potion"},{"floor":37,"key":"Explosive Potion"},{"floor":39,"key":"Elixir"}],"is_trial":false,"path_per_floor":["M","?","M","M","?","M","R","M","T","E","M","M","R","E","R","B",null,"M","M","?","$","?","R","M","T","T","?","NM","$","M","T","R","B",null,"M","?","M","$","M","R","M"],"character_chosen":"TheAdministrix","items_purchased":["ClockworkSouvenir","Calipers","reliquary:PurpleTingedLeaf","reliquary:Bookmark","AdministrixMod:AttunementTonic","Medical Kit","Pen Nib","Sundial"],"campfire_rested":0,"item_purchase_floors":[21,29,29,29,29,38,38,38],"current_hp_per_floor":[65,65,65,65,65,62,62,62,62,64,62,62,62,62,62,37,79,77,77,77,77,77,77,73,73,73,73,61,99,99,99,99,99,99,99,99,99,99,87,87,78,78],"gold":4924,"neow_bonus":"THREE_ENEMY_KILL","is_daily":false,"chose_seed":false,"campfire_upgraded":5,"win_rate":0.0,"timestamp":1613959476,"path_taken":["M","?","?","M","?","?","R","M","T","E","M","M","R","E","R","BOSS","M","M","?","?","?","R","M","?","T","?","NM","$","?","?","R","BOSS","M","?","?","$","M","R","M"],"items_purchased_type":["Relic","Relic","Relic","Relic","Potion","Relic","Relic","Relic"],"build_version":"2020-12-22","purchased_purges":3,"victory":false,"max_hp_per_floor":[65,65,65,65,65,65,65,65,65,79,79,79,79,79,79,79,79,79,79,79,79,79,79,79,79,79,79,79,99,99,99,99,99,99,99,99,99,99,99,99,99,99],"card_choices":[{"not_picked":["AdministrixMod:ShadowPlay","AdministrixMod:DiversionaryTactic"],"picked":"AdministrixMod:ImmortalGrace","floor":1.0},{"not_picked":["AdministrixMod:CenturiesAscent","AdministrixMod:ImmortalGrace","AdministrixMod:XianArts"],"picked":"SKIP","floor":3.0},{"not_picked":["AdministrixMod:RebukeDesires","AdministrixMod:CenturiesAscent"],"picked":"AdministrixMod:ShadowPlay","floor":4.0},{"not_picked":["AdministrixMod:RegentEdict","AdministrixMod:TouchOfCinnabar"],"picked":"AdministrixMod:ImmortalGrace","floor":6.0},{"not_picked":["AdministrixMod:NewbornDivinity","AdministrixMod:Wuji"],"picked":"AdministrixMod:SipOfSparks","floor":8.0},{"not_picked":["AdministrixMod:CrackingPangu","AdministrixMod:RebukeDesires"],"picked":"AdministrixMod:HarmonicReverence","floor":10.0},{"not_picked":["AdministrixMod:BishamonBlessing","AdministrixMod:QuietConspiracy","AdministrixMod:CastOffRegrets"],"picked":"SKIP","floor":11.0},{"not_picked":["AdministrixMod:QuietConspiracy","AdministrixMod:CrackingPangu","AdministrixMod:Convergence"],"picked":"SKIP","floor":12.0},{"not_picked":["AdministrixMod:CenturiesAscent","AdministrixMod:DreamsMausoleum"],"picked":"AdministrixMod:TrickOfTheLight","floor":14.0},{"not_picked":["AdministrixMod:AmassedMasks","AdministrixMod:LuminaryPath"],"picked":"AdministrixMod:ImmortalClarity","floor":16.0},{"not_picked":["AdministrixMod:SealAway","AdministrixMod:Transition"],"picked":"AdministrixMod:LightOfYourLife","floor":18.0},{"not_picked":["AdministrixMod:BegetEternity+1","AdministrixMod:LightOfYourLife"],"picked":"AdministrixMod:BishamonBlessing","floor":19.0},{"not_picked":["AdministrixMod:RebukeDesires","AdministrixMod:BloodBargain"],"picked":"AdministrixMod:LightOfYourLife","floor":24.0},{"not_picked":["Replay:Fractal Strike","ReplayTheSpireMod:Haul"],"picked":"infinitespire:Execution","floor":28.0},{"not_picked":["AdministrixMod:FiendishCrimson","AdministrixMod:TouchOfCinnabar+1","AdministrixMod:DreamsMausoleum+1"],"picked":"SKIP","floor":28.0},{"not_picked":["AdministrixMod:ExtolVirtue+1","AdministrixMod:RegentEdict","AdministrixMod:Metempsychosis"],"picked":"SKIP","floor":30},{"not_picked":["AdministrixMod:LuminaryPath","AdministrixMod:FalseDeath"],"picked":"AdministrixMod:DeathByGlamour","floor":33},{"not_picked":["AdministrixMod:QuietConspiracy+1","AdministrixMod:ExtolVirtue+1"],"picked":"AdministrixMod:AmassedMasks","floor":35},{"not_picked":["AdministrixMod:CenturiesAscent+1","AdministrixMod:Transition"],"picked":"AdministrixMod:SealAway+1","floor":37},{"not_picked":["AdministrixMod:ImmortalGrace","AdministrixMod:CrackingPangu"],"picked":"AdministrixMod:FuneraryRites","floor":39}],"player_experience":481996,"relics_obtained":[{"floor":9.0,"key":"HornCleat"},{"floor":10.0,"key":"Mango"},{"floor":14.0,"key":"reliquary:HotPoker"},{"floor":15.0,"key":"Garlic"},{"floor":25.0,"key":"Replay:Mystery Machine"},{"floor":26.0,"key":"reliquary:PartyBalloon"},{"floor":28.0,"key":"Oddly Smooth Stone"},{"floor":31,"key":"infinitespire:PuzzleCube"}],"event_choices":[{"damage_healed":0.0,"max_hp_gain":0.0,"max_hp_loss":0.0,"gold_gain":0.0,"event_name":"Match and Keep!","player_choice":"1 cards matched","floor":2.0,"gold_loss":0.0,"damage_taken":0.0,"cards_obtained":["AdministrixMod:HaveItAll"]},{"cards_removed":["AdministrixMod:Strike_Administrix"],"damage_healed":0.0,"max_hp_gain":0.0,"max_hp_loss":0.0,"gold_gain":0.0,"event_name":"Purifier","player_choice":"Purged","floor":5.0,"gold_loss":0.0,"damage_taken":0.0},{"damage_healed":0.0,"max_hp_gain":0.0,"max_hp_loss":0.0,"gold_gain":0.0,"event_name":"N\u0027loth","player_choice":"Traded Relic","floor":20.0,"relics_lost":["NeowsBlessing"],"gold_loss":0.0,"damage_taken":0.0,"relics_obtained":["Nloth\u0027s Gift"]},{"damage_healed":0.0,"max_hp_gain":0.0,"max_hp_loss":0.0,"gold_gain":0.0,"event_name":"Designer","player_choice":"Upgraded Two","floor":27.0,"gold_loss":40.0,"damage_taken":0.0,"cards_upgraded":["AdministrixMod:Defend_Administrix","AdministrixMod:TrickOfTheLight"]},{"damage_healed":0,"gold_gain":0,"player_choice":"1 cards matched","damage_taken":0,"max_hp_gain":0,"max_hp_loss":0,"event_name":"Match and Keep!","floor":36,"gold_loss":0,"cards_obtained":["AdministrixMod:FaithfulFlames"]}],"is_beta":false,"boss_relics":[{"not_picked":["Fusion Hammer","energizedSpire:StickyHand","reliquary:RedCape"]},{"not_picked":["Calling Bell","Coffee Dripper"],"picked":"reliquary:WritOfMandamus"}],"items_purged_floors":[21,29,38],"is_endless":false,"potions_floor_spawned":[4,6,10,11,16,28,33,37,39],"killed_by":"Writhing Mass","ascension_level":0}}