{"host":"owox7x4ngjt9htcc","time":1613977878,"event":{"mods":["BaseMod","Colored Map","DeckTracker","Keyboard Shortcuts","Minty Spire (QoL Compilation)","SuperFastMode"],"gold_per_floor":[114,189,204,204,204,234,234,273,273,297,312,351,351,351,351,451,451,491,515,539,554,554,584,602,617,617,617,20,94,124,139,139,248,248,288,337,337,37,52,52,107,43,43,43,73,0,0,15,15,15],"floor_reached":51,"language":"KOR","playtime":1499,"items_purged":["Thunder Strike"],"score":1115,"play_id":"9a1ffcb9-465a-4d8e-9ca7-650098f58766","local_time":"20210222161118","daily_mods":["Shiny","Diverse","Binary"],"is_ascension_mode":false,"campfire_choices":[{"data":"After Image","floor":7,"key":"SMITH"},{"data":"Omniscience","floor":13,"key":"SMITH"},{"data":"Bullet Time","floor":15,"key":"SMITH"},{"data":"Echo Form","floor":27,"key":"SMITH"},{"data":"1","floor":32,"key":"LIFT"},{"data":"2","floor":40,"key":"LIFT"},{"data":"3","floor":47,"key":"LIFT"},{"data":"DevaForm","floor":49,"key":"SMITH"}],"circlet_count":0,"master_deck":["Judgement","ConjureBlade","MasterReality","Brilliance","Devotion","Ragnarok","LessonLearned","Scrawl","Vault","Alpha","Wish","Omniscience+1","Establishment","SpiritShield","DevaForm+1","DeusExMachina","Hyperbeam","Biased Cognition","Machine Learning","Electrodynamics","Buffer","Rainbow","Seek","Meteor Strike","Echo Form+1","All For One","Reboot","Amplify","Creative AI","Fission","Core Surge","Venomology","Corpse Explosion","Malaise","Phantasmal Killer","Die Die Die","Adrenaline","Envenom","Doppelganger","Burst","Wraith Form v2+1","Tools of the Trade","Night Terror","Unload","After Image+1","Bullet Time+1","Storm of Steel","Glass Knife+1","A Thousand Cuts","Double Tap","Demon Form","Bludgeon","Feed","Limit Break","Corruption","Barricade","Fiend Fire","Berserk","Impervious","Juggernaut","Brutality","Reaper","Exhume","Offering","Immolate","Backflip","Poisoned Stab","Escape Plan","Crippling Poison+1","Iron Wave","PiercingWail+1","Study","Dodge and Roll","Chill","Metallicize","Leap","Seek","Sentinel+1","Footwork"],"relics":["Cracked Core","Singing Bowl","Bag of Preparation","CeramicFish","Mummified Hand","Pen Nib","SacredBark","Orichalcum","Eternal Feather","Bird Faced Urn","Lee\u0027s Waffle","DataDisk","Oddly Smooth Stone","Girya","Nuclear Battery","Medical Kit","Potion Belt","Letter Opener","Ancient Tea Set","Art of War","Red Mask"],"acts_visited":["Exordium","TheCity","TheBeyond"],"potions_floor_usage":[23,31,31,33,36,41,45,50,50,50,50,50,50],"damage_taken":[{"damage":0.0,"enemies":"2 Louse","floor":1.0,"turns":3.0},{"damage":6.0,"enemies":"Small Slimes","floor":3.0,"turns":3.0},{"damage":3,"enemies":"Gremlin Nob","floor":6,"turns":4},{"damage":0,"enemies":"Lagavulin","floor":8,"turns":4},{"damage":1,"enemies":"Jaw Worm","floor":10,"turns":2},{"damage":0,"enemies":"2 Fungi Beasts","floor":11,"turns":2},{"damage":13,"enemies":"3 Sentries","floor":12,"turns":5},{"damage":0,"enemies":"Slime Boss","floor":16,"turns":5},{"damage":16,"enemies":"2 Thieves","floor":18,"turns":3},{"damage":0,"enemies":"Spheric Guardian","floor":19,"turns":3},{"damage":18,"enemies":"Centurion and Healer","floor":20,"turns":4},{"damage":20,"enemies":"Chosen and Byrds","floor":21,"turns":5},{"damage":9,"enemies":"Gremlin Leader","floor":23,"turns":5},{"damage":0,"enemies":"Snake Plant","floor":25,"turns":2},{"damage":13,"enemies":"Shelled Parasite and Fungi","floor":29,"turns":4},{"damage":0,"enemies":"Book of Stabbing","floor":30,"turns":4},{"damage":0,"enemies":"Centurion and Healer","floor":31,"turns":3},{"damage":10,"enemies":"Automaton","floor":33,"turns":5},{"damage":6,"enemies":"3 Darklings","floor":35,"turns":2},{"damage":0,"enemies":"3 Shapes","floor":36,"turns":2},{"damage":6,"enemies":"Transient","floor":39,"turns":6},{"damage":11,"enemies":"Giant Head","floor":41,"turns":5},{"damage":21,"enemies":"Reptomancer","floor":45,"turns":5},{"damage":1,"enemies":"Sphere and 2 Shapes","floor":48,"turns":3},{"damage":1,"enemies":"Time Eater","floor":50,"turns":7}],"seed_played":"-9004314451342404475","potions_obtained":[{"floor":8,"key":"Dexterity Potion"},{"floor":10,"key":"SmokeBomb"},{"floor":11,"key":"FocusPotion"},{"floor":19,"key":"Energy Potion"},{"floor":31,"key":"ColorlessPotion"},{"floor":37,"key":"FocusPotion"},{"floor":39,"key":"SkillPotion"},{"floor":41,"key":"FocusPotion"}],"is_trial":false,"path_per_floor":["M","?","M","?","?","E","R","E","T","M","M","E","R","?","R","B",null,"M","M","M","M","?","E","?","M","T","R","$","M","E","M","R","B",null,"M","M","?","$","M","R","E","$","T","$","E","?","R","M","R","B",null],"character_chosen":"DEFECT","items_purchased":["Lee\u0027s Waffle","DataDisk","Oddly Smooth Stone","Metallicize","Medical Kit","Potion Belt","Footwork"],"campfire_rested":0,"item_purchase_floors":[28,28,28,28,38,38,42],"current_hp_per_floor":[75,64,66,71,68,65,65,65,65,64,66,56,56,95,95,97,97,84,84,66,51,51,44,44,46,46,91,112,107,114,119,119,121,122,120,124,124,124,126,126,128,128,128,128,119,119,130,132,132,135],"gold":15,"neow_bonus":"","is_daily":true,"chose_seed":false,"campfire_upgraded":5,"win_rate":0.0,"timestamp":1613977878,"path_taken":["M","?","M","?","?","E","R","E","T","M","?","E","R","?","R","BOSS","M","M","?","M","?","E","?","M","T","R","$","M","E","M","R","BOSS","M","M","?","$","M","R","E","$","T","?","E","?","R","M","R","BOSS"],"items_purchased_type":["Relic","Relic","Relic","Card","Relic","Relic","Card"],"build_version":"2020-12-22","purchased_purges":1,"victory":true,"max_hp_per_floor":[75,75,75,80,80,80,80,80,80,80,82,85,85,95,95,97,97,99,99,99,101,101,103,103,105,105,105,112,112,114,119,119,122,122,124,124,124,124,126,126,128,128,128,128,130,130,130,132,132,135],"card_choices":[{"not_picked":["Underhanded Strike"],"picked":"Backflip","floor":1.0},{"not_picked":["Masterful Stab","Pommel Strike"],"picked":"SKIP","floor":3.0},{"not_picked":["Entrench"],"picked":"Poisoned Stab","floor":6},{"not_picked":["Flechettes"],"picked":"Escape Plan","floor":8},{"not_picked":["Wireheading"],"picked":"Crippling Poison","floor":10},{"not_picked":["CutThroughFate","Go for the Eyes"],"picked":"Singing Bowl","floor":11},{"not_picked":["Redo"],"picked":"Iron Wave","floor":12},{"not_picked":["Venomology","Tools of the Trade"],"picked":"Singing Bowl","floor":16},{"not_picked":["Crescendo","ReachHeaven+1"],"picked":"Singing Bowl","floor":18},{"not_picked":["Havoc"],"picked":"PiercingWail+1","floor":19},{"not_picked":["Streamline"],"picked":"Study","floor":20},{"not_picked":["Bane","PiercingWail"],"picked":"Singing Bowl","floor":21},{"not_picked":["Hologram","FlyingSleeves+1"],"picked":"Singing Bowl","floor":23},{"not_picked":["Headbutt","Finisher"],"picked":"Singing Bowl","floor":25},{"not_picked":["EmptyBody"],"picked":"Leap","floor":29},{"not_picked":["Brutality","Flex"],"picked":"Singing Bowl","floor":30},{"not_picked":["Cloak And Dagger+1","Cold Snap"],"picked":"Singing Bowl","floor":31},{"not_picked":["Venomology"],"picked":"Seek","floor":33},{"not_picked":["Headbutt+1","Conclude"],"picked":"Singing Bowl","floor":35},{"not_picked":["Accuracy"],"picked":"Sentinel+1","floor":36},{"not_picked":["Twin Strike+1","Compile Driver+1"],"picked":"Singing Bowl","floor":39},{"not_picked":["Steam","JustLucky+1"],"picked":"Singing Bowl","floor":41},{"not_picked":["FollowUp","Distraction"],"picked":"Singing Bowl","floor":45},{"not_picked":["Skim","EmptyBody"],"picked":"Singing Bowl","floor":48}],"player_experience":941772,"relics_obtained":[{"floor":6,"key":"Bag of Preparation"},{"floor":8,"key":"CeramicFish"},{"floor":9,"key":"Mummified Hand"},{"floor":12,"key":"Pen Nib"},{"floor":23,"key":"Eternal Feather"},{"floor":26,"key":"Bird Faced Urn"},{"floor":30,"key":"Girya"},{"floor":41,"key":"Letter Opener"},{"floor":43,"key":"Ancient Tea Set"},{"floor":45,"key":"Art of War"}],"event_choices":[{"damage_healed":0.0,"max_hp_gain":0.0,"max_hp_loss":0.0,"gold_gain":75.0,"event_name":"World of Goop","player_choice":"Gather Gold","floor":2.0,"gold_loss":0.0,"damage_taken":11.0},{"damage_healed":0.0,"max_hp_gain":5.0,"max_hp_loss":0.0,"gold_gain":0.0,"event_name":"Big Fish","player_choice":"Donut","floor":4.0,"gold_loss":0.0,"damage_taken":0.0},{"damage_healed":0.0,"max_hp_gain":0.0,"max_hp_loss":0.0,"gold_gain":0.0,"event_name":"Scrap Ooze","player_choice":"Success","floor":5.0,"gold_loss":0.0,"damage_taken":3.0,"relics_obtained":["Singing Bowl"]},{"cards_removed":["Grand Finale"],"damage_healed":29,"gold_gain":0,"player_choice":"Offered Rare","damage_taken":0,"max_hp_gain":10,"max_hp_loss":0,"event_name":"Bonfire Elementals","floor":14,"gold_loss":0},{"damage_healed":0,"gold_gain":0,"player_choice":"Opened","damage_taken":0,"relics_obtained":["Orichalcum"],"max_hp_gain":0,"max_hp_loss":0,"event_name":"The Mausoleum","floor":22,"gold_loss":0},{"damage_healed":0,"gold_gain":0,"cards_transformed":["Blasphemy","Multi-Cast"],"player_choice":"Became Test Subject","damage_taken":0,"max_hp_gain":0,"max_hp_loss":0,"event_name":"Drug Dealer","floor":24,"gold_loss":0,"cards_obtained":["Dodge and Roll","Chill"]},{"damage_healed":0,"gold_gain":0,"player_choice":"Got Potions","damage_taken":0,"max_hp_gain":0,"max_hp_loss":0,"event_name":"Lab","floor":37,"gold_loss":0},{"damage_healed":0,"gold_gain":0,"player_choice":"Paid","damage_taken":0,"relics_obtained":["Red Mask"],"max_hp_gain":0,"max_hp_loss":0,"event_name":"Tomb of Lord Red Mask","floor":46,"gold_loss":73}],"is_beta":false,"boss_relics":[{"not_picked":["Philosopher\u0027s Stone","Velvet Choker"],"picked":"SacredBark"},{"not_picked":["Sozu","Busted Crown"],"picked":"Nuclear Battery"}],"items_purged_floors":[28],"is_endless":false,"potions_floor_spawned":[8,10,11,19,23,29,31,39,41,45],"ascension_level":0}}