{"host":"p9t7qd83igtcp2bh","time":1613977954,"event":{"mods":["2.2 Compatiblity","AchievementEnabler","BaseMod","Colored Map","Colored Powertips","Custom Start","DeckTracker","Keyboard Shortcuts","Minty Spire (QoL Compilation)","Permanent Neow","StSLib","SuperFastMode","everything is the same but u backflip on backflip"],"gold_per_floor":[113,139,156,76,76,109,109,109,109,109,138,138,155,183,183,262,262,279,279,30,30,30,30,59,59,113,129,157,169,201,216,216,291,291,303,303,356,356,27,55,66,77,77,77,87,119,146,159,159,159,159,159,159,18,48,48,48],"floor_reached":56,"language":"KOR","playtime":1369,"items_purged":["Strike_G","Strike_G"],"score":2113,"play_id":"d8109035-713c-4a42-91dd-5e8810169e1c","local_time":"20210222161234","is_ascension_mode":true,"campfire_choices":[{"floor":7.0,"key":"REST"},{"data":"Infinite Blades","floor":12.0,"key":"SMITH"},{"floor":15.0,"key":"REST"},{"floor":23.0,"key":"REST"},{"data":"1","floor":25.0,"key":"LIFT"},{"data":"2","floor":32.0,"key":"LIFT"},{"data":"3","floor":44.0,"key":"LIFT"},{"floor":49.0,"key":"RECALL"},{"data":"Accuracy","floor":53.0,"key":"SMITH"}],"circlet_count":0,"master_deck":["AscendersBane","Strike_G","Strike_G","Defend_G","Defend_G","Defend_G","Defend_G","Defend_G","Survivor","Neutralize","Infinite Blades+1","Riddle With Holes","Riddle With Holes","Dagger Spray","Wraith Form v2+1","Choke","Blade Dance+1","Outmaneuver+1","Die Die Die","CurseOfTheBell","Blade Dance+1","Poisoned Stab+1","Leg Sweep+1","Crippling Poison+1","Backstab+1","Escape Plan+1","Phantasmal Killer+1","Blade Dance+1","Apotheosis+1","Finesse+1","Flash of Steel+1","Accuracy+1","Dodge and Roll+1","PiercingWail+1","Adrenaline+1","Well Laid Plans","Dodge and Roll+1"],"relics":["Ring of the Snake","Pen Nib","Juzu Bracelet","Ornamental Fan","Toxic Egg 2","Orichalcum","Odd Mushroom","Calling Bell","Boot","Molten Egg 2","Du-Vu Doll","Bag of Marbles","Meat on the Bone","Girya","Tiny Chest","Happy Flower","Bag of Preparation","WristBlade","FossilizedHelix","Vajra","Regal Pillow","Strawberry","MealTicket","Kunai"],"acts_visited":["Exordium","TheCity","TheBeyond","TheEnding"],"potions_floor_usage":[],"damage_taken":[{"damage":7.0,"enemies":"Cultist","floor":1.0,"turns":5.0},{"damage":8.0,"enemies":"Jaw Worm","floor":3.0,"turns":4.0},{"damage":30.0,"enemies":"Gremlin Nob","floor":6.0,"turns":4.0},{"damage":27.0,"enemies":"3 Sentries","floor":11.0,"turns":7.0},{"damage":0.0,"enemies":"Small Slimes","floor":13.0,"turns":4.0},{"damage":0.0,"enemies":"The Mushroom Lair","floor":14.0,"turns":5.0},{"damage":27.0,"enemies":"Slime Boss","floor":16.0,"turns":10.0},{"damage":26.0,"enemies":"Shell Parasite","floor":18.0,"turns":6.0},{"damage":0.0,"enemies":"Slavers","floor":24.0,"turns":1.0},{"damage":0.0,"enemies":"Spheric Guardian","floor":27.0,"turns":2.0},{"damage":23.0,"enemies":"Book of Stabbing","floor":28.0,"turns":4.0},{"damage":0.0,"enemies":"Centurion and Healer","floor":29.0,"turns":1.0},{"damage":25.0,"enemies":"Slavers","floor":30.0,"turns":3.0},{"damage":0.0,"enemies":"Sentry and Sphere","floor":31.0,"turns":3.0},{"damage":8.0,"enemies":"Collector","floor":33.0,"turns":6.0},{"damage":7.0,"enemies":"3 Shapes","floor":35.0,"turns":6.0},{"damage":7.0,"enemies":"2 Orb Walkers","floor":37.0,"turns":2.0},{"damage":0.0,"enemies":"Nemesis","floor":40.0,"turns":4.0},{"damage":0.0,"enemies":"3 Darklings","floor":41.0,"turns":1.0},{"damage":0.0,"enemies":"Transient","floor":42.0,"turns":6.0},{"damage":0.0,"enemies":"Spire Growth","floor":45.0,"turns":3.0},{"damage":3.0,"enemies":"Giant Head","floor":46.0,"turns":4.0},{"damage":0.0,"enemies":"Jaw Worm Horde","floor":48.0,"turns":2.0},{"damage":0.0,"enemies":"Time Eater","floor":50.0,"turns":8.0},{"damage":26.0,"enemies":"Donu and Deca","floor":51.0,"turns":5.0},{"damage":34.0,"enemies":"Shield and Spear","floor":55.0,"turns":6.0},{"damage":45,"enemies":"The Heart","floor":56,"turns":5}],"seed_played":"2983514954439087265","potions_obtained":[{"floor":3.0,"key":"AttackPotion"},{"floor":13.0,"key":"SpeedPotion"},{"floor":14.0,"key":"DuplicationPotion"},{"floor":18.0,"key":"Fire Potion"},{"floor":21.0,"key":"LiquidMemories"},{"floor":31.0,"key":"SkillPotion"},{"floor":33.0,"key":"Weak Potion"},{"floor":35.0,"key":"SteroidPotion"},{"floor":41.0,"key":"LiquidMemories"}],"is_trial":false,"path_per_floor":["M","T","M","$","?","E","R","?","T","?","E","R","M","?","R","B",null,"M","?","$","?","T","R","E","R","T","M","E","M","E","M","R","B",null,"M","?","?","?","$","E","M","M","T","R","M","E","T","M","R","B","B",null,"R","$","E","B"],"character_chosen":"THE_SILENT","items_purchased":["Riddle With Holes","Leg Sweep+1","Bag of Marbles","Vajra","Accuracy","SteroidPotion","Well Laid Plans"],"campfire_rested":3,"item_purchase_floors":[4,20,20,39,39,39,54],"current_hp_per_floor":[52,52,44,44,44,14,33,33,33,38,11,11,11,11,32,5,55,29,29,29,29,29,50,50,50,50,50,39,39,26,38,38,42,64,57,57,50,40,40,40,40,40,40,40,40,44,44,44,44,44,30,66,66,78,44,0,0],"gold":48,"neow_bonus":"RANDOM_COMMON_RELIC","is_daily":false,"chose_seed":true,"campfire_upgraded":2,"win_rate":0.0,"timestamp":1613977954,"path_taken":["M","?","M","$","?","E","R","?","T","?","E","R","M","?","R","BOSS","M","?","$","?","?","R","E","R","T","M","E","M","E","M","R","BOSS","M","?","?","?","$","E","M","M","T","R","M","E","?","M","R","BOSS","BOSS","R","$","E","BOSS"],"items_purchased_type":["Card","Card","Relic","Relic","Card","Potion","Card"],"build_version":"2020-12-22","purchased_purges":2,"victory":false,"max_hp_per_floor":[66,66,66,66,66,66,66,66,66,71,71,71,71,71,71,71,71,71,71,71,71,71,71,71,71,71,71,71,71,71,71,71,71,71,71,71,71,71,71,71,71,71,71,71,71,78,78,78,78,78,78,78,78,78,78,78,78],"card_choices":[{"not_picked":["PiercingWail","Calculated Gamble"],"picked":"Infinite Blades","floor":1.0},{"not_picked":["Noxious Fumes","Cloak And Dagger"],"picked":"Riddle With Holes","floor":3.0},{"not_picked":["Riddle With Holes","Masterful Stab"],"picked":"Wraith Form v2","floor":6.0},{"not_picked":["Acrobatics+1","Poisoned Stab"],"picked":"Choke","floor":11.0},{"not_picked":["Eviscerate","Riddle With Holes"],"picked":"Blade Dance+1","floor":13.0},{"not_picked":["Underhanded Strike","Poisoned Stab"],"picked":"Outmaneuver+1","floor":14.0},{"not_picked":["Doppelganger+1","A Thousand Cuts"],"picked":"Die Die Die","floor":16.0},{"not_picked":["Masterful Stab+1","Heel Hook+1"],"picked":"Blade Dance+1","floor":18.0},{"not_picked":["Reflex+1","Burst+1","Predator+1"],"picked":"SKIP","floor":24.0},{"not_picked":["Poisoned Stab+1","Backflip+1"],"picked":"Crippling Poison+1","floor":27.0},{"not_picked":["Setup+1","Backflip+1"],"picked":"Leg Sweep+1","floor":28.0},{"not_picked":["Crippling Poison+1","Outmaneuver+1","Dagger Spray+1"],"picked":"SKIP","floor":29.0},{"not_picked":["Caltrops+1","Outmaneuver+1"],"picked":"Backstab+1","floor":30.0},{"not_picked":["Sucker Punch+1","Flying Knee+1"],"picked":"Escape Plan+1","floor":31.0},{"not_picked":["Bullet Time+1","Tools of the Trade"],"picked":"Phantasmal Killer+1","floor":33.0},{"not_picked":["Flechettes+1","Predator+1","Acrobatics+1"],"picked":"SKIP","floor":35.0},{"not_picked":["Slice+1","Underhanded Strike+1"],"picked":"Blade Dance+1","floor":37.0},{"not_picked":["PanicButton+1","Swift Strike+1"],"picked":"Apotheosis+1","floor":38.0},{"not_picked":["Sadistic Nature","Dark Shackles+1"],"picked":"Finesse+1","floor":38.0},{"not_picked":["Trip+1","Transmutation+1"],"picked":"Flash of Steel+1","floor":38.0},{"not_picked":["Crippling Poison+1","Dagger Spray+1","Glass Knife+1"],"picked":"SKIP","floor":40.0},{"not_picked":["Dagger Throw+1","Underhanded Strike+1"],"picked":"Dodge and Roll+1","floor":41.0},{"not_picked":["Bane+1","Slice+1","Deadly Poison+1"],"picked":"SKIP","floor":42.0},{"not_picked":["Slice+1","Prepared+1"],"picked":"PiercingWail+1","floor":45.0},{"not_picked":["Dagger Spray+1","Grand Finale+1"],"picked":"Adrenaline+1","floor":46.0},{"not_picked":["Deflect+1","Poisoned Stab+1","Slice+1"],"picked":"SKIP","floor":48.0},{"not_picked":["PiercingWail+1","Endless Agony+1"],"picked":"Dodge and Roll+1","floor":55.0}],"player_experience":741367,"relics_obtained":[{"floor":2.0,"key":"Juzu Bracelet"},{"floor":6.0,"key":"Ornamental Fan"},{"floor":9.0,"key":"Toxic Egg 2"},{"floor":11.0,"key":"Orichalcum"},{"floor":14.0,"key":"Odd Mushroom"},{"floor":17.0,"key":"Boot"},{"floor":17.0,"key":"Molten Egg 2"},{"floor":17.0,"key":"Du-Vu Doll"},{"floor":22.0,"key":"Meat on the Bone"},{"floor":24.0,"key":"Girya"},{"floor":26.0,"key":"Tiny Chest"},{"floor":28.0,"key":"Happy Flower"},{"floor":30.0,"key":"Bag of Preparation"},{"floor":37.0,"key":"FossilizedHelix"},{"floor":40.0,"key":"Regal Pillow"},{"floor":46.0,"key":"Strawberry"},{"floor":47.0,"key":"MealTicket"},{"floor":55.0,"key":"Kunai"}],"event_choices":[{"damage_healed":0.0,"max_hp_gain":0.0,"max_hp_loss":0.0,"gold_gain":0.0,"event_name":"Match and Keep!","player_choice":"1 cards matched","floor":5.0,"gold_loss":0.0,"damage_taken":0.0,"cards_obtained":["Dagger Spray"]},{"damage_healed":0.0,"max_hp_gain":0.0,"max_hp_loss":0.0,"gold_gain":0.0,"event_name":"Living Wall","player_choice":"Grow","floor":8.0,"gold_loss":0.0,"damage_taken":0.0,"cards_upgraded":["Wraith Form v2"]},{"damage_healed":0.0,"max_hp_gain":5.0,"max_hp_loss":0.0,"gold_gain":0.0,"event_name":"Big Fish","player_choice":"Donut","floor":10.0,"gold_loss":0.0,"damage_taken":0.0},{"damage_healed":0.0,"max_hp_gain":0.0,"max_hp_loss":0.0,"gold_gain":0.0,"event_name":"Mushrooms","player_choice":"Fought Mushrooms","floor":14.0,"gold_loss":0.0,"damage_taken":0.0},{"damage_healed":0.0,"max_hp_gain":0.0,"max_hp_loss":0.0,"gold_gain":0.0,"cards_transformed":["Strike_G"],"event_name":"Transmorgrifier","player_choice":"Transformed","floor":19.0,"gold_loss":0.0,"damage_taken":0.0,"cards_obtained":["Poisoned Stab"]},{"damage_healed":0.0,"max_hp_gain":0.0,"max_hp_loss":0.0,"gold_gain":0.0,"event_name":"Lab","player_choice":"Got Potions","floor":21.0,"gold_loss":0.0,"damage_taken":0.0},{"cards_removed":["Leg Sweep"],"damage_healed":0.0,"max_hp_gain":0.0,"max_hp_loss":0.0,"gold_gain":0.0,"event_name":"Falling","player_choice":"Removed Skill","floor":36.0,"gold_loss":0.0,"damage_taken":0.0},{"damage_healed":0.0,"max_hp_gain":0.0,"max_hp_loss":0.0,"gold_gain":0.0,"event_name":"Mysterious Sphere","player_choice":"Fight","floor":37.0,"gold_loss":0.0,"damage_taken":0.0},{"damage_healed":0.0,"max_hp_gain":0.0,"max_hp_loss":0.0,"gold_gain":0.0,"event_name":"SensoryStone","player_choice":"Memory 3","floor":38.0,"gold_loss":0.0,"damage_taken":10.0}],"is_beta":false,"boss_relics":[{"not_picked":["Empty Cage","Runic Pyramid"],"picked":"Calling Bell"},{"not_picked":["Tiny House","SacredBark"],"picked":"WristBlade"}],"items_purged_floors":[39,54],"is_endless":false,"potions_floor_spawned":[3,13,14,18,31,33,35,40,41,42,46],"killed_by":"The Heart","ascension_level":20}}