{"host":"sc0o2qwpf9j16a4i","time":1613985593,"event":{"mods":["AchievementEnabler","BaseMod","BetterRewards","Block Reminder","Colored Map","Colored Powertips","Custom Start","Highlight Path","Minty Spire (QoL Compilation)","Relic Stats"],"gold_per_floor":[116,10,10,28,28,28,28,42,68,84,102,102,116,143,143,239,239,257,270,285,285,296,296,325,325,325,340,355,369,369,369],"floor_reached":30,"language":"ENG","playtime":1024,"items_purged":[],"score":356,"play_id":"b394d395-3d65-4744-b96e-493f43c0c033","local_time":"20210222111953","daily_mods":["SealedDeck","Uncertain Future","Terminal"],"is_ascension_mode":false,"campfire_choices":[{"data":"BattleHymn","floor":6,"key":"SMITH"},{"data":"SashWhip","floor":12,"key":"SMITH"},{"data":"Wallop","floor":15,"key":"SMITH"},{"data":"SpiritShield","floor":23,"key":"SMITH"}],"circlet_count":0,"master_deck":["Prostrate","Prostrate","FollowUp","FollowUp+1","Evaluate","SashWhip+1","Sanctity","Worship","Protect","Wallop+1","BattleHymn+1","Wallop+1","Meditate","CutThroughFate","FearNoEvil","SpiritShield+1","Conclude","Worship","Writhe","Consecrate","BowlingBash"],"relics":["PureWater","Whetstone","Letter Opener","Busted Crown","Blue Candle","Toy Ornithopter","Pantograph"],"acts_visited":["Exordium","TheCity"],"potions_floor_usage":[14,16,16],"damage_taken":[{"damage":0,"enemies":"Small Slimes","floor":1,"turns":3},{"damage":0,"enemies":"2 Louse","floor":4,"turns":2},{"damage":0,"enemies":"Cultist","floor":8,"turns":3},{"damage":0,"enemies":"Large Slime","floor":10,"turns":3},{"damage":0,"enemies":"3 Louse","floor":11,"turns":2},{"damage":0,"enemies":"Lots of Slimes","floor":13,"turns":3},{"damage":0,"enemies":"3 Sentries","floor":14,"turns":4},{"damage":0,"enemies":"Hexaghost","floor":16,"turns":3},{"damage":0,"enemies":"Shell Parasite","floor":18,"turns":4},{"damage":0,"enemies":"3 Byrds","floor":19,"turns":5},{"damage":0,"enemies":"Snecko","floor":20,"turns":5},{"damage":1,"enemies":"Cultist and Chosen","floor":22,"turns":3},{"damage":0,"enemies":"Book of Stabbing","floor":24,"turns":4},{"damage":0,"enemies":"Shelled Parasite and Fungi","floor":27,"turns":3},{"damage":0,"enemies":"3 Cultists","floor":28,"turns":3},{"damage":0,"enemies":"Snake Plant","floor":29,"turns":2}],"seed_played":"-7274350245441339770","potions_obtained":[{"floor":8,"key":"AttackPotion"},{"floor":10,"key":"CultistPotion"},{"floor":11,"key":"DistilledChaos"},{"floor":16,"key":"BlessingOfTheForge"},{"floor":18,"key":"SpeedPotion"},{"floor":22,"key":"Weak Potion"}],"is_trial":true,"path_per_floor":["M","$","?","M","$","R","$","M","T","M","M","R","M","E","R","B",null,"M","M","M","?","M","R","E","?","T","M","M","M","$"],"character_chosen":"WATCHER","items_purchased":["BattleHymn","Wallop"],"campfire_rested":0,"item_purchase_floors":[2,2],"current_hp_per_floor":[70,69,68,67,66,65,64,63,62,61,60,59,58,57,56,55,54,53,52,51,50,49,48,47,56,55,54,53,52,52,52],"gold":369,"neow_bonus":"","is_daily":false,"chose_seed":false,"campfire_upgraded":4,"win_rate":0.0,"timestamp":1613985593,"path_taken":["M","$","?","M","?","R","?","M","T","M","M","R","M","E","R","BOSS","M","M","M","?","M","R","E","?","T","M","M","?","$"],"items_purchased_type":["Card","Card"],"build_version":"2020-12-22","purchased_purges":0,"victory":false,"max_hp_per_floor":[70,69,68,67,66,65,64,63,62,61,60,59,58,57,56,55,54,53,52,51,50,49,48,47,56,55,54,53,52,52,52],"relic_stats":{"Busted Crown":16,"counters":[16,52],"Blue Candle":[1],"Pantograph":0,"Whetstone":["FollowUp","Wallop"],"Letter Opener":[55],"obtain_stats":[{"Busted Crown":17,"Blue Candle":21,"Pantograph":26,"Whetstone":9,"Letter Opener":14,"PureWater":0,"Toy Ornithopter":24},{"Busted Crown":8,"Blue Candle":11,"Pantograph":13,"Whetstone":3,"Letter Opener":7,"PureWater":0,"Toy Ornithopter":13},{"Busted Crown":23,"Blue Candle":37,"Pantograph":44,"Whetstone":8,"Letter Opener":20,"PureWater":0,"Toy Ornithopter":44}],"Toy Ornithopter":0},"card_choices":[{"not_picked":["Adaptation","Prostrate"],"picked":"Wallop","floor":1},{"not_picked":["Halt","SashWhip"],"picked":"Meditate","floor":4},{"not_picked":["ClearTheMind","Swivel","JustLucky"],"picked":"SKIP","floor":8},{"not_picked":["PathToVictory","EmptyMind"],"picked":"CutThroughFate","floor":10},{"not_picked":["ThirdEye","DeceiveReality"],"picked":"ConjureBlade","floor":11},{"not_picked":["Swivel","CutThroughFate"],"picked":"FearNoEvil","floor":13},{"not_picked":["Halt","EmptyFist","WindmillStrike"],"picked":"SKIP","floor":14},{"not_picked":["Alpha","DeusExMachina"],"picked":"SpiritShield","floor":16},{"not_picked":["Crescendo"],"picked":"SKIP","floor":18},{"not_picked":[],"picked":"Conclude","floor":19},{"not_picked":[],"picked":"Worship","floor":20},{"not_picked":["SashWhip"],"picked":"SKIP","floor":22},{"not_picked":["LessonLearned"],"picked":"SKIP","floor":24},{"not_picked":["ReachHeaven+1"],"picked":"SKIP","floor":27},{"not_picked":[],"picked":"Consecrate","floor":28},{"not_picked":[],"picked":"BowlingBash","floor":29}],"player_experience":1512201,"relics_obtained":[{"floor":9,"key":"Whetstone"},{"floor":14,"key":"Letter Opener"},{"floor":24,"key":"Toy Ornithopter"},{"floor":26,"key":"Pantograph"}],"event_choices":[{"cards_removed":["Worship"],"damage_healed":0,"gold_gain":0,"player_choice":"Purged","damage_taken":0,"max_hp_gain":0,"max_hp_loss":0,"event_name":"Purifier","floor":3,"gold_loss":0},{"damage_healed":0,"gold_gain":0,"player_choice":"Opened","damage_taken":0,"relics_obtained":["Blue Candle"],"max_hp_gain":0,"max_hp_loss":0,"event_name":"The Mausoleum","floor":21,"gold_loss":0,"cards_obtained":["Writhe"]},{"cards_removed":["ConjureBlade"],"damage_healed":0,"gold_gain":0,"player_choice":"Offered Rare","damage_taken":0,"max_hp_gain":10,"max_hp_loss":0,"event_name":"Bonfire Elementals","floor":25,"gold_loss":0}],"is_beta":false,"boss_relics":[{"not_picked":["Astrolabe","Coffee Dripper"],"picked":"Busted Crown"}],"items_purged_floors":[],"is_endless":false,"potions_floor_spawned":[8,10,11,13,16,18,22,24],"ascension_level":0}}