{"host":"pletss163z7s8pvv","time":1613969641,"event":{"mods":["AchievementEnabler","Act Like it!","AlwaysNeverKeys","BaseMod","Better Altar","Better Match","Better Note","Better Sensory Stone","Better Skull","Better Third Choice","BetterRewards","Bossed Relics","CapriCore","ChefMod","Clockwork Mod","Colored Map","Colored Powertips","Conspire","Dio Mod","Displayed Cursed Tome","Energized Spire","Evolution","Gensokyo","GifTheSpireLib","Hallownest","Hermit","Ironclad Rager","Jedi Mod","Marisa????????","Marked Mod","Minty Spire (QoL Compilation)","Reliquary","Replay The Spire","Retaliation","Reworked Bosses","Ruina","Somnambulant","Spicy Shops","StS++","StSLib","The Administrix","The Alterego","The Animator","The Blue Laboratory","The Bug Knight","The Construct","The Cursed","The Disciple","The Forsaken","The Hierophant","The Necromancer","The Saiyan","The Vixen","The Wild Card","TheVacant","Transform Curses"],"gold_per_floor":[215,215,228,336,347,347,359,371,440,440,440,365,54,80,80,183,183,198,48,48,48,448,448,465,465,465,482,501,527,96,130,130,130,130],"floor_reached":33,"language":"ENG","playtime":1652,"items_purged":[],"score":398,"play_id":"9ab0e6c8-734c-416a-aa58-b72b9ebe9644","local_time":"20210221225401","is_ascension_mode":false,"campfire_choices":[{"floor":6,"key":"REST"},{"data":"dioMod:DominatingPresence","floor":10,"key":"SMITH"},{"floor":15,"key":"DIG"},{"floor":23,"key":"RECALL"},{"data":"Clockwork:ReserveSystems","floor":25,"key":"SMITH"},{"floor":32,"key":"REST"}],"circlet_count":0,"master_deck":["dioMod:VengefulMuda","dioMod:VengefulMuda","dioMod:Strike","dioMod:Strike+1","Bite","dioMod:Defend","dioMod:Defend","dioMod:Defend","dioMod:Defend","dioMod:BloodSplash","dioMod:LaserVision","dioMod:LaserVision","dioMod:LaserVision+1","dioMod:Muda","dioMod:ComposedMuda","dioMod:DominatingPresence+1","dioMod:DoubleTime","dioMod:SevenPageMuda+1","dioMod:LaserVision+1","Pot Of Greed","Pot Of Greed","dioMod:Hiss","dioMod:BlendIn","Chrysalis","somnambulantmod: Unmake","dioMod:SecretPlan","dioMod:BloodSplash","Pot Of Greed","dioMod:ComposedMuda","dioMod:VengefulMuda","Carnage","Clockwork:ReserveSystems+1","Replay:Battleflow+1","Underhanded Strike","Death_March_Dance","dioMod:DaggerToss","hermit:Dive","construct:OmegaCannon","theVacant:ReaperStrike","Pot Of Greed","Inflame","dioMod:BloodTransfusion","jedi:LeechingStrike","Midas Touch","Secret Technique","TheVixenMod:FlameCharge+1"],"relics":["dioMod:VampireBlood","EVO:Axolotl","Anchor","Replay:Bottled Snecko","PrismaticShard","Grinning Jar","Black Star","Lee\u0027s Waffle","reliquary:PrincelyHelmet","ReplayTheSpireMod:TigerMarble","Replay:Ringing Soul","Orrery","ReplayTheSpireMod:ShopPack","Toy Ornithopter","reliquary:RosewoodLute"],"acts_visited":["Exordium","Gensokyo:Gensokyo"],"potions_floor_usage":[16,16,31],"damage_taken":[{"damage":5,"enemies":"Gensokyo:3_Fairies","floor":1,"turns":3},{"damage":1,"enemies":"Gensokyo:Gryphon","floor":3,"turns":3},{"damage":1,"enemies":"Gensokyo:2_Kodama","floor":5,"turns":3},{"damage":3,"enemies":"Gensokyo:Kitsune","floor":7,"turns":4},{"damage":7,"enemies":"Gensokyo:VengefulSpirit","floor":8,"turns":3},{"damage":65,"enemies":"Gensokyo:Yukari","floor":16,"turns":10},{"damage":23,"enemies":"Gensokyo:Chomper","floor":18,"turns":4},{"damage":0,"enemies":"Gensokyo:3_Dogs","floor":24,"turns":3},{"damage":38,"enemies":"Gensokyo:3_Gloops","floor":27,"turns":5},{"damage":12,"enemies":"Gensokyo:Mirror_and_Dog","floor":28,"turns":5},{"damage":28,"enemies":"Gensokyo:Koishi","floor":29,"turns":8},{"damage":0,"enemies":"Gensokyo:Tenshi","floor":31,"turns":2},{"damage":71,"enemies":"Gensokyo:Eternal_Rivals","floor":33,"turns":6}],"seed_played":"9195057976066447253","potions_obtained":[{"floor":1,"key":"jedi:StrikingPotion"},{"floor":7,"key":"Toxic Potion"},{"floor":24,"key":"blueLaboratory:BubblePotion"},{"floor":29,"key":"CultistPotion"},{"floor":31,"key":"blueLaboratory:BubblePotion"}],"is_trial":false,"path_per_floor":["M","?","M","?","M","R","M","M","T","R","?","?","$","T","R_BF","B",null,"M","$","?","?","?","R","M","R","T","M","M","E","$","E","R","B"],"character_chosen":"THE_DEFAULT","items_purchased":["PrismaticShard","Grinning Jar","dioMod:Hiss","dioMod:BlendIn","Lee\u0027s Waffle","SteroidPotion","SpeedPotion","dioMod:SecretPlan","dioMod:BloodSplash","dioMod:ComposedMuda","dioMod:VengefulMuda","dioMod:DaggerToss","Orrery","dioMod:BloodTransfusion","ReplayTheSpireMod:ShopPack"],"campfire_rested":2,"item_purchase_floors":[13,13,13,13,19,19,19,19,19,19,19,30,30,30,30],"current_hp_per_floor":[75,75,75,54,61,75,75,72,72,72,72,72,72,72,72,14,75,55,82,82,82,82,82,82,82,82,53,47,25,28,34,61,0,0],"gold":130,"neow_bonus":"RANDOM_EVENT","is_daily":false,"chose_seed":false,"campfire_upgraded":2,"win_rate":0.0,"timestamp":1613969641,"path_taken":["M","?","M","?","M","R","?","M","T","R","?","?","$","?","R_BF","BOSS","M","$","?","?","?","R","M","R","T","?","M","E","?","E","R","BOSS"],"items_purchased_type":["Relic","Relic","Card","Card","Relic","Potion","Potion","Card","Card","Card","Card","Card","Relic","Card","Relic"],"build_version":"2020-12-22","purchased_purges":0,"victory":false,"max_hp_per_floor":[75,75,75,75,75,75,75,75,75,75,75,75,75,75,75,75,75,75,82,82,82,82,82,82,82,82,82,82,85,88,91,91,91,91],"card_choices":[{"not_picked":["dioMod:DaggerSpree","dioMod:Hiss"],"picked":"dioMod:BloodSplash","floor":0},{"not_picked":["dioMod:VengefulMuda","dioMod:DaggerToss"],"picked":"dioMod:LaserVision","floor":0},{"not_picked":["dioMod:CautiousMuda","dioMod:TripleThreat"],"picked":"dioMod:LaserVision","floor":1},{"not_picked":["dioMod:BlendIn","dioMod:StreetSign"],"picked":"dioMod:Muda","floor":3},{"not_picked":["dioMod:DarkRebirth","dioMod:ComboFever"],"picked":"dioMod:ComposedMuda","floor":5},{"not_picked":["dioMod:GoodbyeJojo","dioMod:WRYYY"],"picked":"dioMod:DominatingPresence","floor":7},{"not_picked":["dioMod:CautiousMuda","dioMod:ComboFever"],"picked":"dioMod:DoubleTime","floor":8},{"not_picked":["dioMod:UltimateSacrifice+1","dioMod:PhantomBlood+1"],"picked":"dioMod:SevenPageMuda+1","floor":12},{"not_picked":["dioMod:WRYYY","dioMod:SecretPlan+1"],"picked":"dioMod:LaserVision+1","floor":12},{"not_picked":["HollowMod:SoulMaster","animator:Wiz"],"picked":"Chrysalis","floor":16},{"not_picked":["Consecrate","chefmod:GroceryDelivery"],"picked":"somnambulantmod: Unmake","floor":18},{"not_picked":["EmptyMind","StSpp:TheBiggerTheyAre"],"picked":"Clockwork:ReserveSystems","floor":24},{"not_picked":["theForsaken:ScorchingSunlight","chefmod:Fillet"],"picked":"Replay:Battleflow+1","floor":27},{"not_picked":["animator:DolaSchwi","chefmod:BananaSplit"],"picked":"Underhanded Strike","floor":28},{"not_picked":["Whirlwind","TheCursedMod:Evocation"],"picked":"Death_March_Dance","floor":29},{"not_picked":["ReplayTheSpireMod:Strike From Hell+1","chefmod:SaveForLater"],"picked":"hermit:Dive","floor":30},{"not_picked":["TheCursedMod:SoulCrush+1","TheCursedMod:CursedMace+1"],"picked":"construct:OmegaCannon","floor":30},{"not_picked":["chefmod:SliceAndDice","hermit:Ricochet"],"picked":"theVacant:ReaperStrike","floor":30},{"not_picked":["HollowMod:Grubsong","Hemokinesis"],"picked":"Inflame","floor":30},{"not_picked":["Metamorphosis","Secret Technique"],"picked":"jedi:LeechingStrike","floor":30},{"not_picked":["Replay:Sssssssssshield","Replay:Bootleg Shield Generator"],"picked":"Midas Touch","floor":30},{"not_picked":["Bandage Up","jedi:forcepush"],"picked":"Secret Technique","floor":30},{"not_picked":["HollowMod:MonarchWings","somnambulantmod: SleepingBody"],"picked":"TheVixenMod:FlameCharge+1","floor":31}],"player_experience":532130,"relics_obtained":[{"floor":0,"key":"Anchor"},{"floor":9,"key":"Replay:Bottled Snecko"},{"floor":15,"key":"StSpp:GiftCard"},{"floor":26,"key":"reliquary:PrincelyHelmet"},{"floor":29,"key":"ReplayTheSpireMod:TigerMarble"},{"floor":29,"key":"Replay:Ringing Soul"},{"floor":31,"key":"Toy Ornithopter"},{"floor":31,"key":"reliquary:RosewoodLute"}],"event_choices":[{"damage_healed":0,"gold_gain":108,"player_choice":"GO UP ","damage_taken":24,"relics_obtained":[],"max_hp_gain":0,"max_hp_loss":0,"event_name":"betterSkull:BetterSkull","floor":4,"gold_loss":0,"cards_upgraded":["dioMod:Strike"]},{"damage_healed":0,"gold_gain":0,"player_choice":"2","damage_taken":0,"max_hp_gain":0,"max_hp_loss":0,"event_name":"betterMatch:BetterMatch","floor":12,"gold_loss":0,"cards_obtained":["betterMatch:RareCard","betterMatch:CommonCard"]}],"is_beta":false,"boss_relics":[{"not_picked":["reliquary:Ember","Ectoplasm"],"picked":"Black Star"}],"items_purged_floors":[],"is_endless":false,"potions_floor_spawned":[1,7,24,29,31],"killed_by":"Gensokyo:Eternal_Rivals","ascension_level":0}}