{"host":"2hea6pl5vmah38iy","time":1613967536,"event":{"mods":["AchievementEnabler","BaseMod","Colored Map","DeckTracker","Keyboard Shortcuts","Minty Spire (QoL Compilation)","Rare Cards Sparkle","StSLib","SuperFastMode","everything is the same but u backflip on backflip"],"gold_per_floor":[116,116,129,129,147,182,182,200,223,236,246,246,171,71,71,148,148,165,165,165,181,193,193,193,193,238,257,58,85,85,103,103,177,177,195,107,132,145,159,159,0,34,34,62,78,16,29,45,45,45,45],"floor_reached":50,"language":"KOR","playtime":3514,"items_purged":["Defend_P","Strike_P","Defend_P+1"],"score":1144,"play_id":"6e591355-74b0-4e16-b9e6-567a8c6c0940","local_time":"20210222131856","is_ascension_mode":true,"campfire_choices":[{"floor":7.0,"key":"REST"},{"data":"Eruption","floor":12.0,"key":"SMITH"},{"data":"TalkToTheHand","floor":15.0,"key":"SMITH"},{"floor":23.0,"key":"REST"},{"data":"CrushJoints","floor":25.0,"key":"SMITH"},{"floor":30.0,"key":"REST"},{"data":"InnerPeace","floor":32.0,"key":"SMITH"},{"data":"EmptyMind","floor":40.0,"key":"SMITH"},{"floor":49.0,"key":"RECALL"}],"circlet_count":0,"master_deck":["AscendersBane","Eruption+1","Vigilance","EmptyFist","CrushJoints+1","TalkToTheHand+1","Adaptation","Sanctity","DevaForm","FlurryOfBlows","FlurryOfBlows+1","ThirdEye","ClearTheMind+1","Worship","InnerPeace+1","Ragnarok","SashWhip+1","EmptyMind+1","FearNoEvil+1"],"relics":["PureWater","Toy Ornithopter","Bronze Scales","Empty Cage","Art of War","SacredBark","Mango","Oddly Smooth Stone","Bottled Flame","Blood Vial","Incense Burner"],"acts_visited":["Exordium","TheCity","TheBeyond"],"potions_floor_usage":[],"damage_taken":[{"damage":12.0,"enemies":"Small Slimes","floor":1.0,"turns":4.0},{"damage":0.0,"enemies":"2 Louse","floor":3.0,"turns":2.0},{"damage":0.0,"enemies":"Cultist","floor":5.0,"turns":2.0},{"damage":2.0,"enemies":"Gremlin Nob","floor":6.0,"turns":3.0},{"damage":4.0,"enemies":"Red Slaver","floor":8.0,"turns":2.0},{"damage":7.0,"enemies":"Exordium Thugs","floor":10.0,"turns":3.0},{"damage":0.0,"enemies":"2 Fungi Beasts","floor":11.0,"turns":2.0},{"damage":2.0,"enemies":"The Guardian","floor":16.0,"turns":9.0},{"damage":12.0,"enemies":"3 Byrds","floor":18.0,"turns":4.0},{"damage":3.0,"enemies":"Spheric Guardian","floor":21.0,"turns":4.0},{"damage":23.0,"enemies":"Chosen and Byrds","floor":22.0,"turns":6.0},{"damage":0.0,"enemies":"Cultist and Chosen","floor":27.0,"turns":3.0},{"damage":24.0,"enemies":"Gremlin Leader","floor":29.0,"turns":4.0},{"damage":0.0,"enemies":"Snecko","floor":31.0,"turns":2.0},{"damage":32.0,"enemies":"Automaton","floor":33.0,"turns":7.0},{"damage":20.0,"enemies":"3 Shapes","floor":35.0,"turns":7.0},{"damage":0.0,"enemies":"Mind Bloom Boss Battle","floor":37.0,"turns":4.0},{"damage":0.0,"enemies":"Orb Walker","floor":38.0,"turns":4.0},{"damage":24.0,"enemies":"4 Shapes","floor":39.0,"turns":12.0},{"damage":36.0,"enemies":"Reptomancer","floor":42.0,"turns":4.0},{"damage":0.0,"enemies":"Giant Head","floor":44.0,"turns":4.0},{"damage":18.0,"enemies":"3 Darklings","floor":45.0,"turns":6.0},{"damage":5.0,"enemies":"Writhing Mass","floor":47.0,"turns":6.0},{"damage":20.0,"enemies":"Jaw Worm Horde","floor":48.0,"turns":4.0},{"damage":0,"enemies":"Donu and Deca","floor":50,"turns":1}],"seed_played":"-3387789192143470933","potions_obtained":[{"floor":3.0,"key":"LiquidBronze"},{"floor":6.0,"key":"BottledMiracle"},{"floor":10.0,"key":"Ancient Potion"},{"floor":11.0,"key":"Strength Potion"},{"floor":18.0,"key":"BlessingOfTheForge"},{"floor":22.0,"key":"BlessingOfTheForge"},{"floor":29.0,"key":"AttackPotion"},{"floor":33.0,"key":"EntropicBrew"},{"floor":35.0,"key":"Block Potion"},{"floor":42.0,"key":"CultistPotion"},{"floor":45.0,"key":"GamblersBrew"}],"is_trial":false,"path_per_floor":["M","?","M","?","M","E","R","M","T","M","M","R","$","$","R","B",null,"M","?","?","M","M","R","?","R","T","M","$","E","R","M","R","B",null,"M","$","?","M","M","R","$","E","T","E","M","?","M","M","R","B"],"character_chosen":"WATCHER","items_purchased":["Worship","EmptyMind","Fruit Juice","FearPotion"],"campfire_rested":3,"item_purchase_floors":[28,36,41,41],"current_hp_per_floor":[31,11,11,11,11,9,29,25,25,23,23,23,23,23,23,26,58,46,46,27,24,6,27,27,27,27,32,32,8,29,34,34,2,55,45,45,59,64,40,40,55,29,29,29,13,13,15,2,2,4,4],"gold":45,"neow_bonus":"TRANSFORM_TWO_CARDS","is_daily":false,"chose_seed":false,"campfire_upgraded":5,"win_rate":0.0,"timestamp":1613967536,"path_taken":["M","?","M","?","?","E","R","M","T","M","M","R","?","$","R","BOSS","M","?","?","M","M","R","?","R","T","M","$","E","R","?","R","BOSS","M","$","?","M","M","R","$","E","T","E","M","?","?","M","R","BOSS"],"items_purchased_type":["Card","Card","Potion","Potion"],"build_version":"2020-12-22","purchased_purges":3,"victory":false,"max_hp_per_floor":[68,68,68,68,68,68,68,68,68,68,68,68,68,68,68,68,68,68,68,73,73,73,73,73,73,73,73,73,73,73,73,73,73,73,73,73,87,87,87,87,97,97,97,97,97,97,97,97,97,97,97],"card_choices":[{"not_picked":["Consecrate","EmptyFist"],"picked":"CrushJoints","floor":1.0},{"not_picked":["FollowUp","Study","SashWhip"],"picked":"SKIP","floor":3.0},{"not_picked":["BowlingBash","CutThroughFate"],"picked":"TalkToTheHand","floor":5.0},{"not_picked":["Indignation","DeceiveReality","CutThroughFate"],"picked":"SKIP","floor":6.0},{"not_picked":["Evaluate","Perseverance"],"picked":"Adaptation","floor":8.0},{"not_picked":["Conclude","FlyingSleeves","Evaluate"],"picked":"SKIP","floor":10.0},{"not_picked":["Conclude","CutThroughFate"],"picked":"Sanctity","floor":11.0},{"not_picked":["Judgement","ConjureBlade"],"picked":"DevaForm","floor":16.0},{"not_picked":["BowlingBash","ClearTheMind","Meditate"],"picked":"SKIP","floor":18.0},{"not_picked":["Meditate","Sanctity","Crescendo"],"picked":"SKIP","floor":21.0},{"not_picked":["WindmillStrike","DeceiveReality"],"picked":"FlurryOfBlows+1","floor":22.0},{"not_picked":["Prostrate","FollowUp"],"picked":"ClearTheMind+1","floor":27.0},{"not_picked":["FlyingSleeves","Tantrum"],"picked":"InnerPeace","floor":29.0},{"not_picked":["Pray","WreathOfFlame","BowlingBash"],"picked":"SKIP","floor":31.0},{"not_picked":["SpiritShield","Blasphemy"],"picked":"Ragnarok","floor":33.0},{"not_picked":["Pray+1","Fasting2"],"picked":"SashWhip+1","floor":35.0},{"not_picked":["Crescendo+1","Protect","CutThroughFate"],"picked":"SKIP","floor":38.0},{"not_picked":["Halt+1","DeceiveReality+1","CrushJoints"],"picked":"SKIP","floor":39.0},{"not_picked":["EmptyFist","WindmillStrike+1"],"picked":"FearNoEvil+1","floor":42.0},{"not_picked":["Blasphemy","ThirdEye","ReachHeaven"],"picked":"SKIP","floor":44.0},{"not_picked":["Consecrate+1","CarveReality","JustLucky"],"picked":"SKIP","floor":45.0},{"not_picked":["Halt","Consecrate+1","Swivel"],"picked":"SKIP","floor":47.0},{"not_picked":["Prostrate","EmptyFist","SashWhip"],"picked":"SKIP","floor":48.0}],"player_experience":605111,"relics_obtained":[{"floor":6.0,"key":"Toy Ornithopter"},{"floor":9.0,"key":"Bronze Scales"},{"floor":29.0,"key":"Art of War"},{"floor":37.0,"key":"Mango"},{"floor":42.0,"key":"Oddly Smooth Stone"},{"floor":43.0,"key":"Bottled Flame"},{"floor":44.0,"key":"Blood Vial"}],"event_choices":[{"damage_healed":0.0,"max_hp_gain":0.0,"max_hp_loss":0.0,"gold_gain":0.0,"event_name":"Shining Light","player_choice":"Entered Light","floor":2.0,"gold_loss":0.0,"damage_taken":20.0,"cards_upgraded":["Strike_P","Defend_P"]},{"cards_removed":["Strike_P"],"damage_healed":0.0,"max_hp_gain":0.0,"max_hp_loss":0.0,"gold_gain":0.0,"event_name":"Purifier","player_choice":"Purged","floor":4.0,"gold_loss":0.0,"damage_taken":0.0},{"damage_healed":0.0,"max_hp_gain":0.0,"max_hp_loss":0.0,"gold_gain":0.0,"event_name":"The Library","player_choice":"Read","floor":19.0,"gold_loss":0.0,"damage_taken":0.0,"cards_obtained":["FlurryOfBlows"]},{"damage_healed":0.0,"max_hp_gain":5.0,"max_hp_loss":0.0,"gold_gain":0.0,"event_name":"Forgotten Altar","player_choice":"Shed Blood","floor":20.0,"gold_loss":0.0,"damage_taken":24.0},{"damage_healed":0.0,"max_hp_gain":0.0,"max_hp_loss":0.0,"gold_gain":0.0,"cards_transformed":["Strike_P"],"event_name":"Transmorgrifier","player_choice":"Transformed","floor":24.0,"gold_loss":0.0,"damage_taken":0.0,"cards_obtained":["ThirdEye"]},{"damage_healed":0.0,"max_hp_gain":0.0,"max_hp_loss":0.0,"gold_gain":0.0,"event_name":"MindBloom","player_choice":"Fight","floor":37.0,"gold_loss":0.0,"damage_taken":0.0},{"damage_healed":0.0,"max_hp_gain":0.0,"max_hp_loss":0.0,"gold_gain":0.0,"event_name":"WeMeetAgain","player_choice":"Paid Gold","floor":46.0,"gold_loss":62.0,"damage_taken":0.0,"relics_obtained":["Incense Burner"]}],"is_beta":false,"boss_relics":[{"not_picked":["Coffee Dripper","Calling Bell"],"picked":"Empty Cage"},{"not_picked":["Runic Dome","Pandora\u0027s Box"],"picked":"SacredBark"}],"items_purged_floors":[13,14,28],"is_endless":false,"potions_floor_spawned":[3,6,10,11,18,22,29,33,35,42,45],"killed_by":"Donu and Deca","ascension_level":19}}