{"host":"nb3r5a3er9rrnn3n","time":1613998524,"event":{"mods":["Always Whale","BaseMod","Colored Map","Minty Spire (QoL Compilation)","Relic Stats","StSLib","everything is the same but u backflip on backflip"],"gold_per_floor":[113,24,35,35,48,79,79,111,157,187,5,5,5,18,18,92,92,104,29,29,29,44,44,72,84,134,161,5,5,40,53,53,124,124,144,190,209,259,13,40,40,65,65,65,99,111,111,185,185,185,185],"floor_reached":50,"language":"ENG","playtime":2455,"items_purged":["Strike_B","Shame"],"score":1354,"play_id":"eb8fc1d3-e4bb-41f2-a892-2f1e38658d85","local_time":"20210222235524","is_ascension_mode":true,"campfire_choices":[{"data":"Defragment","floor":7.0,"key":"SMITH"},{"data":"Blind","floor":13.0,"key":"SMITH"},{"data":"Fission","floor":15.0,"key":"SMITH"},{"data":"Electrodynamics","floor":23.0,"key":"SMITH"},{"floor":32.0,"key":"REST"},{"floor":41.0,"key":"RECALL"},{"data":"Fission","floor":44.0,"key":"SMITH"},{"data":"Buffer","floor":47.0,"key":"SMITH"},{"floor":49.0,"key":"REST"}],"circlet_count":0,"master_deck":["AscendersBane","Defend_B+1","Defend_B","Defend_B","Zap","Dualcast","Coolheaded+1","Auto Shields","Doom and Gloom","Defragment+1","Barrage","Coolheaded","Compile Driver","Blind+1","Fission+1","Electrodynamics+1","Compile Driver","Genetic Algorithm","Chill","Coolheaded+1","Meteor Strike","Core Surge","Hologram+1","Seek","BootSequence","Recycle+1","Fission+1","Buffer+1"],"relics":["Cracked Core","Mummified Hand","Vajra","War Paint","Bottled Flame","Inserter","Gremlin Horn","Blood Vial","Letter Opener","The Courier","Runic Dome","Calipers","Membership Card","Toy Ornithopter","Happy Flower","Art of War","Pear","StrikeDummy"],"acts_visited":["Exordium","TheCity","TheBeyond"],"potions_floor_usage":[],"damage_taken":[{"damage":0.0,"enemies":"Cultist","floor":1.0,"turns":3.0},{"damage":7.0,"enemies":"Jaw Worm","floor":3.0,"turns":4.0},{"damage":5.0,"enemies":"2 Louse","floor":5.0,"turns":2.0},{"damage":20.0,"enemies":"3 Sentries","floor":6.0,"turns":11.0},{"damage":0.0,"enemies":"Gremlin Nob","floor":8.0,"turns":3.0},{"damage":25.0,"enemies":"3 Sentries","floor":10.0,"turns":5.0},{"damage":0.0,"enemies":"2 Fungi Beasts","floor":14.0,"turns":3.0},{"damage":5.0,"enemies":"Hexaghost","floor":16.0,"turns":11.0},{"damage":11.0,"enemies":"2 Thieves","floor":18.0,"turns":3.0},{"damage":16.0,"enemies":"Chosen","floor":22.0,"turns":4.0},{"damage":13.0,"enemies":"Book of Stabbing","floor":24.0,"turns":6.0},{"damage":0.0,"enemies":"Centurion and Healer","floor":25.0,"turns":5.0},{"damage":0.0,"enemies":"Gremlin Leader","floor":27.0,"turns":4.0},{"damage":5.0,"enemies":"Book of Stabbing","floor":30.0,"turns":6.0},{"damage":1.0,"enemies":"Snecko","floor":31.0,"turns":3.0},{"damage":29.0,"enemies":"Automaton","floor":33.0,"turns":14.0},{"damage":12.0,"enemies":"3 Shapes","floor":35.0,"turns":3.0},{"damage":1.0,"enemies":"2 Orb Walkers","floor":36.0,"turns":3.0},{"damage":6.0,"enemies":"Orb Walker","floor":37.0,"turns":2.0},{"damage":6.0,"enemies":"Nemesis","floor":40.0,"turns":5.0},{"damage":4.0,"enemies":"Giant Head","floor":42.0,"turns":6.0},{"damage":30.0,"enemies":"Nemesis","floor":45.0,"turns":9.0},{"damage":0.0,"enemies":"Transient","floor":46.0,"turns":6.0},{"damage":54,"enemies":"Time Eater","floor":50,"turns":9}],"seed_played":"-1661340820847858329","potions_obtained":[{"floor":3.0,"key":"DuplicationPotion"},{"floor":6.0,"key":"DuplicationPotion"},{"floor":14.0,"key":"SpeedPotion"},{"floor":16.0,"key":"FairyPotion"},{"floor":18.0,"key":"FearPotion"},{"floor":25.0,"key":"Block Potion"},{"floor":31.0,"key":"Energy Potion"},{"floor":33.0,"key":"EssenceOfDarkness"},{"floor":36.0,"key":"DistilledChaos"},{"floor":40.0,"key":"SmokeBomb"},{"floor":42.0,"key":"SteroidPotion"}],"is_trial":false,"path_per_floor":["M","$","M","$","M","E","R","E","T","E","$","?","R","M","R","B",null,"M","?","?","?","M","R","E","M","T","E","$","?","E","M","R","B",null,"M","?","M","?","$","E","R","E","T","R","E","M","R","T","R","B"],"character_chosen":"DEFECT","items_purchased":["Defragment","Blind","Meteor Strike","Membership Card","Fission"],"campfire_rested":2,"item_purchase_floors":[2,11,28,39,39],"current_hp_per_floor":[64,64,57,57,52,32,32,32,32,7,7,7,7,7,7,2,49,38,38,38,38,22,22,9,9,9,9,9,9,6,7,26,19,53,43,44,40,40,40,36,36,34,34,34,16,18,18,18,40,0,0],"gold":185,"neow_bonus":"TRANSFORM_TWO_CARDS","is_daily":false,"chose_seed":false,"campfire_upgraded":6,"win_rate":0.0,"timestamp":1613998524,"path_taken":["M","?","?","$","M","E","R","E","T","E","$","?","R","M","R","BOSS","M","?","?","?","M","R","E","?","T","E","?","?","E","M","R","BOSS","M","?","M","?","$","E","R","E","T","R","E","?","R","?","R","BOSS"],"items_purchased_type":["Card","Card","Card","Relic","Card"],"build_version":"2020-12-22","purchased_purges":2,"victory":false,"max_hp_per_floor":[64,64,64,64,64,64,64,64,64,64,64,64,64,64,64,64,64,64,64,64,64,64,64,64,64,64,64,64,64,64,64,64,64,64,64,64,64,64,64,64,64,64,64,64,74,74,74,74,74,74,74],"relic_stats":{"Blood Vial":22,"Inserter":[44],"Gremlin Horn":[10,10],"Happy Flower":[8],"counters":[24,130],"Mummified Hand":[47],"Art of War":[5],"Letter Opener":[326],"War Paint":["Defend_B","Coolheaded"],"obtain_stats":[{"Inserter":17,"Calipers":36,"Pear":45,"Gremlin Horn":24,"Happy Flower":42,"Vajra":8,"The Courier":30,"Letter Opener":29,"War Paint":9,"Blood Vial":27,"Runic Dome":34,"Bottled Flame":10,"Mummified Hand":6,"Art of War":43,"Membership Card":39,"Cracked Core":0,"StrikeDummy":48,"Toy Ornithopter":40},{"Inserter":8,"Calipers":18,"Pear":22,"Gremlin Horn":11,"Happy Flower":21,"Vajra":5,"The Courier":14,"Letter Opener":13,"War Paint":5,"Blood Vial":13,"Runic Dome":16,"Bottled Flame":6,"Mummified Hand":4,"Art of War":21,"Membership Card":19,"Cracked Core":0,"StrikeDummy":23,"Toy Ornithopter":20},{"Inserter":42,"Calipers":93,"Pear":115,"Gremlin Horn":55,"Happy Flower":106,"Vajra":23,"The Courier":70,"Letter Opener":64,"War Paint":23,"Blood Vial":64,"Runic Dome":87,"Bottled Flame":28,"Mummified Hand":20,"Art of War":106,"Membership Card":95,"Cracked Core":0,"StrikeDummy":121,"Toy Ornithopter":100}],"Toy Ornithopter":0},"card_choices":[{"not_picked":["Coolheaded","Steam Power"],"picked":"Doom and Gloom","floor":1.0},{"not_picked":["Sweeping Beam","Gash"],"picked":"Barrage","floor":3.0},{"not_picked":["Sweeping Beam","Conserve Battery"],"picked":"Coolheaded","floor":5.0},{"not_picked":["Barrage","Undo","Steam"],"picked":"SKIP","floor":6.0},{"not_picked":["All For One","FTL","Hologram"],"picked":"SKIP","floor":8.0},{"not_picked":["Ball Lightning","Steam Power"],"picked":"Compile Driver","floor":10.0},{"not_picked":["Rebound","Fusion"],"picked":"Fission","floor":14.0},{"not_picked":["Core Surge","Rainbow"],"picked":"Electrodynamics","floor":16.0},{"not_picked":["Leap","Hologram"],"picked":"Compile Driver","floor":18.0},{"not_picked":["Recycle","Fusion"],"picked":"Chill","floor":22.0},{"not_picked":["Sweeping Beam","Scrape","Conserve Battery"],"picked":"SKIP","floor":24.0},{"not_picked":["Coolheaded","Streamline","Go for the Eyes"],"picked":"SKIP","floor":25.0},{"not_picked":["Hyperbeam","Sweeping Beam"],"picked":"Coolheaded+1","floor":27.0},{"not_picked":["Beam Cell","Streamline"],"picked":"Core Surge","floor":30.0},{"not_picked":["Chaos","Rebound"],"picked":"Hologram+1","floor":31.0},{"not_picked":["Hyperbeam","Fission"],"picked":"Seek","floor":33.0},{"not_picked":["Stack","Steam"],"picked":"BootSequence","floor":35.0},{"not_picked":["White Noise","Stack"],"picked":"Recycle+1","floor":37.0},{"not_picked":["Go for the Eyes+1","Turbo","Streamline"],"picked":"SKIP","floor":40.0},{"not_picked":["Stack","Auto Shields","Compile Driver"],"picked":"SKIP","floor":42.0},{"not_picked":["Streamline+1","Compile Driver"],"picked":"Buffer","floor":45.0},{"not_picked":["Scrape","Undo","Blizzard"],"picked":"SKIP","floor":46.0}],"player_experience":1670678,"relics_obtained":[{"floor":6.0,"key":"Mummified Hand"},{"floor":8.0,"key":"Vajra"},{"floor":9.0,"key":"War Paint"},{"floor":10.0,"key":"Bottled Flame"},{"floor":24.0,"key":"Gremlin Horn"},{"floor":27.0,"key":"Blood Vial"},{"floor":30.0,"key":"The Courier"},{"floor":36.0,"key":"Calipers"},{"floor":40.0,"key":"Toy Ornithopter"},{"floor":42.0,"key":"Happy Flower"},{"floor":43.0,"key":"Art of War"},{"floor":45.0,"key":"Pear"},{"floor":48.0,"key":"StrikeDummy"}],"event_choices":[{"damage_healed":0.0,"max_hp_gain":0.0,"max_hp_loss":0.0,"gold_gain":0.0,"event_name":"Shining Light","player_choice":"Ignored","floor":12.0,"gold_loss":0.0,"damage_taken":0.0},{"cards_removed":["Strike_B"],"damage_healed":0.0,"max_hp_gain":0.0,"max_hp_loss":0.0,"gold_gain":0.0,"event_name":"Beggar","player_choice":"Gave Gold","floor":19.0,"gold_loss":75.0,"damage_taken":0.0},{"cards_removed":["Strike_B"],"damage_healed":0.0,"max_hp_gain":0.0,"max_hp_loss":0.0,"gold_gain":0.0,"event_name":"Back to Basics","player_choice":"Elegance","floor":20.0,"gold_loss":0.0,"damage_taken":0.0},{"damage_healed":0.0,"max_hp_gain":0.0,"max_hp_loss":0.0,"gold_gain":0.0,"event_name":"The Library","player_choice":"Read","floor":21.0,"gold_loss":0.0,"damage_taken":0.0,"cards_obtained":["Genetic Algorithm"]},{"damage_healed":0.0,"max_hp_gain":0.0,"max_hp_loss":0.0,"gold_gain":0.0,"event_name":"Addict","player_choice":"Stole Relic","floor":29.0,"gold_loss":0.0,"damage_taken":0.0,"relics_obtained":["Letter Opener"],"cards_obtained":["Shame"]},{"damage_healed":0.0,"max_hp_gain":0.0,"max_hp_loss":0.0,"gold_gain":0.0,"event_name":"Mysterious Sphere","player_choice":"Fight","floor":36.0,"gold_loss":0.0,"damage_taken":0.0},{"damage_healed":0.0,"max_hp_gain":0.0,"max_hp_loss":0.0,"gold_gain":50.0,"event_name":"Golden Shrine","player_choice":"Pray","floor":38.0,"gold_loss":0.0,"damage_taken":0.0}],"is_beta":false,"boss_relics":[{"not_picked":["Velvet Choker","Runic Pyramid"],"picked":"Inserter"},{"not_picked":["Nuclear Battery","Calling Bell"],"picked":"Runic Dome"}],"items_purged_floors":[11,39],"is_endless":false,"potions_floor_spawned":[3,6,14,16,18,25,31,33,36,40,42],"killed_by":"Time Eater","ascension_level":20}}