{"host":"or8fr2mp0k3eluj8","time":1613971110,"event":{"mods":["AchievementEnabler","BaseMod","Colored Map","DeckTracker","Keyboard Shortcuts","Minty Spire (QoL Compilation)","StSLib","SuperFastMode","everything is the same but u backflip on backflip"],"gold_per_floor":[118,133,147,157,157,182,182,214,288,388,163,180,180,199,199,297,297,312,327,341,341,341,341],"floor_reached":22,"language":"KOR","playtime":863,"items_purged":["Strike_G"],"score":238,"play_id":"9538f40b-38ee-449d-9e08-61787af08add","local_time":"20210222141830","is_ascension_mode":true,"campfire_choices":[{"floor":7,"key":"REST"},{"data":"Cloak And Dagger","floor":13,"key":"SMITH"},{"floor":15,"key":"REST"}],"circlet_count":0,"master_deck":["Strike_G","Strike_G","Strike_G","Strike_G","Defend_G","Defend_G","Defend_G","Defend_G","Defend_G","Survivor","Neutralize","Sucker Punch","Cloak And Dagger+1","Blade Dance","Corpse Explosion","Phantasmal Killer","Backflip"],"relics":["Ring of the Snake","Incense Burner","Toy Ornithopter","Ginger","Paper Crane","PreservedInsect","SlaversCollar","TungstenRod"],"acts_visited":["Exordium","TheCity"],"potions_floor_usage":[8,12,16,16,20],"damage_taken":[{"damage":9,"enemies":"Jaw Worm","floor":1,"turns":6},{"damage":9,"enemies":"Small Slimes","floor":2,"turns":3},{"damage":0,"enemies":"Cultist","floor":3,"turns":4},{"damage":20,"enemies":"Lots of Slimes","floor":4,"turns":5},{"damage":20,"enemies":"3 Sentries","floor":6,"turns":12},{"damage":30,"enemies":"Gremlin Nob","floor":8,"turns":5},{"damage":0,"enemies":"Red Slaver","floor":12,"turns":4},{"damage":2,"enemies":"2 Fungi Beasts","floor":14,"turns":3},{"damage":25,"enemies":"The Guardian","floor":16,"turns":20},{"damage":27,"enemies":"Spheric Guardian","floor":18,"turns":7},{"damage":23,"enemies":"2 Thieves","floor":19,"turns":4},{"damage":22,"enemies":"Centurion and Healer","floor":20,"turns":7},{"damage":13,"enemies":"Shelled Parasite and Fungi","floor":22,"turns":2}],"seed_played":"-6590522944219889261","potions_obtained":[{"floor":2,"key":"Swift Potion"},{"floor":3,"key":"Swift Potion"},{"floor":12,"key":"Fruit Juice"},{"floor":14,"key":"CunningPotion"},{"floor":19,"key":"EssenceOfSteel"}],"is_trial":false,"path_per_floor":["M","M","M","M","?","E","R","E","T","?","$","M","R","M","R","B",null,"M","M","M","T","M"],"character_chosen":"THE_SILENT","items_purchased":["PreservedInsect"],"campfire_rested":2,"item_purchase_floors":[11],"current_hp_per_floor":[40,31,31,11,34,14,35,10,10,10,10,20,20,18,40,25,75,48,25,8,8,0,0],"gold":341,"neow_bonus":"ONE_RARE_RELIC","is_daily":false,"chose_seed":false,"campfire_upgraded":1,"win_rate":0.0,"timestamp":1613971110,"path_taken":["M","M","M","M","?","E","R","E","T","?","$","M","R","?","R","BOSS","M","?","M","?","M"],"items_purchased_type":["Relic"],"build_version":"2020-12-22","purchased_purges":1,"victory":false,"max_hp_per_floor":[70,70,70,70,70,70,70,70,70,70,70,75,75,75,75,75,75,75,75,75,75,75,75],"card_choices":[{"not_picked":["Dash","Footwork"],"picked":"Sucker Punch","floor":1},{"not_picked":["Endless Agony","Bane"],"picked":"Cloak And Dagger","floor":2},{"not_picked":["Eviscerate","Masterful Stab"],"picked":"Blade Dance","floor":3},{"not_picked":["Underhanded Strike","Endless Agony","Dagger Throw"],"picked":"SKIP","floor":4},{"not_picked":["Underhanded Strike","Grand Finale"],"picked":"Corpse Explosion","floor":6},{"not_picked":["Predator","Choke","Flying Knee"],"picked":"SKIP","floor":8},{"not_picked":["Deadly Poison","Flying Knee","Outmaneuver"],"picked":"SKIP","floor":12},{"not_picked":["Poisoned Stab","Dagger Throw","Caltrops"],"picked":"SKIP","floor":14},{"not_picked":["Unload","Storm of Steel"],"picked":"Phantasmal Killer","floor":16},{"not_picked":["Bane","Quick Slash","Dagger Spray+1"],"picked":"SKIP","floor":18},{"not_picked":["Quick Slash","Dodge and Roll","Reflex+1"],"picked":"SKIP","floor":19},{"not_picked":["Deadly Poison","Outmaneuver"],"picked":"Backflip","floor":20}],"player_experience":434128,"relics_obtained":[{"floor":6,"key":"Toy Ornithopter"},{"floor":8,"key":"Ginger"},{"floor":9,"key":"Paper Crane"},{"floor":21,"key":"TungstenRod"}],"event_choices":[{"damage_healed":23,"gold_gain":0,"player_choice":"Banana","damage_taken":0,"max_hp_gain":0,"max_hp_loss":0,"event_name":"Big Fish","floor":5,"gold_loss":0},{"damage_healed":0,"gold_gain":100,"player_choice":"Gold","damage_taken":0,"max_hp_gain":0,"max_hp_loss":0,"event_name":"Wheel of Change","floor":10,"gold_loss":0}],"is_beta":false,"boss_relics":[{"not_picked":["Coffee Dripper","Tiny House"],"picked":"SlaversCollar"}],"items_purged_floors":[11],"is_endless":false,"potions_floor_spawned":[2,3,12,14,19],"killed_by":"Shelled Parasite and Fungi","ascension_level":4}}