{"host":"mlerl2sxhcwd6xvy","time":1613953539,"event":{"mods":["BaseMod","Minty Spire (QoL Compilation)","StSLib","The Marked","The Runesmith"],"gold_per_floor":[20,33,33,308,321,321,335,369,396,127,127,148,191,211,211,211,211],"floor_reached":16,"language":"ENG","playtime":1257,"items_purged":["Regret"],"score":118,"play_id":"af74833d-fa7d-4318-8894-da73d568071a","local_time":"20210221192539","is_ascension_mode":true,"campfire_choices":[{"data":"theMarked:Polarize","floor":6.0,"key":"SMITH"},{"floor":11.0,"key":"REST"},{"floor":15,"key":"REST"}],"circlet_count":0,"master_deck":["theMarked:Strike","theMarked:Strike","theMarked:Strike","theMarked:Strike","theMarked:Strike","theMarked:Defend","theMarked:Defend","theMarked:Defend","theMarked:Defend","theMarked:SoldierOfQuellstein","theMarked:ParalyzingBlade","theMarked:ChainLightning","theMarked:Polarize+1","theMarked:CreepingChasm","theMarked:HeightenedSenses","theMarked:Convert","theMarked:EmpowerWeapon"],"relics":["theMarked:ArtifactOfAir","Mango","Golden Idol","Oddly Smooth Stone","Sling","Regal Pillow"],"acts_visited":["Exordium"],"potions_floor_usage":[16,16],"damage_taken":[{"damage":1.0,"enemies":"Jaw Worm","floor":1.0,"turns":4.0},{"damage":0.0,"enemies":"2 Louse","floor":2.0,"turns":3.0},{"damage":3.0,"enemies":"Cultist","floor":5.0,"turns":3.0},{"damage":13.0,"enemies":"Blue Slaver","floor":7.0,"turns":4.0},{"damage":37.0,"enemies":"Lagavulin","floor":8.0,"turns":7.0},{"damage":10.0,"enemies":"Gremlin Gang","floor":12.0,"turns":5.0},{"damage":21.0,"enemies":"3 Sentries","floor":13.0,"turns":6.0},{"damage":2,"enemies":"Large Slime","floor":14,"turns":7},{"damage":46,"enemies":"Hexaghost","floor":16,"turns":11}],"seed_played":"5340888033536906296","potions_obtained":[{"floor":1.0,"key":"PowerPotion"},{"floor":2.0,"key":"theMarked:SummonPotion"},{"floor":8.0,"key":"SteroidPotion"},{"floor":12.0,"key":"SkillPotion"}],"is_trial":false,"path_per_floor":["M","M","?","?","M","R","M","E","T","$","R","M","E","M","R","B"],"character_chosen":"THE_DEFAULT","items_purchased":["Sling","theMarked:HeightenedSenses"],"campfire_rested":2,"item_purchase_floors":[10,10],"current_hp_per_floor":[85,85,80,80,77,77,64,27,27,27,51,41,20,18,57,11,11],"gold":211,"neow_bonus":"ONE_RARE_RELIC","is_daily":false,"chose_seed":false,"campfire_upgraded":1,"win_rate":0.0,"timestamp":1613953539,"path_taken":["M","M","?","?","M","R","M","E","T","$","R","M","E","M","R","BOSS"],"items_purchased_type":["Relic","Card"],"build_version":"2020-12-22","purchased_purges":1,"victory":false,"max_hp_per_floor":[86,86,80,80,80,80,80,80,80,80,80,80,80,80,80,80,80],"card_choices":[{"not_picked":["theMarked:Frustration","theMarked:RepellingDischarge"],"picked":"theMarked:ParalyzingBlade","floor":1.0},{"not_picked":["theMarked:TakeCover","theMarked:KeepCalmAndFight"],"picked":"theMarked:ChainLightning","floor":2.0},{"not_picked":["theMarked:Parkour","theMarked:BanishingStrike"],"picked":"theMarked:Polarize","floor":5.0},{"not_picked":["theMarked:Heritage","theMarked:ResourceFulStrike"],"picked":"theMarked:CreepingChasm","floor":7.0},{"not_picked":["theMarked:TheMission","theMarked:RepellingDischarge","theMarked:Memento"],"picked":"SKIP","floor":8.0},{"not_picked":["theMarked:MuscleMemory","theMarked:StartUp","theMarked:BanishingStrike"],"picked":"SKIP","floor":12.0},{"not_picked":["theMarked:HeightenedSenses","theMarked:Parkour"],"picked":"theMarked:Convert","floor":13.0},{"not_picked":["theMarked:LightningStrikesTwice","theMarked:Memento"],"picked":"theMarked:EmpowerWeapon","floor":14}],"player_experience":214020,"relics_obtained":[{"floor":8.0,"key":"Oddly Smooth Stone"},{"floor":13.0,"key":"Regal Pillow"}],"event_choices":[{"damage_healed":0.0,"max_hp_gain":0.0,"max_hp_loss":6.0,"gold_gain":0.0,"event_name":"Golden Idol","player_choice":"Lose Max HP","floor":3.0,"gold_loss":0.0,"damage_taken":0.0,"relics_obtained":["Golden Idol"]},{"damage_healed":0.0,"max_hp_gain":0.0,"max_hp_loss":0.0,"gold_gain":275.0,"event_name":"Golden Shrine","player_choice":"Desecrate","floor":4.0,"gold_loss":0.0,"damage_taken":0.0,"cards_obtained":["Regret"]}],"is_beta":false,"boss_relics":[],"items_purged_floors":[10],"is_endless":false,"potions_floor_spawned":[1,2,8,12],"killed_by":"Hexaghost","ascension_level":1}}