{"host":"6a9c3xws62y7efyw","time":1613972768,"event":{"mods":["BaseMod","Colored Map","Minty Spire (QoL Compilation)","Relic Stats","StSLib"],"gold_per_floor":[116,128,139,52,69,97,97,148,174,208,208,208,208,178,178,274,274,292,306,64,79,79,110,110,150,174,187,226,226,240,256,256,349,349,370,385,404,97,0,31,31,66,92,132,150,171,171,236,236,236,236,236],"floor_reached":51,"language":"ENG","playtime":2895,"items_purged":["Strike_G","Strike_G"],"score":1685,"play_id":"11c40271-c6b1-4381-a58b-79ea80d145c6","local_time":"20210221214608","is_ascension_mode":true,"campfire_choices":[{"floor":12.0,"key":"REST"},{"data":"Deadly Poison","floor":15.0,"key":"SMITH"},{"floor":29.0,"key":"REST"},{"floor":32.0,"key":"REST"},{"floor":41,"key":"REST"},{"floor":47,"key":"RECALL"},{"floor":49,"key":"REST"}],"circlet_count":0,"master_deck":["AscendersBane","Strike_G","Strike_G+1","Defend_G","Defend_G","Defend_G","Defend_G","Defend_G","Survivor","Neutralize","Escape Plan","Crippling Poison+1","Deadly Poison+1","Backstab+1","Bane","Glass Knife","Dagger Throw","Corpse Explosion","Leg Sweep","Heel Hook+1","Crippling Poison+1","Acrobatics","Underhanded Strike","Ghostly","Ghostly","Ghostly","Underhanded Strike+1","Prepared+1","Blur+1","Malaise+1","Backflip+1","Dodge and Roll+1","Cloak And Dagger+1","Tools of the Trade","Acrobatics+1","Shame","Bouncing Flask+1","Backflip+1","Backflip+1"],"relics":["Black Star","Meat on the Bone","Juzu Bracelet","Bag of Preparation","Art of War","White Beast Statue","Potion Belt","Golden Idol","Fusion Hammer","DollysMirror","Strawberry","Ornamental Fan","Tiny Chest","Singing Bowl","Regal Pillow","Pocketwatch","Toxic Egg 2","Cursed Key","Lantern","Red Mask","Boot","Oddly Smooth Stone","Bronze Scales","PreservedInsect","Kunai","Whetstone","The Specimen"],"acts_visited":["Exordium","TheCity","TheBeyond"],"potions_floor_usage":[40,40,40,40,40,44,50],"damage_taken":[{"damage":4.0,"enemies":"Cultist","floor":1.0,"turns":4.0},{"damage":14.0,"enemies":"Small Slimes","floor":2.0,"turns":6.0},{"damage":0.0,"enemies":"Jaw Worm","floor":3.0,"turns":8.0},{"damage":11.0,"enemies":"3 Louse","floor":5.0,"turns":3.0},{"damage":12.0,"enemies":"Lagavulin","floor":6.0,"turns":5.0},{"damage":6.0,"enemies":"Gremlin Nob","floor":10.0,"turns":3.0},{"damage":11.0,"enemies":"The Guardian","floor":16.0,"turns":9.0},{"damage":9.0,"enemies":"2 Thieves","floor":18.0,"turns":2.0},{"damage":15.0,"enemies":"3 Byrds","floor":19.0,"turns":4.0},{"damage":8.0,"enemies":"Cultist and Chosen","floor":21.0,"turns":5.0},{"damage":11.0,"enemies":"Gremlin Leader","floor":23.0,"turns":5.0},{"damage":12.0,"enemies":"Slavers","floor":25.0,"turns":3.0},{"damage":0.0,"enemies":"Sentry and Sphere","floor":27.0,"turns":3.0},{"damage":5.0,"enemies":"Book of Stabbing","floor":28.0,"turns":5.0},{"damage":12.0,"enemies":"Centurion and Healer","floor":30.0,"turns":5.0},{"damage":0.0,"enemies":"Cultist and Chosen","floor":31.0,"turns":4.0},{"damage":30.0,"enemies":"Automaton","floor":33.0,"turns":10.0},{"damage":0.0,"enemies":"3 Darklings","floor":35.0,"turns":3.0},{"damage":0.0,"enemies":"Orb Walker","floor":36.0,"turns":3.0},{"damage":0.0,"enemies":"Maw","floor":37.0,"turns":8.0},{"damage":27,"enemies":"Giant Head","floor":40,"turns":8},{"damage":15,"enemies":"Nemesis","floor":42,"turns":7},{"damage":0,"enemies":"Reptomancer","floor":44,"turns":5},{"damage":0,"enemies":"Jaw Worm Horde","floor":45,"turns":3},{"damage":0,"enemies":"4 Shapes","floor":46,"turns":5},{"damage":0,"enemies":"2 Orb Walkers","floor":48,"turns":3},{"damage":31,"enemies":"Donu and Deca","floor":50,"turns":8},{"damage":49,"enemies":"Time Eater","floor":51,"turns":13}],"seed_played":"-2105692337021210342","potions_obtained":[{"floor":1.0,"key":"CunningPotion"},{"floor":3.0,"key":"DuplicationPotion"},{"floor":6.0,"key":"CultistPotion"},{"floor":14.0,"key":"PowerPotion"},{"floor":14.0,"key":"Strength Potion"},{"floor":16.0,"key":"DistilledChaos"},{"floor":18.0,"key":"PowerPotion"},{"floor":19.0,"key":"Weak Potion"},{"floor":21.0,"key":"Explosive Potion"},{"floor":23.0,"key":"GamblersBrew"},{"floor":25.0,"key":"EntropicBrew"},{"floor":27.0,"key":"SkillPotion"},{"floor":28.0,"key":"GamblersBrew"},{"floor":30.0,"key":"SneckoOil"},{"floor":31.0,"key":"FairyPotion"},{"floor":33.0,"key":"Strength Potion"},{"floor":36.0,"key":"Fire Potion"},{"floor":37.0,"key":"AttackPotion"},{"floor":40,"key":"AttackPotion"},{"floor":42,"key":"Poison Potion"},{"floor":44,"key":"BlessingOfTheForge"},{"floor":46,"key":"SpeedPotion"}],"is_trial":false,"path_per_floor":["M","M","M","$","M","E","?","T","T","E","?","R","?","?","R","B",null,"M","M","$","M","?","E","?","E","T","M","E","R","M","M","R","B",null,"M","M","M","$","?","E","R","E","T","E","M","M","R","?","R","B","B"],"character_chosen":"THE_SILENT","items_purchased":["Backstab","DollysMirror","Cloak And Dagger+1","Lantern"],"campfire_rested":5,"item_purchase_floors":[4,20,38,38],"current_hp_per_floor":[55,41,41,41,30,18,18,18,18,24,24,42,35,35,35,36,54,45,42,42,34,34,42,33,21,21,23,18,35,23,25,37,19,33,35,35,35,35,35,20,39,24,24,24,24,24,24,26,41,22,0,0],"gold":236,"neow_bonus":"BOSS_RELIC","is_daily":false,"chose_seed":false,"campfire_upgraded":1,"win_rate":0.0,"timestamp":1613972768,"path_taken":["M","?","M","$","M","E","?","?","T","E","?","R","?","?","R","BOSS","M","M","?","M","?","E","?","E","T","M","E","R","M","M","R","BOSS","M","M","M","$","?","E","R","E","T","E","M","M","R","?","R","BOSS","BOSS"],"items_purchased_type":["Card","Relic","Card","Relic"],"build_version":"2020-12-22","purchased_purges":2,"victory":false,"max_hp_per_floor":[66,66,66,66,66,66,66,66,66,66,60,60,60,60,60,60,60,60,60,60,60,60,67,33,33,33,35,35,35,35,37,37,37,37,39,39,39,39,39,39,39,39,39,39,39,39,39,41,41,41,41,41],"relic_stats":{"Regal Pillow":19,"Singing Bowl":8,"counters":[28,150],"Golden Idol":151,"PreservedInsect":76,"Juzu Bracelet":2,"Bag of Preparation":[46],"Whetstone":["Backstab","Strike_G"],"Cursed Key":1,"Boot":[55],"Ornamental Fan":[144],"Bronze Scales":[138],"Tiny Chest":0,"Black Star":8,"Art of War":[20],"Kunai":[10],"obtain_stats":[{"Regal Pillow":26,"Lantern":38,"Singing Bowl":25,"Juzu Bracelet":6,"Bag of Preparation":8,"Whetstone":44,"Cursed Key":34,"Boot":40,"DollysMirror":20,"Strawberry":23,"Tiny Chest":25,"Fusion Hammer":17,"Red Mask":39,"Kunai":44,"Toxic Egg 2":28,"Ring of the Snake":0,"Potion Belt":10,"The Specimen":48,"Golden Idol":11,"Oddly Smooth Stone":40,"PreservedInsect":42,"White Beast Statue":10,"Ornamental Fan":23,"Bronze Scales":42,"Black Star":0,"Art of War":9,"Meat on the Bone":6,"Pocketwatch":28},{"Regal Pillow":12,"Lantern":20,"Singing Bowl":12,"Juzu Bracelet":5,"Bag of Preparation":5,"Whetstone":23,"Cursed Key":17,"Boot":21,"DollysMirror":9,"Strawberry":11,"Tiny Chest":12,"Fusion Hammer":7,"Red Mask":20,"Kunai":23,"Toxic Egg 2":14,"Ring of the Snake":0,"Potion Belt":6,"The Specimen":26,"Golden Idol":6,"Oddly Smooth Stone":21,"PreservedInsect":22,"White Beast Statue":6,"Ornamental Fan":11,"Bronze Scales":22,"Black Star":0,"Art of War":5,"Meat on the Bone":5,"Pocketwatch":14},{"Regal Pillow":57,"Lantern":98,"Singing Bowl":57,"Juzu Bracelet":26,"Bag of Preparation":26,"Whetstone":118,"Cursed Key":84,"Boot":106,"DollysMirror":44,"Strawberry":54,"Tiny Chest":57,"Fusion Hammer":38,"Red Mask":98,"Kunai":118,"Toxic Egg 2":65,"Ring of the Snake":0,"Potion Belt":29,"The Specimen":129,"Golden Idol":29,"Oddly Smooth Stone":106,"PreservedInsect":113,"White Beast Statue":29,"Ornamental Fan":54,"Bronze Scales":113,"Black Star":0,"Art of War":26,"Meat on the Bone":26,"Pocketwatch":65}],"Meat on the Bone":84,"Pocketwatch":[45]},"card_choices":[{"not_picked":["Prepared","Finisher"],"picked":"Escape Plan","floor":1.0},{"not_picked":["Well Laid Plans","Flying Knee"],"picked":"Crippling Poison","floor":2.0},{"not_picked":["Terror","Heel Hook"],"picked":"Deadly Poison","floor":3.0},{"not_picked":["PiercingWail","Dagger Throw"],"picked":"Bane","floor":5.0},{"not_picked":["Outmaneuver","Finisher"],"picked":"Glass Knife","floor":6.0},{"not_picked":["Terror","Accuracy"],"picked":"Dagger Throw","floor":10.0},{"not_picked":["Glass Knife","Venomology"],"picked":"Corpse Explosion","floor":16.0},{"not_picked":["Catalyst","Sucker Punch"],"picked":"Leg Sweep","floor":18.0},{"not_picked":["Dagger Spray","Flying Knee"],"picked":"Heel Hook+1","floor":19.0},{"not_picked":["PiercingWail","Flying Knee"],"picked":"Acrobatics","floor":21.0},{"not_picked":["Masterful Stab","PiercingWail"],"picked":"Underhanded Strike","floor":23.0},{"not_picked":["Acrobatics","Slice+1"],"picked":"Underhanded Strike+1","floor":25.0},{"not_picked":["Deadly Poison","Slice","Heel Hook"],"picked":"Singing Bowl","floor":27.0},{"not_picked":["Sucker Punch","Poisoned Stab"],"picked":"Prepared+1","floor":28.0},{"not_picked":["Outmaneuver+1","PiercingWail+1"],"picked":"Blur+1","floor":30.0},{"not_picked":["Endless Agony","Poisoned Stab","Deflect+1"],"picked":"Singing Bowl","floor":31.0},{"not_picked":["Glass Knife","Corpse Explosion+1"],"picked":"Malaise+1","floor":33.0},{"not_picked":["Expertise+1","Dagger Throw","Poisoned Stab+1"],"picked":"Singing Bowl","floor":35.0},{"not_picked":["Blade Dance+1","Dagger Spray"],"picked":"Backflip+1","floor":36.0},{"not_picked":["Slice","Bane"],"picked":"Dodge and Roll+1","floor":37.0},{"not_picked":["Calculated Gamble+1","Dagger Throw"],"picked":"Tools of the Trade","floor":40},{"not_picked":["Deadly Poison+1","Flechettes+1"],"picked":"Acrobatics+1","floor":42},{"not_picked":["Bane","Cloak And Dagger+1"],"picked":"Bouncing Flask+1","floor":44},{"not_picked":["Dagger Spray","Escape Plan+1"],"picked":"Backflip+1","floor":45},{"not_picked":["Outmaneuver+1","Poisoned Stab"],"picked":"Backflip+1","floor":46},{"not_picked":["Deadly Poison+1","Quick Slash","Concentrate+1"],"picked":"Singing Bowl","floor":48}],"player_experience":1574021,"relics_obtained":[{"floor":6.0,"key":"Meat on the Bone"},{"floor":6.0,"key":"Juzu Bracelet"},{"floor":8.0,"key":"Bag of Preparation"},{"floor":9.0,"key":"Art of War"},{"floor":10.0,"key":"White Beast Statue"},{"floor":10.0,"key":"Potion Belt"},{"floor":23.0,"key":"Strawberry"},{"floor":23.0,"key":"Ornamental Fan"},{"floor":25.0,"key":"Tiny Chest"},{"floor":25.0,"key":"Singing Bowl"},{"floor":26.0,"key":"Regal Pillow"},{"floor":28.0,"key":"Pocketwatch"},{"floor":28.0,"key":"Toxic Egg 2"},{"floor":40,"key":"Boot"},{"floor":40,"key":"Oddly Smooth Stone"},{"floor":42,"key":"Bronze Scales"},{"floor":42,"key":"PreservedInsect"},{"floor":44,"key":"Kunai"},{"floor":44,"key":"Whetstone"},{"floor":48,"key":"The Specimen"}],"event_choices":[{"damage_healed":0.0,"max_hp_gain":0.0,"max_hp_loss":0.0,"gold_gain":0.0,"event_name":"Living Wall","player_choice":"Grow","floor":7.0,"gold_loss":0.0,"damage_taken":0.0,"cards_upgraded":["Crippling Poison"]},{"damage_healed":0.0,"max_hp_gain":0.0,"max_hp_loss":6.0,"gold_gain":0.0,"event_name":"Golden Idol","player_choice":"Lose Max HP","floor":11.0,"gold_loss":0.0,"damage_taken":0.0,"relics_obtained":["Golden Idol"]},{"cards_removed":["Strike_G"],"damage_healed":0.0,"max_hp_gain":0.0,"max_hp_loss":0.0,"gold_gain":0.0,"event_name":"Golden Wing","player_choice":"Card Removal","floor":13.0,"gold_loss":0.0,"damage_taken":7.0},{"damage_healed":0.0,"max_hp_gain":0.0,"max_hp_loss":0.0,"gold_gain":0.0,"event_name":"The Woman in Blue","player_choice":"Bought 2 Potions","floor":14.0,"gold_loss":0.0,"damage_taken":0.0},{"damage_healed":0.0,"max_hp_gain":0.0,"max_hp_loss":0.0,"gold_gain":0.0,"event_name":"Match and Keep!","player_choice":"0 cards matched","floor":22.0,"gold_loss":0.0,"damage_taken":0.0,"cards_obtained":[]},{"damage_healed":0.0,"max_hp_gain":0.0,"max_hp_loss":34.0,"gold_gain":0.0,"event_name":"Ghosts","player_choice":"Became a Ghost","floor":24.0,"gold_loss":0.0,"damage_taken":0.0,"cards_obtained":["Ghostly","Ghostly","Ghostly"]},{"damage_healed":0.0,"max_hp_gain":0.0,"max_hp_loss":0.0,"gold_gain":0.0,"event_name":"Tomb of Lord Red Mask","player_choice":"Paid","floor":39.0,"gold_loss":97.0,"damage_taken":0.0,"relics_obtained":["Red Mask"]},{"damage_healed":0,"gold_gain":0,"player_choice":"Fight","damage_taken":0,"max_hp_gain":0,"max_hp_loss":0,"event_name":"Mysterious Sphere","floor":48,"gold_loss":0}],"is_beta":false,"boss_relics":[{"not_picked":["SacredBark","HoveringKite"],"picked":"Fusion Hammer"},{"not_picked":["Philosopher\u0027s Stone","Runic Dome"],"picked":"Cursed Key"}],"items_purged_floors":[20,38],"is_endless":false,"potions_floor_spawned":[1,3,6,16,18,19,21,23,25,27,28,30,31,33,35,36,37,40,42,44,45,46,48],"killed_by":"Time Eater","ascension_level":20}}