{"host":"w14xfy17z3c5mpoi","time":1613957824,"event":{"mods":["AchievementEnabler","BaseMod","Minty Spire (QoL Compilation)","Relic Stats"],"gold_per_floor":[119,119,44,63,80,105,120,120,120,149,149,29,48,64,64,168,168,186,201,218,11,28,28,45,57,80,98,98,98,23,43,43,43,43],"floor_reached":33,"language":"ENG","playtime":1618,"items_purged":["Riddle With Holes"],"score":446,"play_id":"b91c3861-6b93-4553-83aa-27eb986c29d9","local_time":"20210221203704","is_ascension_mode":true,"campfire_choices":[{"data":"Blade Dance","floor":8,"key":"SMITH"},{"floor":11,"key":"REST"},{"floor":15,"key":"REST"},{"floor":23,"key":"REST"},{"data":"Envenom","floor":29,"key":"SMITH"},{"data":"Phantasmal Killer","floor":32,"key":"SMITH"}],"circlet_count":0,"master_deck":["AscendersBane","Survivor","Neutralize","Blade Dance+1","Accuracy","Flying Knee+1","Dagger Spray","Dagger Spray","Flying Knee","Poisoned Stab","Blade Dance","Envenom+1","Heel Hook","Cloak And Dagger","Glass Knife","Malaise","Escape Plan","Tools of the Trade","Phantasmal Killer+1","Sucker Punch","Storm of Steel","Finisher","Cloak And Dagger","Leg Sweep","Backstab","Accuracy","Dodge and Roll","Ghostly","Ghostly","Ghostly","Ghostly","Ghostly"],"relics":["Ring of the Snake","Whetstone","Snake Skull","Singing Bowl","Pandora\u0027s Box","Oddly Smooth Stone"],"acts_visited":["Exordium","TheCity"],"potions_floor_usage":[5,6,10,16,20,24,27,33,33],"damage_taken":[{"damage":2,"enemies":"Jaw Worm","floor":1,"turns":4},{"damage":0,"enemies":"Cultist","floor":4,"turns":3},{"damage":0,"enemies":"2 Louse","floor":5,"turns":2},{"damage":17,"enemies":"Lagavulin","floor":6,"turns":6},{"damage":10,"enemies":"Looter","floor":7,"turns":4},{"damage":33,"enemies":"Gremlin Nob","floor":10,"turns":4},{"damage":6,"enemies":"Exordium Thugs","floor":13,"turns":2},{"damage":0,"enemies":"Exordium Wildlife","floor":14,"turns":3},{"damage":49,"enemies":"The Guardian","floor":16,"turns":15},{"damage":8,"enemies":"Shell Parasite","floor":18,"turns":3},{"damage":0,"enemies":"Spheric Guardian","floor":19,"turns":2},{"damage":14,"enemies":"Chosen and Byrds","floor":20,"turns":4},{"damage":12,"enemies":"Snecko","floor":22,"turns":5},{"damage":0,"enemies":"Snake Plant","floor":24,"turns":1},{"damage":6,"enemies":"Centurion and Healer","floor":25,"turns":5},{"damage":26,"enemies":"Sentry and Sphere","floor":27,"turns":5},{"damage":3,"enemies":"3 Cultists","floor":31,"turns":4},{"damage":28,"enemies":"Collector","floor":33,"turns":7}],"seed_played":"1511422573651179778","potions_obtained":[{"floor":0,"key":"SneckoOil"},{"floor":0,"key":"LiquidBronze"},{"floor":6,"key":"AttackPotion"},{"floor":10,"key":"Fire Potion"},{"floor":14,"key":"Poison Potion"},{"floor":19,"key":"Explosive Potion"},{"floor":22,"key":"GamblersBrew"},{"floor":25,"key":"Energy Potion"},{"floor":27,"key":"LiquidMemories"}],"is_trial":false,"path_per_floor":["M","?","$","M","M","E","M","R","T","E","R","$","M","M","R","B",null,"M","M","M","$","M","R","M","M","T","M","?","R","$","M","R","B"],"character_chosen":"THE_SILENT","items_purchased":["Accuracy","FairyPotion","Poisoned Stab","Leg Sweep","Backstab","SteroidPotion"],"campfire_rested":3,"item_purchase_floors":[3,12,12,21,21,21],"current_hp_per_floor":[61,61,61,61,61,44,34,34,34,3,24,24,18,20,42,17,60,52,54,40,40,30,53,53,49,49,23,23,23,23,22,22,0,0],"gold":43,"neow_bonus":"THREE_SMALL_POTIONS","is_daily":false,"chose_seed":false,"campfire_upgraded":3,"win_rate":0.0,"timestamp":1613957824,"path_taken":["M","?","$","M","M","E","M","R","T","E","R","$","M","M","R","BOSS","M","M","M","$","M","R","?","M","T","M","?","R","$","M","R","BOSS"],"items_purchased_type":["Card","Potion","Card","Card","Card","Potion"],"build_version":"2020-12-22","purchased_purges":1,"victory":false,"max_hp_per_floor":[70,70,70,70,70,70,70,70,70,72,72,72,72,74,74,74,74,74,76,76,76,78,78,78,80,80,80,40,40,40,42,42,42,42],"relic_stats":{"Singing Bowl":12,"counters":[18,79],"Pandora\u0027s Box":["Heel Hook","Cloak And Dagger","Riddle With Holes","Glass Knife","Malaise","Escape Plan","Tools of the Trade","Phantasmal Killer","Sucker Punch","Storm of Steel"],"Snake Skull":[58],"Whetstone":["Flying Knee","Strike_G"],"obtain_stats":[{"Singing Bowl":10,"Oddly Smooth Stone":26,"Pandora\u0027s Box":17,"Snake Skull":9,"Whetstone":6,"Ring of the Snake":0},{"Singing Bowl":6,"Oddly Smooth Stone":15,"Pandora\u0027s Box":9,"Snake Skull":5,"Whetstone":4,"Ring of the Snake":0},{"Singing Bowl":23,"Oddly Smooth Stone":63,"Pandora\u0027s Box":43,"Snake Skull":19,"Whetstone":15,"Ring of the Snake":0}],"Ring of the Snake":[36]},"card_choices":[{"not_picked":["Deadly Poison","Dagger Spray"],"picked":"Blade Dance","floor":1},{"not_picked":["Bane","Deadly Poison"],"picked":"Flying Knee","floor":4},{"not_picked":["Flying Knee","Acrobatics"],"picked":"Dagger Spray","floor":5},{"not_picked":["Deadly Poison","Bullet Time"],"picked":"Dagger Spray","floor":6},{"not_picked":["Eviscerate","Deadly Poison"],"picked":"Flying Knee","floor":7},{"not_picked":["Outmaneuver","Setup","Acrobatics"],"picked":"Singing Bowl","floor":10},{"not_picked":["Setup","Predator"],"picked":"Blade Dance","floor":13},{"not_picked":["Bane","Dash","PiercingWail"],"picked":"Singing Bowl","floor":14},{"not_picked":["Unload","Malaise"],"picked":"Envenom","floor":16},{"not_picked":["Bane","Flying Knee"],"picked":"Finisher","floor":18},{"not_picked":["Bane","Footwork","Dagger Throw"],"picked":"Singing Bowl","floor":19},{"not_picked":["Sucker Punch","Underhanded Strike"],"picked":"Cloak And Dagger","floor":20},{"not_picked":["Blur","Dodge and Roll+1","Flying Knee"],"picked":"Singing Bowl","floor":22},{"not_picked":["Bane","Deflect"],"picked":"Accuracy","floor":24},{"not_picked":["Choke+1","Envenom","Poisoned Stab"],"picked":"Singing Bowl","floor":25},{"not_picked":["Acrobatics","Blur"],"picked":"Dodge and Roll","floor":27},{"not_picked":["Flechettes","Dagger Spray","Reflex"],"picked":"Singing Bowl","floor":31}],"player_experience":756249,"relics_obtained":[{"floor":6,"key":"Whetstone"},{"floor":9,"key":"Snake Skull"},{"floor":10,"key":"Singing Bowl"},{"floor":26,"key":"Oddly Smooth Stone"}],"event_choices":[{"damage_healed":0,"gold_gain":0,"player_choice":"Bought 0 Potions","damage_taken":0,"max_hp_gain":0,"max_hp_loss":0,"event_name":"The Woman in Blue","floor":2,"gold_loss":0},{"damage_healed":0,"gold_gain":0,"player_choice":"Became a Ghost","damage_taken":0,"max_hp_gain":0,"max_hp_loss":40,"event_name":"Ghosts","floor":28,"gold_loss":0,"cards_obtained":["Ghostly","Ghostly","Ghostly","Ghostly","Ghostly"]}],"is_beta":false,"boss_relics":[{"not_picked":["Ectoplasm","Sozu"],"picked":"Pandora\u0027s Box"}],"items_purged_floors":[30],"is_endless":false,"potions_floor_spawned":[6,10,14,19,22,25,27],"killed_by":"Collector","ascension_level":12}}