{"host":"tf5skwcwe0vlu2md","time":1613997836,"event":{"mods":["BaseMod","Downfall","Highlight Path","Minty Spire (QoL Compilation)","Quick Restart","StSLib","The Hierophant"],"gold_per_floor":[119,168,18,38,38,38,68,68,68,78,90,90,100,116,116,212,212,227,237,237,9,26,56,56,83,83,100,100,134,134,134,134,229,229,249,261,280,295,295,323,323,350,374,374,424,23,23,38,38,38,38,38,38,63,63],"floor_reached":56,"playtime":5075,"items_purged":["Defend_B"],"score":1442,"play_id":"dec24d35-9e16-4b3c-ab3a-d55ee2cb55b5","local_time":"20210222234356","is_ascension_mode":true,"campfire_choices":[{"data":"Zap","floor":6,"key":"SMITH"},{"data":"Ball Lightning","floor":8,"key":"SMITH"},{"data":"Defragment","floor":15,"key":"SMITH"},{"data":"Fission","floor":24,"key":"SMITH"},{"data":"Rainbow","floor":28,"key":"SMITH"},{"data":"Dualcast","floor":30,"key":"SMITH"},{"data":"Skim","floor":32,"key":"SMITH"},{"data":"Fission","floor":41,"key":"SMITH"},{"data":"Redo","floor":44,"key":"SMITH"},{"floor":49,"key":"RECALL"},{"data":"Defend_B","floor":52,"key":"SMITH"}],"circlet_count":0,"master_deck":["Strike_B+1","Defend_B+1","Defend_B","Defend_B+1","Zap+1","Dualcast+1","CurseOfTheBell","Redo+1","Ball Lightning+1","Skim+1","Chaos+1","Fission+1","Conserve Battery+1","Defragment+1","Rainbow+1","Conserve Battery+1","Coolheaded+1","Hologram+1","Capacitor+1","Stack+1","Coolheaded+1","Fission+1","Barrage+1","Redo+1","Conserve Battery+1","Darkness+1","Ball Lightning+1"],"relics":["Calling Bell","Toy Ornithopter","White Beast Statue","FossilizedHelix","Ancient Tea Set","War Paint","Strawberry","Bottled Flame","SacredBark","Anchor","Frozen Egg 2","Smiling Mask","Bronze Scales","Empty Cage","Pantograph","Dream Catcher","Blood Vial","Peace Pipe","Cables","ClockworkSouvenir","Orichalcum"],"acts_visited":["Exordium","TheCity","TheBeyond","TheEnding"],"potions_floor_usage":[7,7,13,13,18,19,22,23,25,25,25,27,29,33,37,38,40,40,42,55,55,55],"damage_taken":[{"damage":0,"enemies":"Cultist","floor":1,"turns":4},{"damage":0,"enemies":"Jaw Worm","floor":4,"turns":4},{"damage":37,"enemies":"3 Sentries","floor":7,"turns":9},{"damage":0,"enemies":"Small Slimes","floor":10,"turns":2},{"damage":11,"enemies":"Exordium Wildlife","floor":11,"turns":4},{"damage":5,"enemies":"Gremlin Gang","floor":13,"turns":5},{"damage":0,"enemies":"Looter","floor":14,"turns":2},{"damage":7,"enemies":"The Guardian","floor":16,"turns":10},{"damage":1,"enemies":"Shell Parasite","floor":18,"turns":5},{"damage":0,"enemies":"Spheric Guardian","floor":19,"turns":4},{"damage":0,"enemies":"Snake Plant","floor":22,"turns":2},{"damage":3,"enemies":"Book of Stabbing","floor":23,"turns":6},{"damage":49,"enemies":"Gremlin Leader","floor":25,"turns":8},{"damage":2,"enemies":"3 Cultists","floor":27,"turns":5},{"damage":2,"enemies":"Slavers","floor":29,"turns":5},{"damage":0,"enemies":"Collector","floor":33,"turns":10},{"damage":0,"enemies":"Orb Walker","floor":35,"turns":4},{"damage":0,"enemies":"3 Shapes","floor":36,"turns":6},{"damage":9,"enemies":"Spire Growth","floor":37,"turns":4},{"damage":0,"enemies":"Sphere and 2 Shapes","floor":38,"turns":3},{"damage":56,"enemies":"Reptomancer","floor":40,"turns":6},{"damage":48,"enemies":"Giant Head","floor":42,"turns":10},{"damage":0,"enemies":"Mind Bloom Boss Battle","floor":45,"turns":7},{"damage":0,"enemies":"Maw","floor":48,"turns":6},{"damage":22,"enemies":"Time Eater","floor":50,"turns":11},{"damage":60,"enemies":"Shield and Spear","floor":54,"turns":6},{"damage":62,"enemies":"The Heart","floor":55,"turns":9}],"seed_played":"-996369478602574471","potions_obtained":[{"floor":1,"key":"DuplicationPotion"},{"floor":4,"key":"Ancient Potion"},{"floor":7,"key":"SpeedPotion"},{"floor":10,"key":"Energy Potion"},{"floor":11,"key":"hexamod:EctoCoolerPotion"},{"floor":13,"key":"SneckoOil"},{"floor":14,"key":"champ:CounterPotion"},{"floor":16,"key":"Block Potion"},{"floor":18,"key":"BlessingOfTheForge"},{"floor":19,"key":"hexamod:EctoCoolerPotion"},{"floor":22,"key":"SteroidPotion"},{"floor":23,"key":"BlessingOfTheForge"},{"floor":25,"key":"BlessingOfTheForge"},{"floor":27,"key":"Fire Potion"},{"floor":29,"key":"DistilledChaos"},{"floor":33,"key":"FairyPotion"},{"floor":35,"key":"EssenceOfSteel"},{"floor":36,"key":"Explosive Potion"},{"floor":37,"key":"SkillPotion"},{"floor":38,"key":"Strength Potion"},{"floor":40,"key":"GamblersBrew"},{"floor":42,"key":"Regen Potion"},{"floor":45,"key":"FocusPotion"},{"floor":48,"key":"BlessingOfTheForge"},{"floor":54,"key":"Strength Potion"}],"is_trial":false,"path_per_floor":["M","T","$","M","?","R","E","R","T","M","M","?","M","M","R","B",null,"M","M","?","$","M","E","R","E","T","M","R","E","R","?","R","B",null,"M","M","M","M","?","E","R","E","T","R","?","$","?","M","R","B",null,"R","$","E","B",null],"character_chosen":"DEFECT","items_purchased":["War Paint","Anchor","Cables","ClockworkSouvenir"],"campfire_rested":0,"item_purchase_floors":[3,21,46,46],"current_hp_per_floor":[75,75,75,75,80,80,55,55,55,55,44,27,32,32,32,25,87,86,87,70,70,75,77,77,43,43,46,46,49,49,49,49,54,92,92,92,83,88,88,40,40,55,55,55,82,82,82,84,84,70,92,92,92,32,50],"gold":63,"neow_bonus":"BOSS_RELIC","is_daily":false,"chose_seed":false,"campfire_upgraded":10,"win_rate":0.0,"timestamp":1613997836,"path_taken":["M","?","$","M","?","R","E","R","T","M","M","?","?","?","R","BOSS","M","M","?","$","M","E","R","E","T","M","R","E","R","?","R","BOSS","M","M","?","M","?","E","R","E","T","R","?","$","?","M","R","BOSS","R","$","E","BOSS"],"items_purchased_type":["Relic","Relic","Relic","Relic"],"build_version":"2020-12-13","purchased_purges":1,"victory":true,"max_hp_per_floor":[75,75,75,75,80,80,87,87,87,87,87,87,87,87,87,87,87,87,87,92,92,92,92,92,92,92,92,92,92,92,92,92,92,92,92,92,92,92,92,92,92,92,92,92,92,92,92,92,92,92,92,92,92,92,92],"card_choices":[{"not_picked":["Barrage","Doom and Gloom"],"picked":"Redo","floor":1},{"not_picked":["Compile Driver","Hologram"],"picked":"Ball Lightning","floor":4},{"not_picked":["Consume","Redo"],"picked":"Skim","floor":7},{"not_picked":["Barrage","Genetic Algorithm"],"picked":"Chaos","floor":10},{"not_picked":["Compile Driver","Hologram"],"picked":"Fission","floor":11},{"not_picked":["Steam","Steam Power"],"picked":"Conserve Battery","floor":13},{"not_picked":["Hologram","Redo"],"picked":"Defragment","floor":14},{"not_picked":["Hyperbeam","Seek"],"picked":"Rainbow","floor":16},{"not_picked":["Leap","Steam"],"picked":"Conserve Battery+1","floor":18},{"not_picked":["Genetic Algorithm","Gash+1"],"picked":"Coolheaded+1","floor":19},{"not_picked":["Leap+1","Gash"],"picked":"Hologram+1","floor":22},{"not_picked":["Force Field","BootSequence","Coolheaded"],"picked":"SKIP","floor":23},{"not_picked":["Steam","Redo"],"picked":"Capacitor+1","floor":25},{"not_picked":["Hologram","Blizzard"],"picked":"Stack+1","floor":27},{"not_picked":["Sweeping Beam","Scrape"],"picked":"Coolheaded+1","floor":29},{"not_picked":["Seek","Hyperbeam"],"picked":"Fission","floor":33},{"not_picked":["Scrape+1","Skim"],"picked":"Barrage+1","floor":35},{"not_picked":["Go for the Eyes+1","Streamline","Sweeping Beam"],"picked":"SKIP","floor":36},{"not_picked":["Reinforced Body","Coolheaded"],"picked":"Redo","floor":37},{"not_picked":["Scrape+1","Undo","Coolheaded"],"picked":"SKIP","floor":38},{"not_picked":["Hello World+1","Multi-Cast","Tempest+1"],"picked":"SKIP","floor":40},{"not_picked":["Beam Cell+1","Redo+1"],"picked":"Conserve Battery+1","floor":42},{"not_picked":["Stack","Seek"],"picked":"Darkness+1","floor":45},{"not_picked":["Streamline","Gash+1","Hello World+1"],"picked":"SKIP","floor":48},{"not_picked":["Beam Cell","Conserve Battery"],"picked":"Ball Lightning+1","floor":54}],"player_experience":315386,"relics_obtained":[{"floor":0,"key":"Toy Ornithopter"},{"floor":0,"key":"White Beast Statue"},{"floor":0,"key":"FossilizedHelix"},{"floor":2,"key":"Ancient Tea Set"},{"floor":7,"key":"Strawberry"},{"floor":9,"key":"Bottled Flame"},{"floor":23,"key":"Frozen Egg 2"},{"floor":25,"key":"Smiling Mask"},{"floor":29,"key":"Bronze Scales"},{"floor":40,"key":"Pantograph"},{"floor":42,"key":"Dream Catcher"},{"floor":43,"key":"Blood Vial"},{"floor":45,"key":"Peace Pipe"},{"floor":54,"key":"Orichalcum"}],"event_choices":[{"damage_healed":0,"gold_gain":0,"player_choice":"Donut","damage_taken":0,"max_hp_gain":5,"max_hp_loss":0,"event_name":"Big Fish","floor":5,"gold_loss":0},{"damage_healed":0,"gold_gain":0,"player_choice":"Entered Light","damage_taken":17,"max_hp_gain":0,"max_hp_loss":0,"event_name":"Shining Light","floor":12,"gold_loss":0,"cards_upgraded":["Chaos","Strike_B"]},{"damage_healed":0,"gold_gain":0,"player_choice":"Shed Blood","damage_taken":22,"max_hp_gain":5,"max_hp_loss":0,"event_name":"Forgotten Altar","floor":20,"gold_loss":0},{"damage_healed":0,"gold_gain":0,"player_choice":"0 cards matched","damage_taken":0,"max_hp_gain":0,"max_hp_loss":0,"event_name":"Match and Keep!","floor":31,"gold_loss":0,"cards_obtained":[]},{"cards_removed":["Strike_B"],"damage_healed":0,"gold_gain":0,"player_choice":"Removed Attack","damage_taken":0,"max_hp_gain":0,"max_hp_loss":0,"event_name":"Falling","floor":39,"gold_loss":0},{"damage_healed":0,"gold_gain":0,"player_choice":"Fight","damage_taken":0,"max_hp_gain":0,"max_hp_loss":0,"event_name":"MindBloom","floor":45,"gold_loss":0},{"damage_healed":0,"gold_gain":0,"player_choice":"Forge","damage_taken":0,"max_hp_gain":0,"max_hp_loss":0,"event_name":"Accursed Blacksmith","floor":47,"gold_loss":0,"cards_upgraded":["Conserve Battery"]}],"is_beta":false,"boss_relics":[{"not_picked":["Tiny House","Snecko Eye"],"picked":"SacredBark"},{"not_picked":["Philosopher\u0027s Stone","Astrolabe"],"picked":"Empty Cage"}],"items_purged_floors":[21],"is_endless":false,"potions_floor_spawned":[1,4,7,10,11,13,14,16,18,19,22,23,25,27,29,33,35,36,37,38,40,42,45,48,54],"ascension_level":3}}