{"host":"en4narc5947t7k9n","time":1613999989,"event":{"mods":["AchievementEnabler","BaseMod","Colored Map","Minty Spire (QoL Compilation)","SuperFastMode"],"gold_per_floor":[116,136,156,172,68,68,15,15,15,31,31,53,53,63,63,63,63],"floor_reached":16,"language":"KOR","playtime":603,"items_purged":[],"score":92,"play_id":"054f6eeb-c8da-4d56-a382-cec8a45e48c9","local_time":"20210222221949","is_ascension_mode":false,"campfire_choices":[{"data":"Crippling Poison","floor":6,"key":"SMITH"},{"floor":8,"key":"RECALL"},{"data":"Distraction","floor":11,"key":"SMITH"},{"data":"Adrenaline","floor":13,"key":"SMITH"},{"data":"Noxious Fumes","floor":15,"key":"SMITH"}],"circlet_count":0,"master_deck":["Strike_G","Strike_G","Strike_G","Strike_G","Strike_G","Defend_G","Defend_G","Defend_G","Defend_G","Defend_G","Survivor","Neutralize","Dark Shackles","Flechettes","Noxious Fumes+1","Bane","Tactician","Crippling Poison+1","Poisoned Stab","Deadly Poison","Distraction+1","Adrenaline+1","Leg Sweep"],"relics":["Ring of the Snake","Odd Mushroom"],"acts_visited":["Exordium"],"potions_floor_usage":[16,16],"damage_taken":[{"damage":0,"enemies":"Cultist","floor":1,"turns":4},{"damage":0,"enemies":"Small Slimes","floor":2,"turns":3},{"damage":0,"enemies":"2 Louse","floor":3,"turns":2},{"damage":15,"enemies":"Lots of Slimes","floor":4,"turns":4},{"damage":4,"enemies":"Red Slaver","floor":10,"turns":2},{"damage":5,"enemies":"The Mushroom Lair","floor":12,"turns":3},{"damage":4,"enemies":"Blue Slaver","floor":14,"turns":3},{"damage":46,"enemies":"Slime Boss","floor":16,"turns":7}],"seed_played":"-4493903891818151549","potions_obtained":[{"floor":1,"key":"Weak Potion"},{"floor":2,"key":"Weak Potion"},{"floor":3,"key":"Weak Potion"},{"floor":10,"key":"Swift Potion"}],"is_trial":false,"path_per_floor":["M","M","M","M","$","R","$","R","T","M","R","?","R","M","R","B"],"character_chosen":"THE_SILENT","items_purchased":["Crippling Poison","Poisoned Stab","Deadly Poison"],"campfire_rested":0,"item_purchase_floors":[5,5,7],"current_hp_per_floor":[70,70,70,55,55,55,55,55,55,51,51,46,46,42,42,0,0],"gold":63,"neow_bonus":"RANDOM_COLORLESS","is_daily":false,"chose_seed":false,"campfire_upgraded":4,"win_rate":0.0,"timestamp":1613999989,"path_taken":["M","?","M","M","$","R","$","R","T","M","R","?","R","M","R","BOSS"],"items_purchased_type":["Card","Card","Card"],"build_version":"2020-12-22","purchased_purges":0,"victory":false,"max_hp_per_floor":[70,70,70,70,70,70,70,70,70,70,70,70,70,70,70,70,70],"card_choices":[{"not_picked":["Forethought","Purity"],"picked":"Dark Shackles","floor":0},{"not_picked":["Acrobatics","Footwork"],"picked":"Flechettes","floor":1},{"not_picked":["Heel Hook","Dodge and Roll"],"picked":"Noxious Fumes","floor":2},{"not_picked":["Predator","Underhanded Strike"],"picked":"Bane","floor":3},{"not_picked":["Prepared","Underhanded Strike"],"picked":"Tactician","floor":4},{"not_picked":["Poisoned Stab","Sucker Punch"],"picked":"Distraction","floor":10},{"not_picked":["All Out Attack","Dagger Spray"],"picked":"Adrenaline","floor":12},{"not_picked":["Cloak And Dagger","Blur"],"picked":"Leg Sweep","floor":14}],"player_experience":158451,"relics_obtained":[{"floor":12,"key":"Odd Mushroom"}],"event_choices":[{"damage_healed":0,"gold_gain":0,"player_choice":"Fought Mushrooms","damage_taken":0,"max_hp_gain":0,"max_hp_loss":0,"event_name":"Mushrooms","floor":12,"gold_loss":0}],"is_beta":false,"boss_relics":[],"items_purged_floors":[],"is_endless":false,"potions_floor_spawned":[1,2,3,10,14],"killed_by":"Slime Boss","ascension_level":0}}