{"host":"q9718omregw4er46","time":1613973342,"event":{"mods":["BaseMod","Bestiary","Colored Powertips","Custom Start","Minty Spire (QoL Compilation)","Quick Restart","Relic Stats"],"gold_per_floor":[113,128,143,155,175,206,206,240,240,240,81,108,183,183,183,262,262,273,273,83,93,113,142,142,173,255,255,269,283,283,283],"floor_reached":30,"language":"ENG","playtime":916,"items_purged":["Strike_R","Defend_R"],"score":680,"play_id":"4f246924-b581-447a-a17d-8977100f2b72","local_time":"20210222105542","is_ascension_mode":true,"campfire_choices":[{"data":"Immolate","floor":7.0,"key":"SMITH"},{"data":"Armaments","floor":10.0,"key":"SMITH"},{"data":"True Grit","floor":15.0,"key":"SMITH"},{"data":"Fiend Fire","floor":24.0,"key":"SMITH"},{"floor":27.0,"key":"REST"}],"circlet_count":0,"master_deck":["AscendersBane","Strike_R+1","Strike_R+1","Defend_R","Defend_R","Defend_R","Bash","Wild Strike","Clothesline","Clothesline","Immolate+1","Shockwave","Armaments+1","Flame Barrier","True Grit+1","Fiend Fire+1","Evolve+1","Bloodletting","Wild Strike","Inflame+1","Fire Breathing+1","Evolve+1","Dual Wield","Bludgeon"],"relics":["Snecko Eye","Ice Cream","Whetstone","Frozen Egg 2","Dream Catcher","Mark of Pain","Darkstone Periapt","Ornamental Fan"],"acts_visited":["Exordium","TheCity"],"potions_floor_usage":[],"damage_taken":[{"damage":2.0,"enemies":"Jaw Worm","floor":1.0,"turns":2.0},{"damage":6.0,"enemies":"2 Louse","floor":2.0,"turns":3.0},{"damage":0.0,"enemies":"Small Slimes","floor":3.0,"turns":2.0},{"damage":0.0,"enemies":"Looter","floor":4.0,"turns":1.0},{"damage":0.0,"enemies":"Large Slime","floor":5.0,"turns":2.0},{"damage":6.0,"enemies":"Gremlin Nob","floor":6.0,"turns":3.0},{"damage":10.0,"enemies":"Lagavulin","floor":8.0,"turns":5.0},{"damage":5.0,"enemies":"3 Sentries","floor":12.0,"turns":3.0},{"damage":0.0,"enemies":"Slime Boss","floor":16.0,"turns":6.0},{"damage":16.0,"enemies":"2 Thieves","floor":18.0,"turns":2.0},{"damage":0.0,"enemies":"3 Byrds","floor":21.0,"turns":2.0},{"damage":7.0,"enemies":"Centurion and Healer","floor":22.0,"turns":6.0},{"damage":11.0,"enemies":"Slavers","floor":23.0,"turns":3.0},{"damage":23.0,"enemies":"Book of Stabbing","floor":25.0,"turns":5.0},{"damage":12.0,"enemies":"Snake Plant","floor":28.0,"turns":3.0},{"damage":21,"enemies":"Cultist and Chosen","floor":29,"turns":4},{"damage":12,"enemies":"Slavers","floor":30,"turns":1}],"seed_played":"-8431122862476481892","potions_obtained":[{"floor":1.0,"key":"Weak Potion"},{"floor":3.0,"key":"AttackPotion"},{"floor":12.0,"key":"EssenceOfSteel"},{"floor":16.0,"key":"Block Potion"},{"floor":18.0,"key":"SkillPotion"},{"floor":21.0,"key":"FairyPotion"},{"floor":23.0,"key":"Ancient Potion"}],"is_trial":true,"path_per_floor":["M","M","M","M","M","E","R","E","T","R","$","E","?","?","R","B",null,"M","?","$","M","M","E","R","E","T","R","M","M","E"],"character_chosen":"IRONCLAD","items_purchased":["Flame Barrier","Inflame+1"],"campfire_rested":1,"item_purchase_floors":[11,20],"current_hp_per_floor":[66,60,60,60,60,54,54,44,44,44,44,39,28,2,2,2,57,41,41,41,41,34,23,23,22,22,44,32,11,0,0],"gold":283,"neow_bonus":"","is_daily":false,"chose_seed":false,"campfire_upgraded":4,"win_rate":0.0,"timestamp":1613973342,"path_taken":["M","M","M","M","M","E","R","E","T","R","$","E","?","?","R","BOSS","M","?","$","M","M","E","R","E","T","R","M","M","E"],"items_purchased_type":["Card","Card"],"build_version":"2020-12-22","purchased_purges":2,"victory":false,"max_hp_per_floor":[75,75,75,75,75,75,75,75,75,75,75,75,75,75,75,75,75,75,75,75,75,75,75,75,75,75,75,75,75,75,75],"relic_stats":{"Darkstone Periapt":0,"Dream Catcher":1,"counters":[17,53],"Ornamental Fan":[4],"Snecko Eye":[102,83,67,93],"Whetstone":["Strike_R","Strike_R"],"obtain_stats":[{"Ice Cream":6,"Darkstone Periapt":23,"Dream Catcher":12,"Ornamental Fan":25,"Snecko Eye":0,"Mark of Pain":17,"Whetstone":8,"Frozen Egg 2":9},{"Ice Cream":6,"Darkstone Periapt":13,"Dream Catcher":8,"Ornamental Fan":14,"Snecko Eye":0,"Mark of Pain":9,"Whetstone":7,"Frozen Egg 2":7},{"Ice Cream":13,"Darkstone Periapt":40,"Dream Catcher":21,"Ornamental Fan":45,"Snecko Eye":0,"Mark of Pain":27,"Whetstone":18,"Frozen Egg 2":18}]},"card_choices":[{"not_picked":["Anger","Clash"],"picked":"Wild Strike","floor":1.0},{"not_picked":["Body Slam","Iron Wave"],"picked":"Clothesline","floor":2.0},{"not_picked":["Seeing Red","Pommel Strike"],"picked":"Clothesline","floor":3.0},{"not_picked":["Sword Boomerang","Shockwave"],"picked":"Immolate","floor":4.0},{"not_picked":["Seeing Red","Iron Wave"],"picked":"Shockwave","floor":5.0},{"not_picked":["Combust","Infernal Blade","Perfected Strike"],"picked":"SKIP","floor":6.0},{"not_picked":["Seeing Red","Metallicize"],"picked":"Armaments","floor":8.0},{"not_picked":["Seeing Red","Shrug It Off"],"picked":"True Grit","floor":12.0},{"not_picked":["Offering","Juggernaut+1"],"picked":"Fiend Fire","floor":16.0},{"not_picked":["Clash","Metallicize+1"],"picked":"Evolve+1","floor":18.0},{"not_picked":["Armaments+1","Anger"],"picked":"Fire Breathing+1","floor":21.0},{"not_picked":["Havoc","Clothesline","Intimidate"],"picked":"SKIP","floor":22.0},{"not_picked":["Blood for Blood","Iron Wave"],"picked":"Evolve+1","floor":23.0},{"not_picked":["Heavy Blade","Ghostly Armor","Searing Blow"],"picked":"SKIP","floor":25.0},{"not_picked":["Flex","Thunderclap"],"picked":"Dual Wield","floor":27.0},{"not_picked":["Warcry","Evolve+1","Body Slam"],"picked":"SKIP","floor":28.0},{"not_picked":["Iron Wave+1","Wild Strike"],"picked":"Bludgeon","floor":29}],"player_experience":828806,"relics_obtained":[{"floor":6.0,"key":"Ice Cream"},{"floor":8.0,"key":"Whetstone"},{"floor":9.0,"key":"Frozen Egg 2"},{"floor":12.0,"key":"Dream Catcher"},{"floor":23.0,"key":"Darkstone Periapt"},{"floor":25.0,"key":"Ornamental Fan"}],"event_choices":[{"damage_healed":0.0,"max_hp_gain":0.0,"max_hp_loss":0.0,"gold_gain":75.0,"event_name":"World of Goop","player_choice":"Gather Gold","floor":13.0,"gold_loss":0.0,"damage_taken":11.0},{"damage_healed":0.0,"max_hp_gain":0.0,"max_hp_loss":0.0,"gold_gain":0.0,"event_name":"Scrap Ooze","player_choice":"Fled","floor":14.0,"gold_loss":0.0,"damage_taken":26.0},{"damage_healed":0.0,"max_hp_gain":0.0,"max_hp_loss":0.0,"gold_gain":0.0,"cards_transformed":["Strike_R","Strike_R"],"event_name":"Drug Dealer","player_choice":"Became Test Subject","floor":19.0,"gold_loss":0.0,"damage_taken":0.0,"cards_obtained":["Bloodletting","Wild Strike"]}],"is_beta":false,"boss_relics":[{"not_picked":["SacredBark","Pandora\u0027s Box"],"picked":"Mark of Pain"}],"items_purged_floors":[11,20],"is_endless":false,"potions_floor_spawned":[1,3,12,16,18,21,23],"killed_by":"Slavers","ascension_level":20}}