{"host":"g200jza2br9hmesm","time":1613975771,"event":{"mods":["AchievementEnabler","BaseMod","Colored Map","Downfall","Minty Spire (QoL Compilation)","Quick Restart","Relic Stats","StSLib"],"gold_per_floor":[360,378,378,378,303,303,303],"floor_reached":6,"language":"ENG","playtime":246,"items_purged":["Regret"],"score":46,"play_id":"2eb658c1-5d2b-4d07-a7c5-c5c61b0df0f4","local_time":"20210222013611","is_ascension_mode":true,"campfire_choices":[],"circlet_count":0,"master_deck":["Strike_G","Strike_G","Strike_G","Strike_G","Strike_G","Defend_G","Defend_G","Defend_G","Defend_G","Defend_G","Survivor","Neutralize","Catalyst","Footwork"],"relics":["Ring of the Snake","Regal Pillow","Golden Idol"],"acts_visited":["Exordium"],"potions_floor_usage":[6],"damage_taken":[{"damage":1,"enemies":"2 Louse","floor":1,"turns":5},{"damage":4,"enemies":"Small Slimes","floor":2,"turns":4},{"damage":24,"enemies":"Gremlin Nob","floor":6,"turns":3}],"seed_played":"436103802941946723","potions_obtained":[{"floor":2,"key":"PowerPotion"}],"is_trial":false,"path_per_floor":["M","M","?","?","$","E"],"character_chosen":"THE_SILENT","items_purchased":[],"campfire_rested":0,"item_purchase_floors":[],"current_hp_per_floor":[44,40,40,23,23,0,0],"gold":303,"neow_bonus":"TWO_FIFTY_GOLD","is_daily":false,"chose_seed":false,"campfire_upgraded":0,"win_rate":0.0,"timestamp":1613975771,"path_taken":["M","M","?","?","$","E"],"items_purchased_type":[],"build_version":"2020-12-22","purchased_purges":1,"victory":false,"max_hp_per_floor":[70,70,70,70,70,70,70],"relic_stats":{"Regal Pillow":0,"counters":[3,12],"Golden Idol":0,"obtain_stats":[{"Regal Pillow":3,"Golden Idol":4,"Ring of the Snake":0},{"Regal Pillow":2,"Golden Idol":2,"Ring of the Snake":0},{"Regal Pillow":9,"Golden Idol":9,"Ring of the Snake":0}],"Ring of the Snake":[6]},"card_choices":[{"not_picked":["Bane","Poisoned Stab"],"picked":"Catalyst","floor":1},{"not_picked":["Dagger Throw","Slice"],"picked":"Footwork","floor":2}],"player_experience":336389,"relics_obtained":[],"event_choices":[{"damage_healed":0,"gold_gain":0,"player_choice":"Box","damage_taken":0,"relics_obtained":["Regal Pillow"],"max_hp_gain":0,"max_hp_loss":0,"event_name":"Big Fish","floor":3,"gold_loss":0,"cards_obtained":["Regret"]},{"damage_healed":0,"gold_gain":0,"player_choice":"Take Damage","damage_taken":17,"relics_obtained":["Golden Idol"],"max_hp_gain":0,"max_hp_loss":0,"event_name":"Golden Idol","floor":4,"gold_loss":0}],"is_beta":false,"boss_relics":[],"items_purged_floors":[5],"is_endless":false,"potions_floor_spawned":[2],"killed_by":"Gremlin Nob","ascension_level":7}}