{"host":"7t8rqoeeopyy0nh0","time":1613996235,"event":{"mods":["AchievementEnabler","Aspiration","BaseMod","Better Third Choice","BetterRewards","Colored Map","Colored Powertips","Conspire","Downfall","Hubris","Minty Spire (QoL Compilation)","Permanent Neow","Quick Restart","Random Character Button","Rare Cards Sparkle","Reliquary","Replay The Spire","StSLib"],"gold_per_floor":[112,112,125,135,148,148,161,171,171,16,43,43,43,69,69,171,171,181,280,292,310,326,326,326,326],"floor_reached":24,"language":"ENG","playtime":926,"items_purged":["Strike_P"],"score":317,"play_id":"58886545-034d-4d8e-ac49-3ea5b69b0047","local_time":"20210222071715","is_ascension_mode":true,"campfire_choices":[{"floor":6,"key":"REST"},{"data":"Vault","floor":12,"key":"SMITH"},{"data":"EmptyFist","floor":15,"key":"SMITH"},{"floor":23,"key":"REST"}],"circlet_count":0,"master_deck":["Strike_P","Strike_P","Defend_P","Defend_P","Defend_P","Defend_P","Eruption","Vigilance","TalkToTheHand","CutThroughFate","ClearTheMind","Wallop","MentalFortress","EmptyBody","Protect","EmptyFist+1","PathToVictory","BowlingBash","Prostrate","LikeWater","Vault+1","WheelKick","Omniscience","Consecrate","InnerPeace","JustLucky","Nirvana+1"],"relics":["PureWater","hubris:CuriousFeather","MealTicket","conspire:GiftBox","Lee\u0027s Waffle","reliquary:TuningFork","Tiny Chest","aspiration:SecretTechniqueScroll"],"acts_visited":["Exordium","TheCity"],"potions_floor_usage":[11,14,18,20,21,21],"damage_taken":[{"damage":0,"enemies":"2 Louse","floor":1,"turns":4},{"damage":0,"enemies":"Cultist","floor":3,"turns":3},{"damage":0,"enemies":"Jaw Worm","floor":4,"turns":4},{"damage":0,"enemies":"Looter","floor":5,"turns":4},{"damage":18,"enemies":"3 Louse","floor":7,"turns":5},{"damage":2,"enemies":"Exordium Wildlife","floor":8,"turns":4},{"damage":10,"enemies":"3 Sentries","floor":11,"turns":6},{"damage":0,"enemies":"Gremlin Nob","floor":14,"turns":4},{"damage":5,"enemies":"The Guardian","floor":16,"turns":15},{"damage":0,"enemies":"3 Byrds","floor":18,"turns":6},{"damage":14,"enemies":"2 Thieves","floor":20,"turns":5},{"damage":7,"enemies":"Sentry and Sphere","floor":21,"turns":7},{"damage":41,"enemies":"3 Cultists","floor":22,"turns":5},{"damage":42,"enemies":"Gremlin Leader","floor":24,"turns":2}],"seed_played":"-4582072538331595504","potions_obtained":[{"floor":5,"key":"Languid Potion"},{"floor":7,"key":"EntropicBrew"},{"floor":11,"key":"Explosive Potion"},{"floor":14,"key":"hexamod:SoulburnPotion"},{"floor":20,"key":"SkillPotion"}],"is_trial":false,"path_per_floor":["M","?","M","M","M","R","M","M","T","$","E","R","$","E","R","B",null,"M","?","M","M","M","R","E"],"character_chosen":"WATCHER","items_purchased":["TalkToTheHand","CutThroughFate","ClearTheMind","MealTicket","Wallop","MentalFortress","Lee\u0027s Waffle"],"campfire_rested":2,"item_purchase_floors":[0,0,0,0,0,0,10],"current_hp_per_floor":[33,33,33,33,33,54,36,34,34,79,69,69,79,79,79,74,78,78,78,64,57,16,39,0,0],"gold":326,"neow_bonus":"","is_daily":false,"chose_seed":false,"campfire_upgraded":2,"win_rate":0.0,"timestamp":1613996235,"path_taken":["M","?","M","M","M","R","M","M","T","$","E","R","?","E","R","BOSS","M","?","M","M","M","R","E"],"items_purchased_type":["Card","Card","Card","Relic","Card","Card","Relic"],"build_version":"2020-12-22","purchased_purges":1,"victory":false,"max_hp_per_floor":[72,72,72,72,72,72,72,72,72,79,79,79,79,79,79,79,79,79,79,79,79,79,79,79,79],"card_choices":[{"not_picked":["Weave","ReachHeaven"],"picked":"EmptyBody","floor":1},{"not_picked":["Protect","FlyingSleeves"],"picked":"EmptyFist","floor":3},{"not_picked":["Weave","FollowUp"],"picked":"PathToVictory","floor":4},{"not_picked":["DeceiveReality","Replay:Battleflow"],"picked":"BowlingBash","floor":5},{"not_picked":["Pray","BowlingBash"],"picked":"Prostrate","floor":7},{"not_picked":["FlurryOfBlows","Replay:Vibes"],"picked":"LikeWater","floor":8},{"not_picked":["Replay:LoomingThreat","Establishment"],"picked":"Vault","floor":9},{"not_picked":["Omniscience","FlyingSleeves"],"picked":"WheelKick","floor":11},{"not_picked":["Collect","Study","Wallop"],"picked":"SKIP","floor":14},{"not_picked":["Establishment","LessonLearned"],"picked":"Omniscience","floor":16},{"not_picked":["Replay:ManipulateFuture","Worship"],"picked":"Consecrate","floor":18},{"not_picked":["Protect+1","MentalFortress"],"picked":"InnerPeace","floor":20},{"not_picked":["FollowUp","SashWhip"],"picked":"JustLucky","floor":21},{"not_picked":["Devotion","FollowUp"],"picked":"Nirvana+1","floor":22}],"player_experience":448683,"relics_obtained":[{"floor":9,"key":"conspire:GiftBox"},{"floor":11,"key":"reliquary:TuningFork"},{"floor":14,"key":"Tiny Chest"}],"event_choices":[{"damage_healed":0,"gold_gain":0,"cards_transformed":["Strike_P"],"player_choice":"Transformed","damage_taken":0,"max_hp_gain":0,"max_hp_loss":0,"event_name":"Transmorgrifier","floor":2,"gold_loss":0,"cards_obtained":["Protect"]},{"damage_healed":0,"gold_gain":99,"player_choice":"Steal","damage_taken":0,"max_hp_gain":0,"max_hp_loss":0,"event_name":"betterThird:BetterNest","floor":19,"gold_loss":0}],"is_beta":false,"boss_relics":[{"not_picked":["hubris:Backtick","aspiration:DefectSkillbook"],"picked":"aspiration:SecretTechniqueScroll"}],"items_purged_floors":[0],"is_endless":false,"potions_floor_spawned":[5,7,11,14,20],"killed_by":"Gremlin Leader","ascension_level":7}}