{"host":"i0m6ffz3lpe3z1ky","time":1613989685,"event":{"mods":["Aspiration","BaseMod","Bestiary","BetterRewards","Colored Map","Conspire","Energized Spire","Highlight Path","Hubris","Ironclad Rager","Minty Spire (QoL Compilation)","Quick Restart","Reliquary","Shop Mod","Spicy Shops","StSLib","Thieving Mod"],"gold_per_floor":[111,111,127,127,143,143,143],"floor_reached":6,"language":"KOR","playtime":224,"items_purged":[],"score":61,"play_id":"72bfc363-ff2c-438b-8589-8b2a95789ade","local_time":"20210222192805","is_ascension_mode":true,"campfire_choices":[],"circlet_count":0,"master_deck":["AscendersBane","Strike_R","Strike_R","Strike_R","Defend_R","Defend_R","Defend_R","Defend_R","Bash","conspire:Charge","Spot Weakness","Feel No Pain","Clothesline"],"relics":["Burning Blood","hubris:AstralHammer","hubris:Reverence","hubris:EmptyBottle"],"acts_visited":["Exordium"],"potions_floor_usage":[6,6],"damage_taken":[{"damage":4,"enemies":"Jaw Worm","floor":1,"turns":4},{"damage":0,"enemies":"2 Louse","floor":3,"turns":2},{"damage":0,"enemies":"Cultist","floor":5,"turns":3},{"damage":18,"enemies":"Lagavulin","floor":6,"turns":9}],"seed_played":"-255548102023943178","potions_obtained":[{"floor":5,"key":"Strength Potion"}],"is_trial":false,"path_per_floor":["M","?","M","?","M","E"],"character_chosen":"IRONCLAD","items_purchased":["hubris:AstralHammer","hubris:Reverence","hubris:EmptyBottle","SkillPotion"],"campfire_rested":0,"item_purchase_floors":[0,0,0,0],"current_hp_per_floor":[35,28,34,34,40,22,22],"gold":143,"neow_bonus":"","is_daily":false,"chose_seed":false,"campfire_upgraded":0,"win_rate":0.0,"timestamp":1613989685,"path_taken":["M","?","M","?","M","E"],"items_purchased_type":["Relic","Relic","Relic","Potion"],"build_version":"2020-12-22","purchased_purges":0,"victory":false,"max_hp_per_floor":[75,75,75,75,75,75,75],"card_choices":[{"not_picked":["Wild Strike","Clash"],"picked":"conspire:Charge","floor":1},{"not_picked":["Power Through","Warcry"],"picked":"Spot Weakness","floor":3},{"not_picked":["Headbutt","Armaments"],"picked":"Clothesline","floor":5}],"player_experience":432385,"relics_obtained":[],"event_choices":[{"cards_removed":["Strike_R"],"damage_healed":0,"gold_gain":0,"player_choice":"Card Removal","damage_taken":7,"max_hp_gain":0,"max_hp_loss":0,"event_name":"Golden Wing","floor":2,"gold_loss":0},{"damage_healed":0,"gold_gain":0,"cards_transformed":["Strike_R"],"player_choice":"Transformed","damage_taken":0,"max_hp_gain":0,"max_hp_loss":0,"event_name":"Transmorgrifier","floor":4,"gold_loss":0,"cards_obtained":["Feel No Pain"]}],"is_beta":false,"boss_relics":[],"items_purged_floors":[],"is_endless":false,"potions_floor_spawned":[5],"killed_by":"Lagavulin","ascension_level":14}}