{"host":"rzvepkyh9344fbo1","time":1613964413,"event":{"mods":["AchievementEnabler","Act Like it!","BaseMod","Better Third Choice","Colored Map","Colored Powertips","Curses Come First","Downfall","Evolution","Fox Events","Hermit","Highlight Path","Minty Spire (QoL Compilation)","Replay The Spire","Robot Space Explorer","Shade Mod","Shop Mod","StS++","StSLib","The Cursed","The Marked","The Necromancer"],"gold_per_floor":[109,128,144,161,179,179,209,209,234,234,249,280,300,300,300,411,511,537,555,576,576,638,673,695,736,761,786,786,557,557,586,586,697,697,724,756,554,554,554,554,554,593,620,620,620,647,672,672,672,701,701,711,711,711,630,634,634],"floor_reached":56,"language":"ENG","playtime":5890,"items_purged":["Defend_P","Defend_P","Bite+1"],"score":839,"play_id":"5e0e5896-9a57-4e77-bb97-e3c212513c72","local_time":"20210222142653","is_ascension_mode":true,"campfire_choices":[{"data":"Eruption","floor":6.0,"key":"SMITH"},{"data":"EmptyFist","floor":10.0,"key":"SMITH"},{"data":"Vault","floor":15.0,"key":"SMITH"},{"floor":30.0,"key":"REST"},{"data":"Blasphemy","floor":32.0,"key":"SMITH"},{"floor":44,"key":"RECALL"},{"floor":51,"key":"DIG"},{"floor":54,"key":"DIG"}],"circlet_count":0,"master_deck":["Defend_P+1","Defend_P+1","Eruption+1","Vigilance+1","EmptyFist+1","BattleHymn+1","ThirdEye+1","Vault+1","Blasphemy+1","Perseverance+1","Replay:Cycle+1","Bite+1","Bite+1","Bite+1","Wireheading+1","Pot Of Greed+1","Pot Of Greed+1","Perseverance+1","Sanctity+1","CutThroughFate+1","CutThroughFate+1","Pot Of Greed+1","Replay:LoomingThreat+1","EmptyFist+1","Nirvana+1","Study+1","PanicButton","PanicButton"],"relics":["PureWater","EVO:Axolotl","Orichalcum","Replay:Bandana","Replay:Wanted Poster","Grinning Jar","Replay:Rubber Ducky","Sozu","Mark of the Bloom","Akabeko","StSpp:SailorCap","MerchantsRug","BargainBundle"],"acts_visited":["Exordium","TheCity","TheBeyond","TheEnding"],"potions_floor_usage":[],"damage_taken":[{"damage":8.0,"enemies":"Small Slimes","floor":1.0,"turns":4.0},{"damage":0.0,"enemies":"2 Louse","floor":2.0,"turns":2.0},{"damage":0.0,"enemies":"Cultist","floor":3.0,"turns":2.0},{"damage":0.0,"enemies":"Blue Slaver","floor":4.0,"turns":2.0},{"damage":16.0,"enemies":"Exordium Wildlife","floor":5.0,"turns":3.0},{"damage":17.0,"enemies":"Lagavulin","floor":7.0,"turns":7.0},{"damage":0.0,"enemies":"Exordium Thugs","floor":11.0,"turns":3.0},{"damage":4.0,"enemies":"3 Sentries","floor":12.0,"turns":5.0},{"damage":0.0,"enemies":"Blue Slaver","floor":13.0,"turns":2.0},{"damage":30.0,"enemies":"Fading Forest","floor":16.0,"turns":12.0},{"damage":2.0,"enemies":"Shell Parasite","floor":18.0,"turns":3.0},{"damage":12.0,"enemies":"3 Byrds","floor":19.0,"turns":5.0},{"damage":30.0,"enemies":"Shelled Parasite and Fungi","floor":20.0,"turns":5.0},{"damage":11.0,"enemies":"Book of Stabbing","floor":23.0,"turns":4.0},{"damage":2.0,"enemies":"Snake Plant","floor":24.0,"turns":3.0},{"damage":15.0,"enemies":"Gremlin Leader","floor":25.0,"turns":5.0},{"damage":30.0,"enemies":"Chosen and Byrds","floor":27.0,"turns":6.0},{"damage":0.0,"enemies":"Cultist and Chosen","floor":31.0,"turns":5.0},{"damage":45.0,"enemies":"Collector","floor":33.0,"turns":9.0},{"damage":24.0,"enemies":"3 Darklings","floor":35.0,"turns":5.0},{"damage":3.0,"enemies":"Orb Walker","floor":36.0,"turns":3.0},{"damage":8,"enemies":"R_Hoarder","floor":42,"turns":6},{"damage":0,"enemies":"4 Shapes","floor":43,"turns":4},{"damage":0,"enemies":"Maw","floor":46,"turns":5},{"damage":0,"enemies":"3 Darklings","floor":47,"turns":3},{"damage":0,"enemies":"Transient","floor":50,"turns":6},{"damage":31,"enemies":"Donu and Deca","floor":52,"turns":9},{"damage":5,"enemies":"Shield and Spear","floor":56,"turns":1}],"seed_played":"4052907747976281809","potions_obtained":[{"floor":4.0,"key":"Strength Potion"},{"floor":7.0,"key":"bronze:BurnAndBuffPotion"},{"floor":11.0,"key":"StancePotion"},{"floor":18.0,"key":"Fire Potion"},{"floor":22.0,"key":"Ancient Potion"},{"floor":22.0,"key":"Doom Potion"},{"floor":25.0,"key":"PowerPotion"}],"is_trial":false,"path_per_floor":["M","M","M","M","M","R","E","?","T","R","M","E","M","?","R","B",null,"M","M","M","?","?","E","M","E","T","M","?","$","R","M","R","B",null,"M","M","$","?","PTL","PTL","?","E","M","R","T","M","M","?","?","M","R","B",null,"R","$","E"],"character_chosen":"WATCHER","items_purchased":["Blue Doll","EmptyFist+1","Nirvana","MerchantsRug","BargainBundle","PanicButton"],"campfire_rested":1,"item_purchase_floors":[29,37,37,55,55,55],"current_hp_per_floor":[71,71,71,71,55,55,38,38,38,38,38,34,34,39,39,9,84,82,70,40,40,26,26,31,32,32,23,23,23,40,58,58,28,58,40,40,40,40,40,40,40,32,32,32,32,32,32,32,32,32,32,1,1,1,1,0,0],"gold":634,"neow_bonus":"TEN_PERCENT_HP_BONUS","is_daily":false,"chose_seed":false,"campfire_upgraded":4,"win_rate":0.0,"timestamp":1613964413,"path_taken":["M","M","M","M","M","R","E","?","T","R","M","E","M","?","R","BOSS","M","M","M","?","?","E","M","E","T","M","?","$","R","M","R","BOSS","M","M","$","?","PTL","PTL","?","E","M","R","T","M","?","?","?","?","R","BOSS","R","$","E"],"items_purchased_type":["Relic","Card","Card","Relic","Relic","Card"],"build_version":"2020-12-22","purchased_purges":3,"victory":false,"max_hp_per_floor":[79,79,79,79,79,79,79,79,79,79,79,79,79,84,84,84,84,84,84,84,58,58,58,58,58,58,58,58,58,58,58,58,58,58,58,58,58,58,58,58,58,58,58,58,58,58,58,58,58,58,58,58,58,58,58,58,58],"card_choices":[{"not_picked":["Replay:ManipulateFuture","SandsOfTime"],"picked":"EmptyFist","floor":1.0},{"not_picked":["WaveOfTheHand","InnerPeace","FlyingSleeves"],"picked":"SKIP","floor":2.0},{"not_picked":["Indignation","BowlingBash"],"picked":"BattleHymn","floor":3.0},{"not_picked":["Evaluate","ClearTheMind"],"picked":"ThirdEye","floor":4.0},{"not_picked":["SashWhip","Replay:AtTheReady","LikeWater"],"picked":"SKIP","floor":5.0},{"not_picked":["BowlingBash","Protect","Omniscience"],"picked":"SKIP","floor":7.0},{"not_picked":["Crescendo","StSpp:Renounce","BattleHymn"],"picked":"SKIP","floor":11.0},{"not_picked":["Swivel","FlyingSleeves","EmptyBody"],"picked":"SKIP","floor":12.0},{"not_picked":["StSpp:LatentStrike","EmptyBody"],"picked":"Vault","floor":13.0},{"not_picked":["DeusExMachina","Replay:LoomingThreat"],"picked":"Blasphemy","floor":16.0},{"not_picked":["EmptyBody","StSpp:Renounce+1"],"picked":"Halt+1","floor":18.0},{"not_picked":["MentalFortress","WreathOfFlame"],"picked":"Perseverance","floor":19.0},{"not_picked":["FlyingSleeves+1","StSpp:Renounce"],"picked":"Replay:Cycle+1","floor":20.0},{"not_picked":["Crescendo","EmptyBody"],"picked":"Wireheading+1","floor":22.0},{"not_picked":["BowlingBash","SashWhip"],"picked":"Perseverance","floor":23.0},{"not_picked":["ClearTheMind+1","Fasting2","Replay:BluntJabs"],"picked":"SKIP","floor":24.0},{"not_picked":["Fasting2","BattleHymn"],"picked":"Sanctity+1","floor":25.0},{"not_picked":["Sanctity","EmptyBody","StSpp:LatentStrike+1","Replay:ManipulateFuture+1"],"picked":"CutThroughFate","floor":27.0},{"not_picked":["Replay:BluntJabs","StSpp:Patience","Crescendo","ClearTheMind"],"picked":"CutThroughFate","floor":31.0},{"not_picked":["StSpp:Patience","Vault","ConjureBlade","Ragnarok"],"picked":"Replay:LoomingThreat","floor":33.0},{"not_picked":["MentalFortress","Study+1","ClearTheMind","Collect","StSpp:Renounce+1"],"picked":"SKIP","floor":35.0},{"not_picked":["StSpp:Renounce+1","FlyingSleeves+1","Replay:BluntJabs","CutThroughFate+1","Prostrate+1"],"picked":"SKIP","floor":36.0},{"not_picked":["StSpp:TimeDodge+1","Replay:Anticipation+1","WaveOfTheHand+1","CrushJoints","ClearTheMind+1"],"picked":"SKIP","floor":42},{"not_picked":["Protect","SashWhip+1","Evaluate+1","Halt","WindmillStrike"],"picked":"SKIP","floor":43},{"not_picked":["ReachHeaven","SandsOfTime","EmptyFist","Worship+1","EmptyBody"],"picked":"SKIP","floor":46},{"not_picked":["Prostrate","Replay:ManipulateFuture+1","StSpp:TimeDodge+1","Protect+1","InnerPeace"],"picked":"SKIP","floor":47},{"not_picked":["Devotion","Replay:Hum","Tantrum","FlyingSleeves+1"],"picked":"Study+1","floor":50}],"player_experience":339329,"relics_obtained":[{"floor":7.0,"key":"Replay:Baseball"},{"floor":9.0,"key":"Orichalcum"},{"floor":12.0,"key":"Replay:Bandana"},{"floor":22.0,"key":"Whetstone"},{"floor":23.0,"key":"Grinning Jar"},{"floor":25.0,"key":"StSpp:WoodenPendulum"},{"floor":42,"key":"Snack Pack"},{"floor":45,"key":"Shovel"},{"floor":51,"key":"Akabeko"},{"floor":54,"key":"StSpp:SailorCap"}],"event_choices":[{"damage_healed":0.0,"max_hp_gain":0.0,"max_hp_loss":0.0,"gold_gain":0.0,"event_name":"betterThird:BetterScrap","player_choice":"LEAVE","floor":8.0,"gold_loss":0.0,"damage_taken":0.0,"cards_obtained":["StSpp:MuscleMemory"]},{"damage_healed":0.0,"max_hp_gain":5.0,"max_hp_loss":0.0,"gold_gain":0.0,"event_name":"Big Fish","player_choice":"Donut","floor":14.0,"gold_loss":0.0,"damage_taken":0.0},{"damage_healed":0.0,"max_hp_gain":0.0,"max_hp_loss":26.0,"gold_gain":0.0,"event_name":"Vampires","player_choice":"Became a vampire","floor":21.0,"gold_loss":0.0,"damage_taken":0.0,"cards_obtained":["Bite","Bite","Bite","Bite","Bite"]},{"damage_healed":0.0,"max_hp_gain":0.0,"max_hp_loss":0.0,"gold_gain":0.0,"event_name":"MindBloom","player_choice":"Upgrade","floor":38.0,"gold_loss":0.0,"damage_taken":0.0,"cards_upgraded":["Defend_P","Defend_P","Vigilance","BattleHymn","ThirdEye","Perseverance","Bite","Bite","Bite","Pot Of Greed","Pot Of Greed","Perseverance","CutThroughFate","CutThroughFate","Pot Of Greed","Replay:LoomingThreat","Nirvana"],"relics_obtained":["Mark of the Bloom"]},{"damage_healed":0.0,"max_hp_gain":0.0,"max_hp_loss":0.0,"gold_gain":0.0,"event_name":"Accursed Blacksmith","player_choice":"Ignored","floor":41.0,"gold_loss":0.0,"damage_taken":0.0},{"cards_removed":["Bite"],"damage_healed":0,"gold_gain":0,"player_choice":"Removed Attack","damage_taken":0,"max_hp_gain":0,"max_hp_loss":0,"event_name":"Falling","floor":48,"gold_loss":0},{"cards_removed":["Halt"],"damage_healed":5,"gold_gain":0,"player_choice":"Offered Common","damage_taken":0,"max_hp_gain":0,"max_hp_loss":0,"event_name":"Bonfire Elementals","floor":49,"gold_loss":0},{"cards_removed":["Halt"],"damage_healed":5,"gold_gain":0,"player_choice":"Offered Special","damage_taken":0,"max_hp_gain":0,"max_hp_loss":0,"event_name":"Bonfire Elementals","floor":49,"gold_loss":0}],"is_beta":false,"boss_relics":[{"not_picked":["SacredBark","bronze:MakeshiftBattery"],"picked":"Replay:Wanted Poster"},{"not_picked":["HolyWater","StSpp:PileOfSugar"],"picked":"Sozu"}],"items_purged_floors":[29,37,55],"is_endless":false,"potions_floor_spawned":[4,7,11,12,18,25,27,31,36,46,47],"killed_by":"Shield and Spear","ascension_level":3}}