{"host":"l8j2eaviddq1qvzn","time":1613997349,"event":{"mods":["Act Like it!","BaseMod","Curses Come First","Evolution","Infinite Spire","Minty Spire (QoL Compilation)","Practice Mode","Reliquary","Replay The Spire","Shapeshifter Mod","Shop Mod","StS++","StSLib","The Dragonkin","Wide Potions"],"gold_per_floor":[117,9999,10012,10030,10030,10057,10057,10067,10090,10090,10109,9221,9250,9250,9250,9345,9345,9359,9373,8552,8571,8587,8587,7915,7946,7995,7995,7995,7471,7483,7502,7502,7602,7602,7621,7621,7632,6918,7018,6151,6171,6171,6226,6242,5723,5723,5754,5754,5754,5754,5754,5754],"floor_reached":53,"language":"ENG","playtime":4465,"items_purged":["StSShapeShifter:ShapeShifter_Defend","StSShapeShifter:Lynx_Form","StSShapeShifter:BloomingSlash","StSShapeShifter:ShapeShifter_Defend","StSShapeShifter:VileMushroom"],"score":940,"play_id":"65feea92-3072-48a4-a8a6-1b2e808500e7","local_time":"20210222133549","is_ascension_mode":false,"campfire_choices":[{"data":"StSShapeShifter:Synchronicity","floor":7.0,"key":"SMITH"},{"floor":23.0,"key":"REST"},{"data":"Apotheosis","floor":28.0,"key":"SMITH"},{"data":"StSShapeShifter:EntForm","floor":32.0,"key":"SMITH"},{"floor":51,"key":"REST"}],"circlet_count":0,"master_deck":["StSShapeShifter:BloomingSlash","StSShapeShifter:BloomingSlash","StSShapeShifter:BloomingSlash+1","StSShapeShifter:FallingLeaves","StSShapeShifter:FallingLeaves+1","StSShapeShifter:ShapeShifter_Defend+1","StSShapeShifter:Efflorescence","StSShapeShifter:Synchronicity+1","StSShapeShifter:BarkSkin","StSShapeShifter:RockSlide","StSShapeShifter:BarkSkin","StSShapeShifter:BarkSkin","StSShapeShifter:Synchronicity","StSShapeShifter:BarkSkin","StSShapeShifter:Summer","Apotheosis+1","StSShapeShifter:MysticalSeed","StSShapeShifter:RockSlide","StSShapeShifter:BloomingSlash+1","StSShapeShifter:ReplenishingNectar","StSShapeShifter:HummingbirdForm","StSShapeShifter:Synchronicity","StSShapeShifter:Autumn","StSShapeShifter:Sapling","StSShapeShifter:BurstingSpore","StSShapeShifter:EntForm+1","StSShapeShifter:RitualOfTheElders","StSShapeShifter:BurstingSpore","infinitespire:NeuralNetwork","StSShapeShifter:RockSlide+1","StSShapeShifter:EmbraceTheCycle+1","Mayhem","Enlightenment","infinitespire:Execution","StSShapeShifter:RitualOfTheElders","StSShapeShifter:RestoreBalance","StSShapeShifter:Sapling+1","infinitespire:FutureSight","StSShapeShifter:Synchronicity"],"relics":["StSShapeShifter:AnimalHeart","StSShapeShifter:TheShapeShiftersMagnolia","EVO:Axolotl","Regal Pillow","infinitespire:Lucky Rock","Mango","Replay:Bottled Flurry","ClockworkSouvenir","Bag of Preparation","reliquary:ExpiredCoupon","infinitespire:CheckeredPen","Pear","Lee\u0027s Waffle","reliquary:RosewoodLute","StSShapeShifter:Fertilizer","Strawberry","Happy Flower","Blue Doll","Orrery","Replay:Bronze Core","Snack Pack","Juzu Bracelet","ReplayTheSpireMod:ShopPack","Unceasing Top","InkBottle","StSShapeShifter:EmeraldPantherFigurine","Medical Kit","Omamori","Toy Ornithopter","Ring of Peace"],"acts_visited":["Exordium","TheCity","TheBeyond"],"potions_floor_usage":[],"damage_taken":[{"damage":0.0,"enemies":"Small Slimes","floor":1.0,"turns":2.0},{"damage":0.0,"enemies":"2 Louse","floor":3.0,"turns":3.0},{"damage":2.0,"enemies":"Jaw Worm","floor":4.0,"turns":3.0},{"damage":9.0,"enemies":"Lagavulin","floor":6.0,"turns":8.0},{"damage":3.0,"enemies":"2 Fungi Beasts","floor":8.0,"turns":3.0},{"damage":0.0,"enemies":"Lots of Slimes","floor":11.0,"turns":6.0},{"damage":14.0,"enemies":"Gremlin Nob","floor":13.0,"turns":6.0},{"damage":28.0,"enemies":"Hexaghost","floor":16.0,"turns":12.0},{"damage":0.0,"enemies":"Chosen","floor":18.0,"turns":7.0},{"damage":6.0,"enemies":"Spheric Guardian","floor":19.0,"turns":5.0},{"damage":33.0,"enemies":"3 Cultists","floor":21.0,"turns":8.0},{"damage":3.0,"enemies":"Centurion and Healer","floor":22.0,"turns":7.0},{"damage":8.0,"enemies":"Book of Stabbing","floor":25.0,"turns":8.0},{"damage":3.0,"enemies":"Cultist and Chosen","floor":30.0,"turns":7.0},{"damage":0.0,"enemies":"Snecko","floor":31.0,"turns":5.0},{"damage":49.0,"enemies":"Collector","floor":33.0,"turns":9.0},{"damage":24.0,"enemies":"3 Darklings","floor":35.0,"turns":6.0},{"damage":25.0,"enemies":"3 Shapes","floor":37.0,"turns":6.0},{"damage":22.0,"enemies":"infinitespire:Three Voidlings","floor":39.0,"turns":5.0},{"damage":48.0,"enemies":"Nightmare_Alpha","floor":39.0,"turns":12.0},{"damage":46,"enemies":"Jaw Worm Horde","floor":41,"turns":5},{"damage":38,"enemies":"3 Darklings","floor":44,"turns":4},{"damage":0,"enemies":"Giant Head","floor":47,"turns":5},{"damage":22,"enemies":"infinitespire:MassOfShapes","floor":52,"turns":4}],"seed_played":"6827292492158015908","potions_obtained":[{"floor":3.0,"key":"SpeedPotion"},{"floor":4.0,"key":"Strength Potion"},{"floor":6.0,"key":"BlessingOfTheForge"},{"floor":33.0,"key":"LifebloodPotion"}],"is_trial":false,"path_per_floor":["M","$","M","M","?","E","R","M","T","?","M","$","E","?","R","B",null,"M","M","$","M","M","R","$","E","T","?","R","$","M","M","R","B",null,"M","AVR","M","$","?","$","M","?","T","M","?","?","E","PTL","PTL","?","R","B",null],"character_chosen":"SHAPESHIFTER","items_purchased":["StSShapeShifter:Synchronicity","StSShapeShifter:BarkSkin","StSShapeShifter:Synchronicity","Mango","Replay:Bottled Flurry","ClockworkSouvenir","Apotheosis","reliquary:ExpiredCoupon","infinitespire:CheckeredPen","StSShapeShifter:MysticalSeed","Pear","Lee\u0027s Waffle","reliquary:RosewoodLute","StSShapeShifter:Synchronicity","Happy Flower","Blue Doll","Orrery","Snack Pack","Juzu Bracelet","ReplayTheSpireMod:ShopPack","StSShapeShifter:EmbraceTheCycle+1","InkBottle","StSShapeShifter:EmeraldPantherFigurine","Medical Kit","StSShapeShifter:RitualOfTheElders"],"campfire_rested":2,"item_purchase_floors":[2,12,12,12,12,12,20,20,20,20,24,24,24,29,29,29,29,38,38,38,38,40,40,40,40],"current_hp_per_floor":[85,85,85,83,83,74,74,71,71,54,54,68,54,54,98,70,99,99,93,93,60,57,99,116,108,115,115,115,115,113,116,116,76,123,117,117,109,109,87,87,76,76,76,57,57,57,93,93,93,93,147,152],"gold":5754,"neow_bonus":"TEN_PERCENT_HP_BONUS","is_daily":false,"chose_seed":false,"campfire_upgraded":3,"win_rate":0.0,"timestamp":1613997349,"path_taken":["M","$","M","M","?","E","R","M","T","?","M","?","E","?","R","BOSS","M","M","$","M","M","R","?","E","T","?","R","$","?","M","R","BOSS","M","AVR","M","?","?","$","M","?","T","M","?","?","E","PTL","PTL","?","R","BOSS"],"items_purchased_type":["Card","Card","Card","Relic","Relic","Relic","Card","Relic","Relic","Card","Relic","Relic","Relic","Card","Relic","Relic","Relic","Relic","Relic","Relic","Card","Relic","Relic","Relic","Card"],"build_version":"2020-12-22","purchased_purges":5,"victory":true,"max_hp_per_floor":[85,85,85,85,85,85,85,85,85,85,85,99,99,99,99,99,99,99,99,99,99,99,99,116,116,123,123,123,123,123,123,123,123,123,126,126,128,128,133,133,137,137,137,142,142,142,147,147,147,147,147,152],"card_choices":[{"not_picked":["StSShapeShifter:Rest","StSShapeShifter:BurstingSpore"],"picked":"StSShapeShifter:Efflorescence","floor":1.0},{"not_picked":["StSShapeShifter:ShiftingStrike","StSShapeShifter:EagleForm","StSShapeShifter:FesteringBite"],"picked":"SKIP","floor":3.0},{"not_picked":["StSShapeShifter:Maul","StSShapeShifter:DeerForm"],"picked":"StSShapeShifter:BarkSkin","floor":4.0},{"not_picked":["StSShapeShifter:TopazSkin","StSShapeShifter:DiverseSpirit","StSShapeShifter:PowerShifter"],"picked":"SKIP","floor":6.0},{"not_picked":["StSShapeShifter:Guard","StSShapeShifter:MultiSpiritedStrike","StSShapeShifter:EagleForm"],"picked":"SKIP","floor":8.0},{"not_picked":["StSShapeShifter:Maul","StSShapeShifter:Rest"],"picked":"StSShapeShifter:RockSlide","floor":11.0},{"not_picked":["StSShapeShifter:ThornedSkin","StSShapeShifter:Earthquake"],"picked":"StSShapeShifter:BarkSkin","floor":13.0},{"not_picked":["StSShapeShifter:Summon_Mountains","StSShapeShifter:Sap_Burst"],"picked":"StSShapeShifter:Summer","floor":16.0},{"not_picked":["StSShapeShifter:RaptorForm","StSShapeShifter:PoisonIvy","StSShapeShifter:LeapingSlash"],"picked":"SKIP","floor":18.0},{"not_picked":["StSShapeShifter:Maul+1","StSShapeShifter:WiltingWrath+1","StSShapeShifter:Guard+1"],"picked":"SKIP","floor":19.0},{"not_picked":["StSShapeShifter:BurstingSpore","StSShapeShifter:ShiftingStrike"],"picked":"StSShapeShifter:RockSlide","floor":21.0},{"not_picked":["StSShapeShifter:VineHandcuffs","StSShapeShifter:BearForm+1"],"picked":"StSShapeShifter:BloomingSlash+1","floor":22.0},{"not_picked":["StSShapeShifter:FoxForm","StSShapeShifter:PoisonIvy+1"],"picked":"StSShapeShifter:ReplenishingNectar","floor":25.0},{"not_picked":["StSShapeShifter:Sapling","StSShapeShifter:RockSlide"],"picked":"StSShapeShifter:Autumn","floor":29.0},{"not_picked":["StSShapeShifter:Ensconce","StSShapeShifter:WolfForm"],"picked":"StSShapeShifter:Sapling","floor":29.0},{"not_picked":["StSShapeShifter:AdaptiveStrikes","StSShapeShifter:Earthquake"],"picked":"StSShapeShifter:BurstingSpore","floor":29.0},{"not_picked":["StSShapeShifter:MagicMushrooms","StSShapeShifter:Rest","StSShapeShifter:SunflowerShuriken"],"picked":"SKIP","floor":30.0},{"not_picked":["StSShapeShifter:PoisonIvy","StSShapeShifter:Ensconce+1"],"picked":"StSShapeShifter:EntForm","floor":31.0},{"not_picked":["StSShapeShifter:LionForm","StSShapeShifter:Forgiveness"],"picked":"StSShapeShifter:RitualOfTheElders","floor":33.0},{"not_picked":["StSShapeShifter:BloomingSlash","StSShapeShifter:MonkeyForm+1"],"picked":"StSShapeShifter:BurstingSpore","floor":35.0},{"not_picked":["StSShapeShifter:DeerForm","StSShapeShifter:ThornToss+1"],"picked":"StSShapeShifter:RockSlide+1","floor":37.0},{"not_picked":["ReplayTheSpireMod:Private Reserves","ReplayTheSpireMod:Trickstab"],"picked":"Mayhem","floor":38.0},{"not_picked":["Replay:Bootleg Shield Generator","Panache"],"picked":"Enlightenment","floor":38.0},{"not_picked":["infinitespire:Punishment","infinitespire:Menacing"],"picked":"infinitespire:Execution","floor":39},{"not_picked":["StSShapeShifter:OpportuneSwoop+1","StSShapeShifter:PoisonIvy"],"picked":"StSShapeShifter:RestoreBalance","floor":41},{"not_picked":["StSShapeShifter:PoisonIvy+1","StSShapeShifter:FlowerShield"],"picked":"StSShapeShifter:Sapling+1","floor":44},{"not_picked":["Replay:Fractal Strike","ReplayTheSpireMod:Black Plague"],"picked":"infinitespire:FutureSight","floor":45},{"not_picked":["StSShapeShifter:ShiftingStrike","StSShapeShifter:FesteringBite"],"picked":"StSShapeShifter:Synchronicity","floor":47}],"player_experience":78471,"relics_obtained":[{"floor":6.0,"key":"Regal Pillow"},{"floor":9.0,"key":"infinitespire:Lucky Rock"},{"floor":13.0,"key":"Bag of Preparation"},{"floor":25.0,"key":"StSShapeShifter:Fertilizer"},{"floor":26.0,"key":"Strawberry"},{"floor":39,"key":"Unceasing Top"},{"floor":43,"key":"Omamori"},{"floor":47,"key":"Toy Ornithopter"},{"floor":50,"key":"Ring of Peace"}],"event_choices":[{"damage_healed":0.0,"max_hp_gain":0.0,"max_hp_loss":0.0,"gold_gain":0.0,"event_name":"Scrap Ooze","player_choice":"Fled","floor":5.0,"gold_loss":0.0,"damage_taken":0.0},{"damage_healed":0.0,"max_hp_gain":0.0,"max_hp_loss":0.0,"gold_gain":0.0,"event_name":"Shining Light","player_choice":"Entered Light","floor":10.0,"gold_loss":0.0,"damage_taken":17.0,"cards_upgraded":["StSShapeShifter:ShapeShifter_Defend","StSShapeShifter:BloomingSlash"]},{"damage_healed":0.0,"max_hp_gain":0.0,"max_hp_loss":0.0,"gold_gain":0.0,"event_name":"The Woman in Blue","player_choice":"Bought 0 Potions","floor":14.0,"gold_loss":0.0,"damage_taken":0.0},{"damage_healed":0.0,"max_hp_gain":0.0,"max_hp_loss":0.0,"gold_gain":0.0,"cards_transformed":["StSShapeShifter:BloomingSlash"],"event_name":"Transmorgrifier","player_choice":"Transformed","floor":27.0,"gold_loss":0.0,"damage_taken":0.0,"cards_obtained":["StSShapeShifter:HummingbirdForm"]},{"damage_healed":0,"gold_gain":0,"cards_transformed":["StSShapeShifter:Tortoise_Form"],"player_choice":"Transformed","damage_taken":0,"max_hp_gain":0,"max_hp_loss":0,"event_name":"Transmorgrifier","floor":39,"gold_loss":0,"cards_obtained":["StSShapeShifter:VileMushroom"]},{"damage_healed":0,"gold_gain":0,"player_choice":"Ignored","damage_taken":0,"max_hp_gain":0,"max_hp_loss":0,"event_name":"Tomb of Lord Red Mask","floor":42,"gold_loss":0},{"damage_healed":0,"gold_gain":0,"player_choice":"Ignored","damage_taken":0,"max_hp_gain":0,"max_hp_loss":0,"event_name":"Mysterious Sphere","floor":46,"gold_loss":0}],"is_beta":false,"boss_relics":[{"not_picked":["Astrolabe","Kintsugi","Replay:Ancient Bell"]},{"not_picked":["Abe\u0027s Treasure","StSShapeShifter:LemurHeaddress"],"picked":"Replay:Bronze Core"}],"items_purged_floors":[12,20,24,38,40],"is_endless":false,"potions_floor_spawned":[3,4,6,16,19,22,30,31,33,39,44],"ascension_level":0}}