{"host":"qfmqsclrfy207o1q","time":1613961784,"event":{"mods":["2.2 Compatiblity","AchievementEnabler","BaseMod","BetterRewards","Colored Map","Colored Powertips","Curses Come First","Dark Map","Downfall","Infinite Spire","Minty Spire (QoL Compilation)","Quick Restart","Rare Cards Sparkle","Relic Stats","StSLib"],"gold_per_floor":[116,116,116,128,128,160,178,203,230,230,230,8,33,49,49,148,148,167,167,167,167,0,28,28,63,63,28,44,44,44,59,59,162,162,178,178,0,15,15,15,15,15,15,30,56,56,56,73,73,73,73],"floor_reached":50,"language":"ENG","playtime":1982,"items_purged":[],"score":599,"play_id":"e0af6c15-a1b2-40e8-a677-1636cfc8bb5a","local_time":"20210221194304","is_ascension_mode":false,"campfire_choices":[{"floor":11,"key":"REST"},{"floor":15,"key":"REST"},{"floor":24,"key":"REST"},{"data":"Demon Form","floor":30,"key":"SMITH"},{"floor":32,"key":"REST"},{"data":"infinitespire:Collect","floor":40,"key":"SMITH"},{"data":"Barricade","floor":42,"key":"SMITH"},{"floor":46,"key":"REST"},{"floor":49,"key":"REST"}],"circlet_count":0,"master_deck":["Strike_R+1","Strike_R+1","Strike_R+1","Strike_R+1","Strike_R+1","Defend_R+1","Defend_R+1","Defend_R+1","Defend_R+1","Bash","Flex","Perfected Strike","Whirlwind","Heavy Blade","Shrug It Off","infinitespire:Collect+1","Ghostly Armor","Demon Form+1","Thunderclap","Limit Break","Iron Wave+1","infinitespire:Starlight","Anger","Body Slam","Searing Blow","Dual Wield","Limit Break","Barricade+1","Armaments","Writhe","Clash+1","Sword Boomerang+1","Reaper","Shrug It Off+1"],"relics":["Burning Blood","NeowsBlessing","Bottled Lightning","infinitespire:ShieldingShard","Nunchaku","Bronze Scales","Oddly Smooth Stone","Toolbox","Smiling Mask","Philosopher\u0027s Stone","MutagenicStrength","Pen Nib","Ancient Tea Set","Toy Ornithopter","Vajra","Black Star","Red Mask","Meat on the Bone","Pantograph","Potion Belt"],"acts_visited":["Exordium","TheCity","TheBeyond"],"potions_floor_usage":[16,23,25,33,41,50,50],"damage_taken":[{"damage":0,"enemies":"Small Slimes","floor":1,"turns":1},{"damage":0,"enemies":"Jaw Worm","floor":4,"turns":1},{"damage":0,"enemies":"3 Sentries","floor":6,"turns":2},{"damage":7,"enemies":"Cultist","floor":7,"turns":4},{"damage":25,"enemies":"Gremlin Nob","floor":8,"turns":4},{"damage":4,"enemies":"3 Sentries","floor":13,"turns":3},{"damage":17,"enemies":"Large Slime","floor":14,"turns":6},{"damage":26,"enemies":"Slime Boss","floor":16,"turns":7},{"damage":28,"enemies":"Spheric Guardian","floor":18,"turns":6},{"damage":25,"enemies":"Nightmare","floor":23,"turns":8},{"damage":0,"enemies":"Gremlin Leader","floor":25,"turns":3},{"damage":24,"enemies":"3 Byrds","floor":28,"turns":3},{"damage":18,"enemies":"Snake Plant","floor":31,"turns":3},{"damage":42,"enemies":"Champ","floor":33,"turns":6},{"damage":17,"enemies":"3 Darklings","floor":35,"turns":6},{"damage":5,"enemies":"Orb Walker","floor":38,"turns":3},{"damage":12,"enemies":"Transient","floor":41,"turns":4},{"damage":0,"enemies":"Jaw Worm Horde","floor":44,"turns":2},{"damage":43,"enemies":"Nemesis","floor":45,"turns":5},{"damage":28,"enemies":"Spire Growth","floor":48,"turns":4},{"damage":101,"enemies":"infinitespire:MassOfShapes","floor":50,"turns":8}],"seed_played":"8958479354337407466","potions_obtained":[{"floor":7,"key":"SmokeBomb"},{"floor":8,"key":"SteroidPotion"},{"floor":13,"key":"CultistPotion"},{"floor":18,"key":"EssenceOfSteel"},{"floor":23,"key":"AttackPotion"},{"floor":33,"key":"CultistPotion"},{"floor":48,"key":"DuplicationPotion"}],"is_trial":false,"path_per_floor":["M","?","T","M","?","E","M","E","T","?","R","$","E","M","R","B",null,"M","?","AVR","?","?","NM","R","E","T","$","M","?","R","M","R","B",null,"M","?","?","M","$","R","M","R","T","M","E","R","?","M","R","B"],"character_chosen":"IRONCLAD","items_purchased":["Toolbox","Ghostly Armor","Searing Blow"],"campfire_rested":6,"item_purchase_floors":[12,12,27],"current_hp_per_floor":[80,80,80,80,80,80,79,60,60,41,65,65,67,56,80,60,80,58,58,58,58,58,49,73,80,80,80,68,80,80,68,80,60,80,69,80,80,80,80,80,79,79,79,80,55,79,79,69,80,0,0],"gold":73,"neow_bonus":"THREE_ENEMY_KILL","is_daily":false,"chose_seed":false,"campfire_upgraded":3,"win_rate":0.0,"timestamp":1613961784,"path_taken":["M","?","?","?","?","E","M","E","T","?","R","?","E","M","R","BOSS","M","?","AVR","?","?","NM","R","E","T","$","M","?","R","M","R","BOSS","M","?","?","M","?","R","M","R","T","M","E","R","?","M","R","BOSS"],"items_purchased_type":["Relic","Card","Card"],"build_version":"2020-12-22","purchased_purges":0,"victory":false,"max_hp_per_floor":[80,80,80,80,80,80,80,80,80,80,80,80,80,80,80,80,80,80,80,80,80,80,80,80,80,80,80,80,80,80,80,80,80,80,80,80,80,80,80,80,80,80,80,80,80,80,80,80,80,80,80],"relic_stats":{"Nunchaku":[13],"counters":[21,89],"Bronze Scales":[266],"Pantograph":0,"Pen Nib":[9],"Black Star":1,"Smiling Mask":0,"obtain_stats":[{"Potion Belt":45,"NeowsBlessing":0,"Oddly Smooth Stone":9,"Vajra":26,"Pen Nib":20,"Smiling Mask":13,"Ancient Tea Set":23,"Burning Blood":0,"Nunchaku":6,"infinitespire:ShieldingShard":5,"Bronze Scales":8,"MutagenicStrength":19,"Pantograph":45,"Toolbox":12,"Philosopher\u0027s Stone":17,"Black Star":34,"Red Mask":37,"Bottled Lightning":3,"Toy Ornithopter":25,"Meat on the Bone":43},{"Potion Belt":19,"NeowsBlessing":0,"Oddly Smooth Stone":5,"Vajra":11,"Pen Nib":9,"Smiling Mask":6,"Ancient Tea Set":10,"Burning Blood":0,"Nunchaku":3,"infinitespire:ShieldingShard":2,"Bronze Scales":5,"MutagenicStrength":9,"Pantograph":19,"Toolbox":5,"Philosopher\u0027s Stone":8,"Black Star":14,"Red Mask":15,"Bottled Lightning":1,"Toy Ornithopter":11,"Meat on the Bone":17},{"Potion Belt":77,"NeowsBlessing":0,"Oddly Smooth Stone":12,"Vajra":45,"Pen Nib":34,"Smiling Mask":15,"Ancient Tea Set":42,"Burning Blood":0,"Nunchaku":4,"infinitespire:ShieldingShard":2,"Bronze Scales":12,"MutagenicStrength":34,"Pantograph":77,"Toolbox":12,"Philosopher\u0027s Stone":28,"Black Star":57,"Red Mask":63,"Bottled Lightning":1,"Toy Ornithopter":45,"Meat on the Bone":70}],"Burning Blood":90,"Toy Ornithopter":20,"Meat on the Bone":12},"card_choices":[{"not_picked":["Clash","Headbutt"],"picked":"Flex","floor":1},{"not_picked":["Offering","Reckless Charge"],"picked":"Perfected Strike","floor":4},{"not_picked":["Reckless Charge","Warcry"],"picked":"Whirlwind","floor":6},{"not_picked":["True Grit","Blood for Blood"],"picked":"Heavy Blade","floor":7},{"not_picked":["Perfected Strike","Whirlwind"],"picked":"Shrug It Off","floor":8},{"not_picked":["infinitespire:UltimateForm","infinitespire:Gouge"],"picked":"infinitespire:Collect","floor":10},{"not_picked":["Rage","Entrench"],"picked":"Demon Form","floor":13},{"not_picked":["Warcry","Pommel Strike"],"picked":"Thunderclap","floor":14},{"not_picked":["Fiend Fire","Feed"],"picked":"Limit Break","floor":16},{"not_picked":["Thunderclap","Shrug It Off"],"picked":"Iron Wave+1","floor":18},{"not_picked":["Headbutt","Ghostly Armor"],"picked":"Anger","floor":23},{"not_picked":["Shrug It Off","True Grit"],"picked":"Body Slam","floor":25},{"not_picked":["Dark Embrace+1","Flex"],"picked":"Dual Wield","floor":28},{"not_picked":["Twin Strike","Sword Boomerang"],"picked":"Limit Break","floor":31},{"not_picked":["Limit Break","Fiend Fire"],"picked":"Barricade","floor":33},{"not_picked":["Reckless Charge","Twin Strike"],"picked":"Armaments","floor":35},{"not_picked":["Warcry","Combust"],"picked":"Clash+1","floor":38},{"not_picked":["Anger","Cleave"],"picked":"Sword Boomerang+1","floor":44},{"not_picked":["Infernal Blade","Uppercut"],"picked":"Reaper","floor":45},{"not_picked":["Dual Wield","Warcry+1"],"picked":"Shrug It Off+1","floor":48}],"player_experience":30182,"relics_obtained":[{"floor":3,"key":"Bottled Lightning"},{"floor":5,"key":"infinitespire:ShieldingShard"},{"floor":6,"key":"Nunchaku"},{"floor":8,"key":"Bronze Scales"},{"floor":9,"key":"Oddly Smooth Stone"},{"floor":13,"key":"Smiling Mask"},{"floor":23,"key":"Ancient Tea Set"},{"floor":25,"key":"Toy Ornithopter"},{"floor":26,"key":"Vajra"},{"floor":43,"key":"Meat on the Bone"},{"floor":45,"key":"Pantograph"},{"floor":45,"key":"Potion Belt"}],"event_choices":[{"damage_healed":0,"gold_gain":0,"player_choice":"Leave","damage_taken":0,"max_hp_gain":0,"max_hp_loss":0,"event_name":"The Cleric","floor":2,"gold_loss":0},{"damage_healed":0,"gold_gain":0,"player_choice":"Inject Mutagens","damage_taken":0,"relics_obtained":["MutagenicStrength"],"max_hp_gain":0,"max_hp_loss":0,"event_name":"Drug Dealer","floor":19,"gold_loss":0},{"damage_healed":0,"gold_gain":0,"player_choice":"Simplicity","damage_taken":0,"max_hp_gain":0,"max_hp_loss":0,"event_name":"Back to Basics","floor":21,"gold_loss":0,"cards_upgraded":["Strike_R","Strike_R","Strike_R","Strike_R","Strike_R","Defend_R","Defend_R","Defend_R","Defend_R"]},{"damage_healed":0,"gold_gain":0,"player_choice":"Paid Fearfully","damage_taken":0,"max_hp_gain":0,"max_hp_loss":0,"event_name":"Masked Bandits","floor":22,"gold_loss":167},{"damage_healed":26,"gold_gain":0,"player_choice":"Heal","damage_taken":0,"max_hp_gain":0,"max_hp_loss":0,"event_name":"The Library","floor":29,"gold_loss":0},{"damage_healed":20,"gold_gain":0,"player_choice":"Writhe","damage_taken":0,"max_hp_gain":0,"max_hp_loss":0,"event_name":"Winding Halls","floor":36,"gold_loss":0,"cards_obtained":["Writhe"]},{"damage_healed":0,"gold_gain":0,"player_choice":"Paid","damage_taken":0,"relics_obtained":["Red Mask"],"max_hp_gain":0,"max_hp_loss":0,"event_name":"Tomb of Lord Red Mask","floor":37,"gold_loss":178}],"is_beta":false,"boss_relics":[{"not_picked":["Sozu","Fusion Hammer"],"picked":"Philosopher\u0027s Stone"},{"not_picked":["Runic Dome","Runic Pyramid"],"picked":"Black Star"}],"items_purged_floors":[],"is_endless":true,"potions_floor_spawned":[7,8,13,18,23,33,41,48],"killed_by":"infinitespire:MassOfShapes","ascension_level":0}}