{"host":"gzz35fplm60aw28t","time":1613955552,"event":{"mods":["AchievementEnabler","BaseMod","Colored Powertips","DeckTracker","Minty Spire (QoL Compilation)"],"gold_per_floor":[117,67,80,80,95,120,120,149,149,149,169,185,185,219,219,315,315,327,352,34,54,254,254,254],"floor_reached":23,"language":"ENG","playtime":1706,"items_purged":[],"score":219,"play_id":"144870c7-3232-47e8-922e-86dcab116b03","local_time":"20210222015912","is_ascension_mode":true,"campfire_choices":[{"data":"Neutralize","floor":7.0,"key":"SMITH"},{"data":"Wraith Form v2","floor":10.0,"key":"SMITH"},{"floor":13.0,"key":"REST"},{"data":"Terror","floor":15.0,"key":"SMITH"}],"circlet_count":0,"master_deck":["Strike_G","Strike_G","Strike_G","Defend_G","Defend_G","Defend_G","Defend_G","Survivor","Neutralize+1","Wraith Form v2+1","Quick Slash","Terror+1","Masterful Stab","Predator","Dodge and Roll","PiercingWail","Phantasmal Killer","Backflip","Night Terror","Well Laid Plans+1","Footwork","Deadly Poison+1"],"relics":["Ring of the Snake","Regal Pillow","Darkstone Periapt","Bottled Tornado","Matryoshka","WristBlade","Red Mask","Paper Crane"],"acts_visited":["Exordium","TheCity"],"potions_floor_usage":[],"damage_taken":[{"damage":0.0,"enemies":"Jaw Worm","floor":1.0,"turns":6.0},{"damage":0.0,"enemies":"Small Slimes","floor":3.0,"turns":3.0},{"damage":2.0,"enemies":"2 Louse","floor":5.0,"turns":4.0},{"damage":20.0,"enemies":"Gremlin Nob","floor":6.0,"turns":4.0},{"damage":14.0,"enemies":"Lagavulin","floor":8.0,"turns":5.0},{"damage":4.0,"enemies":"Lots of Slimes","floor":11.0,"turns":4.0},{"damage":0.0,"enemies":"3 Louse","floor":12.0,"turns":2.0},{"damage":10.0,"enemies":"Gremlin Nob","floor":14.0,"turns":3.0},{"damage":1.0,"enemies":"The Guardian","floor":16.0,"turns":8.0},{"damage":10.0,"enemies":"3 Byrds","floor":18.0,"turns":7.0},{"damage":53.0,"enemies":"Masked Bandits","floor":19.0,"turns":7.0},{"damage":0.0,"enemies":"2 Thieves","floor":21.0,"turns":4.0},{"damage":8,"enemies":"Gremlin Leader","floor":23,"turns":4}],"seed_played":"1714917029695980079","potions_obtained":[{"floor":3.0,"key":"Dexterity Potion"},{"floor":5.0,"key":"LiquidBronze"},{"floor":8.0,"key":"LiquidBronze"},{"floor":12.0,"key":"AttackPotion"},{"floor":19.0,"key":"FearPotion"}],"is_trial":false,"path_per_floor":["M","?","M","?","M","E","R","E","T","R","M","M","R","E","R","B",null,"M","?","$","M","?","E"],"character_chosen":"THE_SILENT","items_purchased":["Paper Crane","Footwork"],"campfire_rested":1,"item_purchase_floors":[20,20],"current_hp_per_floor":[70,70,70,63,61,41,41,27,27,27,23,23,59,49,49,48,70,60,7,7,7,7,0,0],"gold":254,"neow_bonus":"TRANSFORM_CARD","is_daily":false,"chose_seed":false,"campfire_upgraded":3,"win_rate":0.0,"timestamp":1613955552,"path_taken":["M","?","M","?","M","E","R","E","T","R","M","M","R","E","R","BOSS","M","?","$","M","?","E"],"items_purchased_type":["Relic","Card"],"build_version":"2020-12-22","purchased_purges":0,"victory":false,"max_hp_per_floor":[70,70,70,70,70,70,70,70,70,70,70,70,70,70,70,70,70,70,70,70,70,70,70,70],"card_choices":[{"not_picked":["Backflip","Dodge and Roll"],"picked":"Quick Slash","floor":1.0},{"not_picked":["Blur","Finisher"],"picked":"Terror","floor":3.0},{"not_picked":["Dagger Throw","Blade Dance"],"picked":"Masterful Stab","floor":5.0},{"not_picked":["Eviscerate","Dagger Throw"],"picked":"Predator","floor":6.0},{"not_picked":["Prepared","Dagger Throw"],"picked":"Dodge and Roll","floor":8.0},{"not_picked":["Blade Dance","Quick Slash"],"picked":"PiercingWail","floor":11.0},{"not_picked":["Blade Dance","PiercingWail"],"picked":"Phantasmal Killer","floor":12.0},{"not_picked":["Skewer","Tactician"],"picked":"Backflip","floor":14.0},{"not_picked":["After Image","Envenom"],"picked":"Night Terror","floor":16.0},{"not_picked":["Deadly Poison","Slice"],"picked":"Well Laid Plans+1","floor":18.0},{"not_picked":["Skewer","Underhanded Strike+1"],"picked":"Deadly Poison+1","floor":21.0}],"player_experience":14960,"relics_obtained":[{"floor":6.0,"key":"Regal Pillow"},{"floor":8.0,"key":"Darkstone Periapt"},{"floor":9.0,"key":"Bottled Tornado"},{"floor":14.0,"key":"Matryoshka"},{"floor":19.0,"key":"Red Mask"}],"event_choices":[{"cards_removed":["Defend_G"],"damage_healed":0.0,"max_hp_gain":0.0,"max_hp_loss":0.0,"gold_gain":0.0,"event_name":"The Cleric","player_choice":"Card Removal","floor":2.0,"gold_loss":50.0,"damage_taken":0.0},{"cards_removed":["Strike_G"],"damage_healed":0.0,"max_hp_gain":0.0,"max_hp_loss":0.0,"gold_gain":0.0,"event_name":"Golden Wing","player_choice":"Card Removal","floor":4.0,"gold_loss":0.0,"damage_taken":7.0},{"damage_healed":0.0,"max_hp_gain":0.0,"max_hp_loss":0.0,"gold_gain":0.0,"event_name":"Masked Bandits","player_choice":"Fought Bandits","floor":19.0,"gold_loss":0.0,"damage_taken":0.0},{"damage_healed":0.0,"max_hp_gain":0.0,"max_hp_loss":0.0,"gold_gain":250.0,"event_name":"The Joust","player_choice":"Bet on Owner","floor":22.0,"gold_loss":50.0,"damage_taken":0.0}],"is_beta":false,"boss_relics":[{"not_picked":["Philosopher\u0027s Stone","SlaversCollar"],"picked":"WristBlade"}],"items_purged_floors":[],"is_endless":false,"potions_floor_spawned":[3,5,8,12,19],"killed_by":"Gremlin Leader","ascension_level":1}}