{"host":"f5gffvlv6a66yqkd","time":1613985788,"event":{"mods":["2.2 Compatiblity","BaseMod","Colored Map","Custom Start","DeckTracker","Keyboard Shortcuts","Minty Spire (QoL Compilation)","Permanent Neow","Quick Restart","Relic Stats","StSLib","SuperFastMode"],"gold_per_floor":[118,30,46,64,64,64,98,123,146,162,162,182,182,199,199,270,270,289,1,15,28,28,28,62,62,109,127,145,195,23,43,43,43,43],"floor_reached":33,"language":"KOR","playtime":703,"items_purged":["Reprogram"],"score":538,"play_id":"145cc892-4d1b-45d2-ae75-d21f3f6b1b41","local_time":"20210222182308","is_ascension_mode":true,"campfire_choices":[{"data":"Hyperbeam","floor":6,"key":"SMITH"},{"data":"Darkness","floor":11,"key":"SMITH"},{"data":"Dualcast","floor":13,"key":"SMITH"},{"data":"Hologram","floor":15,"key":"SMITH"},{"data":"Seek","floor":23,"key":"SMITH"},{"floor":25,"key":"REST"},{"data":"Fusion","floor":32,"key":"SMITH"}],"circlet_count":0,"master_deck":["AscendersBane","Zap","Dualcast+1","Darkness+1","White Noise","Hyperbeam+1","Turbo","Hologram","Reinforced Body","All For One+1","Compile Driver+1","Hologram+1","Hyperbeam","Electrodynamics","Hologram","Seek+1","Chill","Loop","Steam Power","Electrodynamics","White Noise+1","Redo","Core Surge","Defragment+1","Fusion+1","Flash of Steel","Capacitor+1"],"relics":["Cracked Core","Orichalcum","Pen Nib","Bag of Marbles","Pandora\u0027s Box","Frozen Egg 2","Letter Opener","Whetstone"],"acts_visited":["Exordium","TheCity"],"potions_floor_usage":[16,21,28],"damage_taken":[{"damage":1.0,"enemies":"Cultist","floor":1.0,"turns":4.0},{"damage":0.0,"enemies":"Small Slimes","floor":3.0,"turns":1.0},{"damage":0.0,"enemies":"Jaw Worm","floor":4.0,"turns":3.0},{"damage":15,"enemies":"3 Sentries","floor":7,"turns":4},{"damage":8,"enemies":"Red Slaver","floor":10,"turns":3},{"damage":4,"enemies":"Gremlin Gang","floor":12,"turns":2},{"damage":0,"enemies":"Lots of Slimes","floor":14,"turns":1},{"damage":17,"enemies":"Slime Boss","floor":16,"turns":6},{"damage":16,"enemies":"Spheric Guardian","floor":18,"turns":4},{"damage":0,"enemies":"3 Byrds","floor":20,"turns":1},{"damage":8,"enemies":"Centurion and Healer","floor":21,"turns":5},{"damage":23,"enemies":"Slavers","floor":24,"turns":2},{"damage":10,"enemies":"Chosen and Byrds","floor":27,"turns":5},{"damage":0,"enemies":"Shelled Parasite and Fungi","floor":28,"turns":4},{"damage":12,"enemies":"Centurion and Healer","floor":31,"turns":4},{"damage":15,"enemies":"Automaton","floor":33,"turns":2}],"seed_played":"1208607136997697445","potions_obtained":[{"floor":1.0,"key":"EssenceOfDarkness"},{"floor":3.0,"key":"Weak Potion"},{"floor":18,"key":"GamblersBrew"},{"floor":21,"key":"FocusPotion"},{"floor":31,"key":"Weak Potion"}],"is_trial":false,"path_per_floor":["M","$","M","M","?","R","E","T","T","M","R","M","R","M","R","B",null,"M","$","M","M","$","R","E","R","T","M","M","?","$","M","R","B"],"character_chosen":"DEFECT","items_purchased":["Hyperbeam","Frozen Egg 2","Flash of Steel"],"campfire_rested":1,"item_purchase_floors":[2,19,30],"current_hp_per_floor":[63,63,63,63,63,63,48,48,48,40,40,36,36,36,36,19,58,42,42,42,34,34,34,11,32,32,22,22,22,22,10,10,0,0],"gold":43,"neow_bonus":"THREE_CARDS","is_daily":false,"chose_seed":false,"campfire_upgraded":6,"win_rate":0.0,"timestamp":1613985788,"path_taken":["M","?","M","M","?","R","E","?","T","?","R","?","R","M","R","BOSS","M","$","?","M","$","R","E","R","T","M","M","?","$","?","R","BOSS"],"items_purchased_type":["Card","Relic","Card"],"build_version":"2020-12-22","purchased_purges":1,"victory":false,"max_hp_per_floor":[71,71,71,71,71,71,71,71,71,71,71,71,71,71,71,71,71,71,71,71,71,71,71,71,71,71,71,71,71,71,71,71,71,71],"relic_stats":{"counters":[16,51],"Pandora\u0027s Box":["Electrodynamics","Hologram","Seek","Chill","Loop","Reprogram","Steam Power","Electrodynamics"],"Pen Nib":[3],"Letter Opener":[52],"Whetstone":["Compile Driver","All For One"],"Orichalcum":[84],"obtain_stats":[{"Pandora\u0027s Box":17,"Pen Nib":8,"Bag of Marbles":9,"Letter Opener":24,"Whetstone":26,"Orichalcum":7,"Frozen Egg 2":19,"Cracked Core":0},{"Pandora\u0027s Box":8,"Pen Nib":4,"Bag of Marbles":4,"Letter Opener":12,"Whetstone":12,"Orichalcum":4,"Frozen Egg 2":9,"Cracked Core":0},{"Pandora\u0027s Box":24,"Pen Nib":12,"Bag of Marbles":12,"Letter Opener":36,"Whetstone":36,"Orichalcum":12,"Frozen Egg 2":28,"Cracked Core":0}]},"card_choices":[{"not_picked":["FTL","Auto Shields"],"picked":"Darkness","floor":0.0},{"not_picked":["Fusion","Steam Power"],"picked":"White Noise","floor":1.0},{"not_picked":["Hologram","Leap"],"picked":"Turbo","floor":3.0},{"not_picked":["Lockon","Cold Snap"],"picked":"Hologram","floor":4},{"not_picked":["Go for the Eyes","Steam"],"picked":"Reinforced Body","floor":7},{"not_picked":["Streamline","White Noise"],"picked":"All For One","floor":10},{"not_picked":["Cold Snap","Scrape"],"picked":"Compile Driver","floor":12},{"not_picked":["Coolheaded","Hologram","Stack"],"picked":"SKIP","floor":14},{"not_picked":["Coolheaded","Stack"],"picked":"Hologram","floor":14},{"not_picked":["Creative AI","Biased Cognition"],"picked":"Hyperbeam","floor":16},{"not_picked":["Sweeping Beam","Blizzard"],"picked":"White Noise+1","floor":18},{"not_picked":["Steam","Hologram"],"picked":"Redo","floor":20},{"not_picked":["FTL","Compile Driver"],"picked":"Core Surge","floor":21},{"not_picked":["Ball Lightning","Coolheaded","Blizzard"],"picked":"SKIP","floor":24},{"not_picked":["Conserve Battery","Sunder"],"picked":"Defragment+1","floor":27},{"not_picked":["Leap","Turbo"],"picked":"Fusion","floor":28},{"not_picked":["Beam Cell","Darkness"],"picked":"Capacitor+1","floor":31}],"player_experience":1552841,"relics_obtained":[{"floor":7,"key":"Orichalcum"},{"floor":8,"key":"Pen Nib"},{"floor":9,"key":"Bag of Marbles"},{"floor":24,"key":"Letter Opener"},{"floor":26,"key":"Whetstone"}],"event_choices":[{"damage_healed":0,"gold_gain":0,"player_choice":"Ignored","damage_taken":0,"max_hp_gain":0,"max_hp_loss":0,"event_name":"Liars Game","floor":5,"gold_loss":0},{"damage_healed":0,"gold_gain":100,"player_choice":"Bet on Murderer","damage_taken":0,"max_hp_gain":0,"max_hp_loss":0,"event_name":"The Joust","floor":29,"gold_loss":50}],"is_beta":false,"boss_relics":[{"not_picked":["SacredBark","Calling Bell"],"picked":"Pandora\u0027s Box"}],"items_purged_floors":[30],"is_endless":false,"potions_floor_spawned":[1,3,18,21,31],"killed_by":"Automaton","ascension_level":20}}