{"host":"ugys05tpep779cl6","time":1613997691,"event":{"mods":["AchievementEnabler","Aspiration","BaseMod","Beaked The Cultist","CatGirl Mod","Colored Powertips","HololiveMod","Lobotomy","Minty Spire (QoL Compilation)","Quick Restart","Replay The Spire","Spicy Shops","StSLib","The Druid"],"gold_per_floor":[111,122,122,197,197,197,230,6,6,36,36,36,36],"floor_reached":12,"language":"ENG","playtime":323,"items_purged":["Strike_R"],"score":97,"play_id":"c2361152-a6d7-4c28-9c1e-7621a8652783","local_time":"20210222134131","is_ascension_mode":true,"campfire_choices":[{"data":"True Grit","floor":6,"key":"SMITH"}],"circlet_count":0,"master_deck":["Strike_R","Strike_R","Strike_R","Strike_R","Defend_R","Defend_R","Defend_R","Defend_R","Bash","True Grit+1","Anger"],"relics":["Burning Blood","aspiration:DSix","aspiration:BabyByrd","Shuriken","Anchor","Boot"],"acts_visited":["Exordium"],"potions_floor_usage":[7,7,12],"damage_taken":[{"damage":12,"enemies":"Small Slimes","floor":1,"turns":4},{"damage":8,"enemies":"2 Louse","floor":2,"turns":3},{"damage":50,"enemies":"Lagavulin","floor":7,"turns":6},{"damage":17,"enemies":"3 Sentries","floor":10,"turns":10},{"damage":6,"enemies":"Lagavulin","floor":12,"turns":5}],"seed_played":"7699038080091963074","potions_obtained":[{"floor":1,"key":"Adrenaline Potion"},{"floor":2,"key":"Weak Potion"},{"floor":10,"key":"Flashbang"}],"is_trial":false,"path_per_floor":["M","M","?","?","?","R","E","$","T","E","$","E"],"character_chosen":"IRONCLAD","items_purchased":["Anchor"],"campfire_rested":0,"item_purchase_floors":[8],"current_hp_per_floor":[74,72,77,66,66,66,22,22,22,11,11,5,5],"gold":36,"neow_bonus":"DSIX","is_daily":false,"chose_seed":false,"campfire_upgraded":1,"win_rate":0.0,"timestamp":1613997691,"path_taken":["M","M","?","?","?","R","E","$","T","E","$","E"],"items_purchased_type":["Relic"],"build_version":"2020-12-22","purchased_purges":1,"victory":false,"max_hp_per_floor":[80,80,85,85,85,85,85,85,85,85,85,85,85],"card_choices":[{"not_picked":["Whirlwind","Anger","Run Through"],"picked":"SKIP","floor":1},{"not_picked":["Iron Wave","Anger"],"picked":"True Grit","floor":2},{"not_picked":["Battle Trance","Fiend Fire"],"picked":"Anger","floor":7},{"not_picked":["Wild Strike","Dark Embrace","Clothesline"],"picked":"SKIP","floor":10}],"player_experience":767637,"relics_obtained":[{"floor":7,"key":"Shuriken"},{"floor":10,"key":"Boot"}],"event_choices":[{"damage_healed":0,"gold_gain":0,"player_choice":"Donut","damage_taken":0,"max_hp_gain":5,"max_hp_loss":0,"event_name":"Big Fish","floor":3,"gold_loss":0},{"damage_healed":0,"gold_gain":75,"player_choice":"Gather Gold","damage_taken":11,"max_hp_gain":0,"max_hp_loss":0,"event_name":"World of Goop","floor":4,"gold_loss":0}],"is_beta":false,"boss_relics":[],"items_purged_floors":[8],"is_endless":false,"potions_floor_spawned":[1,2,10],"killed_by":"Lagavulin","ascension_level":3}}