{"host":"blhqr6uo32maonpv","time":1613977749,"event":{"mods":["BaseMod","Downfall","Minty Spire (QoL Compilation)","Replay The Spire","StSLib","The Bug Knight","The Marked"],"gold_per_floor":[118,134,134,58,58,77,102,102,153,102,113,130,130,130,130,130,130],"floor_reached":16,"language":"ENG","playtime":505,"items_purged":[],"score":125,"play_id":"f9341087-25fb-48d6-ba0e-dc258c6459c7","local_time":"20210222030909","is_ascension_mode":false,"campfire_choices":[{"floor":13,"key":"REST"},{"floor":15,"key":"DIG"}],"circlet_count":0,"master_deck":["HollowMod:NailStrikeStart","HollowMod:NailStrikeStart","HollowMod:NailStrikeStart","HollowMod:QuickDashStart","HollowMod:QuickDashStart+1","HollowMod:QuickDashStart","HollowMod:QuickDashStart","HollowMod:FocusHealStart","HollowMod:PogoStrike","HollowMod:VengefulVoid","HollowMod:ShadowDash","HollowMod:HuntersJournal+1","HollowMod:ShadowDash+1","HollowMod:DashSlash","HollowMod:CycloneSlash","HollowMod:PerfectDash","Replay:Sssssssssstrike+1","HollowMod:DoubleDash","HollowMod:GrimmsGift","downfall:Haunted","downfall:Haunted","Decay","Voices","HollowMod:theNailsmith"],"relics":["HollowMod:VesselMask","Replay:Kaleidoscope","Thread and Needle","Blue Doll","Darkstone Periapt","Letter Opener"],"acts_visited":["Exordium"],"potions_floor_usage":[7,11],"damage_taken":[{"damage":0,"enemies":"2 Louse","floor":1,"turns":2},{"damage":0,"enemies":"Small Slimes","floor":2,"turns":3},{"damage":0,"enemies":"Jaw Worm","floor":6,"turns":3},{"damage":39,"enemies":"Lagavulin","floor":7,"turns":8},{"damage":0,"enemies":"3 Louse","floor":11,"turns":2},{"damage":0,"enemies":"2 Fungi Beasts","floor":12,"turns":3},{"damage":49,"enemies":"Hexaghost","floor":16,"turns":5}],"seed_played":"-5317583489153949403","potions_obtained":[{"floor":6,"key":"LiquidMemories"},{"floor":7,"key":"DistilledChaos"}],"is_trial":false,"path_per_floor":["M","M","?","$","?","M","E","?","T","$","M","M","R","?","R","B"],"character_chosen":"THE_BUGKNIGHT","items_purchased":["HollowMod:ShadowDash","HollowMod:DashSlash","Replay:Sssssssssstrike+1"],"campfire_rested":1,"item_purchase_floors":[4,4,10],"current_hp_per_floor":[75,75,75,75,63,63,30,30,30,30,30,30,52,81,81,38,38],"gold":130,"neow_bonus":"RANDOM_EVENT","is_daily":false,"chose_seed":false,"campfire_upgraded":0,"win_rate":0.0,"timestamp":1613977749,"path_taken":["M","M","?","$","?","M","E","?","T","?","M","M","R","?","R","BOSS"],"items_purchased_type":["Card","Card","Card"],"build_version":"2020-12-22","purchased_purges":0,"victory":false,"max_hp_per_floor":[75,75,75,75,75,75,75,75,75,75,75,75,75,104,104,104,104],"card_choices":[{"not_picked":["HollowMod:TaintedHusks","HollowMod:GoodIntentions"],"picked":"HollowMod:VengefulVoid","floor":1},{"not_picked":["HollowMod:DreamGate","HollowMod:HowlingWraiths"],"picked":"HollowMod:ShadowDash","floor":2},{"not_picked":["HollowMod:DesolateDive","HollowMod:InfectedAttack"],"picked":"HollowMod:CycloneSlash","floor":6},{"not_picked":["HollowMod:RecoilStrike","HollowMod:ShapeofUnn"],"picked":"HollowMod:PerfectDash","floor":7},{"not_picked":["HollowMod:RecoilStrike","HollowMod:CycloneSlash"],"picked":"HollowMod:DoubleDash","floor":11},{"not_picked":["HollowMod:CloakDash","HollowMod:FastStrike"],"picked":"HollowMod:GrimmsGift","floor":12}],"player_experience":56180,"relics_obtained":[{"floor":7,"key":"Thread and Needle"},{"floor":9,"key":"Blue Doll"},{"floor":15,"key":"Letter Opener"}],"event_choices":[{"damage_healed":0,"gold_gain":0,"player_choice":"Success","damage_taken":12,"relics_obtained":["Replay:Kaleidoscope"],"max_hp_gain":0,"max_hp_loss":0,"event_name":"Scrap Ooze","floor":5,"gold_loss":0},{"damage_healed":0,"gold_gain":0,"player_choice":"Grow","damage_taken":0,"max_hp_gain":0,"max_hp_loss":0,"event_name":"Living Wall","floor":8,"gold_loss":0,"cards_upgraded":["HollowMod:ShadowDash"]}],"is_beta":false,"boss_relics":[],"items_purged_floors":[],"is_endless":false,"potions_floor_spawned":[6,7],"killed_by":"Hexaghost","ascension_level":0}}