{"host":"qfmqsclrfy207o1q","time":1613952842,"event":{"mods":["2.2 Compatiblity","AchievementEnabler","BaseMod","BetterRewards","Colored Map","Colored Powertips","Curses Come First","Dark Map","Downfall","Infinite Spire","Minty Spire (QoL Compilation)","Quick Restart","Rare Cards Sparkle","Relic Stats","StSLib"],"gold_per_floor":[116,116,20,20,39,39,68,68,95,112,141,153,163,163,163,163,163],"floor_reached":16,"language":"ENG","playtime":545,"items_purged":[],"score":116,"play_id":"797b194a-5d77-4303-853c-a6b0deffe15c","local_time":"20210221171402","is_ascension_mode":true,"campfire_choices":[{"floor":6,"key":"REST"},{"floor":8,"key":"REST"},{"floor":15,"key":"REST"}],"circlet_count":0,"master_deck":["Strike_B","Strike_B","Strike_B","Strike_B","Defend_B","Defend_B","Defend_B","Defend_B","Zap+1","Dualcast","Lockon","infinitespire:Execution","Discovery","White Noise","Genetic Algorithm","Double Energy","Amplify","Capacitor","Conserve Battery"],"relics":["Cracked Core","Boot","Bronze Scales","Happy Flower"],"acts_visited":["Exordium"],"potions_floor_usage":[7,11,12,16],"damage_taken":[{"damage":11,"enemies":"Jaw Worm","floor":1,"turns":3},{"damage":0,"enemies":"2 Louse","floor":5,"turns":2},{"damage":21,"enemies":"Lagavulin","floor":7,"turns":6},{"damage":0,"enemies":"Cultist","floor":10,"turns":3},{"damage":39,"enemies":"Gremlin Nob","floor":11,"turns":5},{"damage":14,"enemies":"Blue Slaver","floor":12,"turns":3},{"damage":11,"enemies":"3 Louse","floor":13,"turns":3},{"damage":39,"enemies":"Hexaghost","floor":16,"turns":9}],"seed_played":"2039555052806646767","potions_obtained":[{"floor":4,"key":"Swift Potion"},{"floor":4,"key":"PotionOfCapacity"},{"floor":4,"key":"DistilledChaos"},{"floor":10,"key":"SkillPotion"},{"floor":11,"key":"Regen Potion"}],"is_trial":false,"path_per_floor":["M","?","$","?","M","R","E","R","T","M","E","M","M","?","R","B"],"character_chosen":"DEFECT","items_purchased":["Discovery"],"campfire_rested":3,"item_purchase_floors":[3],"current_hp_per_floor":[64,47,47,47,47,69,48,70,70,70,31,26,15,15,37,0,0],"gold":163,"neow_bonus":"UPGRADE_CARD","is_daily":false,"chose_seed":false,"campfire_upgraded":0,"win_rate":0.0,"timestamp":1613952842,"path_taken":["M","?","$","?","M","R","E","R","T","?","E","M","M","?","R","BOSS"],"items_purchased_type":["Card"],"build_version":"2020-12-22","purchased_purges":0,"victory":false,"max_hp_per_floor":[75,75,75,75,75,75,75,75,75,75,75,75,75,75,75,75,75],"relic_stats":{"Happy Flower":[5],"counters":[8,34],"Bronze Scales":[78],"Boot":[4],"obtain_stats":[{"Happy Flower":11,"Bronze Scales":9,"Cracked Core":0,"Boot":7},{"Happy Flower":5,"Bronze Scales":3,"Cracked Core":0,"Boot":3},{"Happy Flower":19,"Bronze Scales":11,"Cracked Core":0,"Boot":11}]},"card_choices":[{"not_picked":["Barrage","Ball Lightning"],"picked":"Lockon","floor":1},{"not_picked":["infinitespire:TheBestDefense","infinitespire:UltimateForm"],"picked":"infinitespire:Execution","floor":2},{"not_picked":["Rebound","Rip and Tear"],"picked":"White Noise","floor":5},{"not_picked":["Go for the Eyes","Steam Power"],"picked":"Genetic Algorithm","floor":7},{"not_picked":["Genetic Algorithm","Sweeping Beam"],"picked":"Double Energy","floor":10},{"not_picked":["Turbo","Redo"],"picked":"Amplify","floor":11},{"not_picked":["Leap","Lockon"],"picked":"Capacitor","floor":12},{"not_picked":["Hologram","Ball Lightning"],"picked":"Conserve Battery","floor":13}],"player_experience":21806,"relics_obtained":[{"floor":7,"key":"Boot"},{"floor":9,"key":"Bronze Scales"},{"floor":11,"key":"Happy Flower"}],"event_choices":[{"damage_healed":0,"gold_gain":0,"player_choice":"Got Potions","damage_taken":0,"max_hp_gain":0,"max_hp_loss":0,"event_name":"Lab","floor":4,"gold_loss":0},{"damage_healed":0,"gold_gain":0,"player_choice":"Ignored","damage_taken":0,"max_hp_gain":0,"max_hp_loss":0,"event_name":"Golden Wing","floor":14,"gold_loss":0}],"is_beta":false,"boss_relics":[],"items_purged_floors":[],"is_endless":false,"potions_floor_spawned":[5,10,11],"killed_by":"Hexaghost","ascension_level":1}}