{"host":"5wilga4482d891pp","time":1613979388,"event":{"mods":["100% Spire Juice","2.2 Compatiblity","A Magickal Journey","AchievementEnabler","Act Like it!","Arknights","Aspiration","Bartender","BaseMod","Better Note","Better Third Choice","CapriCore","Chen","Conspire","Downfall","Elementarium","Energized Spire","Gensokyo","GungeonMod","Hallownest","Hermit","Hubris","Jorbs\u0027s Wanderer Trilogy","KinomotoSakuraMod(木之本?)","Koishi","Lobotomy","LobotomyExtend","Luminous","Marisa（霧雨　魔理沙）","Marked Mod","Minty Spire (QoL Compilation)","Pale of the Ancients","Prisma Mod","Railgun Mod","Reimu（博??梦）","Reliquary","Replay The Spire","Ruina","RumiaBox-露米?的神秘盒子","Shade Mod","Shapeshifter Mod","StSLib","The Administrix","The Alterego","The Animator","The Bug Knight","The Construct","The Cursed","The Gatherer","The Immortal","The IronCluck","The Wild Card","TheBandit","TheFirefly","TheSwordswoman","TheVacant","Uncapped","UnlockEverythingMod","WarShipGirlsR/??少女R mod","Yakumo Yukari mod","Yuyuko"],"gold_per_floor":[112,136,155,166,166,196,216,247,293,307,307,307,326,326,326,326,326],"floor_reached":16,"language":"ENG","playtime":3055,"items_purged":[],"score":106,"play_id":"82dbea10-2e74-41de-ba41-93419e0550d6","local_time":"20210222013628","is_ascension_mode":false,"campfire_choices":[{"data":"animator:Greed","floor":15,"key":"SMITH"}],"circlet_count":0,"master_deck":["animator:Strike_FullmetalAlchemist","animator:Defend_FullmetalAlchemist","animator:Strike","animator:Strike","animator:Strike","animator:Defend","animator:Defend","animator:Defend","animator:ElricEdward","animator:ElricAlphonse","animator:ElricEdward","animator:WinryRockbell","animator:GoblinSlayer","animator:WinryRockbell","animator:Elesis","animator:ChaikaBohdan","animator:YuiTsuruno","animator:Greed+1"],"relics":["animator:LivingPicture","animator:TheMissingPiece","animator:PurgingStone","Lizard Tail","LetterFromLob","Tiny Chest","PreservedInsect","Gensokyo:Mercy","Gensokyo:PortableGap","reliquary:Boomerang"],"acts_visited":["Gensokyo:Gensokyo"],"potions_floor_usage":[16,16],"damage_taken":[{"damage":1,"enemies":"Gensokyo:2_Kodama","floor":1,"turns":4},{"damage":5,"enemies":"Gensokyo:Gryphon","floor":2,"turns":4},{"damage":1,"enemies":"Gensokyo:3_Fairies","floor":3,"turns":4},{"damage":13,"enemies":"Gensokyo:Kitsune","floor":4,"turns":3},{"damage":24,"enemies":"Gensokyo:Aya","floor":6,"turns":5},{"damage":17,"enemies":"Gensokyo:Gryphon_and_Rabbit","floor":7,"turns":6},{"damage":4,"enemies":"Gensokyo:2_Rabbits","floor":8,"turns":5},{"damage":0,"enemies":"Gensokyo:Python_and_Kodama","floor":10,"turns":5},{"damage":7,"enemies":"Gensokyo:Kitsune","floor":13,"turns":3},{"damage":28,"enemies":"Gensokyo:Kokoro","floor":16,"turns":11}],"seed_played":"3281702151655522551","potions_obtained":[{"floor":2,"key":"Block Potion"},{"floor":3,"key":"Languid Potion"},{"floor":4,"key":"SmokeBomb"}],"is_trial":false,"path_per_floor":["M","M","M","M","?","E","M","M","T","M","?","?","M","T","R","B"],"character_chosen":"THE_ANIMATOR","items_purchased":[],"campfire_rested":0,"item_purchase_floors":[],"current_hp_per_floor":[59,54,53,40,46,22,5,1,1,1,1,1,27,27,27,0,0],"gold":326,"neow_bonus":"ONE_RARE_RELIC","is_daily":false,"chose_seed":false,"campfire_upgraded":1,"win_rate":0.0,"timestamp":1613979388,"path_taken":["M","?","M","?","?","E","M","M","T","?","?","?","M","?","R","BOSS"],"items_purchased_type":[],"build_version":"2020-12-22","purchased_purges":0,"victory":false,"max_hp_per_floor":[60,60,60,60,60,60,60,60,60,60,60,54,55,55,55,55,55],"card_choices":[{"not_picked":["animator:Mitsuba","animator:OrikoMikuni"],"picked":"animator:ElricEdward","floor":1},{"not_picked":["animator:SuzuneAmano","animator:Verdia"],"picked":"animator:WinryRockbell","floor":2},{"not_picked":["animator:Lancer","animator:Ara"],"picked":"animator:GoblinSlayer","floor":3},{"not_picked":["animator:Scar","animator:ElricEdward"],"picked":"animator:WinryRockbell","floor":4},{"not_picked":["animator:MaesHughes","animator:CowGirl"],"picked":"animator:Elesis","floor":6},{"not_picked":["animator:IrohaTamaki","animator:Konayuki"],"picked":"animator:ChaikaBohdan","floor":7},{"not_picked":["animator:Raven","animator:TukaLunaMarceau"],"picked":"animator:YuiTsuruno","floor":8},{"not_picked":["animator:Ain","animator:Ciel"],"picked":"animator:Elsword","floor":10},{"not_picked":["animator:Hitei","animator:ChaikaBohdan"],"picked":"animator:Greed","floor":13}],"player_experience":67350,"relics_obtained":[{"floor":1,"key":"LetterFromLob"},{"floor":6,"key":"Tiny Chest"},{"floor":9,"key":"PreservedInsect"},{"floor":14,"key":"reliquary:Boomerang"}],"event_choices":[],"is_beta":false,"boss_relics":[],"items_purged_floors":[],"is_endless":false,"potions_floor_spawned":[2,3,4,13],"killed_by":"Gensokyo:Kokoro","ascension_level":0}}