{"host":"xnjcin1g6gswdgtt","time":1613966046,"event":{"mods":["2.2 Compatiblity","Act Like it!","Astrologer","BaseMod","Beaked The Cultist","Better Altar","Better Match","Better Note","Better Sensory Stone","Better Skull","Better Third Choice","Better Vampires","BetterRewards","Bossed Relics","Card Forge","ChefMod","Colored Map","Colored Powertips","Conspire","Dark Map","Downfall","Duelist Mod","Elementarium","Energized Spire","Gold Saver","Gremlin Mod","GungeonMod","Hermit","Hero for Fun","Hubris","Jedi Mod","JesterMod","Marked Mod","Menagerie","Minty Spire (QoL Compilation)","QueenMod","Quick Restart","Rare Cards Sparkle","Relic Stats","Reliquary","Robot Space Explorer","Ruina","Shade Mod","Shapeshifter Mod","Shop Mod","Small Relic Pack","Smile Girya","Spicy Shops","StSLib","The Blue Laboratory","The Construct","The Cursed","The Death Knight","The Disciple","The Dragon Tamer","The Forsaken","The Hierophant","The Marked","The Poker Player","The Runesmith","The Servant 0.9.4","The Showman","The Wild Card","TheVacant","Trackpad","Yuri Mod"],"gold_per_floor":[903,458,477,477,489,514,531,531,607,623,623,634,57,76,76,181,181,181,181],"floor_reached":18,"language":"ENG","playtime":5911,"items_purged":[],"score":189,"play_id":"15ca861c-7b2e-4e07-afe9-971d007e7b8d","local_time":"20210221215406","is_ascension_mode":false,"campfire_choices":[{"data":"theWildCard:MagicMettle","floor":11,"key":"SMITH"},{"floor":15,"key":"REST"}],"circlet_count":0,"master_deck":["theWildCard:BasicStrike+1","theWildCard:BasicStrike+1","theWildCard:BasicDefend+1","theWildCard:BasicDefend+1","theWildCard:CallToAdventure+1","theWildCard:Arsene+1","theWildCard:Michael+1","theWildCard:Alice+1","theWildCard:ArcanaArtistry+1","theWildCard:SeveringSlash+1","theWildCard:StingingStrike+1","theWildCard:PowerOfTheArcana+1","theWildCard:MagicMettle+1","theWildCard:ManOfManyFaces+1","The Bomb+1","Pain","theWildCard:TheUniverse+1","theWildCard:Unburden+1","theWildCard:EnergizedStroke+1","theWildCard:EnergyTheft+1","theWildCard:StalwartBlade+1","theWildCard:Thanatos+1","theWildCard:FinalHour","Elementarium:StickyTar"],"relics":["theWildCard:VelvetContract","Hammer of Thor","Seething Fire","Anvil of the Gods","DemoMod:GnawedKey","Bag of Marbles","reliquary:Boomerang","DeathKnight:SindragosasSkull","Kunai","Orrery","trackpad:Coffee"],"acts_visited":["Exordium","Elementarium:Elementarium"],"potions_floor_usage":[16],"damage_taken":[{"damage":0,"enemies":"Cultist","floor":1,"turns":2},{"damage":2,"enemies":"Small Slimes","floor":3,"turns":3},{"damage":0,"enemies":"2 Louse","floor":5,"turns":1},{"damage":2,"enemies":"Gremlin Nob","floor":6,"turns":2},{"damage":0,"enemies":"Looter","floor":7,"turns":2},{"damage":0,"enemies":"Exordium Thugs","floor":10,"turns":2},{"damage":0,"enemies":"Lots of Slimes","floor":12,"turns":2},{"damage":1,"enemies":"2 Fungi Beasts","floor":14,"turns":1},{"damage":24,"enemies":"The Guardian","floor":16,"turns":4},{"damage":68,"enemies":"Elementarium:MUD_AND_TAR_GOLEMS","floor":18,"turns":5}],"seed_played":"185045982626672593","potions_obtained":[{"floor":5,"key":"blueLaboratory:StoneskinPotion"},{"floor":6,"key":"blueLaboratory:NullPotion"},{"floor":7,"key":"DuplicationPotion"},{"floor":16,"key":"Regen Potion"}],"is_trial":false,"path_per_floor":["M","$","M","?","M","E","M","$","T","M","R","M","$","M","R","B",null,"M"],"character_chosen":"THE_WILD_CARD","items_purchased":["theWildCard:Alice","theWildCard:ArcanaArtistry","DemoMod:GnawedKey","Bag of Marbles","theWildCard:SeveringSlash","The Bomb","Kunai","Orrery"],"campfire_rested":1,"item_purchase_floors":[2,2,2,2,2,13,13,13],"current_hp_per_floor":[66,66,64,64,64,62,66,66,66,66,66,66,66,65,66,42,66,0,0],"gold":181,"neow_bonus":"TEN_PERCENT_HP_BONUS","is_daily":false,"chose_seed":false,"campfire_upgraded":1,"win_rate":0.0,"timestamp":1613966046,"path_taken":["M","$","?","?","M","E","M","$","T","M","R","M","$","M","R","BOSS","M"],"items_purchased_type":["Card","Card","Relic","Relic","Card","Card","Relic","Relic"],"build_version":"2020-12-22","purchased_purges":0,"victory":false,"max_hp_per_floor":[66,66,66,66,66,66,66,66,66,66,66,66,66,66,66,66,66,66,66],"relic_stats":{"counters":[10,24],"Kunai":[2],"obtain_stats":[{"trackpad:Coffee":17,"theWildCard:VelvetContract":0,"reliquary:Boomerang":6,"Anvil of the Gods":0,"Orrery":13,"Hammer of Thor":0,"DemoMod:GlassGuonStoneRelic":5,"DemoMod:GnawedKey":2,"Bag of Marbles":2,"Seething Fire":0,"Kunai":13,"DeathKnight:SindragosasSkull":9},{"trackpad:Coffee":9,"theWildCard:VelvetContract":0,"reliquary:Boomerang":4,"Anvil of the Gods":0,"Orrery":7,"Hammer of Thor":0,"DemoMod:GlassGuonStoneRelic":3,"DemoMod:GnawedKey":1,"Bag of Marbles":1,"Seething Fire":0,"Kunai":7,"DeathKnight:SindragosasSkull":5},{"trackpad:Coffee":19,"theWildCard:VelvetContract":0,"reliquary:Boomerang":8,"Anvil of the Gods":0,"Orrery":14,"Hammer of Thor":0,"DemoMod:GlassGuonStoneRelic":6,"DemoMod:GnawedKey":2,"Bag of Marbles":2,"Seething Fire":0,"Kunai":14,"DeathKnight:SindragosasSkull":10}]},"card_choices":[{"not_picked":["theWildCard:Unburden","theWildCard:ArchaicAssault"],"picked":"theWildCard:Michael","floor":1},{"not_picked":["theWildCard:ArcaneArts","theWildCard:MagicalMight"],"picked":"theWildCard:StingingStrike","floor":3},{"not_picked":["theWildCard:Michael","theWildCard:AllOutAttack"],"picked":"theWildCard:PowerOfTheArcana","floor":5},{"not_picked":["theWildCard:MagicalMight","theWildCard:CryOfAgony"],"picked":"theWildCard:Scathach","floor":6},{"not_picked":["theWildCard:SacrificialStroke","theWildCard:SeveringSlash","theWildCard:CryOfAgony"],"picked":"SKIP","floor":7},{"not_picked":["theWildCard:Patience","theWildCard:ArcanaArtistry"],"picked":"theWildCard:MagicMettle","floor":10},{"not_picked":["theWildCard:Michael","theWildCard:StingingStrike"],"picked":"theWildCard:ManOfManyFaces","floor":12},{"not_picked":["theWildCard:ShieldOfMany","theWildCard:MaskChange"],"picked":"theWildCard:TheUniverse","floor":13},{"not_picked":["theWildCard:ArcaneArts","theWildCard:MagicalMight"],"picked":"theWildCard:Unburden","floor":13},{"not_picked":["theWildCard:TheGreatSeal","theWildCard:SeveringSlash"],"picked":"theWildCard:EnergizedStroke","floor":13},{"not_picked":["theWildCard:MasterPlan","theWildCard:ArcaneArts"],"picked":"theWildCard:EnergyTheft","floor":13},{"not_picked":["theWildCard:PowerOfTheArcana","theWildCard:UnderLockAndKey"],"picked":"theWildCard:StalwartBlade","floor":13},{"not_picked":["theWildCard:Attunement","theWildCard:Safeguard"],"picked":"theWildCard:Thanatos","floor":14},{"not_picked":["theWildCard:TheArcanaUnleashed","theWildCard:Caesar"],"picked":"theWildCard:FinalHour","floor":16}],"player_experience":195235,"relics_obtained":[{"floor":6,"key":"reliquary:Boomerang"},{"floor":9,"key":"DeathKnight:SindragosasSkull"}],"event_choices":[{"damage_healed":0,"gold_gain":0,"player_choice":"Upgraded","damage_taken":0,"max_hp_gain":0,"max_hp_loss":0,"event_name":"Upgrade Shrine","floor":4,"gold_loss":0,"cards_upgraded":["theWildCard:Alice"]}],"is_beta":false,"boss_relics":[{"not_picked":["Runic Pyramid","Ectoplasm"],"picked":"trackpad:Coffee"}],"items_purged_floors":[],"is_endless":false,"potions_floor_spawned":[5,6,7,16],"killed_by":"Elementarium:MUD_AND_TAR_GOLEMS","ascension_level":0}}