{"host":"hrvs05np4ys7itky","time":1613958456,"event":{"mods":["BaseMod","Colored Map","Colored Powertips","Downfall","Emptier Cage","Hermit","Highlight Path","Minty Spire (QoL Compilation)","Permanent Neow","Rare Cards Sparkle","Relic Stats","StSLib","everything is the same but u backflip on backflip"],"gold_per_floor":[115,130,205,225,238,238,238,238,262,303,303,326,344,359,359,359,359],"floor_reached":16,"language":"ENG","playtime":923,"items_purged":[],"score":182,"play_id":"e6d8e192-78c0-4cf7-a63e-64c018e899a3","local_time":"20210221204736","is_ascension_mode":true,"campfire_choices":[{"data":"Armaments","floor":6,"key":"SMITH"},{"floor":11,"key":"REST"},{"data":"True Grit","floor":15,"key":"SMITH"}],"circlet_count":0,"master_deck":["AscendersBane","Strike_R","Strike_R","Strike_R","Strike_R","Strike_R","Defend_R","Defend_R","Defend_R","Defend_R","Bash","Armaments+1","Shockwave","Ghostly Armor","True Grit+1"],"relics":["Burning Blood","CaptainsWheel","Golden Idol","PreservedInsect","Pantograph"],"acts_visited":["Exordium"],"potions_floor_usage":[5,10,12,12,16],"damage_taken":[{"damage":8,"enemies":"Cultist","floor":1,"turns":6},{"damage":4,"enemies":"2 Louse","floor":2,"turns":3},{"damage":2,"enemies":"Jaw Worm","floor":4,"turns":7},{"damage":1,"enemies":"Blue Slaver","floor":5,"turns":5},{"damage":23,"enemies":"Gremlin Nob","floor":10,"turns":5},{"damage":7,"enemies":"Exordium Thugs","floor":12,"turns":5},{"damage":3,"enemies":"Large Slime","floor":13,"turns":7},{"damage":9,"enemies":"3 Louse","floor":14,"turns":6},{"damage":59,"enemies":"Slime Boss","floor":16,"turns":19}],"seed_played":"253705398394215166","potions_obtained":[{"floor":1,"key":"GamblersBrew"},{"floor":2,"key":"Weak Potion"},{"floor":4,"key":"BloodPotion"},{"floor":10,"key":"EntropicBrew"}],"is_trial":false,"path_per_floor":["M","M","?","M","M","R","?","T","T","E","R","M","M","M","R","B"],"character_chosen":"IRONCLAD","items_purchased":[],"campfire_rested":1,"item_purchase_floors":[],"current_hp_per_floor":[66,68,57,61,66,66,43,43,43,39,59,58,61,58,58,9,9],"gold":359,"neow_bonus":"ONE_RARE_RELIC","is_daily":false,"chose_seed":false,"campfire_upgraded":2,"win_rate":0.0,"timestamp":1613958456,"path_taken":["M","?","?","M","M","R","?","?","T","E","R","M","?","M","R","BOSS"],"items_purchased_type":[],"build_version":"2020-12-22","purchased_purges":0,"victory":false,"max_hp_per_floor":[68,68,68,68,68,68,68,68,68,68,68,68,68,68,68,68,68],"relic_stats":{"counters":[9,63],"Golden Idol":20,"Pantograph":10,"PreservedInsect":22,"obtain_stats":[{"CaptainsWheel":0,"Golden Idol":7,"Pantograph":10,"PreservedInsect":8,"Burning Blood":0},{"CaptainsWheel":0,"Golden Idol":4,"Pantograph":5,"PreservedInsect":4,"Burning Blood":0},{"CaptainsWheel":0,"Golden Idol":21,"Pantograph":26,"PreservedInsect":21,"Burning Blood":0}],"Burning Blood":48},"card_choices":[{"not_picked":["Sever Soul","Feel No Pain"],"picked":"Armaments","floor":1},{"not_picked":["Wild Strike","Anger","Pommel Strike"],"picked":"SKIP","floor":2},{"not_picked":["Iron Wave","Armaments","Sword Boomerang"],"picked":"SKIP","floor":4},{"not_picked":["Iron Wave","Armaments"],"picked":"Shockwave","floor":5},{"not_picked":["Corruption","Thunderclap","Wild Strike"],"picked":"SKIP","floor":10},{"not_picked":["Inflame","Disarm"],"picked":"Ghostly Armor","floor":12},{"not_picked":["Anger","Inflame"],"picked":"True Grit","floor":13},{"not_picked":["Clothesline","Armaments","Pommel Strike"],"picked":"SKIP","floor":14}],"player_experience":1127175,"relics_obtained":[{"floor":8,"key":"PreservedInsect"},{"floor":10,"key":"Pantograph"}],"event_choices":[{"damage_healed":0,"gold_gain":75,"player_choice":"Gather Gold","damage_taken":11,"max_hp_gain":0,"max_hp_loss":0,"event_name":"World of Goop","floor":3,"gold_loss":0},{"damage_healed":0,"gold_gain":0,"player_choice":"Take Damage","damage_taken":23,"relics_obtained":["Golden Idol"],"max_hp_gain":0,"max_hp_loss":0,"event_name":"Golden Idol","floor":7,"gold_loss":0}],"is_beta":false,"boss_relics":[],"items_purged_floors":[],"is_endless":false,"potions_floor_spawned":[1,2,4,10],"killed_by":"Slime Boss","ascension_level":15}}