{"host":"w1l5t0a1l2lkq6my","time":1613970919,"event":{"mods":["100% Spire Juice","Bartender","BaseMod","Better Match","KinomotoSakuraMod(ñÿîVñ{?)","Lobotomy","LobotomyExtend","Magitek Elite","MarisaÅiñ∂âJÅ@ñÇóùçπÅj","Minty Spire (QoL Compilation)","Shapeshifter Mod","StSLib","The Animator","The Gatherer","The Senshi","Yuyuko"],"gold_per_floor":[112,112,112,37,50,85,85,114,114,114,125,143,168,183,183,281,281,295,295,314,364,381,411,423,423,423],"floor_reached":25,"language":"ENG","playtime":2069,"items_purged":[],"score":310,"play_id":"535818a8-926d-49a7-93a4-8b870c43faea","local_time":"20210221221519","is_ascension_mode":true,"campfire_choices":[],"circlet_count":0,"master_deck":["SpecialBullet","SpecialBullet","SpecialBullet","SpecialBullet","SpecialBullet","SpecialBullet","SpecialBullet","SpecialBullet","InformationCode","SecurityCode","CentralCode","Jack Of All Trades+1","Spore","GoldRush","Regret_ego","Moonlight","VoidDream","TodaysExpression","Adoration","Regret_ego","SolemnVow","RecordCode","Laetitia_ego+1"],"relics":["CogitoBucket","NeowsBlessing","RabbitCall","LetterFromLob","The Courier","Bag of Preparation","Ornamental Fan","AdjustmentMirror","Tintinnabulum","Silver_Glasses","HellTrain","Choco_Feather"],"acts_visited":["Exordium","TheCity"],"potions_floor_usage":[19,19,25],"damage_taken":[{"damage":0,"enemies":"Cultist","floor":1,"turns":1},{"damage":0,"enemies":"Jaw Worm","floor":5,"turns":1},{"damage":0,"enemies":"3 Sentries","floor":6,"turns":1},{"damage":14,"enemies":"Gremlin Nob","floor":8,"turns":3},{"damage":0,"enemies":"2 Louse","floor":11,"turns":2},{"damage":21,"enemies":"Exordium Thugs","floor":12,"turns":5},{"damage":0,"enemies":"3 Sentries","floor":13,"turns":1},{"damage":0,"enemies":"Red Slaver","floor":14,"turns":2},{"damage":21,"enemies":"Slime Boss","floor":16,"turns":5},{"damage":6,"enemies":"Chosen","floor":18,"turns":4},{"damage":37,"enemies":"Shell Parasite","floor":19,"turns":17},{"damage":34,"enemies":"Centurion and Healer","floor":20,"turns":6},{"damage":11,"enemies":"3 Cultists","floor":22,"turns":6},{"damage":54,"enemies":"Book of Stabbing","floor":23,"turns":7},{"damage":2,"enemies":"Cultist and Chosen","floor":24,"turns":5},{"damage":72,"enemies":"Snecko","floor":25,"turns":3}],"seed_played":"-9047079401732299081","potions_obtained":[{"floor":1,"key":"ColorlessPotion"},{"floor":8,"key":"Block Potion"},{"floor":10,"key":"Energy Potion"},{"floor":10,"key":"AttackPotion"},{"floor":19,"key":"EssenceOfSteel"},{"floor":20,"key":"Energy Potion"}],"is_trial":false,"path_per_floor":["M","?","$","?","M","E","R","E","T","?","M","M","E","M","R","B",null,"M","M","M","?","M","E","M","M"],"character_chosen":"Angela","items_purchased":[],"campfire_rested":0,"item_purchase_floors":[],"current_hp_per_floor":[70,70,70,70,70,70,70,67,67,67,70,63,70,70,70,49,70,70,51,36,37,70,70,70,0,0],"gold":423,"neow_bonus":"THREE_ENEMY_KILL","is_daily":false,"chose_seed":false,"campfire_upgraded":0,"win_rate":0.0,"timestamp":1613970919,"path_taken":["M","?","?","?","?","E","R","E","T","?","M","M","E","M","R","BOSS","M","?","M","?","M","E","M","M"],"items_purchased_type":[],"build_version":"2020-12-22","purchased_purges":0,"victory":false,"max_hp_per_floor":[70,70,70,70,70,70,70,70,70,70,70,70,70,70,70,70,70,70,70,70,70,70,70,70,70,70],"card_choices":[{"not_picked":["Noise","Penitence"],"picked":"SKIP","floor":1},{"not_picked":["Dark Shackles+1"],"picked":"Jack Of All Trades+1","floor":4},{"not_picked":["Soda"],"picked":"Spore","floor":5},{"not_picked":["Ecstasy"],"picked":"GoldRush","floor":6},{"not_picked":["Horn","SomewhereSpear"],"picked":"SKIP","floor":8},{"not_picked":["Horn"],"picked":"Regret_ego","floor":11},{"not_picked":["WristCuter"],"picked":"Moonlight","floor":12},{"not_picked":["WhitesApple","MeatLantern"],"picked":"VoidDream","floor":13},{"not_picked":["Hypocrisy","Twilight"],"picked":"SKIP","floor":13},{"not_picked":["Horn"],"picked":"TodaysExpression","floor":14},{"not_picked":["Twilight"],"picked":"Adoration","floor":16},{"not_picked":["Hornet"],"picked":"Regret_ego","floor":18},{"not_picked":["SomewhereSpear","RedEyes"],"picked":"SKIP","floor":19},{"not_picked":["SomewhereSpear+1"],"picked":"SolemnVow","floor":20},{"not_picked":["RapturousDream"],"picked":"Laetitia_ego+1","floor":22},{"not_picked":["BlueScar","Amita"],"picked":"SKIP","floor":23},{"not_picked":["GoldRush","FourthMatchFlame"],"picked":"SKIP","floor":24}],"player_experience":156719,"relics_obtained":[{"floor":1,"key":"LetterFromLob"},{"floor":6,"key":"The Courier"},{"floor":8,"key":"Bag of Preparation"},{"floor":9,"key":"Ornamental Fan"},{"floor":13,"key":"Tintinnabulum"},{"floor":23,"key":"Choco_Feather"}],"event_choices":[{"damage_healed":0,"gold_gain":0,"player_choice":"2","damage_taken":0,"max_hp_gain":0,"max_hp_loss":0,"event_name":"betterMatch:BetterMatch","floor":4,"gold_loss":0,"cards_obtained":["betterMatch:ColorlessUncommonCard","betterMatch:CommonCard"]},{"damage_healed":0,"gold_gain":0,"player_choice":"Got Potions","damage_taken":0,"max_hp_gain":0,"max_hp_loss":0,"event_name":"Lab","floor":10,"gold_loss":0},{"damage_healed":0,"gold_gain":100,"player_choice":"Bet on Murderer","damage_taken":0,"max_hp_gain":0,"max_hp_loss":0,"event_name":"The Joust","floor":21,"gold_loss":50}],"is_beta":false,"boss_relics":[{"not_picked":["SacredBark","Cursed Key"],"picked":"Silver_Glasses"}],"items_purged_floors":[],"is_endless":false,"potions_floor_spawned":[1,8,14,16,19,20],"killed_by":"Snecko","ascension_level":1}}