{"host":"zu1swnxjkaahohqc","time":1613965993,"event":{"mods":["BaseMod","Hubris","Minty Spire (QoL Compilation)","Replay The Spire","StSLib"],"gold_per_floor":[114,133,133,83,83,114,130,143,143,143,68,102,119,80,80,80,80],"floor_reached":16,"language":"ENG","playtime":858,"items_purged":["Strike_B"],"score":162,"play_id":"4fdede20-fd5d-48fe-8fc1-d907419b7643","local_time":"20210221225313","is_ascension_mode":true,"campfire_choices":[{"data":"ReplayTheSpireMod:Repulse","floor":10,"key":"SMITH"},{"floor":15,"key":"DIG"}],"circlet_count":0,"master_deck":["Strike_B","Strike_B","Strike_B","Defend_B","Defend_B","Defend_B","Zap","Dualcast","ReplayTheSpireMod:Repulse+1","Reinforced Body","ReplayTheSpireMod:Calculation Training","Melter","Hologram","Impatience"],"relics":["Cracked Core","NeowsBlessing","Potion Belt","Happy Flower","Blue Doll","Ice Cream"],"acts_visited":["Exordium"],"potions_floor_usage":[8,12,13],"damage_taken":[{"damage":0,"enemies":"Small Slimes","floor":1,"turns":1},{"damage":0,"enemies":"Jaw Worm","floor":2,"turns":1},{"damage":0,"enemies":"Gremlin Nob","floor":6,"turns":1},{"damage":0,"enemies":"2 Louse","floor":7,"turns":2},{"damage":1,"enemies":"Lots of Slimes","floor":8,"turns":2},{"damage":23,"enemies":"3 Sentries","floor":12,"turns":8},{"damage":17,"enemies":"Exordium Thugs","floor":13,"turns":4},{"damage":20,"enemies":"Hexaghost","floor":16,"turns":9}],"seed_played":"-9180992769649299188","potions_obtained":[{"floor":2,"key":"Explosive Potion"},{"floor":5,"key":"Toxic Potion"},{"floor":5,"key":"DuplicationPotion"},{"floor":7,"key":"Swift Potion"},{"floor":13,"key":"Flashbang"}],"is_trial":false,"path_per_floor":["M","M","?","?","?","E","M","M","T","R","$","E","M","$","R","B"],"character_chosen":"DEFECT","items_purchased":["Impatience"],"campfire_rested":0,"item_purchase_floors":[14],"current_hp_per_floor":[75,75,75,75,75,75,75,74,74,74,74,51,34,34,34,14,14],"gold":80,"neow_bonus":"THREE_ENEMY_KILL","is_daily":false,"chose_seed":false,"campfire_upgraded":1,"win_rate":0.0,"timestamp":1613965993,"path_taken":["M","M","?","?","?","E","M","?","T","R","$","E","M","?","R","BOSS"],"items_purchased_type":["Card"],"build_version":"2020-12-13","purchased_purges":1,"victory":false,"max_hp_per_floor":[75,75,75,75,75,75,75,75,75,75,75,75,75,75,75,75,75],"card_choices":[{"not_picked":["Cold Snap","Double Energy","Ball Lightning"],"picked":"SKIP","floor":1},{"not_picked":["Ball Lightning","Self Repair","Coolheaded"],"picked":"SKIP","floor":2},{"not_picked":["Barrage","Conserve Battery"],"picked":"Reinforced Body","floor":6},{"not_picked":["Hologram","ReplaySort"],"picked":"ReplayTheSpireMod:Calculation Training","floor":7},{"not_picked":["Loop","Beam Cell"],"picked":"Melter","floor":8},{"not_picked":["Storm","Buffer","ReplayTheSpireMod:Calculation Training"],"picked":"SKIP","floor":12},{"not_picked":["Rebound","Genetic Algorithm"],"picked":"Hologram","floor":13}],"player_experience":24349,"relics_obtained":[{"floor":6,"key":"Potion Belt"},{"floor":9,"key":"Happy Flower"},{"floor":12,"key":"Blue Doll"},{"floor":15,"key":"Ice Cream"}],"event_choices":[{"cards_removed":["Defend_B"],"damage_healed":0,"gold_gain":0,"player_choice":"Card Removal","damage_taken":0,"max_hp_gain":0,"max_hp_loss":0,"event_name":"The Cleric","floor":4,"gold_loss":50},{"damage_healed":0,"gold_gain":0,"player_choice":"Got Potions","damage_taken":0,"max_hp_gain":0,"max_hp_loss":0,"event_name":"Lab","floor":5,"gold_loss":0}],"is_beta":false,"boss_relics":[],"items_purged_floors":[11],"is_endless":false,"potions_floor_spawned":[2,7,13],"killed_by":"Hexaghost","ascension_level":4}}