{"host":"oigynbtg272c19pw","time":1613982276,"event":{"mods":["BaseMod","Colored Map","Minty Spire (QoL Compilation)","Relic Stats","Slay the Relics Exporter","StSLib"],"gold_per_floor":[113,113,113,138,63,63,102,102,102,145,145,145,186,201,201,291,291,311,311,331,1,17,17,17],"floor_reached":23,"playtime":759,"items_purged":["Strike_B"],"score":464,"play_id":"b18efa79-c0b0-473c-9b7b-7e498ce14504","local_time":"20210222092436","is_ascension_mode":true,"campfire_choices":[{"data":"Cold Snap","floor":6,"key":"SMITH"},{"data":"Go for the Eyes","floor":8,"key":"SMITH"},{"data":"Zap","floor":12,"key":"SMITH"},{"data":"Ball Lightning","floor":15,"key":"SMITH"}],"circlet_count":0,"master_deck":["AscendersBane","Strike_B","Defend_B","Defend_B","Defend_B","Defend_B","Zap+1","Dualcast","Go for the Eyes+1","Cold Snap+1","FTL","Streamline+1","Ball Lightning+1","Gash","Seek","Gash","Hologram","Sunder","Electrodynamics","Beam Cell","Rebound"],"relics":["Cracked Core","NeowsBlessing","Golden Idol","Orichalcum","Pantograph","Mango","Letter Opener","Runic Dome"],"acts_visited":["Exordium","TheCity"],"potions_floor_usage":[10,22,23],"damage_taken":[{"damage":0,"enemies":"2 Louse","floor":1,"turns":1},{"damage":0,"enemies":"Small Slimes","floor":4,"turns":1},{"damage":0,"enemies":"Lagavulin","floor":7,"turns":1},{"damage":15,"enemies":"3 Sentries","floor":10,"turns":8},{"damage":10,"enemies":"Lagavulin","floor":13,"turns":6},{"damage":0,"enemies":"Cultist","floor":14,"turns":2},{"damage":68,"enemies":"Hexaghost","floor":16,"turns":10},{"damage":3,"enemies":"Spheric Guardian","floor":18,"turns":3},{"damage":4,"enemies":"Chosen","floor":20,"turns":5},{"damage":21,"enemies":"Snake Plant","floor":22,"turns":3},{"damage":44,"enemies":"Book of Stabbing","floor":23,"turns":4}],"seed_played":"1514481203209386848","potions_obtained":[{"floor":4,"key":"DistilledChaos"},{"floor":10,"key":"Fruit Juice"},{"floor":13,"key":"BlessingOfTheForge"},{"floor":20,"key":"Swift Potion"}],"is_trial":false,"path_per_floor":["M","?","?","M","?","R","E","R","T","E","?","R","E","M","R","B",null,"M","?","M","$","M","E"],"character_chosen":"DEFECT","items_purchased":["Sunder","Electrodynamics","Beam Cell"],"campfire_rested":0,"item_purchase_floors":[21,21,21],"current_hp_per_floor":[64,64,64,64,64,64,64,64,64,63,63,63,53,53,53,10,61,58,58,54,54,33,0,0],"gold":17,"neow_bonus":"THREE_ENEMY_KILL","is_daily":false,"chose_seed":false,"campfire_upgraded":4,"win_rate":0.0,"timestamp":1613982276,"path_taken":["M","?","?","M","?","R","E","R","T","E","?","R","E","M","R","BOSS","M","?","M","$","?","E"],"items_purchased_type":["Card","Card","Card"],"build_version":"2020-12-13","purchased_purges":1,"victory":false,"max_hp_per_floor":[71,71,64,64,64,64,64,64,64,78,78,78,78,78,78,78,78,78,78,78,78,78,83,83],"relic_stats":{"counters":[11,44],"Golden Idol":62,"Pantograph":25,"Letter Opener":[5],"Orichalcum":[132],"obtain_stats":[{"Runic Dome":17,"NeowsBlessing":0,"Golden Idol":3,"Pantograph":9,"Mango":10,"Letter Opener":13,"Orichalcum":7,"Cracked Core":0},{"Runic Dome":7,"NeowsBlessing":0,"Golden Idol":1,"Pantograph":3,"Mango":4,"Letter Opener":5,"Orichalcum":3,"Cracked Core":0},{"Runic Dome":29,"NeowsBlessing":0,"Golden Idol":1,"Pantograph":3,"Mango":11,"Letter Opener":17,"Orichalcum":3,"Cracked Core":0}]},"card_choices":[{"not_picked":["Barrage","Compile Driver"],"picked":"Go for the Eyes","floor":1},{"not_picked":["Auto Shields","Fusion"],"picked":"Cold Snap","floor":4},{"not_picked":["Skim","Storm"],"picked":"FTL","floor":7},{"not_picked":["Leap","Turbo"],"picked":"Streamline","floor":10},{"not_picked":["FTL","Conserve Battery"],"picked":"Ball Lightning","floor":13},{"not_picked":["Reinforced Body","Beam Cell"],"picked":"Gash","floor":14},{"not_picked":["Meteor Strike","Reboot"],"picked":"Seek","floor":16},{"not_picked":["Melter+1","Compile Driver"],"picked":"Gash","floor":18},{"not_picked":["Stack","Melter"],"picked":"Hologram","floor":20},{"not_picked":["Loop","Beam Cell"],"picked":"Rebound","floor":22}],"player_experience":1647069,"relics_obtained":[{"floor":7,"key":"Orichalcum"},{"floor":9,"key":"Pantograph"},{"floor":10,"key":"Mango"},{"floor":13,"key":"Letter Opener"}],"event_choices":[{"damage_healed":0,"gold_gain":0,"player_choice":"Ignored","damage_taken":0,"max_hp_gain":0,"max_hp_loss":0,"event_name":"Liars Game","floor":2,"gold_loss":0},{"damage_healed":0,"gold_gain":0,"player_choice":"Lose Max HP","damage_taken":0,"relics_obtained":["Golden Idol"],"max_hp_gain":0,"max_hp_loss":7,"event_name":"Golden Idol","floor":3,"gold_loss":0},{"cards_removed":["Strike_B"],"damage_healed":0,"gold_gain":0,"player_choice":"Card Removal","damage_taken":0,"max_hp_gain":0,"max_hp_loss":0,"event_name":"The Cleric","floor":5,"gold_loss":75},{"damage_healed":0,"gold_gain":0,"player_choice":"Forge","damage_taken":0,"max_hp_gain":0,"max_hp_loss":0,"event_name":"Accursed Blacksmith","floor":11,"gold_loss":0,"cards_upgraded":["Streamline"]},{"cards_removed":["Strike_B"],"damage_healed":0,"gold_gain":0,"player_choice":"Offered Basic","damage_taken":0,"max_hp_gain":0,"max_hp_loss":0,"event_name":"Bonfire Elementals","floor":19,"gold_loss":0}],"is_beta":false,"boss_relics":[{"not_picked":["Coffee Dripper","Empty Cage"],"picked":"Runic Dome"}],"items_purged_floors":[21],"is_endless":false,"potions_floor_spawned":[4,10,13,16,18,20],"killed_by":"Book of Stabbing","ascension_level":20}}