{"host":"dg9ago0zd82drrsw","time":1613979949,"event":{"mods":["BaseMod","Bestiary","Downfall","GifTheSpireLib","Minty Spire (QoL Compilation)","Relic Stats","StSLib"],"gold_per_floor":[99,99,99,99,274,14,91,91,91,109,109,109,109,122,135,230,230,230,249,264,284,42,42,42,55,5,22,22,14,14,114,129,129,129,129],"floor_reached":33,"language":"ENG","playtime":1325,"items_purged":["Doubt"],"score":233,"play_id":"446acae8-9504-44d7-a668-775c39b0575c","local_time":"20210222104549","is_ascension_mode":false,"campfire_choices":[{"data":"hexamod:Float","floor":1,"key":"SMITH"},{"data":"hexamod:RainOfEmbers","floor":9,"key":"SMITH"},{"data":"hexamod:FastForward","floor":13,"key":"SMITH"},{"data":"hexamod:SearingWound","floor":18,"key":"SMITH"},{"data":"hexamod:HexaLevel","floor":23,"key":"SMITH"},{"data":"hexamod:InspiringFlames","floor":30,"key":"SMITH"}],"circlet_count":0,"master_deck":["hexamod:Strike","hexamod:Strike","hexamod:Strike","hexamod:Defend","hexamod:Defend","hexamod:Defend","hexamod:Sear","hexamod:Float+1","hexamod:FastForward+1","hexamod:ChargedBarrage","hexamod:RainOfEmbers+1","hexamod:SkipABeat","hexamod:NightmareGuise","hexamod:EtherealExpedition","hexamod:FlamesFromBeyond","hexamod:SearingWound+1","hexamod:InspiringFlames+1","hexamod:AdvancingGuard","hexamod:EmpoweredFlame","hexamod:ShieldOfDarkness+1","hexamod:FirstSeal","hexamod:ThermalTransfer","hexamod:FirstSeal","hexamod:BurningTouch","hexamod:ShieldOfDarkness","hexamod:HexaLevel+1","hexamod:CatchUp+1","hexamod:InspiringFlames+1","hexamod:PhantomCloak+1","hexamod:SecondSeal","hexamod:SoulSteal+1"],"relics":["hexamod:UnbrokenSoul","downfall:HeartsMalice","Regal Pillow","PreservedInsect","Meat on the Bone","Orrery","Frozen Egg 2"],"acts_visited":["Exordium","TheCity"],"potions_floor_usage":[15,15,15,25,25,33,33],"damage_taken":[{"damage":0,"enemies":"Jaw Worm","floor":2,"turns":1},{"damage":0,"enemies":"2 Louse","floor":3,"turns":1},{"damage":0,"enemies":"downfall:FleeingMerchant","floor":6,"turns":1},{"damage":0,"enemies":"Small Slimes","floor":10,"turns":4},{"damage":9,"enemies":"downfall:LooterAlt","floor":14,"turns":4},{"damage":0,"enemies":"Lots of Slimes","floor":15,"turns":5},{"damage":34,"enemies":"DF_ARCHETYPE_STREAMLINE","floor":16,"turns":9},{"damage":9,"enemies":"downfall:LooterAlt2","floor":19,"turns":3},{"damage":0,"enemies":"Chosen","floor":20,"turns":3},{"damage":11,"enemies":"Snecko","floor":21,"turns":4},{"damage":0,"enemies":"downfall:FleeingMerchant","floor":22,"turns":4},{"damage":34,"enemies":"Cultist and Chosen","floor":25,"turns":8},{"damage":29,"enemies":"Shelled Parasite and Fungi","floor":27,"turns":9},{"damage":41,"enemies":"Snake Plant","floor":32,"turns":7},{"damage":33,"enemies":"SI_MIRROR_ARCHETYPE","floor":33,"turns":8}],"seed_played":"-8821261506535156417","potions_obtained":[{"floor":10,"key":"Energy Potion"},{"floor":12,"key":"Swift Potion"},{"floor":12,"key":"hexamod:InfernoChargePotion"},{"floor":16,"key":"Block Potion"},{"floor":20,"key":"ColorlessPotion"},{"floor":27,"key":"Explosive Potion"},{"floor":32,"key":"Slimebound:ThreeZeroPotion"}],"is_trial":false,"path_per_floor":["R","M","M","?","?","$","T","?","R","M","?","?","R","M","M","B",null,"R","M","M","M","$","R","T","M","?","M","?","?","R","?","M","B"],"character_chosen":"THE_SPIRIT","items_purchased":["PreservedInsect","hexamod:SkipABeat","Orrery","hexamod:HexaLevel"],"campfire_rested":0,"item_purchase_floors":[6,6,22,22],"current_hp_per_floor":[70,70,70,52,52,52,52,52,52,52,52,52,52,43,43,21,70,70,61,61,50,50,50,50,42,70,55,55,55,55,55,33,0,0,0],"gold":129,"neow_bonus":"THREE_ENEMY_KILL","is_daily":false,"chose_seed":false,"campfire_upgraded":6,"win_rate":0.0,"timestamp":1613979949,"path_taken":["R","M","M","?","?","$","T","?","R","?","?","?","R","M","M","BOSS","R","M","M","M","?","R","T","M","?","M","?","?","R","?","M","BOSS"],"items_purchased_type":["Relic","Card","Relic","Card"],"build_version":"2020-12-22","purchased_purges":1,"victory":false,"max_hp_per_floor":[70,70,70,70,70,70,70,70,70,70,70,70,70,70,70,70,70,70,70,70,70,70,70,70,70,70,70,70,70,70,70,70,70,70,70],"relic_stats":{"Regal Pillow":0,"counters":[15,68],"PreservedInsect":100,"obtain_stats":[{"Regal Pillow":4,"hexamod:UnbrokenSoul":17,"Orrery":22,"downfall:HeartsMalice":0,"PreservedInsect":6,"Frozen Egg 2":24,"hexamod:SpiritBrand":0,"Meat on the Bone":7},{"Regal Pillow":2,"hexamod:UnbrokenSoul":7,"Orrery":11,"downfall:HeartsMalice":0,"PreservedInsect":3,"Frozen Egg 2":11,"hexamod:SpiritBrand":0,"Meat on the Bone":3},{"Regal Pillow":0,"hexamod:UnbrokenSoul":22,"Orrery":36,"downfall:HeartsMalice":0,"PreservedInsect":0,"Frozen Egg 2":36,"hexamod:SpiritBrand":0,"Meat on the Bone":0}],"Meat on the Bone":36},"card_choices":[{"not_picked":["hexamod:NightmareStrike","hexamod:ChargedBarrage"],"picked":"hexamod:FastForward","floor":2},{"not_picked":["hexamod:SwordOfDarkness","hexamod:BurningTouch"],"picked":"hexamod:ChargedBarrage","floor":3},{"not_picked":["hexamod:Incineration","hexamod:SwordOfDarkness"],"picked":"hexamod:RainOfEmbers","floor":6},{"not_picked":["hexamod:Firestarter","hexamod:FourthSeal"],"picked":"hexamod:NightmareGuise","floor":10},{"not_picked":["hexamod:RetreatToShadows","hexamod:HauntingEcho"],"picked":"hexamod:EtherealExpedition","floor":14},{"not_picked":["hexamod:Firestarter","hexamod:BacktrackSmack"],"picked":"hexamod:FlamesFromBeyond","floor":15},{"not_picked":["hexamod:TimeWarp","hexamod:UnleashSpirits"],"picked":"hexamod:SearingWound","floor":16},{"not_picked":["hexamod:ThirdSeal","hexamod:NightmareStrike+1"],"picked":"hexamod:InspiringFlames","floor":19},{"not_picked":["hexamod:Firestarter+1","hexamod:CatchUp+1"],"picked":"hexamod:AdvancingGuard","floor":20},{"not_picked":["hexamod:FastForward","hexamod:GhostShield+1"],"picked":"hexamod:EmpoweredFlame","floor":21},{"not_picked":["hexamod:ParanormalForm","hexamod:SpectralAdrenaline"],"picked":"hexamod:ShieldOfDarkness+1","floor":22},{"not_picked":["hexamod:AdvancingGuard","hexamod:Hexaguard+1"],"picked":"hexamod:FirstSeal","floor":22},{"not_picked":["hexamod:RetreatToShadows","hexamod:GhostflameBarrier"],"picked":"hexamod:ThermalTransfer","floor":22},{"not_picked":["hexamod:ShieldOfDarkness","hexamod:FastForward"],"picked":"hexamod:FirstSeal","floor":22},{"not_picked":["hexamod:GhostOfSpirePast","hexamod:NightmareGuise"],"picked":"hexamod:BurningTouch","floor":22},{"not_picked":["hexamod:Firestarter","hexamod:NecessarySacrifice"],"picked":"hexamod:ShieldOfDarkness","floor":22},{"not_picked":["hexamod:Again+1","hexamod:RainOfEmbers"],"picked":"hexamod:CatchUp+1","floor":25},{"not_picked":["hexamod:AdvancingGuard+1","hexamod:ThirdSeal"],"picked":"hexamod:InspiringFlames+1","floor":27},{"not_picked":["hexamod:Rewind","hexamod:ThirdSeal"],"picked":"hexamod:SoulSteal+1","floor":32}],"player_experience":767861,"relics_obtained":[{"floor":7,"key":"Meat on the Bone"},{"floor":24,"key":"Frozen Egg 2"}],"event_choices":[{"damage_healed":0,"gold_gain":0,"player_choice":"Success","damage_taken":18,"relics_obtained":["Regal Pillow"],"max_hp_gain":0,"max_hp_loss":0,"event_name":"Scrap Ooze","floor":4,"gold_loss":0},{"cards_removed":["hexamod:Defend"],"damage_healed":0,"gold_gain":0,"player_choice":"Card Removal","damage_taken":0,"max_hp_gain":0,"max_hp_loss":0,"event_name":"The Cleric","floor":11,"gold_loss":0},{"damage_healed":0,"gold_gain":0,"player_choice":"Got Potions","damage_taken":0,"max_hp_gain":0,"max_hp_loss":0,"event_name":"Lab","floor":12,"gold_loss":0},{"damage_healed":0,"gold_gain":0,"player_choice":"Read","damage_taken":0,"max_hp_gain":0,"max_hp_loss":0,"event_name":"The Library","floor":28,"gold_loss":0,"cards_obtained":["hexamod:PhantomCloak"]}],"is_beta":false,"boss_relics":[{"not_picked":["Cursed Key","bronze:MakeshiftBattery"],"picked":"hexamod:UnbrokenSoul"}],"items_purged_floors":[6],"is_endless":false,"potions_floor_spawned":[10,16,20,27,32],"killed_by":"SI_MIRROR_ARCHETYPE","ascension_level":0}}