{"host":"jegehu1t82aiec5j","time":1613998193,"event":{"mods":["BaseMod","Colored Map","Minty Spire (QoL Compilation)","Relic Stats","StSLib"],"gold_per_floor":[111,123,141,216,229,229,229,229,303,303,322,357,357,282,282,378,378,394,309,333,333,333,333,367,367,367],"floor_reached":25,"language":"ENG","playtime":717,"items_purged":[],"score":366,"play_id":"086c158a-b2cd-45be-b968-bf4ef6df5fcd","local_time":"20210222074953","is_ascension_mode":true,"campfire_choices":[{"data":"Creative AI","floor":6,"key":"SMITH"},{"data":"Go for the Eyes","floor":8,"key":"SMITH"},{"data":"Zap","floor":10,"key":"SMITH"},{"data":"Streamline","floor":13,"key":"SMITH"},{"data":"Echo Form","floor":15,"key":"SMITH"},{"data":"Biased Cognition","floor":23,"key":"SMITH"}],"circlet_count":0,"master_deck":["AscendersBane","Strike_B","Strike_B","Strike_B","Defend_B","Defend_B","Defend_B+1","Defend_B","Zap+1","Dualcast","Creative AI+1","Conserve Battery","Go for the Eyes+1","Glacier","Echo Form+1","Streamline+1","Biased Cognition+1","Force Field","Ghostly","Ghostly","Ghostly+1","Chill"],"relics":["Cracked Core","WarpedTongs","Golden Idol","Matryoshka","Odd Mushroom","Sozu","Ancient Tea Set","Kunai","War Paint","Nunchaku"],"acts_visited":["Exordium","TheCity"],"potions_floor_usage":[12,24],"damage_taken":[{"damage":7,"enemies":"Jaw Worm","floor":1,"turns":3},{"damage":0,"enemies":"2 Louse","floor":2,"turns":3},{"damage":9,"enemies":"Small Slimes","floor":3,"turns":3},{"damage":0,"enemies":"Looter","floor":5,"turns":4},{"damage":0,"enemies":"Blue Slaver","floor":11,"turns":5},{"damage":1,"enemies":"The Mushroom Lair","floor":12,"turns":6},{"damage":1,"enemies":"The Guardian","floor":16,"turns":11},{"damage":7,"enemies":"Chosen","floor":18,"turns":7},{"damage":19,"enemies":"Spheric Guardian","floor":20,"turns":4},{"damage":10,"enemies":"Book of Stabbing","floor":24,"turns":7},{"damage":21,"enemies":"Chosen and Byrds","floor":25,"turns":6}],"seed_played":"6810083660809908826","potions_obtained":[{"floor":2,"key":"Block Potion"},{"floor":5,"key":"SteroidPotion"},{"floor":16,"key":"EssenceOfSteel"}],"is_trial":false,"path_per_floor":["M","M","M","?","M","R","?","R","T","R","M","?","R","?","R","B",null,"M","?","M","?","T","R","E","M"],"character_chosen":"DEFECT","items_purchased":[],"campfire_rested":0,"item_purchase_floors":[],"current_hp_per_floor":[57,57,48,37,37,37,37,37,37,37,37,36,36,36,36,35,52,45,45,26,26,26,26,16,0,0],"gold":367,"neow_bonus":"THREE_RARE_CARDS","is_daily":false,"chose_seed":false,"campfire_upgraded":6,"win_rate":0.0,"timestamp":1613998193,"path_taken":["M","M","M","?","M","R","?","R","T","R","M","?","R","?","R","BOSS","M","?","M","?","?","R","E","M"],"items_purchased_type":[],"build_version":"2020-12-22","purchased_purges":0,"victory":false,"max_hp_per_floor":[64,64,64,64,64,64,58,58,58,58,58,58,58,58,58,58,58,58,58,58,29,29,29,29,29,29],"relic_stats":{"Sozu":2,"Nunchaku":[0],"counters":[11,58],"Golden Idol":45,"Kunai":[1],"War Paint":["Ghostly","Defend_B"],"obtain_stats":[{"Sozu":17,"Nunchaku":24,"Matryoshka":9,"Golden Idol":7,"Kunai":22,"Odd Mushroom":12,"War Paint":22,"Cracked Core":0,"Ancient Tea Set":19,"WarpedTongs":0},{"Sozu":7,"Nunchaku":10,"Matryoshka":4,"Golden Idol":4,"Kunai":9,"Odd Mushroom":6,"War Paint":9,"Cracked Core":0,"Ancient Tea Set":8,"WarpedTongs":0},{"Sozu":35,"Nunchaku":52,"Matryoshka":13,"Golden Idol":13,"Kunai":45,"Odd Mushroom":24,"War Paint":45,"Cracked Core":0,"Ancient Tea Set":41,"WarpedTongs":0}],"WarpedTongs":[58]},"card_choices":[{"not_picked":["Fission","Amplify"],"picked":"Creative AI","floor":0},{"not_picked":["Redo","Leap"],"picked":"Conserve Battery","floor":1},{"not_picked":["Hologram","Conserve Battery"],"picked":"Go for the Eyes","floor":2},{"not_picked":["Skim","Streamline"],"picked":"Glacier","floor":3},{"not_picked":["Steam Power","White Noise"],"picked":"Echo Form","floor":5},{"not_picked":["Aggregate","BootSequence"],"picked":"Streamline","floor":11},{"not_picked":["Seek","Rainbow"],"picked":"Biased Cognition","floor":16},{"not_picked":["Loop","Rebound+1","Beam Cell"],"picked":"SKIP","floor":18},{"not_picked":["Reprogram","Compile Driver"],"picked":"Force Field","floor":20},{"not_picked":["Go for the Eyes+1","Static Discharge"],"picked":"Chill","floor":24}],"player_experience":2624921,"relics_obtained":[{"floor":9,"key":"Matryoshka"},{"floor":12,"key":"Odd Mushroom"},{"floor":22,"key":"Kunai"},{"floor":22,"key":"War Paint"},{"floor":24,"key":"Nunchaku"}],"event_choices":[{"damage_healed":0,"gold_gain":75,"player_choice":"Gather Gold","damage_taken":11,"max_hp_gain":0,"max_hp_loss":0,"event_name":"World of Goop","floor":4,"gold_loss":0},{"damage_healed":0,"gold_gain":0,"player_choice":"Lose Max HP","damage_taken":0,"relics_obtained":["Golden Idol"],"max_hp_gain":0,"max_hp_loss":6,"event_name":"Golden Idol","floor":7,"gold_loss":0},{"damage_healed":0,"gold_gain":0,"player_choice":"Fought Mushrooms","damage_taken":0,"max_hp_gain":0,"max_hp_loss":0,"event_name":"Mushrooms","floor":12,"gold_loss":0},{"cards_removed":["Strike_B"],"damage_healed":0,"gold_gain":0,"player_choice":"Card Removal","damage_taken":0,"max_hp_gain":0,"max_hp_loss":0,"event_name":"The Cleric","floor":14,"gold_loss":75},{"damage_healed":0,"gold_gain":0,"player_choice":"Obtained Relic","damage_taken":0,"relics_obtained":["Ancient Tea Set"],"max_hp_gain":0,"max_hp_loss":0,"event_name":"Addict","floor":19,"gold_loss":85},{"damage_healed":0,"gold_gain":0,"player_choice":"Became a Ghost","damage_taken":0,"max_hp_gain":0,"max_hp_loss":29,"event_name":"Ghosts","floor":21,"gold_loss":0,"cards_obtained":["Ghostly","Ghostly","Ghostly"]}],"is_beta":false,"boss_relics":[{"not_picked":["SacredBark","Ectoplasm"],"picked":"Sozu"}],"items_purged_floors":[],"is_endless":false,"potions_floor_spawned":[2,5,16,20,24],"killed_by":"Chosen and Byrds","ascension_level":15}}