{"host":"4yf2n7l3ni368tvf","time":1613995977,"event":{"mods":["AchievementEnabler","BaseMod","Colored Map","DeckTracker","Minty Spire (QoL Compilation)","SuperFastMode"],"gold_per_floor":[116,116,116,68,81,110,110,130,155,155,155,170,170,199,199,199,199],"floor_reached":16,"language":"KOR","playtime":648,"items_purged":[],"score":130,"play_id":"cb43383c-3d65-426b-bda8-202aab22fb61","local_time":"20210222211257","is_ascension_mode":true,"campfire_choices":[{"floor":7,"key":"REST"},{"floor":10,"key":"REST"},{"floor":13,"key":"REST"},{"floor":15,"key":"REST"}],"circlet_count":0,"master_deck":["Strike_G","Strike_G","Strike_G","Strike_G","Strike_G","Defend_G","Defend_G","Defend_G","Defend_G","Defend_G","Survivor","Neutralize","Well Laid Plans","Backflip","Deadly Poison","PiercingWail","Catalyst","Crippling Poison","Deflect"],"relics":["Ring of the Snake","Centennial Puzzle","Regal Pillow","PreservedInsect"],"acts_visited":["Exordium"],"potions_floor_usage":[],"damage_taken":[{"damage":0,"enemies":"Small Slimes","floor":1,"turns":3},{"damage":2,"enemies":"2 Louse","floor":5,"turns":4},{"damage":53,"enemies":"3 Sentries","floor":6,"turns":16},{"damage":25,"enemies":"Jaw Worm","floor":8,"turns":6},{"damage":14,"enemies":"Exordium Wildlife","floor":12,"turns":6},{"damage":28,"enemies":"Lagavulin","floor":14,"turns":8},{"damage":76,"enemies":"Slime Boss","floor":16,"turns":11}],"seed_played":"433252305020438790","potions_obtained":[{"floor":14,"key":"Strength Potion"}],"is_trial":false,"path_per_floor":["M","?","?","$","M","E","R","M","T","R","$","M","R","E","R","B"],"character_chosen":"THE_SILENT","items_purchased":["Deadly Poison"],"campfire_rested":4,"item_purchase_floors":[4],"current_hp_per_floor":[70,70,70,70,68,15,36,11,11,47,47,33,69,41,70,0,0],"gold":199,"neow_bonus":"THREE_CARDS","is_daily":false,"chose_seed":false,"campfire_upgraded":0,"win_rate":0.0,"timestamp":1613995977,"path_taken":["M","?","?","?","M","E","R","?","T","R","$","M","R","E","R","BOSS"],"items_purchased_type":["Card"],"build_version":"2020-12-22","purchased_purges":0,"victory":false,"max_hp_per_floor":[70,70,70,70,70,70,70,70,70,70,70,70,70,70,70,70,70],"card_choices":[{"not_picked":["Outmaneuver","Riddle With Holes"],"picked":"Well Laid Plans","floor":0},{"not_picked":["Quick Slash","Skewer"],"picked":"Backflip","floor":1},{"not_picked":["Expertise","Underhanded Strike"],"picked":"PiercingWail","floor":5},{"not_picked":["Flechettes","Outmaneuver"],"picked":"Catalyst","floor":6},{"not_picked":["Sucker Punch","Backstab"],"picked":"Crippling Poison","floor":8},{"not_picked":["Acrobatics","Flying Knee"],"picked":"Deflect","floor":12},{"not_picked":["Leg Sweep","Quick Slash","Deflect"],"picked":"SKIP","floor":14}],"player_experience":263158,"relics_obtained":[{"floor":6,"key":"Centennial Puzzle"},{"floor":9,"key":"Regal Pillow"},{"floor":14,"key":"PreservedInsect"}],"event_choices":[{"damage_healed":0,"gold_gain":0,"player_choice":"Ignored","damage_taken":0,"max_hp_gain":0,"max_hp_loss":0,"event_name":"Liars Game","floor":2,"gold_loss":0},{"damage_healed":0,"gold_gain":0,"player_choice":"Leave","damage_taken":0,"max_hp_gain":0,"max_hp_loss":0,"event_name":"The Cleric","floor":3,"gold_loss":0}],"is_beta":false,"boss_relics":[],"items_purged_floors":[],"is_endless":false,"potions_floor_spawned":[14],"killed_by":"Slime Boss","ascension_level":4}}