{"host":"ja297la2wpvv1dvv","time":1613958049,"event":{"mods":["AchievementEnabler","BaseMod","Bestiary","Colored Map","Colored Powertips","Curses Come First","Minty Spire (QoL Compilation)","StSLib"],"gold_per_floor":[114,126,144,144,157,177,177,177],"floor_reached":7,"language":"ENG","playtime":905,"items_purged":[],"score":50,"play_id":"3d41d908-c054-4e40-bf4d-8750d3a3eb4e","local_time":"20210221194049","is_ascension_mode":true,"campfire_choices":[],"circlet_count":0,"master_deck":["Strike_B","Strike_B","Strike_B","Defend_B","Defend_B","Defend_B","Defend_B","Zap","Dualcast","Recycle","Capacitor","Stack","Coolheaded","Decay","Doom and Gloom","Loop"],"relics":["Cracked Core"],"acts_visited":["Exordium"],"potions_floor_usage":[],"damage_taken":[{"damage":3,"enemies":"Small Slimes","floor":1,"turns":4},{"damage":6,"enemies":"Cultist","floor":2,"turns":4},{"damage":11,"enemies":"2 Louse","floor":3,"turns":3},{"damage":7,"enemies":"Blue Slaver","floor":5,"turns":5},{"damage":14,"enemies":"Gremlin Gang","floor":6,"turns":4},{"damage":38,"enemies":"3 Sentries","floor":7,"turns":4}],"seed_played":"1090092482243179001","potions_obtained":[{"floor":1,"key":"Strength Potion"},{"floor":5,"key":"LiquidBronze"}],"is_trial":false,"path_per_floor":["M","M","M","?","M","M","E"],"character_chosen":"DEFECT","items_purchased":[],"campfire_rested":0,"item_purchase_floors":[],"current_hp_per_floor":[72,66,55,55,48,34,0,0],"gold":177,"neow_bonus":"TRANSFORM_CARD","is_daily":false,"chose_seed":false,"campfire_upgraded":0,"win_rate":0.0,"timestamp":1613958049,"path_taken":["M","M","M","?","M","M","E"],"items_purchased_type":[],"build_version":"2020-12-22","purchased_purges":0,"victory":false,"max_hp_per_floor":[75,75,75,75,75,75,75,75],"card_choices":[{"not_picked":["Darkness","Coolheaded"],"picked":"Capacitor","floor":1},{"not_picked":["Compile Driver","Gash"],"picked":"Stack","floor":2},{"not_picked":["Steam","Redo"],"picked":"Coolheaded","floor":3},{"not_picked":["Beam Cell","Turbo"],"picked":"Doom and Gloom","floor":5},{"not_picked":["Streamline","Reboot"],"picked":"Loop","floor":6}],"player_experience":224453,"relics_obtained":[],"event_choices":[{"damage_healed":0,"gold_gain":0,"player_choice":"Cursed","damage_taken":0,"max_hp_gain":0,"max_hp_loss":0,"event_name":"Wheel of Change","floor":4,"gold_loss":0,"cards_obtained":["Decay"]}],"is_beta":false,"boss_relics":[],"items_purged_floors":[],"is_endless":false,"potions_floor_spawned":[1,5],"killed_by":"3 Sentries","ascension_level":2}}