{"host":"13o02hya6v6rzuva","time":1613984126,"event":{"mods":["BaseMod","Minty Spire (QoL Compilation)","Relic Stats"],"gold_per_floor":[114,13,88,88,88,127,147,165,165,183,198,242,257,275,275,368,368,388,408,408,408],"floor_reached":20,"language":"ENG","playtime":741,"items_purged":[],"score":351,"play_id":"39af5e47-7dae-4adc-b82e-298dd744ab25","local_time":"20210222095526","is_ascension_mode":true,"campfire_choices":[{"data":"Searing Blow","floor":15,"key":"SMITH"}],"circlet_count":0,"master_deck":["AscendersBane","Strike_R","Strike_R","Strike_R","Strike_R","Defend_R","Defend_R","Defend_R","Bash","Headbutt","Thunderclap","Searing Blow+1","Intimidate","Fire Breathing","Wild Strike","Power Through","Iron Wave","Shrug It Off","Ghostly Armor","Demon Form","Sever Soul","Combust+1","Reckless Charge+1"],"relics":["Burning Blood","NeowsBlessing","Mango","Golden Idol","Eternal Feather","Prayer Wheel","Shuriken","Empty Cage"],"acts_visited":["Exordium","TheCity"],"potions_floor_usage":[10,16,19,20],"damage_taken":[{"damage":0,"enemies":"Small Slimes","floor":1,"turns":1},{"damage":0,"enemies":"Gremlin Nob","floor":6,"turns":1},{"damage":0,"enemies":"2 Louse","floor":7,"turns":1},{"damage":12,"enemies":"Jaw Worm","floor":8,"turns":3},{"damage":22,"enemies":"Lots of Slimes","floor":10,"turns":4},{"damage":10,"enemies":"Red Slaver","floor":11,"turns":3},{"damage":46,"enemies":"Lagavulin","floor":12,"turns":7},{"damage":4,"enemies":"Blue Slaver","floor":13,"turns":4},{"damage":2,"enemies":"3 Louse","floor":14,"turns":4},{"damage":46,"enemies":"Hexaghost","floor":16,"turns":12},{"damage":43,"enemies":"Shell Parasite","floor":18,"turns":12},{"damage":30,"enemies":"3 Byrds","floor":19,"turns":8},{"damage":18,"enemies":"3 Cultists","floor":20,"turns":3}],"seed_played":"-7992881938434647733","potions_obtained":[{"floor":1,"key":"FairyPotion"},{"floor":10,"key":"Ancient Potion"},{"floor":13,"key":"DistilledChaos"},{"floor":16,"key":"Weak Potion"},{"floor":19,"key":"SteroidPotion"}],"is_trial":false,"path_per_floor":["M","$","?","?","?","E","M","M","T","M","M","E","M","M","R","B",null,"M","M","M"],"character_chosen":"IRONCLAD","items_purchased":["Fruit Juice"],"campfire_rested":0,"item_purchase_floors":[2],"current_hp_per_floor":[78,78,67,69,69,75,81,75,75,64,60,20,22,26,38,26,76,39,15,0,0],"gold":408,"neow_bonus":"THREE_ENEMY_KILL","is_daily":false,"chose_seed":false,"campfire_upgraded":1,"win_rate":0.0,"timestamp":1613984126,"path_taken":["M","$","?","?","?","E","M","?","T","?","M","E","M","M","R","BOSS","M","M","M"],"items_purchased_type":["Potion"],"build_version":"2020-12-22","purchased_purges":0,"victory":false,"max_hp_per_floor":[80,80,80,94,87,87,87,87,87,92,92,92,92,92,92,92,92,92,92,92,92],"relic_stats":{"counters":[13,63],"Golden Idol":66,"Shuriken":[3],"Eternal Feather":12,"Prayer Wheel":6,"obtain_stats":[{"NeowsBlessing":0,"Golden Idol":5,"Shuriken":12,"Mango":4,"Eternal Feather":6,"Prayer Wheel":9,"Empty Cage":17,"Burning Blood":0},{"NeowsBlessing":0,"Golden Idol":1,"Shuriken":7,"Mango":1,"Eternal Feather":2,"Prayer Wheel":4,"Empty Cage":10,"Burning Blood":0},{"NeowsBlessing":0,"Golden Idol":1,"Shuriken":20,"Mango":1,"Eternal Feather":2,"Prayer Wheel":6,"Empty Cage":40,"Burning Blood":0}],"Burning Blood":72},"card_choices":[{"not_picked":["Second Wind","Havoc"],"picked":"Headbutt","floor":1},{"not_picked":["Entrench","Twin Strike"],"picked":"Thunderclap","floor":6},{"not_picked":["Clothesline","Pummel"],"picked":"Searing Blow","floor":7},{"not_picked":["Clash","Warcry"],"picked":"Intimidate","floor":8},{"not_picked":["Limit Break","Battle Trance"],"picked":"Fire Breathing","floor":10},{"not_picked":["Anger","Sentinel"],"picked":"Wild Strike","floor":10},{"not_picked":["Ghostly Armor","True Grit"],"picked":"Power Through","floor":11},{"not_picked":["Thunderclap","Warcry"],"picked":"Iron Wave","floor":11},{"not_picked":["Hemokinesis","Searing Blow","Entrench"],"picked":"SKIP","floor":12},{"not_picked":["Warcry","Wild Strike"],"picked":"Shrug It Off","floor":13},{"not_picked":["Iron Wave","Searing Blow","Bludgeon"],"picked":"SKIP","floor":13},{"not_picked":["Anger","Warcry"],"picked":"Ghostly Armor","floor":14},{"not_picked":["Anger","Body Slam","Heavy Blade"],"picked":"SKIP","floor":14},{"not_picked":["Double Tap","Berserk"],"picked":"Demon Form","floor":16},{"not_picked":["Perfected Strike","Shrug It Off"],"picked":"Sever Soul","floor":18},{"not_picked":["Dropkick","Cleave+1","Searing Blow"],"picked":"SKIP","floor":18},{"not_picked":["Thunderclap","Warcry"],"picked":"Combust+1","floor":19},{"not_picked":["Havoc","Pummel"],"picked":"Reckless Charge+1","floor":19}],"player_experience":1237714,"relics_obtained":[{"floor":6,"key":"Eternal Feather"},{"floor":9,"key":"Prayer Wheel"},{"floor":12,"key":"Shuriken"}],"event_choices":[{"damage_healed":0,"gold_gain":75,"player_choice":"Gather Gold","damage_taken":11,"max_hp_gain":0,"max_hp_loss":0,"event_name":"World of Goop","floor":3,"gold_loss":0},{"damage_healed":0,"gold_gain":0,"player_choice":"Success","damage_taken":12,"relics_obtained":["Mango"],"max_hp_gain":0,"max_hp_loss":0,"event_name":"Scrap Ooze","floor":4,"gold_loss":0},{"damage_healed":0,"gold_gain":0,"player_choice":"Lose Max HP","damage_taken":0,"relics_obtained":["Golden Idol"],"max_hp_gain":0,"max_hp_loss":7,"event_name":"Golden Idol","floor":5,"gold_loss":0}],"is_beta":false,"boss_relics":[{"not_picked":["Cursed Key","SacredBark"],"picked":"Empty Cage"}],"items_purged_floors":[],"is_endless":false,"potions_floor_spawned":[1,10,11,13,16,19],"killed_by":"3 Cultists","ascension_level":13}}