{"host":"c6u7e77myxvw4d0m","time":1613976981,"event":{"mods":["AchievementEnabler","BaseMod","Bestiary","Colored Map","Colored Powertips","Minty Spire (QoL Compilation)","Rare Cards Sparkle","Relic Stats","everything is the same but u backflip on backflip"],"gold_per_floor":[113,113,15,38,38,78,78,119,119,140,180,203,203,241,241,336,336],"floor_reached":16,"language":"ENG","playtime":1121,"items_purged":[],"score":456,"play_id":"dbbb39bb-0d3f-4d0e-b6da-265ed6c3dd7b","local_time":"20210222085621","is_ascension_mode":true,"campfire_choices":[{"data":"Neutralize","floor":7.0,"key":"SMITH"},{"data":"Bouncing Flask","floor":15.0,"key":"SMITH"}],"circlet_count":0,"master_deck":["AscendersBane","Strike_G","Strike_G","Strike_G","Strike_G","Defend_G","Defend_G","Defend_G","Defend_G","Defend_G","Survivor","Neutralize+1","Infinite Blades","Leg Sweep","Bouncing Flask+1","Blur","Quick Slash","Calculated Gamble","Malaise","PiercingWail","Dash","Well Laid Plans"],"relics":["Ring of the Snake","NeowsBlessing","Golden Idol","Mercury Hourglass","Toy Ornithopter","Dead Branch","Orichalcum","HornCleat"],"acts_visited":["Exordium"],"potions_floor_usage":[],"damage_taken":[{"damage":0.0,"enemies":"Jaw Worm","floor":1.0,"turns":1.0},{"damage":0.0,"enemies":"2 Louse","floor":4.0,"turns":1.0},{"damage":0.0,"enemies":"3 Sentries","floor":6.0,"turns":1.0},{"damage":29.0,"enemies":"Gremlin Nob","floor":8.0,"turns":5.0},{"damage":0.0,"enemies":"Small Slimes","floor":10.0,"turns":2.0},{"damage":6.0,"enemies":"3 Sentries","floor":11.0,"turns":5.0},{"damage":0.0,"enemies":"Exordium Thugs","floor":12.0,"turns":4.0},{"damage":0.0,"enemies":"Lagavulin","floor":14.0,"turns":9.0},{"damage":4.0,"enemies":"Hexaghost","floor":16.0,"turns":10.0}],"seed_played":"1483894832688720432","potions_obtained":[{"floor":1.0,"key":"Poison Potion"},{"floor":8.0,"key":"BlessingOfTheForge"},{"floor":11.0,"key":"LiquidBronze"},{"floor":12.0,"key":"SpeedPotion"}],"is_trial":false,"path_per_floor":["M","?","$","M","?","E","R","E","T","M","E","M","?","E","R","B"],"character_chosen":"THE_SILENT","items_purchased":["Leg Sweep","Strength Potion"],"campfire_rested":0,"item_purchase_floors":[3,3],"current_hp_per_floor":[59,59,59,59,59,59,59,30,30,30,34,34,34,34,34,30,30],"gold":336,"neow_bonus":"THREE_ENEMY_KILL","is_daily":false,"chose_seed":false,"campfire_upgraded":2,"win_rate":0.0,"timestamp":1613976981,"path_taken":["M","?","$","M","?","E","R","E","T","M","E","M","?","E","R","BOSS","BOSS"],"items_purchased_type":["Card","Potion"],"build_version":"2020-12-22","purchased_purges":0,"victory":false,"max_hp_per_floor":[66,60,60,60,60,60,60,60,60,60,60,60,60,60,60,60,60],"relic_stats":{"counters":[9,37],"Golden Idol":84,"Dead Branch":[39],"Orichalcum":[42],"obtain_stats":[{"HornCleat":14,"NeowsBlessing":0,"Golden Idol":2,"Dead Branch":9,"Orichalcum":11,"Toy Ornithopter":8,"Ring of the Snake":0,"Mercury Hourglass":6},{"HornCleat":8,"NeowsBlessing":0,"Golden Idol":1,"Dead Branch":4,"Orichalcum":6,"Toy Ornithopter":4,"Ring of the Snake":0,"Mercury Hourglass":3},{"HornCleat":28,"NeowsBlessing":0,"Golden Idol":1,"Dead Branch":8,"Orichalcum":15,"Toy Ornithopter":8,"Ring of the Snake":0,"Mercury Hourglass":3}],"Toy Ornithopter":10,"Ring of the Snake":[18],"Mercury Hourglass":[132]},"card_choices":[{"not_picked":["Distraction","Bane"],"picked":"Infinite Blades","floor":1.0},{"not_picked":["Acrobatics","Outmaneuver"],"picked":"Bouncing Flask","floor":4.0},{"not_picked":["Deflect","Backflip"],"picked":"Blur","floor":6.0},{"not_picked":["PiercingWail","Terror"],"picked":"Quick Slash","floor":8.0},{"not_picked":["Heel Hook","Choke"],"picked":"Calculated Gamble","floor":10.0},{"not_picked":["Accuracy","Underhanded Strike"],"picked":"Malaise","floor":11.0},{"not_picked":["Prepared","Bane"],"picked":"PiercingWail","floor":12.0},{"not_picked":["Backflip","Acrobatics"],"picked":"Well Laid Plans","floor":14.0}],"player_experience":859882,"relics_obtained":[{"floor":6.0,"key":"Mercury Hourglass"},{"floor":8.0,"key":"Toy Ornithopter"},{"floor":9.0,"key":"Dead Branch"},{"floor":11.0,"key":"Orichalcum"},{"floor":14.0,"key":"HornCleat"}],"event_choices":[{"damage_healed":0.0,"max_hp_gain":0.0,"max_hp_loss":6.0,"gold_gain":0.0,"event_name":"Golden Idol","player_choice":"Lose Max HP","floor":2.0,"gold_loss":0.0,"damage_taken":0.0,"relics_obtained":["Golden Idol"]},{"damage_healed":0.0,"max_hp_gain":0.0,"max_hp_loss":0.0,"gold_gain":0.0,"event_name":"Liars Game","player_choice":"Ignored","floor":5.0,"gold_loss":0.0,"damage_taken":0.0},{"damage_healed":0.0,"max_hp_gain":0.0,"max_hp_loss":0.0,"gold_gain":0.0,"cards_transformed":["Strike_G"],"event_name":"Transmorgrifier","player_choice":"Transformed","floor":13.0,"gold_loss":0.0,"damage_taken":0.0,"cards_obtained":["Dash"]}],"is_beta":false,"boss_relics":[],"items_purged_floors":[],"is_endless":false,"potions_floor_spawned":[1,8,11,12],"killed_by":"Hexaghost","ascension_level":20}}