{"host":"ilhhjx796p2x2wmd","time":1613953837,"event":{"mods":["AchievementEnabler","BaseMod","BetterRewards","Colored Map","Colored Powertips","DeckTracker","Highlight Path","Minty Spire (QoL Compilation)","Permanent Neow","Rare Cards Sparkle","Shop Mod"],"gold_per_floor":[115,131,131,198,423,448,464,464,511,511,528,539,122,103,103,103,103],"floor_reached":16,"language":"KOR","playtime":392,"items_purged":["Doubt"],"score":156,"play_id":"7550abd9-4f63-4142-bdab-f5980626b4c8","local_time":"20210222093037","is_ascension_mode":true,"campfire_choices":[{"data":"Evolve","floor":8.0,"key":"SMITH"},{"floor":10.0,"key":"REST"},{"data":"Perfected Strike","floor":15,"key":"SMITH"}],"circlet_count":0,"master_deck":["AscendersBane","Strike_R","Strike_R","Strike_R","Strike_R","Strike_R","Defend_R","Defend_R","Defend_R","Defend_R","Bash+1","Sword Boomerang","Armaments","Feed","Evolve+1","Perfected Strike+1","Shrug It Off","Shrug It Off"],"relics":["Burning Blood","SsserpentHead","Gremlin Horn","Pen Nib","Gambling Chip"],"acts_visited":["Exordium"],"potions_floor_usage":[16],"damage_taken":[{"damage":1.0,"enemies":"Jaw Worm","floor":1.0,"turns":5.0},{"damage":6.0,"enemies":"Cultist","floor":2.0,"turns":3.0},{"damage":14.0,"enemies":"2 Louse","floor":4.0,"turns":3.0},{"damage":48.0,"enemies":"Gremlin Nob","floor":6.0,"turns":5.0},{"damage":6.0,"enemies":"Blue Slaver","floor":7.0,"turns":4.0},{"damage":6.0,"enemies":"Exordium Wildlife","floor":11.0,"turns":3.0},{"damage":11.0,"enemies":"Looter","floor":12.0,"turns":2.0},{"damage":3,"enemies":"Exordium Thugs","floor":14,"turns":4},{"damage":52,"enemies":"The Guardian","floor":16,"turns":7}],"seed_played":"4001345357888672238","potions_obtained":[{"floor":2.0,"key":"SpeedPotion"},{"floor":6.0,"key":"Fire Potion"},{"floor":14,"key":"Block Potion"}],"is_trial":false,"path_per_floor":["M","M","?","M","?","E","M","R","T","R","M","M","$","M","R","B"],"character_chosen":"IRONCLAD","items_purchased":["Gambling Chip","Shrug It Off"],"campfire_rested":1,"item_purchase_floors":[13,13],"current_hp_per_floor":[77,77,77,69,69,27,27,27,27,51,54,49,49,52,52,0,0],"gold":103,"neow_bonus":"UPGRADE_CARD","is_daily":false,"chose_seed":false,"campfire_upgraded":2,"win_rate":0.0,"timestamp":1613953837,"path_taken":["M","M","?","?","?","E","M","R","T","R","M","M","$","M","R","BOSS"],"items_purchased_type":["Relic","Card"],"build_version":"2020-12-22","purchased_purges":1,"victory":false,"max_hp_per_floor":[80,80,80,80,80,80,80,80,80,80,83,83,83,83,83,83,83],"card_choices":[{"not_picked":["Warcry","Burning Pact"],"picked":"Sword Boomerang","floor":1.0},{"not_picked":["Warcry","Heavy Blade"],"picked":"Armaments","floor":2.0},{"not_picked":["Combust","Twin Strike"],"picked":"Feed","floor":4.0},{"not_picked":["Heavy Blade","Bloodletting"],"picked":"Evolve","floor":6.0},{"not_picked":["Iron Wave","Feel No Pain"],"picked":"Perfected Strike","floor":7.0},{"not_picked":["Rampage","Heavy Blade"],"picked":"Shrug It Off","floor":11.0},{"not_picked":["Iron Wave","Anger","Sword Boomerang"],"picked":"SKIP","floor":12.0},{"not_picked":["Fire Breathing","Juggernaut","Iron Wave"],"picked":"SKIP","floor":14}],"player_experience":352750,"relics_obtained":[{"floor":6.0,"key":"Gremlin Horn"},{"floor":9.0,"key":"Pen Nib"}],"event_choices":[{"damage_healed":0.0,"max_hp_gain":0.0,"max_hp_loss":0.0,"gold_gain":0.0,"event_name":"FaceTrader","player_choice":"Trade","floor":3.0,"gold_loss":0.0,"damage_taken":0.0,"relics_obtained":["SsserpentHead"]},{"damage_healed":0.0,"max_hp_gain":0.0,"max_hp_loss":0.0,"gold_gain":175.0,"event_name":"Liars Game","player_choice":"AGREE","floor":5.0,"gold_loss":0.0,"damage_taken":0.0,"cards_obtained":["Doubt"]}],"is_beta":false,"boss_relics":[],"items_purged_floors":[13],"is_endless":false,"potions_floor_spawned":[2,6,14],"killed_by":"The Guardian","ascension_level":10}}