{"host":"o88u0awh8mkwl1l8","time":1613998159,"event":{"mods":["BaseMod","Colored Map","Highlight Path","Minty Spire (QoL Compilation)","Relic Sorter"],"gold_per_floor":[112,123,140,140,152,152,152,152,175,189,213,254,254,283,283,283,283],"floor_reached":16,"language":"JPN","playtime":987,"items_purged":[],"score":204,"play_id":"0ab45591-5172-4e78-8b49-9572bd30d9be","local_time":"20210222214919","is_ascension_mode":true,"campfire_choices":[{"data":"Blade Dance","floor":6,"key":"SMITH"},{"data":"Blade Dance","floor":8,"key":"SMITH"},{"floor":13,"key":"REST"},{"data":"Footwork","floor":15,"key":"SMITH"}],"circlet_count":0,"master_deck":["AscendersBane","Strike_G","Strike_G","Strike_G","Strike_G","Strike_G","Defend_G","Defend_G","Defend_G","Defend_G","Defend_G","Survivor","Neutralize","Leg Sweep+1","Blade Dance+1","Blade Dance+1","Footwork+1","Dodge and Roll"],"relics":["Ring of the Snake","Regal Pillow","CeramicFish","Potion Belt","Art of War"],"acts_visited":["Exordium"],"potions_floor_usage":[3,12],"damage_taken":[{"damage":6.0,"enemies":"Cultist","floor":1.0,"turns":4.0},{"damage":1,"enemies":"Small Slimes","floor":2,"turns":5},{"damage":0,"enemies":"Jaw Worm","floor":3,"turns":4},{"damage":2,"enemies":"3 Louse","floor":5,"turns":4},{"damage":12,"enemies":"Gremlin Gang","floor":10,"turns":5},{"damage":33,"enemies":"Lagavulin","floor":12,"turns":10},{"damage":0,"enemies":"Lots of Slimes","floor":14,"turns":5},{"damage":12,"enemies":"Slime Boss","floor":16,"turns":7}],"seed_played":"-8096788095017480644","potions_obtained":[{"floor":1.0,"key":"GhostInAJar"},{"floor":2,"key":"BlessingOfTheForge"},{"floor":3,"key":"Fruit Juice"},{"floor":5,"key":"Energy Potion"}],"is_trial":false,"path_per_floor":["M","M","M","?","M","R","?","R","T","M","T","E","R","M","R","B"],"character_chosen":"THE_SILENT","items_purchased":[],"campfire_rested":1,"item_purchase_floors":[],"current_hp_per_floor":[53,52,57,57,55,55,55,55,55,43,43,10,46,46,46,34,34],"gold":283,"neow_bonus":"RANDOM_COMMON_RELIC","is_daily":false,"chose_seed":false,"campfire_upgraded":3,"win_rate":0.0,"timestamp":1613998159,"path_taken":["M","M","M","?","M","R","?","R","T","M","?","E","R","M","R","BOSS"],"items_purchased_type":[],"build_version":"2020-12-22","purchased_purges":0,"victory":false,"max_hp_per_floor":[66,66,71,71,71,71,71,71,71,71,71,71,71,71,71,71,71],"card_choices":[{"not_picked":["Escape Plan","Reflex"],"picked":"Leg Sweep","floor":1.0},{"not_picked":["Blur","Slice"],"picked":"Blade Dance","floor":2},{"not_picked":["Leg Sweep","Bouncing Flask"],"picked":"Blade Dance","floor":3},{"not_picked":["Bane","Riddle With Holes","Sucker Punch"],"picked":"SKIP","floor":5},{"not_picked":["Caltrops","Deadly Poison","Bane"],"picked":"SKIP","floor":10},{"not_picked":["Tactician","Glass Knife"],"picked":"Footwork","floor":12},{"not_picked":["Flechettes","Backstab"],"picked":"Dodge and Roll","floor":14}],"player_experience":1328871,"relics_obtained":[{"floor":9,"key":"CeramicFish"},{"floor":11,"key":"Potion Belt"},{"floor":12,"key":"Art of War"}],"event_choices":[{"damage_healed":0,"gold_gain":0,"player_choice":"Grow","damage_taken":0,"max_hp_gain":0,"max_hp_loss":0,"event_name":"Living Wall","floor":4,"gold_loss":0,"cards_upgraded":["Leg Sweep"]},{"damage_healed":0,"gold_gain":0,"player_choice":"Ignored","damage_taken":0,"max_hp_gain":0,"max_hp_loss":0,"event_name":"Liars Game","floor":7,"gold_loss":0}],"is_beta":false,"boss_relics":[],"items_purged_floors":[],"is_endless":false,"potions_floor_spawned":[1,2,3,5],"killed_by":"Slime Boss","ascension_level":20}}