{"host":"fuszjwm6fqgjjp4d","time":1613972627,"event":{"mods":["BaseMod","Colored Map","Minty Spire (QoL Compilation)","Permanent Neow","Relic Sorter","Relic Stats","StSLib"],"gold_per_floor":[114,114,264,339,72,110,125,163,163,163,206,206,240,265,265,265,265],"floor_reached":16,"language":"ENG","playtime":296,"items_purged":["Doubt"],"score":232,"play_id":"90a96fd6-db45-490a-b31d-7338146a3a6c","local_time":"20210221234347","is_ascension_mode":true,"campfire_choices":[{"data":"Immolate","floor":10.0,"key":"SMITH"},{"data":"1","floor":12.0,"key":"LIFT"},{"data":"2","floor":15.0,"key":"LIFT"}],"circlet_count":0,"master_deck":["AscendersBane","Strike_R","Strike_R","Strike_R","Strike_R","Strike_R","Defend_R","Defend_R","Defend_R","Defend_R","Bash","Immolate+1","Infernal Blade","Twin Strike","Battle Trance","Shrug It Off","Thunderclap","Whirlwind","Twin Strike","Twin Strike"],"relics":["Burning Blood","Golden Idol","Lantern","Tiny Chest","Odd Mushroom","Centennial Puzzle","Girya","Mummified Hand"],"acts_visited":["Exordium"],"potions_floor_usage":[16],"damage_taken":[{"damage":7.0,"enemies":"Jaw Worm","floor":1.0,"turns":2.0},{"damage":15.0,"enemies":"3 Sentries","floor":6.0,"turns":4.0},{"damage":0.0,"enemies":"2 Louse","floor":7.0,"turns":1.0},{"damage":16.0,"enemies":"The Mushroom Lair","floor":8.0,"turns":3.0},{"damage":11.0,"enemies":"Gremlin Nob","floor":11.0,"turns":3.0},{"damage":5.0,"enemies":"3 Sentries","floor":13.0,"turns":3.0},{"damage":0.0,"enemies":"Small Slimes","floor":14.0,"turns":2.0},{"damage":30,"enemies":"Hexaghost","floor":16,"turns":4}],"seed_played":"4497882784552460841","potions_obtained":[{"floor":7.0,"key":"GamblersBrew"},{"floor":13.0,"key":"DuplicationPotion"}],"is_trial":false,"path_per_floor":["M","?","?","?","$","E","M","?","T","R","E","R","E","M","R","B"],"character_chosen":"IRONCLAD","items_purchased":["Lantern","Twin Strike"],"campfire_rested":0,"item_purchase_floors":[5,5],"current_hp_per_floor":[49,49,49,38,38,29,35,25,25,25,20,20,21,27,27,0,0],"gold":265,"neow_bonus":"THREE_RARE_CARDS","is_daily":false,"chose_seed":false,"campfire_upgraded":1,"win_rate":0.0,"timestamp":1613972627,"path_taken":["M","?","?","?","$","E","M","?","T","R","E","R","E","M","R","BOSS"],"items_purchased_type":["Relic","Card"],"build_version":"2020-12-22","purchased_purges":1,"victory":false,"max_hp_per_floor":[75,68,68,68,68,68,68,68,68,68,68,68,68,68,68,68,68],"relic_stats":{"Centennial Puzzle":[9],"counters":[8,22],"Golden Idol":40,"Mummified Hand":[0],"Tiny Chest":0,"obtain_stats":[{"Girya":11,"Lantern":5,"Centennial Puzzle":9,"Golden Idol":2,"Mummified Hand":13,"Tiny Chest":6,"Odd Mushroom":8,"Burning Blood":0},{"Girya":5,"Lantern":1,"Centennial Puzzle":4,"Golden Idol":1,"Mummified Hand":6,"Tiny Chest":2,"Odd Mushroom":4,"Burning Blood":0},{"Girya":13,"Lantern":2,"Centennial Puzzle":10,"Golden Idol":2,"Mummified Hand":16,"Tiny Chest":6,"Odd Mushroom":10,"Burning Blood":0}],"Burning Blood":42},"card_choices":[{"not_picked":["Berserk","Demon Form"],"picked":"Immolate","floor":0.0},{"not_picked":["Pommel Strike","Heavy Blade"],"picked":"Infernal Blade","floor":1.0},{"not_picked":["Flex","Headbutt"],"picked":"Battle Trance","floor":6.0},{"not_picked":["Exhume","Dropkick"],"picked":"Shrug It Off","floor":7.0},{"not_picked":["Reckless Charge","Clash"],"picked":"Thunderclap","floor":8.0},{"not_picked":["Fire Breathing","Searing Blow"],"picked":"Whirlwind","floor":11.0},{"not_picked":["Ghostly Armor","Pommel Strike"],"picked":"Twin Strike","floor":13.0},{"not_picked":["True Grit","Wild Strike"],"picked":"Twin Strike","floor":14.0}],"player_experience":1515497,"relics_obtained":[{"floor":6.0,"key":"Tiny Chest"},{"floor":8.0,"key":"Odd Mushroom"},{"floor":9.0,"key":"Centennial Puzzle"},{"floor":11.0,"key":"Girya"},{"floor":13.0,"key":"Mummified Hand"}],"event_choices":[{"damage_healed":0.0,"max_hp_gain":0.0,"max_hp_loss":7.0,"gold_gain":0.0,"event_name":"Golden Idol","player_choice":"Lose Max HP","floor":2.0,"gold_loss":0.0,"damage_taken":0.0,"relics_obtained":["Golden Idol"]},{"damage_healed":0.0,"max_hp_gain":0.0,"max_hp_loss":0.0,"gold_gain":150.0,"event_name":"Liars Game","player_choice":"AGREE","floor":3.0,"gold_loss":0.0,"damage_taken":0.0,"cards_obtained":["Doubt"]},{"damage_healed":0.0,"max_hp_gain":0.0,"max_hp_loss":0.0,"gold_gain":75.0,"event_name":"World of Goop","player_choice":"Gather Gold","floor":4.0,"gold_loss":0.0,"damage_taken":11.0},{"damage_healed":0.0,"max_hp_gain":0.0,"max_hp_loss":0.0,"gold_gain":0.0,"event_name":"Mushrooms","player_choice":"Fought Mushrooms","floor":8.0,"gold_loss":0.0,"damage_taken":0.0}],"is_beta":false,"boss_relics":[],"items_purged_floors":[5],"is_endless":false,"potions_floor_spawned":[7,13],"killed_by":"Hexaghost","ascension_level":20}}