{"host":"vrsxkkch9ccrec7k","time":1613953372,"event":{"mods":["Act Like it!","BaseMod","Bestiary","Better Altar","Better Match","Better Note","Better Sensory Stone","Better Skull","Better Third Choice","Better Vampires","Downfall","Minty Spire (QoL Compilation)","Permanent Neow","Relic Stats","Spicy Shops","StSLib"],"gold_per_floor":[99,109,129,143,143,178,225,6,70,70,82,118,118,118,136,238,238,238,259,259,286,2,2,48,69,93,41,41,69,69,87,107,219,219,219,245,31,31,331,373,373,401,5,5,17,17,17,17,37,37],"floor_reached":51,"language":"ENG","playtime":4264,"items_purged":["hexamod:Strike","hexamod:Strike"],"score":1283,"play_id":"a5f5f2cc-2bc4-4794-b3a2-0e7cd622d086","local_time":"20210221192252","is_ascension_mode":true,"campfire_choices":[{"data":"hexamod:Sear","floor":1.0,"key":"SMITH"},{"data":"hexamod:Float","floor":10,"key":"SMITH"},{"data":"hexamod:Rewind","floor":18,"key":"SMITH"},{"data":"Master of Strategy","floor":28,"key":"SMITH"},{"data":"hexamod:RainOfEmbers","floor":30,"key":"SMITH"},{"data":"hexamod:GiftsFromTheDead","floor":35,"key":"SMITH"},{"data":"hexamod:UnlimitedPower","floor":44,"key":"SMITH"}],"circlet_count":0,"master_deck":["AscendersBane","hexamod:Strike","hexamod:Defend","hexamod:Defend","hexamod:Defend+1","hexamod:Defend+1","hexamod:Sear+1","hexamod:Float+1","hexamod:SpectersWail","hexamod:BacktrackSmack+1","hexamod:FourthSeal","hexamod:ApocalypticArmor","hexamod:TimeWarp","hexamod:Hexaguard","hexamod:SecondSeal","hexamod:Rewind+1","hexamod:TurnItUp","Master of Strategy+1","hexamod:TimeWarp","hexamod:AdvancingGuard","hexamod:GhostOfSpirePast","Apotheosis+1","hexamod:RainOfEmbers+1","hexamod:AdvancingGuard+1","hexamod:GiftsFromTheDead+1","hexamod:FirstSeal","expansioncontent:YouAreMine","hexamod:UnlimitedPower+1","hexamod:NecessarySacrifice","hexamod:EmpoweredFlame","hexamod:GhostflameBarrier"],"relics":["hexamod:SpiritBrand","Dream Catcher","War Paint","Bag of Preparation","Whetstone","Anchor","Runic Pyramid","Shuriken","TungstenRod","Tiny Chest","sneckomod:SneckoTalon","Chemical X","MealTicket","Kunai","Lee\u0027s Waffle","Art of War","Strawberry"],"acts_visited":["Exordium","TheCity","TheBeyond"],"potions_floor_usage":[9,16,21,29,31,40,40,49,50],"damage_taken":[{"damage":1.0,"enemies":"Jaw Worm","floor":2.0,"turns":4.0},{"damage":0.0,"enemies":"Small Slimes","floor":3.0,"turns":3.0},{"damage":0.0,"enemies":"2 Louse","floor":4.0,"turns":2.0},{"damage":13.0,"enemies":"Gremlin Nob","floor":6.0,"turns":4.0},{"damage":0.0,"enemies":"downfall:FleeingMerchant","floor":8.0,"turns":4.0},{"damage":12,"enemies":"3 Sentries","floor":9,"turns":6},{"damage":1,"enemies":"downfall:LooterAlt","floor":11,"turns":3},{"damage":0,"enemies":"3 Sentries","floor":12,"turns":6},{"damage":0,"enemies":"Large Slime","floor":15,"turns":4},{"damage":22,"enemies":"WA_ARCHETYPE_RETAIN","floor":16,"turns":7},{"damage":0,"enemies":"3 Byrds","floor":19,"turns":3},{"damage":0,"enemies":"Chosen","floor":21,"turns":3},{"damage":2,"enemies":"downfall:FleeingMerchant","floor":22,"turns":4},{"damage":0,"enemies":"Shelled Parasite and Fungi","floor":25,"turns":4},{"damage":0,"enemies":"Centurion and Healer","floor":26,"turns":4},{"damage":0,"enemies":"downfall:FleeingMerchant","floor":27,"turns":4},{"damage":10,"enemies":"Slavers","floor":29,"turns":4},{"damage":7,"enemies":"Snecko","floor":31,"turns":3},{"damage":0,"enemies":"Cultist and Chosen","floor":32,"turns":6},{"damage":0,"enemies":"DF_ARCHETYPE_CLAW","floor":33,"turns":7},{"damage":0,"enemies":"3 Darklings","floor":36,"turns":4},{"damage":43,"enemies":"Reptomancer","floor":40,"turns":4},{"damage":0,"enemies":"Orb Walker","floor":42,"turns":2},{"damage":0,"enemies":"Jaw Worm Horde","floor":45,"turns":4},{"damage":1,"enemies":"Maw","floor":49,"turns":4},{"damage":35,"enemies":"SI_POISON_ARCHETYPE","floor":50,"turns":11}],"seed_played":"-347075574539974130","potions_obtained":[{"floor":2.0,"key":"CultistPotion"},{"floor":6.0,"key":"FearPotion"},{"floor":6.0,"key":"PowerPotion"},{"floor":9,"key":"FairyPotion"},{"floor":11,"key":"BlessingOfTheForge"},{"floor":12,"key":"EntropicBrew"},{"floor":16,"key":"Block Potion"},{"floor":19,"key":"LiquidBronze"},{"floor":21,"key":"Fruit Juice"},{"floor":22,"key":"hexamod:EctoCoolerPotion"},{"floor":29,"key":"CultistPotion"},{"floor":29,"key":"LiquidMemories"},{"floor":31,"key":"Fruit Juice"},{"floor":32,"key":"SmokeBomb"},{"floor":33,"key":"LiquidMemories"},{"floor":36,"key":"Weak Potion"},{"floor":40,"key":"Slimebound:ThreeZeroPotion"},{"floor":40,"key":"Strength Potion"},{"floor":45,"key":"Energy Potion"}],"is_trial":false,"path_per_floor":["R","M","M","M","?","E","T","$","?","R","M","E","?","?","M","B",null,"R","M","T","M","$","?","T","M","M","$","R","E","R","M","M","B",null,"R","M","$","?","?","E","T","M","$","R","M","T","$","?","M","B",null],"character_chosen":"THE_SPIRIT","items_purchased":["Bag of Preparation","hexamod:Hexaguard","hexamod:GhostOfSpirePast","Apotheosis","TungstenRod","Chemical X","hexamod:FirstSeal","Lee\u0027s Waffle","Art of War"],"campfire_rested":0,"item_purchase_floors":[8,8,22,22,27,37,37,43,43],"current_hp_per_floor":[70,69,69,69,74,61,61,61,49,49,48,48,48,48,48,26,68,68,68,68,73,71,71,71,71,71,71,71,61,61,59,59,59,84,84,84,84,84,84,48,48,48,99,99,99,106,106,106,106,71],"gold":37,"neow_bonus":"TEN_PERCENT_HP_BONUS","is_daily":false,"chose_seed":false,"campfire_upgraded":7,"win_rate":0.0,"timestamp":1613953372,"path_taken":["R","M","M","M","?","E","T","$","?","R","M","E","?","?","M","BOSS","R","M","?","?","$","?","T","?","M","$","R","E","R","M","M","BOSS","R","M","$","?","?","E","T","M","$","R","?","?","?","?","M","BOSS"],"items_purchased_type":["Relic","Card","Card","Card","Relic","Relic","Card","Relic","Relic"],"build_version":"2020-12-22","purchased_purges":2,"victory":true,"max_hp_per_floor":[77,77,77,77,82,82,82,82,82,82,82,82,82,82,82,82,82,82,82,82,87,87,87,87,87,87,87,87,87,87,92,92,92,92,92,92,92,92,92,92,92,92,99,99,99,106,106,106,106,106],"relic_stats":{"Lee\u0027s Waffle":36,"counters":[26,114],"Bag of Preparation":[42],"Whetstone":["hexamod:BacktrackSmack","hexamod:Strike"],"War Paint":["hexamod:Defend","hexamod:Defend"],"Dream Catcher":0,"Shuriken":[56],"Tiny Chest":1,"MealTicket":15,"Art of War":[2],"Chemical X":[10],"Kunai":[17],"obtain_stats":[{"Lee\u0027s Waffle":43,"Bag of Preparation":8,"Whetstone":9,"War Paint":7,"sneckomod:SneckoTalon":34,"Dream Catcher":6,"Anchor":12,"Shuriken":20,"Strawberry":46,"Tiny Chest":29,"MealTicket":40,"Art of War":43,"Chemical X":37,"Kunai":41,"hexamod:SpiritBrand":0,"TungstenRod":27,"Runic Pyramid":17},{"Lee\u0027s Waffle":23,"Bag of Preparation":5,"Whetstone":6,"War Paint":4,"sneckomod:SneckoTalon":20,"Dream Catcher":4,"Anchor":8,"Shuriken":11,"Strawberry":24,"Tiny Chest":17,"MealTicket":22,"Art of War":23,"Chemical X":21,"Kunai":22,"hexamod:SpiritBrand":0,"TungstenRod":16,"Runic Pyramid":10},{"Lee\u0027s Waffle":95,"Bag of Preparation":17,"Whetstone":23,"War Paint":13,"sneckomod:SneckoTalon":85,"Dream Catcher":13,"Anchor":32,"Shuriken":46,"Strawberry":99,"Tiny Chest":69,"MealTicket":93,"Art of War":95,"Chemical X":89,"Kunai":93,"hexamod:SpiritBrand":0,"TungstenRod":65,"Runic Pyramid":43}],"TungstenRod":11},"card_choices":[{"not_picked":["hexamod:HeatCrush","hexamod:GhostShield"],"picked":"hexamod:SpectersWail","floor":2.0},{"not_picked":["hexamod:AdvancingGuard","hexamod:ShieldOfDarkness"],"picked":"hexamod:BacktrackSmack","floor":3.0},{"not_picked":["hexamod:ExtraCrispy","hexamod:BurningTouch"],"picked":"hexamod:FourthSeal","floor":4.0},{"not_picked":["hexamod:BacktrackSmack","hexamod:ThermalTransfer"],"picked":"hexamod:ApocalypticArmor","floor":6.0},{"not_picked":["hexamod:PhantomFireball","hexamod:GiftsFromTheDead"],"picked":"hexamod:TimeWarp","floor":8},{"not_picked":["hexamod:HeatShield","hexamod:FlamesFromBeyond"],"picked":"hexamod:SecondSeal","floor":9},{"not_picked":["hexamod:PhantomFireball","hexamod:RainOfEmbers"],"picked":"hexamod:Rewind","floor":11},{"not_picked":["hexamod:RetreatToShadows","hexamod:GhostShield"],"picked":"hexamod:TurnItUp","floor":12},{"not_picked":["Forethought","Purity"],"picked":"Master of Strategy","floor":14},{"not_picked":["hexamod:HeatMetal","hexamod:GhostLash","hexamod:FourthSeal"],"picked":"SKIP","floor":15},{"not_picked":["hexamod:ApocalypseNow","hexamod:HexaLevel"],"picked":"hexamod:TimeWarp","floor":16},{"not_picked":["hexamod:PowerFromBeyond","hexamod:HeatMetal","hexamod:Firestarter"],"picked":"SKIP","floor":19},{"not_picked":["hexamod:SwordOfDarkness","hexamod:PhantomCloak"],"picked":"hexamod:AdvancingGuard","floor":21},{"not_picked":["hexamod:HeatShield","hexamod:SwordOfDarkness","hexamod:NightmareStrike"],"picked":"SKIP","floor":22},{"not_picked":["hexamod:GhostShield","hexamod:HeatMetal","hexamod:ExtraCrispy"],"picked":"SKIP","floor":25},{"not_picked":["hexamod:StepThrough","hexamod:ParanormalForm","hexamod:SuperheatedStrike"],"picked":"SKIP","floor":26},{"not_picked":["hexamod:NightmareStrike","hexamod:GhostOfSpireFuture"],"picked":"hexamod:RainOfEmbers","floor":27},{"not_picked":["hexamod:SuperheatedStrike","hexamod:Firestarter","hexamod:FourthSeal"],"picked":"SKIP","floor":29},{"not_picked":["hexamod:FastForward","hexamod:InspiringFlames","hexamod:Incineration"],"picked":"SKIP","floor":31},{"not_picked":["hexamod:FourthSeal","hexamod:BacktrackSmack"],"picked":"hexamod:AdvancingGuard+1","floor":32},{"not_picked":["hexamod:UnleashSpirits","hexamod:TurnItUp"],"picked":"hexamod:GiftsFromTheDead","floor":33},{"not_picked":["hexamod:Hexaguard","hexamod:ThermalTransfer+1","hexamod:ShieldOfDarkness"],"picked":"SKIP","floor":36},{"not_picked":["expansioncontent:InvincibleStrength","expansioncontent:Chronoboost"],"picked":"expansioncontent:YouAreMine","floor":38},{"not_picked":["hexamod:FastForward","hexamod:HauntingEcho"],"picked":"hexamod:UnlimitedPower","floor":40},{"not_picked":["hexamod:InspiringFlames","hexamod:BurningTouch"],"picked":"hexamod:NecessarySacrifice","floor":42},{"not_picked":["hexamod:SpectersWail","hexamod:ThermalTransfer"],"picked":"hexamod:EmpoweredFlame","floor":45},{"not_picked":["hexamod:ChargedBarrage","hexamod:VolcanoVisage"],"picked":"hexamod:GhostflameBarrier","floor":49}],"player_experience":1992954,"relics_obtained":[{"floor":6.0,"key":"Dream Catcher"},{"floor":7.0,"key":"War Paint"},{"floor":9,"key":"Whetstone"},{"floor":12,"key":"Anchor"},{"floor":20,"key":"Shuriken"},{"floor":29,"key":"Tiny Chest"},{"floor":40,"key":"MealTicket"},{"floor":41,"key":"Kunai"},{"floor":46,"key":"Strawberry"}],"event_choices":[{"damage_healed":0.0,"max_hp_gain":5.0,"max_hp_loss":0.0,"gold_gain":0.0,"event_name":"Big Fish","player_choice":"Donut","floor":5.0,"gold_loss":0.0,"damage_taken":0.0},{"damage_healed":0,"gold_gain":1,"player_choice":"1","damage_taken":0,"max_hp_gain":0,"max_hp_loss":0,"event_name":"betterStone:BetterStone","floor":14,"gold_loss":0},{"damage_healed":0,"gold_gain":300,"player_choice":"Gold","damage_taken":0,"max_hp_gain":0,"max_hp_loss":0,"event_name":"Wheel of Change","floor":39,"gold_loss":0},{"damage_healed":0,"gold_gain":0,"player_choice":"Ignored","damage_taken":0,"max_hp_gain":0,"max_hp_loss":0,"event_name":"Mysterious Sphere","floor":48,"gold_loss":0}],"is_beta":false,"boss_relics":[{"not_picked":["Calling Bell","Fusion Hammer"],"picked":"Runic Pyramid"},{"not_picked":["SlaversCollar","bronze:MakeshiftBattery"],"picked":"sneckomod:SneckoTalon"}],"items_purged_floors":[27,43],"is_endless":false,"potions_floor_spawned":[2,6,9,11,12,19,26,29,36,40],"ascension_level":12}}