{"host":"2haferq23ht5nrlk","time":1613993394,"event":{"mods":["ATMod(°¢èªMod)","Act Like it!","Arknights","Aspiration","BaseMod","BetterRewards","Colored Powertips","Conspire","Dota2Spire","KomeijiMod","Lobotomy","LobotomyExtend","Minty Spire (QoL Compilation)","Quick Restart","Relic Filter Mod","Relic Stats","Reliquary","Replay The Spire","Spicy Shops","StSLib","TestMod","The Cursed","UnlockEverythingMod","¡¾ÒÅÎï¿¨ÅÆ¡¿REMEMod"],"gold_per_floor":[119,36,72,91,103,103,103],"floor_reached":6,"language":"ZHS","playtime":380,"items_purged":[],"score":36,"play_id":"7bfd421d-1ede-4144-ae29-584aea6c1e56","local_time":"20210222192954","is_ascension_mode":false,"campfire_choices":[],"circlet_count":0,"master_deck":["ats:Strike C","ats:Strike G","ats:Strike S","ats:Strike V","ats:Armor Crushing Shot","ats:Defend","ats:Defend","ats:Defend","ats:Defend","ats:Emotion Absorption","AT_ChampionStep","testmod-ChaoticCore","FairyFestival","ats:Blood Oath","ats:Consecutive Shot Auto+1","ats:Closed Bolt Burst Fire","LongBird","ats:True Silver Slash","MeatLantern","ats:Ignite","CrumblingArmor","ats:Explosion Area Strengthen"],"relics":["ats:Sanity","AT_ATBox","REME_ComplimentaryCards","testmod-TestBox","CogitoBucket","testmod-Maize","LetterFromLob","reliquary:RoseTintedGlasses"],"acts_visited":["Exordium"],"potions_floor_usage":[6],"damage_taken":[{"damage":10,"enemies":"Cultist","floor":1,"turns":4},{"damage":21,"enemies":"conspire:MimicChest","floor":3,"turns":4},{"damage":26,"enemies":"Jaw Worm","floor":4,"turns":3},{"damage":0,"enemies":"2 Louse","floor":5,"turns":2},{"damage":44,"enemies":"Lagavulin","floor":6,"turns":3}],"seed_played":"3113579036229021369","potions_obtained":[{"floor":3,"key":"Dota2Spire:Clarity"}],"is_trial":false,"path_per_floor":["M","$","?","M","M","E"],"character_chosen":"DOCTOR_CLASS","items_purchased":["ats:Consecutive Shot Auto+1","ats:Closed Bolt Burst Fire"],"campfire_rested":0,"item_purchase_floors":[2,2],"current_hp_per_floor":[62,62,49,26,29,0,0],"gold":103,"neow_bonus":"","is_daily":false,"chose_seed":false,"campfire_upgraded":0,"win_rate":0.0,"timestamp":1613993394,"path_taken":["M","$","?","M","M","E"],"items_purchased_type":["Card","Card"],"build_version":"2020-12-22","purchased_purges":0,"victory":false,"max_hp_per_floor":[72,72,72,72,72,72,72],"relic_stats":{"counters":[5,16],"obtain_stats":[{"testmod-Maize":0,"CogitoBucket":0,"AT_ATBox":0,"testmod-TestBox":0,"reliquary:RoseTintedGlasses":3,"LetterFromLob":1,"ats:Sanity":0,"REME_ComplimentaryCards":0},{"testmod-Maize":0,"CogitoBucket":0,"AT_ATBox":0,"testmod-TestBox":0,"reliquary:RoseTintedGlasses":2,"LetterFromLob":1,"ats:Sanity":0,"REME_ComplimentaryCards":0},{"testmod-Maize":0,"CogitoBucket":0,"AT_ATBox":0,"testmod-TestBox":0,"reliquary:RoseTintedGlasses":8,"LetterFromLob":4,"ats:Sanity":0,"REME_ComplimentaryCards":0}]},"card_choices":[{"not_picked":["UniverseFragment","MHz"],"picked":"FairyFestival","floor":1},{"not_picked":["ats:Shell Defense","ats:Consecutive Shot Auto"],"picked":"ats:Blood Oath","floor":1},{"not_picked":["ShyLook","Scorched"],"picked":"LongBird","floor":3},{"not_picked":["ats:Burning Ground","ats:LN2 Cannon"],"picked":"ats:True Silver Slash","floor":3},{"not_picked":["Alriune","QueenBee"],"picked":"MeatLantern","floor":4},{"not_picked":["ats:Guard Mode","ats:Closed Bolt Burst Fire"],"picked":"ats:Ignite","floor":4},{"not_picked":["BlackSwan","RedShoes"],"picked":"CrumblingArmor","floor":5},{"not_picked":["ats:Guardian Obelisk","ats:Curse Doll"],"picked":"ats:Explosion Area Strengthen","floor":5}],"player_experience":28162,"relics_obtained":[{"floor":1,"key":"LetterFromLob"},{"floor":3,"key":"reliquary:RoseTintedGlasses"}],"event_choices":[],"is_beta":false,"boss_relics":[],"items_purged_floors":[],"is_endless":false,"potions_floor_spawned":[3],"killed_by":"Lagavulin","ascension_level":0}}