{"host":"Christian","time":1613952424,"event":{"mods":["BaseMod","Minty Spire (QoL Compilation)","Relic Stats","StSLib"],"gold_per_floor":[111,111,128,18,18,52,52,77,102,52,70,87,87,102,102,178,178,191,191,204,223,223,223,223,223,223,253,253,269,269,140,140,214,214,232,232,232,15,15,46,46,59,59,71,71,0,0,33,33,33,33,33,33,33,33,33],"floor_reached":55,"language":"ENG","playtime":3762,"items_purged":["Strike_G","Strike_G+1","Strike_G+1"],"score":2098,"play_id":"676d45ff-c5ab-41de-999f-ec80feb220de","local_time":"20210221180704","is_ascension_mode":true,"campfire_choices":[{"floor":13,"key":"REST"},{"data":"Noxious Fumes","floor":15,"key":"SMITH"},{"floor":23,"key":"REST"},{"data":"Ghostly","floor":25,"key":"SMITH"},{"floor":28,"key":"REST"},{"floor":30,"key":"REST"},{"data":"Ghostly","floor":32,"key":"SMITH"},{"data":"Ghostly","floor":41,"key":"SMITH"},{"floor":45,"key":"REST"},{"floor":47,"key":"RECALL"},{"floor":49,"key":"REST"},{"floor":53,"key":"REST"}],"circlet_count":0,"master_deck":["AscendersBane","Strike_G+1","Strike_G+1","Defend_G+1","Defend_G+1","Defend_G+1","Defend_G+1","Defend_G+1","Survivor","Neutralize","Dash+1","Slice","Deflect","Blade Dance","Deadly Poison","Noxious Fumes+1","Blur","Flying Knee","Predator","Slice+1","Catalyst","Ghostly+1","Ghostly+1","Ghostly+1","Calculated Gamble","Malaise","Blur","Panacea","Flying Knee+1","Outmaneuver+1","Calculated Gamble+1","PiercingWail","Blur"],"relics":["Ring of the Snake","NeowsBlessing","Snake Skull","Dream Catcher","Orichalcum","Smiling Mask","Runic Pyramid","Incense Burner","Bottled Lightning","SlaversCollar","ClockworkSouvenir","White Beast Statue","Red Mask","Lantern"],"acts_visited":["TheCity","TheBeyond","TheEnding"],"potions_floor_usage":[8,8,16,33,42,44,44,50,51],"damage_taken":[{"damage":0,"enemies":"Jaw Worm","floor":1,"turns":1},{"damage":0,"enemies":"Small Slimes","floor":3,"turns":1},{"damage":0,"enemies":"Lagavulin","floor":6,"turns":2},{"damage":31,"enemies":"Gremlin Nob","floor":8,"turns":5},{"damage":0,"enemies":"Cultist","floor":11,"turns":3},{"damage":0,"enemies":"3 Louse","floor":12,"turns":4},{"damage":0,"enemies":"Lots of Slimes","floor":14,"turns":5},{"damage":13,"enemies":"The Guardian","floor":16,"turns":12},{"damage":28,"enemies":"Chosen","floor":18,"turns":6},{"damage":23,"enemies":"Spheric Guardian","floor":20,"turns":8},{"damage":0,"enemies":"Centurion and Healer","floor":21,"turns":8},{"damage":20,"enemies":"Book of Stabbing","floor":27,"turns":7},{"damage":18,"enemies":"Snake Plant","floor":29,"turns":5},{"damage":0,"enemies":"Automaton","floor":33,"turns":12},{"damage":0,"enemies":"Orb Walker","floor":35,"turns":4},{"damage":2,"enemies":"Nemesis","floor":40,"turns":12},{"damage":0,"enemies":"3 Darklings","floor":42,"turns":7},{"damage":13,"enemies":"Transient","floor":44,"turns":6},{"damage":0,"enemies":"Reptomancer","floor":48,"turns":9},{"damage":0,"enemies":"Awakened One","floor":50,"turns":26},{"damage":34,"enemies":"Donu and Deca","floor":51,"turns":14},{"damage":41,"enemies":"Shield and Spear","floor":55,"turns":2}],"seed_played":"8360891527645299817","potions_obtained":[{"floor":7,"key":"GhostInAJar"},{"floor":11,"key":"Dexterity Potion"},{"floor":14,"key":"FearPotion"},{"floor":18,"key":"Poison Potion"},{"floor":33,"key":"DuplicationPotion"},{"floor":42,"key":"Strength Potion"},{"floor":44,"key":"DuplicationPotion"},{"floor":48,"key":"SpeedPotion"}],"is_trial":false,"path_per_floor":["M","?","M","$","?","E","?","E","T","$","M","M","R","M","R","B",null,"M","?","M","M","?","R","?","R","T","E","R","M","R","$","R","B",null,"M","?","?","$","?","E","R","M","T","M","R","?","R","E","R","B","B",null,"R","$","E"],"character_chosen":"THE_SILENT","items_purchased":["Fire Potion","Explosive Potion","DuplicationPotion","ClockworkSouvenir"],"campfire_rested":7,"item_purchase_floors":[4,4,31,38],"current_hp_per_floor":[59,59,59,59,48,48,48,17,17,17,17,17,36,36,36,23,55,27,76,53,53,53,75,38,38,38,18,29,11,22,22,22,22,34,34,34,34,34,34,32,32,32,32,19,29,29,29,29,36,36,2,28,36,36,0,0],"gold":33,"neow_bonus":"THREE_ENEMY_KILL","is_daily":false,"chose_seed":false,"campfire_upgraded":4,"win_rate":0.0,"timestamp":1613952424,"path_taken":["M","?","M","$","?","E","?","E","T","$","M","M","R","?","R","BOSS","M","?","?","M","?","R","?","R","T","E","R","M","R","$","R","BOSS","M","?","?","?","?","E","R","M","T","M","R","?","R","E","R","BOSS","BOSS","R","$","E"],"items_purchased_type":["Potion","Potion","Potion","Relic"],"build_version":"2020-12-18","purchased_purges":3,"victory":false,"max_hp_per_floor":[66,66,66,66,66,66,66,66,66,66,66,66,66,66,66,66,66,66,76,76,76,76,76,38,38,38,38,38,38,38,38,38,38,38,38,38,38,38,36,36,36,36,36,36,36,36,36,36,36,36,36,36,36,36,36,36],"relic_stats":{"Dream Catcher":7,"counters":[22,159],"Snake Skull":[161],"Orichalcum":[192],"Smiling Mask":150,"obtain_stats":[{"Lantern":48,"NeowsBlessing":0,"Snake Skull":5,"Incense Burner":26,"Orichalcum":8,"Smiling Mask":9,"White Beast Statue":40,"ClockworkSouvenir":38,"SlaversCollar":34,"Dream Catcher":6,"Red Mask":46,"Bottled Lightning":27,"Ring of the Snake":0,"Runic Pyramid":17},{"Lantern":19,"NeowsBlessing":0,"Snake Skull":2,"Incense Burner":11,"Orichalcum":4,"Smiling Mask":4,"White Beast Statue":16,"ClockworkSouvenir":15,"SlaversCollar":14,"Dream Catcher":3,"Red Mask":18,"Bottled Lightning":12,"Ring of the Snake":0,"Runic Pyramid":8},{"Lantern":117,"NeowsBlessing":0,"Snake Skull":2,"Incense Burner":55,"Orichalcum":9,"Smiling Mask":9,"White Beast Statue":95,"ClockworkSouvenir":83,"SlaversCollar":79,"Dream Catcher":4,"Red Mask":108,"Bottled Lightning":62,"Ring of the Snake":0,"Runic Pyramid":33}],"Ring of the Snake":[44]},"card_choices":[{"not_picked":["Sucker Punch","Noxious Fumes"],"picked":"Dash","floor":1},{"not_picked":["Finisher","PiercingWail"],"picked":"Slice","floor":3},{"not_picked":["Accuracy","Setup"],"picked":"Deflect","floor":6},{"not_picked":["Masterful Stab","Dagger Throw"],"picked":"Blade Dance","floor":8},{"not_picked":["Expertise","Deflect","Bane"],"picked":"SKIP","floor":11},{"not_picked":["Burst","Outmaneuver"],"picked":"Deadly Poison","floor":12},{"not_picked":["Reflex","Riddle With Holes"],"picked":"Noxious Fumes","floor":13},{"not_picked":["Underhanded Strike","Dagger Spray"],"picked":"Blur","floor":14},{"not_picked":["Bullet Time","Tools of the Trade"],"picked":"Burst","floor":16},{"not_picked":["Quick Slash","Dagger Spray"],"picked":"Flying Knee","floor":18},{"not_picked":["Blade Dance","Expertise"],"picked":"Predator","floor":20},{"not_picked":["Flying Knee","Predator"],"picked":"Slice+1","floor":21},{"not_picked":["Dagger Spray","Endless Agony"],"picked":"Catalyst","floor":23},{"not_picked":["Poisoned Stab","Dodge and Roll"],"picked":"Calculated Gamble","floor":27},{"not_picked":["Bane","Eviscerate","Acrobatics"],"picked":"SKIP","floor":29},{"not_picked":["Unload","Adrenaline"],"picked":"Malaise","floor":33},{"not_picked":["Heel Hook","Quick Slash"],"picked":"Blur","floor":35},{"not_picked":["Dramatic Entrance","Swift Strike"],"picked":"Panacea","floor":36},{"not_picked":["Bane","Sucker Punch"],"picked":"Flying Knee+1","floor":40},{"not_picked":["Terror","Flying Knee"],"picked":"Outmaneuver+1","floor":42},{"not_picked":["Concentrate","Flying Knee"],"picked":"Calculated Gamble+1","floor":44},{"not_picked":["Distraction","Endless Agony+1"],"picked":"PiercingWail","floor":45},{"not_picked":["Backflip","Storm of Steel"],"picked":"Blur","floor":48}],"player_experience":109552,"relics_obtained":[{"floor":6,"key":"Dream Catcher"},{"floor":8,"key":"Orichalcum"},{"floor":9,"key":"Smiling Mask"},{"floor":26,"key":"Incense Burner"},{"floor":27,"key":"Bottled Lightning"},{"floor":40,"key":"White Beast Statue"},{"floor":48,"key":"Lantern"}],"event_choices":[{"damage_healed":0,"gold_gain":0,"player_choice":"Grow","damage_taken":0,"max_hp_gain":0,"max_hp_loss":0,"event_name":"Living Wall","floor":2,"gold_loss":0,"cards_upgraded":["Dash"]},{"damage_healed":0,"gold_gain":0,"player_choice":"Success","damage_taken":11,"relics_obtained":["Snake Skull"],"max_hp_gain":0,"max_hp_loss":0,"event_name":"Scrap Ooze","floor":5,"gold_loss":0},{"damage_healed":0,"gold_gain":0,"player_choice":"Got Potions","damage_taken":0,"max_hp_gain":0,"max_hp_loss":0,"event_name":"Lab","floor":7,"gold_loss":0},{"cards_removed":["Burst"],"damage_healed":39,"gold_gain":0,"player_choice":"Offered Rare","damage_taken":0,"max_hp_gain":10,"max_hp_loss":0,"event_name":"Bonfire Elementals","floor":19,"gold_loss":0},{"damage_healed":0,"gold_gain":0,"player_choice":"Simplicity","damage_taken":0,"max_hp_gain":0,"max_hp_loss":0,"event_name":"Back to Basics","floor":22,"gold_loss":0,"cards_upgraded":["Strike_G","Strike_G","Strike_G","Strike_G","Defend_G","Defend_G","Defend_G","Defend_G","Defend_G"]},{"damage_healed":0,"gold_gain":0,"player_choice":"Became a Ghost","damage_taken":0,"max_hp_gain":0,"max_hp_loss":38,"event_name":"Ghosts","floor":24,"gold_loss":0,"cards_obtained":["Ghostly","Ghostly","Ghostly"]},{"damage_healed":0,"gold_gain":0,"player_choice":"Memory 1","damage_taken":0,"max_hp_gain":0,"max_hp_loss":0,"event_name":"SensoryStone","floor":36,"gold_loss":0},{"damage_healed":0,"gold_gain":0,"player_choice":"Ignored","damage_taken":0,"max_hp_gain":0,"max_hp_loss":0,"event_name":"Mysterious Sphere","floor":37,"gold_loss":0},{"damage_healed":0,"gold_gain":0,"player_choice":"Max HP","damage_taken":0,"max_hp_gain":0,"max_hp_loss":2,"event_name":"Winding Halls","floor":39,"gold_loss":0},{"damage_healed":0,"gold_gain":0,"player_choice":"Paid","damage_taken":0,"relics_obtained":["Red Mask"],"max_hp_gain":0,"max_hp_loss":0,"event_name":"Tomb of Lord Red Mask","floor":46,"gold_loss":71}],"is_beta":true,"boss_relics":[{"not_picked":["Cursed Key","Coffee Dripper"],"picked":"Runic Pyramid"},{"not_picked":["SacredBark","Busted Crown"],"picked":"SlaversCollar"}],"items_purged_floors":[10,31,38],"is_endless":false,"potions_floor_spawned":[6,11,14,18,33,40,42,44,48],"killed_by":"Shield and Spear","ascension_level":20}}