{"host":"rsokn1b2nrspb1iw","time":1613979297,"event":{"mods":["BaseMod","Better Altar","Better Match","Better Note","Better Sensory Stone","Better Skull","Better Third Choice","Better Vampires","BetterRewards","Block Reminder","Colored Map","Colored Powertips","Curses Come First","Custom Start","GifTheSpireLib","Hermit","Ironclad Rager","Minty Spire (QoL Compilation)","Quick Restart","Rare Cards Sparkle","Relic Stats","Spire Birthday Party","StSLib","Unceasing Turn Reminder"],"gold_per_floor":[118,118,118,118,293,321,332,366,393,405,415,444,457,522,522,623,623,636,327,345,345,345,345,362,376,400,400,419,439,196,207,207,207,207],"floor_reached":33,"language":"ENG","playtime":984,"items_purged":["Doubt","Defend_G"],"score":344,"play_id":"22c53635-05e6-4c26-996b-6fd877365fa9","local_time":"20210222003457","is_ascension_mode":false,"campfire_choices":[{"data":"Noxious Fumes","floor":15.0,"key":"SMITH"},{"data":"Bouncing Flask","floor":23,"key":"SMITH"},{"floor":32,"key":"REST"}],"circlet_count":0,"master_deck":["Defend_G","Defend_G","Defend_G","Survivor","Neutralize","Bouncing Flask+1","Deadly Poison","Poisoned Stab","Burst","Backstab","Poisoned Stab","Deadly Poison","Noxious Fumes+1","Corpse Explosion","Deadly Poison","Bouncing Flask+1","Bite","Bite","Bite","Bite","Bite","Deadly Poison+1","Envenom","Catalyst","Crippling Poison"],"relics":["Ring of the Snake","NeowsBlessing","Strawberry","Mercury Hourglass","Anchor","Eternal Feather","Gambling Chip","Philosopher\u0027s Stone","TwistedFunnel","Oddly Smooth Stone","Membership Card"],"acts_visited":["Exordium","TheCity"],"potions_floor_usage":[18,29,31,33],"damage_taken":[{"damage":0.0,"enemies":"Jaw Worm","floor":1.0,"turns":1.0},{"damage":0.0,"enemies":"Gremlin Nob","floor":6.0,"turns":1.0},{"damage":0.0,"enemies":"2 Louse","floor":7.0,"turns":1.0},{"damage":8.0,"enemies":"Lagavulin","floor":8.0,"turns":5.0},{"damage":0.0,"enemies":"Small Slimes","floor":10.0,"turns":3.0},{"damage":0.0,"enemies":"Blue Slaver","floor":11.0,"turns":3.0},{"damage":14.0,"enemies":"Gremlin Nob","floor":12.0,"turns":3.0},{"damage":0.0,"enemies":"Looter","floor":13.0,"turns":2.0},{"damage":2.0,"enemies":"Gremlin Nob","floor":14.0,"turns":3.0},{"damage":27.0,"enemies":"Hexaghost","floor":16.0,"turns":6.0},{"damage":12,"enemies":"3 Byrds","floor":18,"turns":3},{"damage":11,"enemies":"Shell Parasite","floor":20,"turns":3},{"damage":16,"enemies":"Snecko","floor":24,"turns":3},{"damage":1,"enemies":"Snake Plant","floor":25,"turns":3},{"damage":12,"enemies":"Sentry and Sphere","floor":28,"turns":3},{"damage":25,"enemies":"Shelled Parasite and Fungi","floor":29,"turns":3},{"damage":14,"enemies":"Snake Plant","floor":31,"turns":2},{"damage":41,"enemies":"Automaton","floor":33,"turns":4}],"seed_played":"-5204644236522126721","potions_obtained":[{"floor":6.0,"key":"Regen Potion"},{"floor":7.0,"key":"Poison Potion"},{"floor":13.0,"key":"Explosive Potion"},{"floor":16.0,"key":"CunningPotion"},{"floor":20,"key":"EssenceOfSteel"},{"floor":25,"key":"Poison Potion"}],"is_trial":false,"path_per_floor":["M","?","?","?","?","E","M","E","T","M","M","E","M","?","R","B",null,"M","$","M","?","?","R","M","M","T","?","M","M","$","M","R","B"],"character_chosen":"THE_SILENT","items_purchased":["TwistedFunnel","Bouncing Flask","Membership Card","Crippling Poison"],"campfire_rested":1,"item_purchase_floors":[19,19,30,30],"current_hp_per_floor":[70,63,63,63,63,63,63,55,55,55,55,41,41,39,51,24,77,65,65,54,54,53,53,37,42,42,42,32,13,13,8,38,0,0],"gold":207,"neow_bonus":"THREE_ENEMY_KILL","is_daily":false,"chose_seed":false,"campfire_upgraded":2,"win_rate":0.0,"timestamp":1613979297,"path_taken":["M","?","?","?","?","E","M","E","T","M","M","E","?","?","R","BOSS","M","$","M","?","?","R","M","M","T","?","M","?","$","M","R","BOSS"],"items_purchased_type":["Relic","Card","Relic","Card"],"build_version":"2020-12-22","purchased_purges":2,"victory":false,"max_hp_per_floor":[70,70,70,77,77,77,77,77,77,77,77,77,77,77,77,77,77,77,77,77,77,53,53,53,53,53,53,53,53,53,53,53,53,53],"relic_stats":{"counters":[18,51],"Gambling Chip":[20],"Eternal Feather":27,"obtain_stats":[{"TwistedFunnel":19,"Anchor":8,"NeowsBlessing":0,"Strawberry":4,"Gambling Chip":14,"Oddly Smooth Stone":26,"Eternal Feather":12,"Philosopher\u0027s Stone":17,"Membership Card":30,"Ring of the Snake":0,"Mercury Hourglass":6},{"TwistedFunnel":11,"Anchor":4,"NeowsBlessing":0,"Strawberry":1,"Gambling Chip":9,"Oddly Smooth Stone":14,"Eternal Feather":7,"Philosopher\u0027s Stone":10,"Membership Card":16,"Ring of the Snake":0,"Mercury Hourglass":2},{"TwistedFunnel":30,"Anchor":8,"NeowsBlessing":0,"Strawberry":1,"Gambling Chip":21,"Oddly Smooth Stone":39,"Eternal Feather":16,"Philosopher\u0027s Stone":27,"Membership Card":45,"Ring of the Snake":0,"Mercury Hourglass":2}],"Ring of the Snake":[36],"Mercury Hourglass":[168]},"card_choices":[{"not_picked":["Acrobatics","Outmaneuver"],"picked":"Bouncing Flask","floor":1.0},{"not_picked":["PiercingWail","Deflect"],"picked":"Deadly Poison","floor":6.0},{"not_picked":["Escape Plan","Underhanded Strike"],"picked":"Poisoned Stab","floor":7.0},{"not_picked":["Choke","Tactician"],"picked":"Burst","floor":8.0},{"not_picked":["Dagger Spray","Dash","Cloak And Dagger"],"picked":"SKIP","floor":10.0},{"not_picked":["Infinite Blades","Dagger Spray"],"picked":"Backstab","floor":11.0},{"not_picked":["Prepared","Sucker Punch"],"picked":"Poisoned Stab","floor":12.0},{"not_picked":["Backflip","Bane"],"picked":"Deadly Poison","floor":13.0},{"not_picked":["Backstab","Reflex"],"picked":"Noxious Fumes","floor":14.0},{"not_picked":["Night Terror","Malaise"],"picked":"Corpse Explosion","floor":16.0},{"not_picked":["Infinite Blades+1","Poisoned Stab"],"picked":"Deadly Poison","floor":18},{"not_picked":["Well Laid Plans","Dagger Throw","Accuracy"],"picked":"SKIP","floor":20},{"not_picked":["Blade Dance","Flying Knee+1","Dagger Spray+1"],"picked":"SKIP","floor":24},{"not_picked":["Accuracy","Leg Sweep"],"picked":"Deadly Poison+1","floor":25},{"not_picked":["PiercingWail","Bane+1"],"picked":"Catalyst","floor":28},{"not_picked":["Blade Dance","After Image","Terror"],"picked":"SKIP","floor":29},{"not_picked":["Quick Slash+1","Dagger Spray+1","Deflect"],"picked":"SKIP","floor":31}],"player_experience":191716,"relics_obtained":[{"floor":6.0,"key":"Mercury Hourglass"},{"floor":8.0,"key":"Anchor"},{"floor":12.0,"key":"Eternal Feather"},{"floor":14.0,"key":"Gambling Chip"},{"floor":26,"key":"Oddly Smooth Stone"}],"event_choices":[{"cards_removed":["Defend_G"],"damage_healed":0.0,"max_hp_gain":0.0,"max_hp_loss":0.0,"gold_gain":0.0,"event_name":"Golden Wing","player_choice":"Card Removal","floor":2.0,"gold_loss":0.0,"damage_taken":7.0},{"damage_healed":0.0,"max_hp_gain":0.0,"max_hp_loss":0.0,"gold_gain":0.0,"event_name":"Living Wall","player_choice":"Grow","floor":3.0,"gold_loss":0.0,"damage_taken":0.0,"cards_upgraded":["Bouncing Flask"]},{"damage_healed":0.0,"max_hp_gain":0.0,"max_hp_loss":0.0,"gold_gain":0.0,"event_name":"betterThird:BetterScrap","player_choice":"Relic ","floor":4.0,"gold_loss":0.0,"damage_taken":7.0,"cards_obtained":["Reinforced Body"]},{"damage_healed":0.0,"max_hp_gain":0.0,"max_hp_loss":0.0,"gold_gain":175.0,"event_name":"betterThird:BetterSerpent","player_choice":"AGREE","floor":5.0,"gold_loss":0.0,"damage_taken":118.0},{"damage_healed":0.0,"max_hp_gain":0.0,"max_hp_loss":0.0,"gold_gain":0.0,"event_name":"Dead Adventurer","player_choice":"Searched \u00271\u0027 times","floor":14.0,"gold_loss":0.0,"damage_taken":0.0},{"damage_healed":0,"gold_gain":0,"player_choice":"Ignored","damage_taken":0,"max_hp_gain":0,"max_hp_loss":0,"event_name":"betterNote:BetterNote","floor":21,"gold_loss":0,"cards_obtained":["Electrodynamics"]},{"damage_healed":0,"gold_gain":0,"player_choice":"Became a vampire","damage_taken":0,"max_hp_gain":0,"max_hp_loss":24,"event_name":"Vampires","floor":22,"gold_loss":0,"cards_obtained":["Bite","Bite","Bite","Bite","Bite"]},{"damage_healed":0,"gold_gain":0,"player_choice":"Read","damage_taken":0,"max_hp_gain":0,"max_hp_loss":0,"event_name":"The Library","floor":27,"gold_loss":0,"cards_obtained":["Envenom"]}],"is_beta":false,"boss_relics":[{"not_picked":["Pandora\u0027s Box","WristBlade"],"picked":"Philosopher\u0027s Stone"}],"items_purged_floors":[19,30],"is_endless":false,"potions_floor_spawned":[6,7,13,14,16,20,25],"killed_by":"Automaton","ascension_level":0}}