{"host":"64ub6hloe4gtkym4","time":1613995108,"event":{"mods":["AchievementEnabler","BaseMod","Colored Map","Colored Powertips","Googly Eyes","Hermit","Highlight Path","Hubris","Minty Spire (QoL Compilation)","Reliquary","Shop Mod","StSLib","The Construct","The Runesmith","The Servant 0.9.4"],"gold_per_floor":[115,134,151,164,22,22,33,133,133,153,169,180,180,199,199,294,294,312,312,323,335,191,191,210,125,177,24,39,39,52,68,68,171,171,184,184,200,200,200],"floor_reached":38,"language":"ENG","playtime":3400,"items_purged":["Brutality"],"score":376,"play_id":"bf7f45bb-52f4-4dee-8690-00c017d8bdf2","local_time":"20210222115828","is_ascension_mode":false,"campfire_choices":[{"data":"Iron Wave","floor":6,"key":"SMITH"},{"floor":13,"key":"REST"},{"data":"Cleave","floor":15,"key":"SMITH"},{"data":"Heavy Blade","floor":23,"key":"SMITH"},{"floor":32,"key":"REST"}],"circlet_count":0,"master_deck":["Strike_R","Strike_R","Strike_R","Strike_R","Strike_R","Defend_R","Defend_R","Defend_R","Defend_R","Bash","Iron Wave+1","Shrug It Off","Intimidate","Inflame","Perfected Strike","Heavy Blade+1","Inflame","Cleave+1","Uppercut","Bludgeon","Shockwave","Pummel","Rampage","Body Slam+1","Clash+1","Barricade","Entrench","Perfected Strike+1"],"relics":["Burning Blood","Velvet Choker","Lee\u0027s Waffle","Potion Belt","reliquary:RoseTintedGlasses","Juzu Bracelet","reliquary:BigHammer"],"acts_visited":["Exordium","TheCity","TheBeyond"],"potions_floor_usage":[12,16,21,31,33,33,33,33,33,33,38,38,38],"damage_taken":[{"damage":8,"enemies":"Cultist","floor":1,"turns":6},{"damage":9,"enemies":"Jaw Worm","floor":2,"turns":4},{"damage":1,"enemies":"2 Louse","floor":3,"turns":3},{"damage":0,"enemies":"Exordium Wildlife","floor":4,"turns":6},{"damage":1,"enemies":"3 Louse","floor":7,"turns":4},{"damage":15,"enemies":"Large Slime","floor":10,"turns":6},{"damage":9,"enemies":"2 Fungi Beasts","floor":11,"turns":4},{"damage":15,"enemies":"Looter","floor":12,"turns":3},{"damage":8,"enemies":"Lots of Slimes","floor":14,"turns":4},{"damage":50,"enemies":"Slime Boss","floor":16,"turns":8},{"damage":0,"enemies":"Chosen","floor":18,"turns":4},{"damage":16,"enemies":"3 Byrds","floor":20,"turns":6},{"damage":15,"enemies":"Snake Plant","floor":21,"turns":3},{"damage":6,"enemies":"Snecko","floor":24,"turns":3},{"damage":15,"enemies":"Centurion and Healer","floor":28,"turns":6},{"damage":13,"enemies":"Chosen and Byrds","floor":30,"turns":4},{"damage":24,"enemies":"Snake Plant","floor":31,"turns":3},{"damage":40,"enemies":"hubris:MusketHawk","floor":33,"turns":7},{"damage":24,"enemies":"3 Darklings","floor":35,"turns":4},{"damage":35,"enemies":"Orb Walker","floor":37,"turns":5},{"damage":51,"enemies":"Spire Growth","floor":38,"turns":4}],"seed_played":"6007964664334433637","potions_obtained":[{"floor":1,"key":"Fruit Juice"},{"floor":3,"key":"BloodPotion"},{"floor":4,"key":"EntropicBrew"},{"floor":12,"key":"Energy Potion"},{"floor":18,"key":"Weak Potion"},{"floor":28,"key":"Energy Potion"},{"floor":35,"key":"DuplicationPotion"},{"floor":37,"key":"Energy Potion"}],"is_trial":false,"path_per_floor":["M","M","M","M","$","R","M","?","T","M","M","M","R","M","R","B",null,"M","?","M","M","$","R","M","?","T","$","M","$","M","M","R","B",null,"M","?","M","M"],"character_chosen":"IRONCLAD","items_purchased":["Inflame","Lee\u0027s Waffle","Juzu Bracelet"],"campfire_rested":2,"item_purchase_floors":[5,22,27],"current_hp_per_floor":[78,75,80,80,80,80,80,80,80,71,68,64,85,83,83,56,85,85,85,75,66,92,92,92,92,92,92,83,83,76,58,85,51,92,74,74,45,0,0],"gold":200,"neow_bonus":"ONE_RANDOM_RARE_CARD","is_daily":false,"chose_seed":false,"campfire_upgraded":3,"win_rate":0.0,"timestamp":1613995108,"path_taken":["M","M","?","M","?","R","M","?","T","?","M","M","R","M","R","BOSS","M","?","M","?","$","R","M","?","T","?","M","$","M","M","R","BOSS","M","?","M","M"],"items_purchased_type":["Card","Relic","Relic"],"build_version":"2020-12-22","purchased_purges":1,"victory":false,"max_hp_per_floor":[80,80,80,80,80,80,80,80,80,80,80,85,85,85,85,85,85,85,85,85,85,92,92,92,92,92,92,92,92,92,92,92,92,92,92,92,92,92,92],"card_choices":[{"not_picked":["Burning Pact","Carnage"],"picked":"Iron Wave","floor":1},{"not_picked":["Hemokinesis","Wild Strike"],"picked":"Shrug It Off","floor":2},{"not_picked":["Burning Pact","Bloodletting","Iron Wave"],"picked":"SKIP","floor":3},{"not_picked":["Wild Strike","Iron Wave"],"picked":"Intimidate","floor":4},{"not_picked":["Berserk","Inflame"],"picked":"Perfected Strike","floor":7},{"not_picked":["Flame Barrier","Sever Soul"],"picked":"Heavy Blade","floor":10},{"not_picked":["hubris:ReadiedAction","Clothesline"],"picked":"Inflame","floor":11},{"not_picked":["Disarm","Blood for Blood"],"picked":"Cleave","floor":12},{"not_picked":["Rage","Clothesline"],"picked":"Uppercut","floor":14},{"not_picked":["hubris:StunningStrike","Berserk"],"picked":"Bludgeon","floor":16},{"not_picked":["Flex","Heavy Blade"],"picked":"Entrench+1","floor":18},{"not_picked":["Uppercut","Shockwave+1"],"picked":"Pummel","floor":20},{"not_picked":["Warcry","Sever Soul+1","Flex"],"picked":"SKIP","floor":21},{"not_picked":["Reckless Charge","True Grit","Ghostly Armor+1"],"picked":"SKIP","floor":24},{"not_picked":["Anger","Heavy Blade"],"picked":"Rampage","floor":28},{"not_picked":["Inflame","Warcry"],"picked":"Body Slam+1","floor":30},{"not_picked":["True Grit","Shockwave+1"],"picked":"Clash+1","floor":31},{"not_picked":["Immolate","Fiend Fire"],"picked":"Barricade","floor":33},{"not_picked":["Shrug It Off","Pommel Strike"],"picked":"Entrench","floor":35},{"not_picked":["Cleave","Armaments"],"picked":"Perfected Strike+1","floor":37}],"player_experience":49550,"relics_obtained":[{"floor":26,"key":"reliquary:RoseTintedGlasses"}],"event_choices":[{"damage_healed":0,"gold_gain":100,"player_choice":"Gold","damage_taken":0,"max_hp_gain":0,"max_hp_loss":0,"event_name":"Wheel of Change","floor":8,"gold_loss":0},{"cards_removed":["Entrench"],"damage_healed":0,"gold_gain":0,"player_choice":"Took Card","damage_taken":0,"max_hp_gain":0,"max_hp_loss":0,"event_name":"NoteForYourself","floor":19,"gold_loss":0,"cards_obtained":["Shockwave"]},{"damage_healed":0,"gold_gain":0,"player_choice":"Obtained Relic","damage_taken":0,"relics_obtained":["Potion Belt"],"max_hp_gain":0,"max_hp_loss":0,"event_name":"Addict","floor":25,"gold_loss":85},{"damage_healed":0,"gold_gain":0,"player_choice":"Ignored","damage_taken":0,"max_hp_gain":0,"max_hp_loss":0,"event_name":"Mysterious Sphere","floor":36,"gold_loss":0}],"is_beta":false,"boss_relics":[{"not_picked":["Coffee Dripper","reliquary:WritOfMandamus"],"picked":"Velvet Choker"},{"not_picked":["hubris:Stopwatch","Cursed Key"],"picked":"reliquary:BigHammer"}],"items_purged_floors":[5],"is_endless":false,"potions_floor_spawned":[1,3,4,12,18,20,28,35,37],"killed_by":"Spire Growth","ascension_level":0}}