{"host":"iv24d026eac8pm4e","time":1613956288,"event":{"mods":["BaseMod","Minty Spire (QoL Compilation)"],"gold_per_floor":[19,36,48,48,11,11,25,25,25,358,374,389,424,438,438,512,512,527,17,28,48,66,66,98,98,145,145,223,223,256,274,274,352,352,364,381,80,80,17,17,17],"floor_reached":40,"language":"ENG","playtime":2515,"items_purged":["Strike_G","Strike_G","Strike_G"],"score":861,"play_id":"6bed6df3-a793-483a-80d9-8664421c0c22","local_time":"20210221171128","is_ascension_mode":true,"campfire_choices":[{"data":"Footwork","floor":6,"key":"SMITH"},{"data":"Glass Knife","floor":8,"key":"SMITH"},{"data":"Venomology","floor":15,"key":"SMITH"},{"data":"Envenom","floor":23,"key":"SMITH"},{"floor":25,"key":"REST"},{"data":"Night Terror","floor":27,"key":"SMITH"},{"data":"Well Laid Plans","floor":32,"key":"SMITH"}],"circlet_count":0,"master_deck":["AscendersBane","Strike_G","Defend_G","Defend_G","Defend_G","Defend_G","Defend_G","Survivor","Neutralize","Blade Dance","Cloak And Dagger","PiercingWail","Glass Knife+1","Footwork+1","Venomology+1","Dodge and Roll","Finisher","Noxious Fumes","Backstab","Envenom+1","Footwork","Dodge and Roll","Well Laid Plans+1","Dagger Spray+1","Catalyst+1","Night Terror+1","Dodge and Roll+1","After Image","CurseOfTheBell","Crippling Poison"],"relics":["Ring of the Snake","CaptainsWheel","White Beast Statue","Old Coin","Kunai","Black Star","Oddly Smooth Stone","HandDrill","Red Mask","HornCleat","Torii","Mango","Calling Bell","Happy Flower","Meat on the Bone","TungstenRod","Membership Card","Bag of Marbles"],"acts_visited":["Exordium","TheCity","TheBeyond"],"potions_floor_usage":[10,11,11,12,13,13,16,18,20,21,21,22,24,30,30,31,33,33,33,35,36,40,40],"damage_taken":[{"damage":2,"enemies":"2 Louse","floor":1,"turns":4},{"damage":2,"enemies":"Jaw Worm","floor":2,"turns":4},{"damage":0,"enemies":"Cultist","floor":3,"turns":3},{"damage":0,"enemies":"Gremlin Gang","floor":7,"turns":6},{"damage":6,"enemies":"Lagavulin","floor":10,"turns":6},{"damage":0,"enemies":"Exordium Wildlife","floor":11,"turns":4},{"damage":2,"enemies":"3 Louse","floor":12,"turns":5},{"damage":14,"enemies":"Gremlin Nob","floor":13,"turns":4},{"damage":0,"enemies":"Blue Slaver","floor":14,"turns":6},{"damage":18,"enemies":"Slime Boss","floor":16,"turns":8},{"damage":0,"enemies":"Chosen","floor":18,"turns":5},{"damage":1,"enemies":"3 Byrds","floor":20,"turns":6},{"damage":8,"enemies":"Centurion and Healer","floor":21,"turns":7},{"damage":6,"enemies":"3 Cultists","floor":22,"turns":6},{"damage":18,"enemies":"Masked Bandits","floor":24,"turns":6},{"damage":8,"enemies":"Slavers","floor":30,"turns":7},{"damage":1,"enemies":"Sentry and Sphere","floor":31,"turns":10},{"damage":17,"enemies":"Automaton","floor":33,"turns":13},{"damage":0,"enemies":"3 Shapes","floor":35,"turns":10},{"damage":18,"enemies":"3 Darklings","floor":36,"turns":7},{"damage":65,"enemies":"Reptomancer","floor":40,"turns":4}],"seed_played":"-3001431670714470475","potions_obtained":[{"floor":3,"key":"LiquidBronze"},{"floor":7,"key":"SkillPotion"},{"floor":10,"key":"DistilledChaos"},{"floor":11,"key":"FearPotion"},{"floor":13,"key":"SteroidPotion"},{"floor":16,"key":"SkillPotion"},{"floor":18,"key":"Fire Potion"},{"floor":21,"key":"Strength Potion"},{"floor":30,"key":"Fire Potion"},{"floor":31,"key":"DuplicationPotion"},{"floor":33,"key":"SteroidPotion"},{"floor":35,"key":"FearPotion"}],"is_trial":false,"path_per_floor":["M","M","M","?","$","R","M","R","T","E","M","M","E","M","R","B",null,"M","$","M","M","M","R","?","R","T","R","T","?","E","M","R","B",null,"M","M","$","?","$","E"],"character_chosen":"THE_SILENT","items_purchased":["Footwork","Oddly Smooth Stone","Dodge and Roll","Well Laid Plans","HandDrill","Membership Card","Bag of Marbles"],"campfire_rested":1,"item_purchase_floors":[5,19,19,19,19,37,37],"current_hp_per_floor":[57,55,55,55,55,55,55,55,55,49,49,47,33,33,33,15,53,53,53,52,44,38,38,20,39,39,39,39,21,27,26,26,9,66,66,48,48,48,48,0,0],"gold":17,"neow_bonus":"ONE_RARE_RELIC","is_daily":false,"chose_seed":false,"campfire_upgraded":6,"win_rate":0.0,"timestamp":1613956288,"path_taken":["M","M","M","?","?","R","M","R","T","E","?","?","E","M","R","BOSS","M","$","M","?","M","R","?","R","T","R","?","?","E","?","R","BOSS","M","M","$","?","$","E"],"items_purchased_type":["Card","Relic","Card","Card","Relic","Relic","Relic"],"build_version":"2020-12-22","purchased_purges":3,"victory":false,"max_hp_per_floor":[66,66,66,66,66,66,66,66,66,66,66,66,66,66,66,66,66,66,66,66,66,66,66,66,66,66,66,66,71,85,85,85,85,85,85,85,85,85,85,85,85],"card_choices":[{"not_picked":["Sucker Punch","Bane"],"picked":"Blade Dance","floor":1},{"not_picked":["Deadly Poison","Infinite Blades"],"picked":"Cloak And Dagger","floor":2},{"not_picked":["Slice","Prepared"],"picked":"PiercingWail","floor":3},{"not_picked":["Setup","Bane"],"picked":"Venomology","floor":7},{"not_picked":["Flying Knee","Sucker Punch"],"picked":"Dodge and Roll","floor":10},{"not_picked":["Backflip","PiercingWail"],"picked":"Finisher","floor":11},{"not_picked":["Setup","Acrobatics"],"picked":"Noxious Fumes","floor":12},{"not_picked":["PiercingWail","Deflect"],"picked":"Infinite Blades","floor":13},{"not_picked":["Deflect","Poisoned Stab"],"picked":"Backstab","floor":14},{"not_picked":["Tools of the Trade","Unload"],"picked":"Envenom","floor":16},{"not_picked":["Outmaneuver","Acrobatics"],"picked":"Footwork","floor":18},{"not_picked":["Malaise","All Out Attack"],"picked":"Dagger Spray+1","floor":20},{"not_picked":["Sucker Punch","Poisoned Stab","Cloak And Dagger"],"picked":"SKIP","floor":21},{"not_picked":["Bane+1","Deadly Poison"],"picked":"Catalyst+1","floor":22},{"not_picked":["Poisoned Stab","Noxious Fumes"],"picked":"Night Terror","floor":24},{"not_picked":["Quick Slash","Poisoned Stab"],"picked":"Dodge and Roll+1","floor":30},{"not_picked":["Underhanded Strike","Acrobatics+1","Flechettes"],"picked":"SKIP","floor":31},{"not_picked":["A Thousand Cuts","Malaise"],"picked":"After Image","floor":33},{"not_picked":["Cloak And Dagger","Bane"],"picked":"Crippling Poison","floor":35},{"not_picked":["Outmaneuver","Quick Slash+1","Flying Knee"],"picked":"SKIP","floor":36}],"player_experience":2567190,"relics_obtained":[{"floor":9,"key":"White Beast Statue"},{"floor":10,"key":"Old Coin"},{"floor":13,"key":"Kunai"},{"floor":24,"key":"Red Mask"},{"floor":28,"key":"HornCleat"},{"floor":30,"key":"Torii"},{"floor":30,"key":"Mango"},{"floor":34,"key":"Happy Flower"},{"floor":34,"key":"Meat on the Bone"},{"floor":34,"key":"TungstenRod"}],"event_choices":[{"damage_healed":0,"gold_gain":0,"cards_transformed":["Strike_G"],"player_choice":"Change","damage_taken":0,"max_hp_gain":0,"max_hp_loss":0,"event_name":"Living Wall","floor":4,"gold_loss":0,"cards_obtained":["Glass Knife"]},{"damage_healed":0,"gold_gain":0,"player_choice":"Fought Bandits","damage_taken":0,"max_hp_gain":0,"max_hp_loss":0,"event_name":"Masked Bandits","floor":24,"gold_loss":0},{"damage_healed":0,"gold_gain":0,"player_choice":"Shed Blood","damage_taken":23,"max_hp_gain":5,"max_hp_loss":0,"event_name":"Forgotten Altar","floor":29,"gold_loss":0},{"cards_removed":["Infinite Blades"],"damage_healed":0,"gold_gain":0,"player_choice":"Removed Power","damage_taken":0,"max_hp_gain":0,"max_hp_loss":0,"event_name":"Falling","floor":38,"gold_loss":0}],"is_beta":false,"boss_relics":[{"not_picked":["Busted Crown","Velvet Choker"],"picked":"Black Star"},{"not_picked":["Tiny House","Coffee Dripper"],"picked":"Calling Bell"}],"items_purged_floors":[19,37,39],"is_endless":false,"potions_floor_spawned":[3,7,10,11,12,13,14,16,18,20,21,22,24,30,31,33,35,36],"killed_by":"Reptomancer","ascension_level":20}}