{"host":"61ejhfsushs0xmcl","time":1613988492,"event":{"mods":["ATMod(°¢èªMod)","Act Like it!","BaseMod","Colored Map","Gold Saver","Minty Spire (QoL Compilation)","MostiFishMod","Remilia£¨ÀÙÃ×ÀòÑÇ£©","Spicy Shops","StSLib","TestMod","The Marked","[IsaacMod]ÒÔÈö¼âËþ","¡¾ÒÅÎï¿¨ÅÆ¡¿REMEMod","óô»ðÖ¸ÄÏ"],"gold_per_floor":[4573,4573,4587,2783,2796,2823,2823,2853,2880,2880,2915,2382,2382,2399,2399,2476,2476,2495,2515,2515,2566,2187,2219,2219,2219,2245,2264,2283,2283,2316,2332,1897,2001,2001,2013,2064,2064,1923,2922,2433,2464,2018,2044,2070,2088,2122,2122,2167,2167,2197,2206,2206,1889,1358,1393,1390,1390],"floor_reached":56,"language":"ZHS","playtime":3022,"items_purged":["Strike_B","Defend_B","Defend_B","Strike_B","Defend_B","Zap","Dualcast","MostiFishMod:GatherIntelligence","Normality","Normality","Turbo+1","Skim"],"score":2878,"play_id":"6df06542-21d8-43ac-b3cb-92380b2460eb","local_time":"20210222180812","is_ascension_mode":true,"campfire_choices":[{"data":"MostiFishMod:ReadyAimFire","floor":7.0,"key":"SMITH"},{"data":"Turbo","floor":10.0,"key":"SMITH"},{"floor":15.0,"key":"RECALL"},{"data":"Amplify","floor":24.0,"key":"SMITH"},{"data":"ElectricPowerLearning","floor":47,"key":"SMITH"},{"data":"MostiFishMod:InterfaceCompatibility","floor":49,"key":"SMITH"}],"circlet_count":0,"master_deck":["AscendersBane","AT_RobotInSpace+1","MostiFishMod:ReadyAimFire+1","Echo Form","Heatsinks+1","ElectricPowerLearning+1","AT_StudyProgram","Storm+1","MostiFishMod:InterfaceCompatibility+1","Amplify+1","MostiFishMod:Overload+1","AT_EMC2","Core Surge","AT_DarkMatter+1","MostiFishMod:ReadyAimFire+1","Storm","AT_StudyProgram","AT_ThreeBodyProblem+1","MostiFishMod:Overload+1","MostiFishMod:DeathFromBelow","Conserve Battery","Loop","Fan","MostiFishMod:LinkProtocol","Chill"],"relics":["Cracked Core","AT_ATBox","REME_ComplimentaryCards","DaveBox","testmod-TestBox","HushsDoor","MoneyPower","testmod-FatalChain","BionicSphere","SynthV:TestCard","Technique","AT_PhaseBoots","SynthV:MejaisSoulstealer","Pen Nib","AT_RedTearstoneRing","Ancient Tea Set","Membership Card","Peace Pipe","testmod-StringDisintegrator","BelialBook","Anchor","Medical Kit","DeathBook","Happy Flower","Shuriken","Centennial Puzzle","AT_LudenTempest","StrikeDummy","AT_BellDemon","testmod-IndustrialRevolution","AT_DeathDance","JellyFishMachine","REME_IWantAll","CombinedTypeHook","testmod-EqualTreatment","Cables","ImprovedEquipment","Bag of Preparation","Potion Belt","Blue Candle","PreservedInsect","Runic Capacitor","Damocles","Chemical X","testmod-LifeArmor","SentryEyes","testmod-Justice","BookOfRevelations","Symbiotic Virus","testmod-AssaultLearning","Omamori","REME_ArchaeologicalTools","ThornShield","Ice Cream","REME_OnlineShoppingPlatform","AT_SilvercatRing","War Paint","Sundial","DollysMirror","Mummified Hand","SynthV:C4"],"acts_visited":["Exordium","TheCity","TheBeyond","TheEnding"],"potions_floor_usage":[56,56,56],"damage_taken":[{"damage":0.0,"enemies":"Small Slimes","floor":1.0,"turns":1.0},{"damage":0.0,"enemies":"2 Louse","floor":3.0,"turns":1.0},{"damage":0.0,"enemies":"Cultist","floor":5.0,"turns":1.0},{"damage":30.0,"enemies":"Lagavulin","floor":6.0,"turns":5.0},{"damage":0.0,"enemies":"Gremlin Nob","floor":8.0,"turns":2.0},{"damage":0.0,"enemies":"3 Sentries","floor":11.0,"turns":2.0},{"damage":0.0,"enemies":"2 Fungi Beasts","floor":14.0,"turns":2.0},{"damage":0.0,"enemies":"The Guardian","floor":16.0,"turns":3.0},{"damage":0.0,"enemies":"Spheric Guardian","floor":18.0,"turns":1.0},{"damage":0.0,"enemies":"2 Thieves","floor":19.0,"turns":2.0},{"damage":3.0,"enemies":"Gremlin Leader","floor":23.0,"turns":2.0},{"damage":0.0,"enemies":"Chosen and Byrds","floor":27.0,"turns":2.0},{"damage":0.0,"enemies":"Snecko","floor":28.0,"turns":1.0},{"damage":0.0,"enemies":"Book of Stabbing","floor":30.0,"turns":2.0},{"damage":0.0,"enemies":"Snake Plant","floor":31.0,"turns":2.0},{"damage":0.0,"enemies":"Collector","floor":33.0,"turns":1.0},{"damage":0.0,"enemies":"3 Shapes","floor":35.0,"turns":1.0},{"damage":0.0,"enemies":"2 Orb Walkers","floor":36.0,"turns":2.0},{"damage":0,"enemies":"Nemesis","floor":41,"turns":1},{"damage":0,"enemies":"Giant Head","floor":44,"turns":1},{"damage":0,"enemies":"Orb Walker","floor":45,"turns":1},{"damage":0,"enemies":"Nemesis","floor":46,"turns":1},{"damage":0,"enemies":"Sphere and 2 Shapes","floor":48,"turns":1},{"damage":0,"enemies":"Donu and Deca","floor":50,"turns":1},{"damage":0,"enemies":"Time Eater","floor":51,"turns":1},{"damage":0,"enemies":"Shield and Spear","floor":55,"turns":2},{"damage":0,"enemies":"Delirium","floor":56,"turns":2}],"seed_played":"262255527992535729","potions_obtained":[{"floor":1.0,"key":"Weak Potion"},{"floor":8.0,"key":"DuplicationPotion"},{"floor":14.0,"key":"FocusPotion"},{"floor":16.0,"key":"BlessingOfTheForge"},{"floor":35.0,"key":"SkillPotion"},{"floor":44,"key":"Fire Potion"},{"floor":45,"key":"Ancient Potion"}],"is_trial":false,"path_per_floor":["M","?","M","$","M","E","R","E","T","R","E","R","?","M","R","B",null,"M","M","?","T","$","E","R","?","T","M","M","?","E","M","R","B",null,"M","?","T","$","?","R","E","R","T","E","M","E","R","M","R","B","B",null,"R","$","E","B"],"character_chosen":"DEFECT","items_purchased":["Technique","AT_SpeedBoots","SynthV:MejaisSoulstealer","Membership Card","Peace Pipe","AT_StudyProgram","Skim","BelialBook","Medical Kit","DeathBook","Happy Flower","StrikeDummy","AT_BellDemon","testmod-SpacePotion","testmod-SpacePotion","REME_GoldPotion","testmod-IndustrialRevolution","Storm","ImprovedEquipment","Bag of Preparation","Potion Belt","Blue Candle","Runic Capacitor","Damocles","Chemical X","REME_OnlineShoppingPlatform","AT_SilvercatRing","War Paint","Sundial","DollysMirror","MostiFishMod:DeathFromBelow"],"campfire_rested":0,"item_purchase_floors":[4,4,4,12,12,12,12,17,22,22,22,32,32,32,32,32,32,38,40,40,40,40,42,42,42,53,53,54,54,54,54],"current_hp_per_floor":[64,57,57,57,57,27,27,27,27,27,27,27,32,32,32,32,54,54,54,54,54,54,51,51,51,51,51,51,51,51,51,51,51,53,53,53,53,53,53,53,53,53,53,53,53,53,53,53,53,53,53,54,54,54,54,59,59],"gold":1390,"neow_bonus":"ONE_RANDOM_RARE_CARD","is_daily":false,"chose_seed":false,"campfire_upgraded":5,"win_rate":0.0,"timestamp":1613988492,"path_taken":["M","?","?","$","M","E","R","E","T","R","E","R","?","?","R","BOSS","M","M","?","?","$","E","R","?","T","?","M","?","E","M","R","BOSS","M","?","?","$","?","R","E","R","T","E","M","E","R","M","R","BOSS","BOSS","R","$","E","BOSS"],"items_purchased_type":["Relic","Relic","Relic","Relic","Relic","Card","Card","Relic","Relic","Relic","Relic","Relic","Relic","Potion","Potion","Potion","Relic","Card","Relic","Relic","Relic","Relic","Relic","Relic","Relic","Relic","Relic","Relic","Relic","Relic","Card"],"build_version":"2020-12-22","purchased_purges":12,"victory":false,"max_hp_per_floor":[71,71,71,71,71,71,71,71,71,71,71,71,76,76,76,76,61,61,61,61,61,61,61,61,61,61,61,61,61,61,61,61,61,54,54,54,54,54,54,54,54,54,54,54,54,54,54,54,54,54,54,54,54,54,54,59,59],"card_choices":[{"not_picked":["Gash","MostiFishMod:TalkingToTheRain"],"picked":"Heatsinks","floor":1.0},{"not_picked":["Distribution","Cold Snap","Redo","FTL","Leap"],"picked":"SKIP","floor":3.0},{"not_picked":["Redo","Turbo","Compile Driver","Streamline","Darkness"],"picked":"SKIP","floor":5.0},{"not_picked":["AT_HeatAcrobatics","AT_ThreeBodyProblem","Go for the Eyes","Aggregate","Rebound"],"picked":"SKIP","floor":6.0},{"not_picked":["Sweeping Beam","Aggregate","Beam Cell","Genetic Algorithm"],"picked":"Turbo","floor":8.0},{"not_picked":["Compile Driver","Auto Shields","Gash","AT_HeatAcrobatics"],"picked":"ElectricPowerLearning","floor":11.0},{"not_picked":["Bomb","Reprogram","Sweeping Beam","Recycle"],"picked":"Storm","floor":14.0},{"not_picked":["MostiFishMod:Nova","Fission","Rainbow","Core Surge"],"picked":"MostiFishMod:InterfaceCompatibility","floor":16.0},{"not_picked":["Ball Lightning","Beam Cell","AT_HeatAcrobatics","Turbo","BootSequence"],"picked":"SKIP","floor":18.0},{"not_picked":["Fan","REME_Whirling","Static Discharge","MostiFishMod:IceShield+1","Ball Lightning"],"picked":"SKIP","floor":19.0},{"not_picked":["Lockon","AT_ThunderBolt","Stack","Skim"],"picked":"Amplify","floor":23.0},{"not_picked":["Conserve Battery","Cold Snap","Steam","Redo","MostiFishMod:GatherIntelligence"],"picked":"SKIP","floor":27.0},{"not_picked":["Fusion","Stack","Sweeping Beam","Turbo"],"picked":"AT_EMC2","floor":28.0},{"not_picked":["MostiFishMod:IceShield","Barrage","Pulse","Loop","Tempest"],"picked":"SKIP","floor":30.0},{"not_picked":["Stack+1","Coolheaded","Rainbow","Sweeping Beam","Heatsinks"],"picked":"AT_DarkMatter","floor":31.0},{"not_picked":["FTL+1","Leap","Turbo+1","Ball Lightning","Cold Snap"],"picked":"SKIP","floor":35.0},{"not_picked":["Doom and Gloom","Gash","Beam Cell","Hologram"],"picked":"MostiFishMod:ReadyAimFire","floor":36.0},{"not_picked":["Streamline","Recycle","Redo","MostiFishMod:DawningShadow","AT_HeatAcrobatics"],"picked":"SKIP","floor":41},{"not_picked":["Beam Cell","AT_HeatAcrobatics+1","Fusion","Double Energy+1"],"picked":"AT_StudyProgram","floor":44},{"not_picked":["Coolheaded","Streamline+1","Distribution","Genetic Algorithm","Rebound+1"],"picked":"SKIP","floor":45},{"not_picked":["Cold Snap","MostiFishMod:Impulse+1","Reprogram","Beam Cell","Hologram"],"picked":"SKIP","floor":46},{"not_picked":["Genetic Algorithm+1","Leap+1","Barrage","Streamline"],"picked":"AT_ThreeBodyProblem+1","floor":48},{"not_picked":["Conserve Battery","Loop","Fan","MostiFishMod:LinkProtocol","Chill"],"picked":"SKIP","floor":55},{"not_picked":["Distribution","Amplify","REME_Whirling"],"picked":"Singing Bowl","floor":56}],"player_experience":926299,"relics_obtained":[{"floor":1.0,"key":"SynthV:TestCard"},{"floor":6.0,"key":"Pen Nib"},{"floor":8.0,"key":"AT_RedTearstoneRing"},{"floor":11.0,"key":"Ancient Tea Set"},{"floor":21.0,"key":"Anchor"},{"floor":23.0,"key":"Shuriken"},{"floor":26.0,"key":"Centennial Puzzle"},{"floor":30.0,"key":"AT_LudenTempest"},{"floor":33.0,"key":"AT_DeathDance"},{"floor":35.0,"key":"REME_IWantAll"},{"floor":36.0,"key":"CombinedTypeHook"},{"floor":36.0,"key":"testmod-EqualTreatment"},{"floor":37.0,"key":"Cables"},{"floor":41,"key":"PreservedInsect"},{"floor":43,"key":"testmod-LifeArmor"},{"floor":44,"key":"SentryEyes"},{"floor":44,"key":"testmod-Justice"},{"floor":45,"key":"BookOfRevelations"},{"floor":45,"key":"Symbiotic Virus"},{"floor":46,"key":"testmod-AssaultLearning"},{"floor":46,"key":"Omamori"},{"floor":46,"key":"REME_ArchaeologicalTools"},{"floor":48,"key":"ThornShield"},{"floor":48,"key":"Ice Cream"},{"floor":55,"key":"Mummified Hand"},{"floor":55,"key":"SynthV:C4"}],"event_choices":[{"cards_removed":["Strike_B"],"damage_healed":0.0,"max_hp_gain":0.0,"max_hp_loss":0.0,"gold_gain":0.0,"event_name":"Golden Wing","player_choice":"Card Removal","floor":2.0,"gold_loss":0.0,"damage_taken":7.0},{"damage_healed":0.0,"max_hp_gain":5.0,"max_hp_loss":0.0,"gold_gain":0.0,"event_name":"Big Fish","player_choice":"Donut","floor":13.0,"gold_loss":0.0,"damage_taken":0.0},{"damage_healed":0.0,"max_hp_gain":0.0,"max_hp_loss":0.0,"gold_gain":0.0,"event_name":"Vampires","player_choice":"Ignored","floor":20.0,"gold_loss":0.0,"damage_taken":0.0},{"damage_healed":0.0,"max_hp_gain":0.0,"max_hp_loss":0.0,"gold_gain":0.0,"cards_transformed":["Strike_B","Defend_B"],"event_name":"Drug Dealer","player_choice":"Became Test Subject","floor":25.0,"gold_loss":0.0,"damage_taken":0.0,"cards_obtained":["MostiFishMod:GatherIntelligence","MostiFishMod:Overload"]},{"damage_healed":0.0,"max_hp_gain":0.0,"max_hp_loss":0.0,"gold_gain":0.0,"event_name":"The Library","player_choice":"Read","floor":29.0,"gold_loss":0.0,"damage_taken":0.0,"cards_obtained":["Core Surge"]},{"damage_healed":0.0,"max_hp_gain":0.0,"max_hp_loss":0.0,"gold_gain":0.0,"event_name":"Mysterious Sphere","player_choice":"Fight","floor":36.0,"gold_loss":0.0,"damage_taken":0.0},{"damage_healed":0,"gold_gain":999,"player_choice":"Gold","damage_taken":0,"max_hp_gain":0,"max_hp_loss":0,"event_name":"MindBloom","floor":39,"gold_loss":0,"cards_obtained":["Normality","Normality"]}],"is_beta":false,"boss_relics":[{"not_picked":["Transparent","MoonlightInvasionPlan"],"picked":"testmod-StringDisintegrator"},{"not_picked":[]},{"not_picked":["Pandora\u0027s Box","REME_DemonsWealth"],"picked":"JellyFishMachine"},{"not_picked":[]}],"items_purged_floors":[4,12,12,17,22,32,34,38,40,42,53,54],"is_endless":false,"potions_floor_spawned":[1,8,14,16,27,28,31,35,44,45,55],"killed_by":"Delirium","ascension_level":20}}