{"host":"f5gffvlv6a66yqkd","time":1613986004,"event":{"mods":["2.2 Compatiblity","BaseMod","Colored Map","Custom Start","DeckTracker","Keyboard Shortcuts","Minty Spire (QoL Compilation)","Permanent Neow","Quick Restart","Relic Stats","StSLib","SuperFastMode"],"gold_per_floor":[110,110,110,110,121,121,43,43,67,67,84,84,84,98,98,98,98],"floor_reached":16,"language":"KOR","playtime":215,"items_purged":[],"score":176,"play_id":"e92b7076-5e66-4b05-9123-b9073aec94ed","local_time":"20210222182644","is_ascension_mode":true,"campfire_choices":[{"data":"Zap","floor":6,"key":"SMITH"},{"data":"Sunder","floor":8,"key":"SMITH"},{"data":"Dualcast","floor":12,"key":"SMITH"},{"data":"Coolheaded","floor":15,"key":"SMITH"}],"circlet_count":0,"master_deck":["AscendersBane","Strike_B","Strike_B","Defend_B","Defend_B+1","Defend_B+1","Defend_B","Zap+1","Dualcast+1","Coolheaded+1","Sunder+1","Reinforced Body","Gash"],"relics":["Cracked Core","Toy Ornithopter","Potion Belt","Oddly Smooth Stone","WingedGreaves"],"acts_visited":["Exordium"],"potions_floor_usage":[16],"damage_taken":[{"damage":2,"enemies":"Jaw Worm","floor":1,"turns":3},{"damage":2,"enemies":"2 Louse","floor":5,"turns":3},{"damage":0,"enemies":"Small Slimes","floor":11,"turns":1},{"damage":0,"enemies":"Red Slaver","floor":14,"turns":4},{"damage":25,"enemies":"Slime Boss","floor":16,"turns":7}],"seed_played":"-5855762521254914407","potions_obtained":[{"floor":11,"key":"Dexterity Potion"},{"floor":14,"key":"FocusPotion"}],"is_trial":false,"path_per_floor":["M","?","?","?","M","R","$","R","T","?","M","R","?","M","R","B"],"character_chosen":"DEFECT","items_purchased":["Sunder"],"campfire_rested":0,"item_purchase_floors":[7],"current_hp_per_floor":[62,44,44,44,42,42,42,42,42,21,21,21,14,14,14,0,0],"gold":98,"neow_bonus":"RANDOM_COMMON_RELIC","is_daily":false,"chose_seed":false,"campfire_upgraded":4,"win_rate":0.0,"timestamp":1613986004,"path_taken":["M","?","?","?","?","R","?","R","T","?","M","R","?","M","R","BOSS"],"items_purchased_type":["Card"],"build_version":"2020-12-22","purchased_purges":0,"victory":false,"max_hp_per_floor":[71,71,71,71,71,71,71,71,71,71,71,71,71,71,71,71,71],"relic_stats":{"counters":[5,18],"obtain_stats":[{"Potion Belt":2,"Oddly Smooth Stone":9,"WingedGreaves":4,"Cracked Core":0,"Toy Ornithopter":0},{"Potion Belt":1,"Oddly Smooth Stone":2,"WingedGreaves":1,"Cracked Core":0,"Toy Ornithopter":0},{"Potion Belt":3,"Oddly Smooth Stone":6,"WingedGreaves":3,"Cracked Core":0,"Toy Ornithopter":0}],"Toy Ornithopter":5},"card_choices":[{"not_picked":["Go for the Eyes","Steam Power","Sweeping Beam"],"picked":"SKIP","floor":1},{"not_picked":["Melter","Stack"],"picked":"Coolheaded","floor":5},{"not_picked":["Sweeping Beam","Go for the Eyes"],"picked":"Reinforced Body","floor":11},{"not_picked":["Aggregate","Undo"],"picked":"Gash","floor":14}],"player_experience":1552841,"relics_obtained":[{"floor":9,"key":"Oddly Smooth Stone"}],"event_choices":[{"damage_healed":0,"gold_gain":0,"player_choice":"Success","damage_taken":18,"relics_obtained":["Potion Belt"],"max_hp_gain":0,"max_hp_loss":0,"event_name":"Scrap Ooze","floor":2,"gold_loss":0},{"damage_healed":0,"gold_gain":0,"cards_transformed":["Strike_B"],"player_choice":"Change","damage_taken":0,"max_hp_gain":0,"max_hp_loss":0,"event_name":"Living Wall","floor":3,"gold_loss":0,"cards_obtained":["Blizzard"]},{"cards_removed":["Blizzard"],"damage_healed":0,"gold_gain":0,"player_choice":"Gave Card","damage_taken":0,"relics_obtained":["WingedGreaves"],"max_hp_gain":0,"max_hp_loss":0,"event_name":"WeMeetAgain","floor":4,"gold_loss":0},{"damage_healed":0,"gold_gain":0,"player_choice":"Entered Light","damage_taken":21,"max_hp_gain":0,"max_hp_loss":0,"event_name":"Shining Light","floor":10,"gold_loss":0,"cards_upgraded":["Defend_B","Defend_B"]},{"cards_removed":["Strike_B"],"damage_healed":0,"gold_gain":0,"player_choice":"Card Removal","damage_taken":7,"max_hp_gain":0,"max_hp_loss":0,"event_name":"Golden Wing","floor":13,"gold_loss":0}],"is_beta":false,"boss_relics":[],"items_purged_floors":[],"is_endless":false,"potions_floor_spawned":[11,14],"killed_by":"Slime Boss","ascension_level":20}}