{"host":"v86vpwf004p2esb7","time":1613959019,"event":{"mods":["AchievementEnabler","BaseMod","BetterRewards","Colored Powertips","Minty Spire (QoL Compilation)","Quick Restart","StSLib","Transform Curses"],"gold_per_floor":[112,112,112,112,112,144,144,178,202,228,28,28,44,59,59,161,161,174,174,449,464,483,483,512,512,512,611,631,631,631,631,631,726,726,744,744,376,376,388,417,432,460,533,153,153,0,0,18,18,18],"floor_reached":51,"language":"ENG","playtime":1834,"items_purged":[],"score":1497,"play_id":"01589e77-7854-4d09-894e-8c436ebb4520","local_time":"20210221175659","is_ascension_mode":true,"campfire_choices":[{"floor":7,"key":"REST"},{"data":"Cloak And Dagger","floor":12,"key":"SMITH"},{"data":"Envenom","floor":15,"key":"SMITH"},{"data":"Mayhem","floor":23,"key":"SMITH"},{"floor":25,"key":"RECALL"},{"floor":29,"key":"REST"},{"data":"Infinite Blades","floor":32,"key":"SMITH"},{"data":"Apotheosis","floor":45,"key":"SMITH"},{"floor":49,"key":"REST"}],"circlet_count":0,"master_deck":["Strike_G","Strike_G","Strike_G","Strike_G","Defend_G","Defend_G","Defend_G+1","Defend_G","Defend_G+1","Survivor","Neutralize","Infinite Blades+1","Finisher","Mayhem+1","Terror","Envenom+1","Blade Dance","Cloak And Dagger+1","Backstab","Bane","Malaise","Poisoned Stab","Cloak And Dagger+1","Noxious Fumes+1","Cloak And Dagger+1","Tools of the Trade","Ghostly","Ghostly","Ghostly","Ghostly","Ghostly","Night Terror","PiercingWail+1","Envenom","Secret Technique","Dramatic Entrance","Impatience","Dodge and Roll+1","Slice+1","Footwork","Apotheosis+1","Infinite Blades","Distraction+1"],"relics":["Ring of the Snake","Kunai","Lee\u0027s Waffle","MealTicket","Tough Bandages","Regal Pillow","Omamori","Mummified Hand","Vajra","Blood Vial","Bottled Lightning","TwistedFunnel","Philosopher\u0027s Stone","Nilry\u0027s Codex","Strawberry","Pear","WristBlade","TungstenRod","Oddly Smooth Stone","Toy Ornithopter","White Beast Statue","Happy Flower","Red Mask"],"acts_visited":["Exordium","TheCity","TheBeyond"],"potions_floor_usage":[35,40,50,50,50],"damage_taken":[{"damage":0,"enemies":"Jaw Worm","floor":1,"turns":4},{"damage":22,"enemies":"Lagavulin","floor":6,"turns":7},{"damage":7,"enemies":"3 Sentries","floor":8,"turns":6},{"damage":24,"enemies":"Gremlin Nob","floor":10,"turns":4},{"damage":3,"enemies":"Small Slimes","floor":13,"turns":2},{"damage":0,"enemies":"2 Louse","floor":14,"turns":1},{"damage":9,"enemies":"Hexaghost","floor":16,"turns":6},{"damage":6,"enemies":"Chosen","floor":18,"turns":3},{"damage":10,"enemies":"Shell Parasite","floor":21,"turns":3},{"damage":0,"enemies":"Snecko","floor":22,"turns":2},{"damage":21,"enemies":"Gremlin Leader","floor":24,"turns":4},{"damage":6,"enemies":"Cultist and Chosen","floor":28,"turns":5},{"damage":0,"enemies":"Champ","floor":33,"turns":7},{"damage":25,"enemies":"3 Darklings","floor":35,"turns":2},{"damage":0,"enemies":"Orb Walker","floor":39,"turns":1},{"damage":15,"enemies":"Nemesis","floor":40,"turns":5},{"damage":3,"enemies":"4 Shapes","floor":41,"turns":2},{"damage":0,"enemies":"Giant Head","floor":42,"turns":7},{"damage":22,"enemies":"Sphere and 2 Shapes","floor":48,"turns":3},{"damage":51,"enemies":"Awakened One","floor":50,"turns":12}],"seed_played":"-7515502153886484265","potions_obtained":[{"floor":8,"key":"Strength Potion"},{"floor":16,"key":"LiquidMemories"},{"floor":18,"key":"Explosive Potion"},{"floor":28,"key":"Block Potion"},{"floor":35,"key":"AttackPotion"},{"floor":40,"key":"SteroidPotion"}],"is_trial":false,"path_per_floor":["M","?","?","?","?","E","R","E","T","E","$","R","M","M","R","B",null,"M","?","?","M","M","R","E","R","T","?","M","R","?","?","R","B",null,"M","?","$","?","M","E","M","E","T","$","R","?","?","M","R","B",null],"character_chosen":"THE_SILENT","items_purchased":["Kunai","Lee\u0027s Waffle","MealTicket","Infinite Blades","Tough Bandages","Finisher","Regal Pillow","Mayhem","TwistedFunnel","Cloak And Dagger","TungstenRod","Envenom","Happy Flower","Apotheosis","Infinite Blades"],"campfire_rested":3,"item_purchase_floors":[0,0,0,0,0,0,0,0,11,11,37,37,44,44,44],"current_hp_per_floor":[77,77,70,55,55,33,71,64,64,42,57,57,56,58,58,51,71,67,51,51,43,45,45,33,33,43,43,39,82,63,49,49,49,49,24,24,39,30,32,19,18,20,20,35,35,35,35,15,44,3],"gold":18,"neow_bonus":"","is_daily":false,"chose_seed":false,"campfire_upgraded":5,"win_rate":0.0,"timestamp":1613959019,"path_taken":["M","?","?","?","?","E","R","E","T","E","$","R","M","M","R","BOSS","M","?","?","?","M","R","E","R","T","?","M","R","?","?","R","BOSS","M","?","?","?","M","E","M","E","T","$","R","?","?","?","R","BOSS"],"items_purchased_type":["Relic","Relic","Relic","Card","Relic","Card","Relic","Card","Relic","Card","Relic","Card","Relic","Card","Card"],"build_version":"2020-12-22","purchased_purges":0,"victory":true,"max_hp_per_floor":[77,77,77,77,77,77,77,77,77,77,77,77,77,77,77,77,77,77,77,77,77,77,77,84,84,94,94,94,94,99,49,49,49,49,49,49,49,49,49,49,49,49,49,49,49,49,49,49,49,49],"card_choices":[{"not_picked":["Deadly Poison","Flechettes"],"picked":"Terror","floor":1},{"not_picked":["Tactician","Cloak And Dagger"],"picked":"Envenom","floor":6},{"not_picked":["Flying Knee","Underhanded Strike","Venomology"],"picked":"SKIP","floor":8},{"not_picked":["Poisoned Stab","Tactician"],"picked":"Blade Dance","floor":10},{"not_picked":["Leg Sweep","Underhanded Strike"],"picked":"Backstab","floor":13},{"not_picked":["Slice","Quick Slash"],"picked":"Bane","floor":14},{"not_picked":["Glass Knife","Unload"],"picked":"Malaise","floor":16},{"not_picked":["Well Laid Plans","Endless Agony"],"picked":"Poisoned Stab","floor":18},{"not_picked":["Poisoned Stab+1","Crippling Poison+1"],"picked":"Cloak And Dagger+1","floor":21},{"not_picked":["Flying Knee","Bouncing Flask+1"],"picked":"Noxious Fumes+1","floor":22},{"not_picked":["Acrobatics","Envenom"],"picked":"Cloak And Dagger+1","floor":24},{"not_picked":["Sucker Punch","PiercingWail"],"picked":"Tools of the Trade","floor":28},{"not_picked":["Tools of the Trade","Storm of Steel"],"picked":"Night Terror","floor":33},{"not_picked":["Outmaneuver+1","Flechettes+1"],"picked":"PiercingWail+1","floor":35},{"not_picked":["PanicButton","Purity"],"picked":"Secret Technique","floor":38},{"not_picked":["Impatience","The Bomb"],"picked":"Dramatic Entrance","floor":38},{"not_picked":["Mind Blast","Deep Breath"],"picked":"Impatience","floor":38},{"not_picked":["Dagger Spray+1","Masterful Stab+1"],"picked":"Dodge and Roll+1","floor":39},{"not_picked":["Sucker Punch","Flechettes","Flying Knee+1"],"picked":"SKIP","floor":40},{"not_picked":["Deadly Poison","Sucker Punch"],"picked":"Slice+1","floor":41},{"not_picked":["Glass Knife","Acrobatics"],"picked":"Footwork","floor":42},{"not_picked":["Expertise+1","Eviscerate+1"],"picked":"Distraction+1","floor":48}],"player_experience":198920,"relics_obtained":[{"floor":6,"key":"Mummified Hand"},{"floor":8,"key":"Vajra"},{"floor":9,"key":"Blood Vial"},{"floor":10,"key":"Bottled Lightning"},{"floor":19,"key":"Nilry\u0027s Codex"},{"floor":24,"key":"Strawberry"},{"floor":26,"key":"Pear"},{"floor":40,"key":"Oddly Smooth Stone"},{"floor":42,"key":"Toy Ornithopter"},{"floor":43,"key":"White Beast Statue"}],"event_choices":[{"damage_healed":0,"gold_gain":0,"player_choice":"Box","damage_taken":0,"relics_obtained":["Omamori"],"max_hp_gain":0,"max_hp_loss":0,"event_name":"Big Fish","floor":2,"gold_loss":0,"cards_obtained":["Regret"]},{"cards_removed":["Regret"],"damage_healed":0,"gold_gain":0,"player_choice":"Card Removal","damage_taken":7,"max_hp_gain":0,"max_hp_loss":0,"event_name":"Golden Wing","floor":3,"gold_loss":0},{"damage_healed":0,"gold_gain":0,"player_choice":"Entered Light","damage_taken":15,"max_hp_gain":0,"max_hp_loss":0,"event_name":"Shining Light","floor":4,"gold_loss":0,"cards_upgraded":["Defend_G","Defend_G"]},{"damage_healed":0,"gold_gain":0,"player_choice":"0 cards matched","damage_taken":0,"max_hp_gain":0,"max_hp_loss":0,"event_name":"Match and Keep!","floor":5,"gold_loss":0,"cards_obtained":[]},{"damage_healed":0,"gold_gain":0,"player_choice":"Obtained Book","damage_taken":16,"max_hp_gain":0,"max_hp_loss":0,"event_name":"Cursed Tome","floor":19,"gold_loss":0},{"damage_healed":0,"gold_gain":275,"player_choice":"Desecrate","damage_taken":0,"max_hp_gain":0,"max_hp_loss":0,"event_name":"Golden Shrine","floor":20,"gold_loss":0,"cards_obtained":["Regret"]},{"damage_healed":0,"gold_gain":99,"player_choice":"Stole From Cult","damage_taken":0,"max_hp_gain":0,"max_hp_loss":0,"event_name":"Nest","floor":27,"gold_loss":0},{"damage_healed":0,"gold_gain":0,"player_choice":"Shed Blood","damage_taken":24,"max_hp_gain":5,"max_hp_loss":0,"event_name":"Forgotten Altar","floor":30,"gold_loss":0},{"damage_healed":0,"gold_gain":0,"player_choice":"Became a Ghost","damage_taken":0,"max_hp_gain":0,"max_hp_loss":50,"event_name":"Ghosts","floor":31,"gold_loss":0,"cards_obtained":["Ghostly","Ghostly","Ghostly","Ghostly","Ghostly"]},{"damage_healed":0,"gold_gain":0,"player_choice":"Bought 0 Potions","damage_taken":0,"max_hp_gain":0,"max_hp_loss":0,"event_name":"The Woman in Blue","floor":36,"gold_loss":0},{"damage_healed":0,"gold_gain":0,"player_choice":"Memory 3","damage_taken":10,"max_hp_gain":0,"max_hp_loss":0,"event_name":"SensoryStone","floor":38,"gold_loss":0},{"damage_healed":0,"gold_gain":0,"player_choice":"Paid","damage_taken":0,"relics_obtained":["Red Mask"],"max_hp_gain":0,"max_hp_loss":0,"event_name":"Tomb of Lord Red Mask","floor":46,"gold_loss":153},{"cards_removed":["Strike_G"],"damage_healed":0,"gold_gain":0,"player_choice":"Removed Attack","damage_taken":0,"max_hp_gain":0,"max_hp_loss":0,"event_name":"Falling","floor":47,"gold_loss":0}],"is_beta":false,"boss_relics":[{"not_picked":["Velvet Choker","Astrolabe"],"picked":"Philosopher\u0027s Stone"},{"not_picked":["Black Star","Busted Crown"],"picked":"WristBlade"}],"items_purged_floors":[],"is_endless":false,"potions_floor_spawned":[8,16,18,28,35,40,42,48],"ascension_level":8}}