{"host":"5jdby9iqu3ct6557","time":1613960868,"event":{"mods":["BaseMod","DeckTracker","Highlight Path","Minty Spire (QoL Compilation)","Relic Stats","StSLib","ojb\u0027s Info Mod"],"gold_per_floor":[110,123,38,38,53,53,78,78,78,78,113,131,163,177,177,177,177],"floor_reached":16,"language":"ENG","playtime":2984,"items_purged":[],"score":290,"play_id":"d080f820-f3f3-4b8f-88c5-4e84ae1e6faa","local_time":"20210221212748","is_ascension_mode":true,"campfire_choices":[{"data":"Crippling Poison","floor":6,"key":"SMITH"},{"data":"Neutralize","floor":8,"key":"SMITH"},{"floor":10,"key":"REST"},{"data":"Footwork","floor":15,"key":"SMITH"}],"circlet_count":0,"master_deck":["AscendersBane","Strike_G","Strike_G","Strike_G","Strike_G","Strike_G","Defend_G","Defend_G","Defend_G","Defend_G","Defend_G","Survivor","Neutralize+1","Crippling Poison+1","Poisoned Stab","Predator+1","Flying Knee","Bane+1","Footwork+1","Backstab+1","Terror"],"relics":["Ring of the Snake","Matryoshka","Toy Ornithopter","Ninja Scroll","Molten Egg 2","PreservedInsect"],"acts_visited":["Exordium"],"potions_floor_usage":[13,14,16],"damage_taken":[{"damage":0,"enemies":"2 Louse","floor":1,"turns":3},{"damage":2,"enemies":"Jaw Worm","floor":2,"turns":6},{"damage":0,"enemies":"Cultist","floor":5,"turns":3},{"damage":22,"enemies":"Lagavulin","floor":7,"turns":7},{"damage":30,"enemies":"3 Sentries","floor":11,"turns":9},{"damage":0,"enemies":"2 Fungi Beasts","floor":12,"turns":2},{"damage":0,"enemies":"Gremlin Nob","floor":13,"turns":3},{"damage":0,"enemies":"Gremlin Gang","floor":14,"turns":2},{"damage":1,"enemies":"Slime Boss","floor":16,"turns":4}],"seed_played":"-2669992062722594658","potions_obtained":[{"floor":11,"key":"Fruit Juice"},{"floor":12,"key":"Energy Potion"},{"floor":13,"key":"SteroidPotion"},{"floor":14,"key":"SpeedPotion"}],"is_trial":false,"path_per_floor":["M","M","$","?","M","R","E","R","T","R","E","M","E","M","R","B"],"character_chosen":"THE_SILENT","items_purchased":["Predator"],"campfire_rested":1,"item_purchase_floors":[3],"current_hp_per_floor":[56,54,54,54,54,54,32,32,32,55,25,25,30,40,40,44,44],"gold":177,"neow_bonus":"TWENTY_PERCENT_HP_BONUS","is_daily":false,"chose_seed":false,"campfire_upgraded":3,"win_rate":0.0,"timestamp":1613960868,"path_taken":["M","M","$","?","M","R","E","R","T","R","E","M","E","M","R","BOSS"],"items_purchased_type":["Card"],"build_version":"2020-12-22","purchased_purges":0,"victory":false,"max_hp_per_floor":[78,78,78,78,78,78,78,78,78,78,78,78,78,83,83,83,83],"relic_stats":{"counters":[9,39],"PreservedInsect":0,"obtain_stats":[{"Matryoshka":7,"Ninja Scroll":9,"Molten Egg 2":11,"PreservedInsect":13,"Toy Ornithopter":9,"Ring of the Snake":0},{"Matryoshka":4,"Ninja Scroll":4,"Molten Egg 2":5,"PreservedInsect":7,"Toy Ornithopter":4,"Ring of the Snake":0},{"Matryoshka":19,"Ninja Scroll":19,"Molten Egg 2":28,"PreservedInsect":33,"Toy Ornithopter":19,"Ring of the Snake":0}],"Toy Ornithopter":15,"Ring of the Snake":[18]},"card_choices":[{"not_picked":["Deflect","Eviscerate"],"picked":"Crippling Poison","floor":1},{"not_picked":["Concentrate","Dodge and Roll"],"picked":"Poisoned Stab","floor":2},{"not_picked":["PiercingWail","Cloak And Dagger"],"picked":"Flying Knee","floor":5},{"not_picked":["Tactician","Concentrate","Flying Knee"],"picked":"SKIP","floor":7},{"not_picked":["PiercingWail","Dodge and Roll"],"picked":"Bane+1","floor":11},{"not_picked":["Cloak And Dagger","Dagger Spray+1"],"picked":"Footwork","floor":12},{"not_picked":["Deflect","Escape Plan"],"picked":"Backstab+1","floor":13},{"not_picked":["Blade Dance","Deadly Poison"],"picked":"Terror","floor":14}],"player_experience":2816258,"relics_obtained":[{"floor":7,"key":"Matryoshka"},{"floor":9,"key":"Toy Ornithopter"},{"floor":9,"key":"Ninja Scroll"},{"floor":11,"key":"Molten Egg 2"},{"floor":13,"key":"PreservedInsect"}],"event_choices":[{"damage_healed":0,"gold_gain":0,"player_choice":"Grow","damage_taken":0,"max_hp_gain":0,"max_hp_loss":0,"event_name":"Living Wall","floor":4,"gold_loss":0,"cards_upgraded":["Predator"]}],"is_beta":false,"boss_relics":[],"items_purged_floors":[],"is_endless":false,"potions_floor_spawned":[11,12,13,14],"killed_by":"Slime Boss","ascension_level":20}}