{"host":"o3b7ow6d1xe49css","time":1613979406,"event":{"mods":["Act Like it!","Aspiration","BaseMod","Bestiary","Better Altar","Better Match","Better Note","Better Sensory Stone","Better Skull","Better Third Choice","Colored Powertips","Conspire","Energized Spire","Force Act Four","GifTheSpireLib","Halation","Hermit","Hubris","Infinite Spire","Lobotomy","Minty Spire (QoL Compilation)","Quick Restart","Rare Cards Sparkle","Relic Filter Mod","Reliquary","Replay The Spire","Spicy Shops","Spikes Relics","StSLib","Stuff the Spire","The Blue Laboratory","The Hierophant","The Jungle","Wandering Minibosses"],"gold_per_floor":[118,131,143,143,7,7,7],"floor_reached":6,"language":"ENG","playtime":133,"items_purged":[],"score":72,"play_id":"1a2b4a7e-acab-4ea6-85e9-ff0231fd9175","local_time":"20210221223646","daily_mods":["Heirloom","Flight"],"is_ascension_mode":true,"campfire_choices":[],"circlet_count":0,"master_deck":["AscendersBane","Strike_P","Strike_P","Strike_P","Strike_P","Defend_P","Defend_P","Defend_P","Defend_P","Eruption","Vigilance","Protect","Prostrate","BowlingBash"],"relics":["hermit:Momento","Ring of Chaos","infinitespire:Golems Mask","CogitoBucket","infinitespire:Cubic Diamond","reliquary:BrokenClock"],"acts_visited":["Exordium"],"potions_floor_usage":[6],"damage_taken":[{"damage":6,"enemies":"Jaw Worm","floor":1,"turns":4},{"damage":2,"enemies":"2 Louse","floor":2,"turns":3},{"damage":9,"enemies":"Small Slimes","floor":3,"turns":3},{"damage":48,"enemies":"Gremlin Nob","floor":6,"turns":3}],"seed_played":"-7259212843808966032","potions_obtained":[],"is_trial":true,"path_per_floor":["M","M","M","?","$","E"],"character_chosen":"WATCHER","items_purchased":["reliquary:BrokenClock","FearPotion"],"campfire_rested":0,"item_purchase_floors":[5,5],"current_hp_per_floor":[55,53,44,44,44,0,0],"gold":7,"neow_bonus":"","is_daily":false,"chose_seed":false,"campfire_upgraded":0,"win_rate":0.0,"timestamp":1613979406,"path_taken":["M","M","M","?","$","E"],"items_purchased_type":["Relic","Potion"],"build_version":"2020-12-22","purchased_purges":0,"victory":false,"max_hp_per_floor":[68,68,68,68,68,68,68],"card_choices":[{"not_picked":["Replay:BluntJabs","WreathOfFlame"],"picked":"Protect","floor":1},{"not_picked":["WhitesApple","Woodsman","SpiderBud"],"picked":"Singing Bowl","floor":1},{"not_picked":["FlurryOfBlows","EmptyBody"],"picked":"Prostrate","floor":2},{"not_picked":["SpiderBud","FieryBird","LaLuna"],"picked":"Singing Bowl","floor":2},{"not_picked":["FlurryOfBlows","SandsOfTime"],"picked":"BowlingBash","floor":3},{"not_picked":["Woodsman","OldLady","ShyLook"],"picked":"Singing Bowl","floor":3}],"player_experience":1455731,"relics_obtained":[],"event_choices":[],"is_beta":false,"boss_relics":[],"items_purged_floors":[],"is_endless":false,"potions_floor_spawned":[],"killed_by":"Gremlin Nob","ascension_level":20}}