{"host":"2c84cb4cp1emursg","time":1613973493,"event":{"mods":["Act Like it!","BaseMod","Better Third Choice","Bossed Relics","Hermit","Minty Spire (QoL Compilation)","Permanent Neow","Shapeshifter Mod","StSLib"],"gold_per_floor":[111,122,136,149,167,192,212,212,212,212,237,83,114,114,114,217,217,233,332,118,33,0,0],"floor_reached":22,"language":"ENG","playtime":1178,"items_purged":["Shame"],"score":240,"play_id":"eade90fc-209b-45a9-a4a6-693ea00e904a","local_time":"20210221225813","is_ascension_mode":true,"campfire_choices":[{"data":"StSShapeShifter:WiltingWrath","floor":8,"key":"SMITH"},{"floor":10,"key":"REST"},{"data":"StSShapeShifter:CursedApple","floor":15,"key":"SMITH"}],"circlet_count":0,"master_deck":["StSShapeShifter:ShapeShifter_Strike","StSShapeShifter:ShapeShifter_Strike","StSShapeShifter:ShapeShifter_Strike","StSShapeShifter:ShapeShifter_Strike","StSShapeShifter:ShapeShifter_Strike","StSShapeShifter:ShapeShifter_Defend","StSShapeShifter:ShapeShifter_Defend","StSShapeShifter:ShapeShifter_Defend","StSShapeShifter:ShapeShifter_Defend","StSShapeShifter:ShapeShifter_Defend","StSShapeShifter:Tortoise_Form","StSShapeShifter:Lynx_Form","StSShapeShifter:Sapling","StSShapeShifter:WiltingWrath+1","StSShapeShifter:FlowerShield","StSShapeShifter:CursedApple+1","StSShapeShifter:MammothForm","StSShapeShifter:ClimbTree","StSShapeShifter:ThornToss","StSShapeShifter:FruitBasket","StSShapeShifter:Maul","Parasite","StSShapeShifter:Sap_Burst","CurseOfTheBell","StSShapeShifter:WiltingWrath+1","StSShapeShifter:EntForm"],"relics":["StSShapeShifter:AnimalHeart","StSShapeShifter:TheShapeShiftersMagnolia","Shovel","Blue Candle","Pocketwatch","Calling Bell","Boot","StSShapeShifter:WristwrapsOfDiscovery","Torii","DollysMirror","StSShapeShifter:Fertilizer"],"acts_visited":["Exordium","TheCity"],"potions_floor_usage":[5,13,22],"damage_taken":[{"damage":1,"enemies":"Cultist","floor":1,"turns":4},{"damage":0,"enemies":"Jaw Worm","floor":2,"turns":3},{"damage":5,"enemies":"Small Slimes","floor":3,"turns":4},{"damage":0,"enemies":"2 Fungi Beasts","floor":4,"turns":5},{"damage":12,"enemies":"Blue Slaver","floor":5,"turns":2},{"damage":22,"enemies":"3 Sentries","floor":6,"turns":7},{"damage":12,"enemies":"Gremlin Gang","floor":7,"turns":5},{"damage":19,"enemies":"Lagavulin","floor":11,"turns":10},{"damage":0,"enemies":"Gremlin Nob","floor":13,"turns":4},{"damage":7,"enemies":"The Guardian","floor":16,"turns":11},{"damage":17,"enemies":"3 Byrds","floor":18,"turns":5},{"damage":37,"enemies":"2 Thieves","floor":22,"turns":5}],"seed_played":"-7180049868464482926","potions_obtained":[{"floor":1,"key":"SneckoOil"},{"floor":7,"key":"Fire Potion"},{"floor":11,"key":"PowerPotion"}],"is_trial":false,"path_per_floor":["M","M","M","M","M","E","M","R","T","R","E","$","E","?","R","B",null,"M","?","$","?","M"],"character_chosen":"SHAPESHIFTER","items_purchased":["StSShapeShifter:FruitBasket","DollysMirror","StSShapeShifter:EntForm"],"campfire_rested":1,"item_purchase_floors":[12,20,20],"current_hp_per_floor":[70,70,65,65,53,31,19,19,19,46,27,27,27,50,50,45,92,75,75,75,75,48,48],"gold":0,"neow_bonus":"TWENTY_PERCENT_HP_BONUS","is_daily":false,"chose_seed":false,"campfire_upgraded":2,"win_rate":0.0,"timestamp":1613973493,"path_taken":["M","M","M","M","M","E","M","R","T","R","E","?","E","?","R","BOSS","M","?","$","?","M"],"items_purchased_type":["Card","Relic","Card"],"build_version":"2020-12-22","purchased_purges":1,"victory":false,"max_hp_per_floor":[92,92,92,92,92,92,92,92,92,92,92,92,92,92,92,92,92,92,92,92,92,92,92],"card_choices":[{"not_picked":["StSShapeShifter:RatForm","StSShapeShifter:VineHandcuffs"],"picked":"StSShapeShifter:Sapling","floor":1},{"not_picked":["StSShapeShifter:Guard","StSShapeShifter:BurstingSpore"],"picked":"StSShapeShifter:WiltingWrath","floor":2},{"not_picked":["StSShapeShifter:RockSlide","StSShapeShifter:TopazSkin"],"picked":"StSShapeShifter:FlowerShield","floor":3},{"not_picked":["StSShapeShifter:DeerForm","StSShapeShifter:IntimidatingAura"],"picked":"StSShapeShifter:CursedApple","floor":4},{"not_picked":["StSShapeShifter:RockSlide","StSShapeShifter:HippoForm"],"picked":"StSShapeShifter:MammothForm","floor":5},{"not_picked":["StSShapeShifter:Wildfire2","StSShapeShifter:PoisonIvy"],"picked":"StSShapeShifter:ClimbTree","floor":6},{"not_picked":["StSShapeShifter:FruitBasket","StSShapeShifter:BurstingSpore"],"picked":"StSShapeShifter:ThornToss","floor":7},{"not_picked":["StSShapeShifter:Rest","StSShapeShifter:ShiftingStrike","StSShapeShifter:Summer"],"picked":"SKIP","floor":11},{"not_picked":["StSShapeShifter:RockSlide","StSShapeShifter:VineHandcuffs"],"picked":"StSShapeShifter:Maul","floor":13},{"not_picked":["StSShapeShifter:RitualOfTheExtinct","StSShapeShifter:Vengeance"],"picked":"StSShapeShifter:Sap_Burst","floor":16},{"not_picked":["StSShapeShifter:RockSlide","StSShapeShifter:DeerForm","StSShapeShifter:Evolution+1"],"picked":"SKIP","floor":18}],"player_experience":585485,"relics_obtained":[{"floor":6,"key":"Shovel"},{"floor":11,"key":"Blue Candle"},{"floor":13,"key":"Pocketwatch"},{"floor":17,"key":"Boot"},{"floor":17,"key":"StSShapeShifter:WristwrapsOfDiscovery"},{"floor":17,"key":"Torii"}],"event_choices":[{"damage_healed":23,"gold_gain":0,"player_choice":"Healed and dodged fight","damage_taken":0,"max_hp_gain":0,"max_hp_loss":0,"event_name":"Mushrooms","floor":14,"gold_loss":0,"cards_obtained":["Parasite"]},{"damage_healed":0,"gold_gain":99,"player_choice":"Steal","damage_taken":0,"max_hp_gain":0,"max_hp_loss":0,"event_name":"betterThird:BetterNest","floor":19,"gold_loss":0},{"damage_healed":0,"gold_gain":0,"player_choice":"Obtained Relic","damage_taken":0,"relics_obtained":["StSShapeShifter:Fertilizer"],"max_hp_gain":0,"max_hp_loss":0,"event_name":"Addict","floor":21,"gold_loss":85}],"is_beta":false,"boss_relics":[{"not_picked":["Runic Pyramid","Pandora\u0027s Box"],"picked":"Calling Bell"}],"items_purged_floors":[12],"is_endless":false,"potions_floor_spawned":[1,7,11],"killed_by":"2 Thieves","ascension_level":1}}