{"host":"w1l5t0a1l2lkq6my","time":1613982496,"event":{"mods":["100% Spire Juice","Bartender","BaseMod","Better Match","KinomotoSakuraMod(ñÿîVñ{?)","Lobotomy","LobotomyExtend","Magitek Elite","MarisaÅiñ∂âJÅ@ñÇóùçπÅj","Minty Spire (QoL Compilation)","Shapeshifter Mod","StSLib","The Animator","The Gatherer","The Senshi","Yuyuko"],"gold_per_floor":[131,81,122,122,133,58,78,78,78,78,253,253,293,49,49,149,149,168,168,213,226,151,151,208,208,235,278,293,218,218,258,258,385,385,401,198,218,237,298,360,372,429,441,84,102,102,102,115,115,115,115],"floor_reached":50,"language":"ENG","playtime":3126,"items_purged":["Justitia","Regret","animator:Emilia","animator:Patchouli+1"],"score":742,"play_id":"8ec817a8-219d-467a-8174-2230310cc4b5","local_time":"20210222012816","daily_mods":["Shiny","Vintage","Colorless Cards","Heirloom"],"is_ascension_mode":false,"campfire_choices":[{"data":"1","floor":25,"key":"LIFT"},{"data":"2","floor":32,"key":"LIFT"},{"data":"3","floor":41,"key":"LIFT"}],"circlet_count":0,"master_deck":["GoldRush","CENSORED_ego","DaCapo","Adoration","Mimicry","Twilight","ParadiseLost+1","SoundOfStar","TheSmile","Transmutation+1","HandOfGreed","Secret Technique","animator:Hibiki","animator:HarukoHaruhara","Master of Strategy","Mayhem","animator:HououinKyouma","Panache","animator:Kira","Magnetism","Sadistic Nature","animator:TakanashiRikka","animator:KotoriKanbe","Thinking Ahead","Metamorphosis","Chrysalis+1","Secret Weapon","Apotheosis+1","Violence","The Bomb","InformationCode","SecurityCode","CentralCode","SpecialBullet","OldLady","SpiderBud","animator:Zero+1","ControlCode","TT2Protocol","Metamorphosis","DisciplinaryCode","Moonlight+1","Soda+1","Regret_ego","Dark Shackles+1","ExtractionCode"],"relics":["CogitoBucket","Bird Faced Urn","Bottled Lightning","LetterFromLob","Mummified Hand","MealTicket","Angel_Ring","Whetstone","MagicBullet_r","Heaven_r","Oddly Smooth Stone","Art of War","Lantern","SlaversCollar","BackwardClock","Blood Vial","Juzu Bracelet","Bag of Marbles","Girya","Strawberry","War Paint","Theresia","WingedGreaves","Protect_Vest","theSenshi:MoonKaleidoScopeRelic","Gremlin Horn","theSenshi:FeatherClipsRelic","SkinProphecy","AtMidnight","MawBank","theSenshi:SpiralHeartMoonRodRelic","The Courier","Mythril_Glove","Potion Belt","Toxic Egg 2","White Beast Statue","Pen Nib"],"acts_visited":["Exordium","TheCity","TheBeyond"],"potions_floor_usage":[50,50,50],"damage_taken":[{"damage":5,"enemies":"Jaw Worm","floor":1,"turns":2},{"damage":5,"enemies":"2 Louse","floor":3,"turns":2},{"damage":15,"enemies":"Small Slimes","floor":5,"turns":2},{"damage":27,"enemies":"3 Sentries","floor":7,"turns":6},{"damage":45,"enemies":"Red Slaver","floor":8,"turns":3},{"damage":9,"enemies":"Red Slaver","floor":13,"turns":2},{"damage":0,"enemies":"Slime Boss","floor":16,"turns":4},{"damage":18,"enemies":"3 Byrds","floor":18,"turns":2},{"damage":10,"enemies":"Chosen","floor":20,"turns":3},{"damage":41,"enemies":"Snake Plant","floor":21,"turns":2},{"damage":34,"enemies":"Slavers","floor":24,"turns":3},{"damage":12,"enemies":"Centurion and Healer","floor":27,"turns":4},{"damage":30,"enemies":"Shelled Parasite and Fungi","floor":28,"turns":5},{"damage":6,"enemies":"Sentry and Sphere","floor":31,"turns":3},{"damage":6,"enemies":"Champ","floor":33,"turns":7},{"damage":20,"enemies":"3 Shapes","floor":35,"turns":2},{"damage":0,"enemies":"Orb Walker","floor":37,"turns":1},{"damage":13,"enemies":"Sphere and 2 Shapes","floor":38,"turns":3},{"damage":15,"enemies":"2 Orb Walkers","floor":39,"turns":3},{"damage":0,"enemies":"Giant Head","floor":40,"turns":3},{"damage":21,"enemies":"4 Shapes","floor":42,"turns":4},{"damage":30,"enemies":"Writhing Mass","floor":45,"turns":4},{"damage":0,"enemies":"Sphere and 2 Shapes","floor":48,"turns":2},{"damage":148,"enemies":"Awakened One","floor":50,"turns":5}],"seed_played":"5442517866418786251","potions_obtained":[{"floor":5,"key":"Dexterity Potion"},{"floor":7,"key":"BlessingOfTheForge"},{"floor":13,"key":"SneckoOil"},{"floor":48,"key":"DuplicationPotion"}],"is_trial":true,"path_per_floor":["M","?","M","?","M","$","E","M","T","R","?","R","M","$","R","B",null,"M","?","M","M","?","R","E","R","T","M","M","?","?","M","R","B",null,"M","$","M","M","?","E","R","M","T","$","M","?","R","M","R","B"],"character_chosen":"Angela","items_purchased":["Lantern","LiquidMemories","Regret_ego","Toxic Egg 2"],"campfire_rested":0,"item_purchase_floors":[14,36,44,44],"current_hp_per_floor":[70,70,70,70,63,70,55,20,20,20,20,20,21,36,36,56,70,70,70,70,56,56,56,59,59,66,77,68,68,68,77,77,77,77,77,77,77,77,79,81,81,83,83,83,85,85,85,87,87,0,0],"gold":115,"neow_bonus":"","is_daily":false,"chose_seed":false,"campfire_upgraded":0,"win_rate":0.0,"timestamp":1613982496,"path_taken":["M","?","M","?","M","?","E","M","T","R","?","R","M","$","R","BOSS","M","?","M","M","?","R","E","R","T","M","M","?","?","M","R","BOSS","M","$","M","M","?","E","R","M","T","$","M","?","R","M","R","BOSS"],"items_purchased_type":["Card","Potion","Card","Relic"],"build_version":"2020-12-22","purchased_purges":4,"victory":false,"max_hp_per_floor":[70,70,70,70,70,70,70,70,70,70,70,70,70,70,70,70,70,70,70,70,70,70,70,70,70,77,77,77,77,77,77,77,77,77,77,77,77,77,79,81,81,83,83,83,85,85,85,87,87,91,91],"card_choices":[{"not_picked":["WallGazer","PunishingBird"],"picked":"OldLady","floor":3},{"not_picked":["WallGazer","FairyFestival"],"picked":"SpiderBud","floor":5},{"not_picked":["Wingbeat","Noise"],"picked":"SKIP","floor":7},{"not_picked":["animator:Cirno+1"],"picked":"animator:Zero+1","floor":22},{"not_picked":["Transmutation","Beak"],"picked":"SKIP","floor":24},{"not_picked":["animator:Lelouch"],"picked":"Metamorphosis","floor":33},{"not_picked":["SolemnVow"],"picked":"Moonlight+1","floor":39},{"not_picked":["FourthMatchFlame+1"],"picked":"Soda+1","floor":40},{"not_picked":["Metamorphosis+1"],"picked":"Dark Shackles+1","floor":46}],"player_experience":165284,"relics_obtained":[{"floor":1,"key":"Bottled Lightning"},{"floor":1,"key":"LetterFromLob"},{"floor":3,"key":"Mummified Hand"},{"floor":5,"key":"Angel_Ring"},{"floor":7,"key":"Whetstone"},{"floor":9,"key":"Oddly Smooth Stone"},{"floor":13,"key":"Art of War"},{"floor":18,"key":"Blood Vial"},{"floor":20,"key":"Juzu Bracelet"},{"floor":21,"key":"Bag of Marbles"},{"floor":24,"key":"Girya"},{"floor":26,"key":"Strawberry"},{"floor":27,"key":"War Paint"},{"floor":28,"key":"WingedGreaves"},{"floor":31,"key":"Protect_Vest"},{"floor":35,"key":"Gremlin Horn"},{"floor":37,"key":"theSenshi:FeatherClipsRelic"},{"floor":38,"key":"AtMidnight"},{"floor":38,"key":"MawBank"},{"floor":39,"key":"theSenshi:SpiralHeartMoonRodRelic"},{"floor":40,"key":"The Courier"},{"floor":42,"key":"Mythril_Glove"},{"floor":43,"key":"Potion Belt"},{"floor":45,"key":"White Beast Statue"},{"floor":48,"key":"Pen Nib"}],"event_choices":[{"cards_removed":["Pinks"],"damage_healed":0,"gold_gain":0,"player_choice":"Card Removal","damage_taken":0,"max_hp_gain":0,"max_hp_loss":0,"event_name":"The Cleric","floor":2,"gold_loss":50},{"damage_healed":0,"gold_gain":0,"player_choice":"Box","damage_taken":0,"relics_obtained":["MealTicket"],"max_hp_gain":0,"max_hp_loss":0,"event_name":"Big Fish","floor":4,"gold_loss":0,"cards_obtained":["Regret"]},{"damage_healed":0,"gold_gain":175,"player_choice":"AGREE","damage_taken":0,"max_hp_gain":0,"max_hp_loss":0,"event_name":"Liars Game","floor":11,"gold_loss":0,"cards_obtained":["Doubt"]},{"damage_healed":0,"gold_gain":0,"player_choice":"2","damage_taken":0,"max_hp_gain":0,"max_hp_loss":0,"event_name":"betterMatch:BetterMatch","floor":22,"gold_loss":0,"cards_obtained":["betterMatch:UncommonCard"]},{"cards_removed":["animator:TanyaDegurechaff"],"damage_healed":0,"gold_gain":0,"player_choice":"Gave Gold","damage_taken":0,"max_hp_gain":0,"max_hp_loss":0,"event_name":"Beggar","floor":29,"gold_loss":75},{"damage_healed":0,"gold_gain":0,"player_choice":"Upgraded","damage_taken":0,"max_hp_gain":0,"max_hp_loss":0,"event_name":"Upgrade Shrine","floor":30,"gold_loss":0,"cards_upgraded":["Apotheosis"]},{"damage_healed":0,"gold_gain":0,"player_choice":"Fight","damage_taken":0,"max_hp_gain":0,"max_hp_loss":0,"event_name":"Mysterious Sphere","floor":39,"gold_loss":0},{"damage_healed":0,"gold_gain":0,"player_choice":"Memory 1","damage_taken":0,"max_hp_gain":0,"max_hp_loss":0,"event_name":"SensoryStone","floor":46,"gold_loss":0}],"is_beta":false,"boss_relics":[{"not_picked":["Empty Cage","Ectoplasm"],"picked":"SlaversCollar"},{"not_picked":["Sozu","Tiny House"],"picked":"theSenshi:MoonKaleidoScopeRelic"}],"items_purged_floors":[6,14,36,44],"is_endless":false,"potions_floor_spawned":[5,7,13,18,21,31,35,39,48],"killed_by":"Awakened One","ascension_level":0}}