{"host":"dv29tre2e7vje47n","time":1613987881,"event":{"mods":["AchievementEnabler","BaseMod","Colored Map","Colored Powertips","DeckTracker","Displayed Cursed Tome","Downfall","Friendly Minions","Googly Eyes","Highlight Path","Key Reminder","Minty Spire (QoL Compilation)","Quick Restart","Random Character Button","Rare Cards Sparkle","Relic Sorter","Relic Stats","Spire Arcade","Spire Birthday Party","StSLib","SuperFastMode","Unceasing Turn Reminder"],"gold_per_floor":[119,69,319,0,0,33,51,79,79,43,4,31,31,47,47,47,47,47],"floor_reached":16,"language":"ENG","playtime":717,"items_purged":[],"score":122,"play_id":"11c84417-f188-4037-a686-a433fd5a2af6","local_time":"20210222105801","is_ascension_mode":true,"campfire_choices":[{"floor":13,"key":"REST"},{"data":"sneckomod:UnendingSupply","floor":15,"key":"SMITH"}],"circlet_count":0,"master_deck":["sneckomod:Strike+1","sneckomod:Strike","sneckomod:Defend","sneckomod:Defend","sneckomod:Defend","sneckomod:TailWhip+1","sneckomod:SnekBite","sneckomod:Unknown","sneckomod:Unknown","sneckomod:WideSting","sneckomod:UnknownX+1","sneckomod:ImprovisedAttack","sneckomod:Unknown2Cost+1","sneckomod:UnendingSupply+1","sneckomod:UnknownX+1"],"relics":["sneckomod:SneckoSoul","Lizard Tail","sneckomod:UnknownEgg","Shuriken","Whetstone","sneckomod:ConfusingCodex","WingedGreaves","Centennial Puzzle"],"acts_visited":["Exordium"],"potions_floor_usage":[],"damage_taken":[{"damage":3.0,"enemies":"2 Louse","floor":1.0,"turns":2.0},{"damage":28.0,"enemies":"Lagavulin","floor":6.0,"turns":4.0},{"damage":0.0,"enemies":"Small Slimes","floor":7.0,"turns":3.0},{"damage":17.0,"enemies":"Gremlin Nob","floor":8.0,"turns":3.0},{"damage":35,"enemies":"3 Sentries","floor":12,"turns":6},{"damage":3,"enemies":"Jaw Worm","floor":14,"turns":2},{"damage":82,"enemies":"The Guardian","floor":16,"turns":8}],"seed_played":"-1292232735879610315","potions_obtained":[{"floor":3.0,"key":"SkillPotion"},{"floor":6.0,"key":"sneckomod:CheatPotion"},{"floor":8.0,"key":"Dexterity Potion"}],"is_trial":false,"path_per_floor":["M","?","?","$","?","E","M","E","T","$","$","E","R","M","R","B"],"character_chosen":"THE_SNECKO","items_purchased":["Shuriken","sneckomod:UnknownX+1","sneckomod:UnendingSupply","sneckomod:UnknownX+1"],"campfire_rested":1,"item_purchase_floors":[4,4,10,11],"current_hp_per_floor":[60,60,60,60,90,62,62,45,45,45,45,10,37,34,34,0,0,0],"gold":47,"neow_bonus":"ONE_RARE_RELIC","is_daily":false,"chose_seed":false,"campfire_upgraded":1,"win_rate":0.0,"timestamp":1613987881,"path_taken":["M","?","?","?","?","E","M","E","T","?","$","E","R","M","R","BOSS"],"items_purchased_type":["Relic","Card","Card","Card"],"build_version":"2020-12-22","purchased_purges":0,"victory":false,"max_hp_per_floor":[90,90,90,90,90,90,90,90,90,90,90,90,90,90,90,90,90,90],"relic_stats":{"Lizard Tail":45,"Centennial Puzzle":[3],"counters":[7,28],"Shuriken":[11],"Whetstone":["sneckomod:TailWhip","sneckomod:Strike"],"obtain_stats":[{"Lizard Tail":0,"Centennial Puzzle":12,"Shuriken":4,"sneckomod:ConfusingCodex":8,"sneckomod:UnknownEgg":3,"WingedGreaves":9,"Whetstone":6,"sneckomod:SneckoSoul":0},{"Lizard Tail":0,"Centennial Puzzle":5,"Shuriken":1,"sneckomod:ConfusingCodex":4,"sneckomod:UnknownEgg":1,"WingedGreaves":4,"Whetstone":2,"sneckomod:SneckoSoul":0},{"Lizard Tail":0,"Centennial Puzzle":18,"Shuriken":2,"sneckomod:ConfusingCodex":12,"sneckomod:UnknownEgg":2,"WingedGreaves":12,"Whetstone":6,"sneckomod:SneckoSoul":0}]},"card_choices":[{"not_picked":["sneckomod:DiceBlock","sneckomod:MixItUp"],"picked":"sneckomod:WideSting","floor":1.0},{"not_picked":["sneckomod:UnknownWeak+1","sneckomod:WideSting"],"picked":"sneckomod:ImprovisedAttack","floor":6.0},{"not_picked":["sneckomod:UnknownClassSLIMEBOUND+1","sneckomod:Restock"],"picked":"sneckomod:Unknown2Cost+1","floor":7.0},{"not_picked":["sneckomod:WideSting","sneckomod:Unknown1Cost+1","sneckomod:QuickMove"],"picked":"SKIP","floor":8.0},{"not_picked":["sneckomod:DiceCrush","sneckomod:WideSting","sneckomod:SoulExchange"],"picked":"SKIP","floor":12},{"not_picked":["sneckomod:TrashToTreasure","sneckomod:UnknownDraw+1","sneckomod:DiceBoulder"],"picked":"SKIP","floor":14}],"player_experience":152357,"relics_obtained":[{"floor":6.0,"key":"Whetstone"},{"floor":8.0,"key":"sneckomod:ConfusingCodex"},{"floor":9.0,"key":"WingedGreaves"},{"floor":12,"key":"Centennial Puzzle"}],"event_choices":[{"cards_removed":["sneckomod:Strike"],"damage_healed":0.0,"max_hp_gain":0.0,"max_hp_loss":0.0,"gold_gain":0.0,"event_name":"The Cleric","player_choice":"Card Removal","floor":2.0,"gold_loss":50.0,"damage_taken":0.0},{"damage_healed":30.0,"max_hp_gain":0.0,"max_hp_loss":0.0,"gold_gain":0.0,"event_name":"Big Fish","player_choice":"Banana","floor":5.0,"gold_loss":0.0,"damage_taken":0.0}],"is_beta":false,"boss_relics":[],"items_purged_floors":[],"is_endless":false,"potions_floor_spawned":[6,8,14],"killed_by":"The Guardian","ascension_level":1}}