{"host":"tbtdmxsmbcrp6qvt","time":1613971195,"event":{"mods":["BaseMod","Dota2Spire","Minty Spire (QoL Compilation)","Quick Restart","Replay The Spire","StSLib","The Servant 0.9.4"],"gold_per_floor":[116,116,116,191,244,280,280,54,104,104,119,137,161,186,186,310,310,334,334,334,348,373,373,373],"floor_reached":23,"language":"ZHS","playtime":779,"items_purged":["Strike_R"],"score":310,"play_id":"b8149af2-7ec9-476a-9749-cfa1e19b2e5b","local_time":"20210222131955","is_ascension_mode":true,"campfire_choices":[{"floor":7,"key":"REST"},{"floor":15,"key":"RECALL"}],"circlet_count":0,"master_deck":["Strike_R","Strike_R","Strike_R","Strike_R","Defend_R","Defend_R","Defend_R","Defend_R","Bash+1","Heavy Blade+1","Rupture","Sickly","Demon Form","Demon Form","Seeing Red","Life Link"],"relics":["Burning Blood","NeowsBlessing","Golden Idol","Pantograph","Pen Nib","Vajra","Ring of Searing","ReplayTheSpireMod:Ring of Addiction","Toy Ornithopter","White Beast Statue","PreservedInsect","Runic Dome","Nilry\u0027s Codex"],"acts_visited":["Exordium","TheCity"],"potions_floor_usage":[12,16,16,16,22,22],"damage_taken":[{"damage":0,"enemies":"2 Louse","floor":1,"turns":1},{"damage":0,"enemies":"3 Sentries","floor":6,"turns":1},{"damage":0,"enemies":"Jaw Worm","floor":11,"turns":1},{"damage":0,"enemies":"Small Slimes","floor":12,"turns":3},{"damage":9,"enemies":"Blue Slaver","floor":13,"turns":3},{"damage":61,"enemies":"Hexaghost","floor":16,"turns":5},{"damage":33,"enemies":"Spheric Guardian","floor":18,"turns":4},{"damage":17,"enemies":"Shell Parasite","floor":21,"turns":3},{"damage":36,"enemies":"Centurion and Healer","floor":22,"turns":5},{"damage":0,"enemies":"Replay:Snechameleon","floor":23,"turns":1}],"seed_played":"-7233010806657662597","potions_obtained":[{"floor":5,"key":"Dexterity Potion"},{"floor":5,"key":"Cursed Concoction"},{"floor":5,"key":"FearPotion"},{"floor":10,"key":"Explosive Potion"},{"floor":11,"key":"Block Potion"},{"floor":12,"key":"Strength Potion"},{"floor":16,"key":"SpeedPotion"},{"floor":18,"key":"BloodPotion"},{"floor":21,"key":"Elixir"},{"floor":22,"key":"LiquidBronze"}],"is_trial":false,"path_per_floor":["M","?","?","?","?","E","R","$","T","?","M","M","M","T","R","B",null,"M","?","?","M","M","E"],"character_chosen":"IRONCLAD","items_purchased":["Pen Nib"],"campfire_rested":1,"item_purchase_floors":[8],"current_hp_per_floor":[78,62,42,31,11,17,41,41,41,41,47,58,55,55,55,28,66,39,65,49,38,33,33,33],"gold":373,"neow_bonus":"THREE_ENEMY_KILL","is_daily":false,"chose_seed":false,"campfire_upgraded":0,"win_rate":0.0,"timestamp":1613971195,"path_taken":["M","?","?","?","?","E","R","$","T","?","M","M","?","?","R","BOSS","M","?","?","M","M","E"],"items_purchased_type":["Relic"],"build_version":"2020-12-22","purchased_purges":1,"victory":false,"max_hp_per_floor":[80,80,80,80,80,80,80,80,80,80,80,80,80,80,80,78,78,78,78,76,76,76,76,76],"card_choices":[{"not_picked":["Headbutt","True Grit"],"picked":"Heavy Blade","floor":1},{"not_picked":["Metallicize","Replay:Undeath\u0027s Touch"],"picked":"Rupture","floor":5},{"not_picked":["Twin Strike","Thunderclap","Body Slam"],"picked":"SKIP","floor":6},{"not_picked":["Shrug It Off","Body Slam"],"picked":"Demon Form","floor":11},{"not_picked":["Perfected Strike","Wild Strike","True Grit"],"picked":"SKIP","floor":12},{"not_picked":["ReplayTheSpireMod:Strike From Hell","Hemokinesis","True Grit"],"picked":"SKIP","floor":13},{"not_picked":["Impervious","Replay:Many Hands"],"picked":"Demon Form","floor":16},{"not_picked":["Body Slam","Clash+1"],"picked":"Seeing Red","floor":18},{"not_picked":["Clothesline","Anger"],"picked":"Life Link","floor":21},{"not_picked":["Pommel Strike","Sever Soul+1","Perfected Strike+1"],"picked":"SKIP","floor":22}],"player_experience":472172,"relics_obtained":[{"floor":6,"key":"Pantograph"},{"floor":9,"key":"Vajra"},{"floor":10,"key":"Ring of Searing"},{"floor":10,"key":"ReplayTheSpireMod:Ring of Addiction"},{"floor":10,"key":"Toy Ornithopter"},{"floor":10,"key":"White Beast Statue"},{"floor":14,"key":"PreservedInsect"},{"floor":20,"key":"Nilry\u0027s Codex"}],"event_choices":[{"damage_healed":0,"gold_gain":0,"player_choice":"Entered Light","damage_taken":16,"max_hp_gain":0,"max_hp_loss":0,"event_name":"Shining Light","floor":2,"gold_loss":0,"cards_upgraded":["Bash","Heavy Blade"]},{"damage_healed":0,"gold_gain":0,"player_choice":"Take Damage","damage_taken":20,"relics_obtained":["Golden Idol"],"max_hp_gain":0,"max_hp_loss":0,"event_name":"Golden Idol","floor":3,"gold_loss":0},{"damage_healed":0,"gold_gain":75,"player_choice":"Gather Gold","damage_taken":11,"max_hp_gain":0,"max_hp_loss":0,"event_name":"World of Goop","floor":4,"gold_loss":0},{"damage_healed":26,"gold_gain":0,"player_choice":"Heal","damage_taken":0,"max_hp_gain":0,"max_hp_loss":0,"event_name":"The Library","floor":19,"gold_loss":0},{"damage_healed":0,"gold_gain":0,"player_choice":"Obtained Book","damage_taken":16,"max_hp_gain":0,"max_hp_loss":0,"event_name":"Cursed Tome","floor":20,"gold_loss":0}],"is_beta":false,"boss_relics":[{"not_picked":["Runic Cube","Replay:Drink Me"],"picked":"Runic Dome"}],"items_purged_floors":[8],"is_endless":false,"potions_floor_spawned":[6,11,12,13,16,18,21,22],"killed_by":"Replay:Snechameleon","ascension_level":9}}