{"host":"0o4jkshs65tojivq","time":1613974487,"event":{"mods":["AchievementEnabler","BaseMod","Downfall","Minty Spire (QoL Compilation)","Quick Restart","StSLib"],"gold_per_floor":[99,117,128,139,139,156,228,242,417,867,902,902,902,396,409,507,507,507,507,527,2,19,51,104,4,36,54,54,54,86,98,115,211,211,211,225,242,259,259,278,303,303,313,40,40,40,60,75,94,94],"floor_reached":51,"language":"ENG","playtime":5911,"items_purged":["Doubt","Pain"],"score":982,"play_id":"cfbb8104-914f-48dc-8bae-603ca8ac6427","local_time":"20210221221447","is_ascension_mode":true,"campfire_choices":[{"data":"bronze:Replicate","floor":1.0,"key":"SMITH"},{"floor":12.0,"key":"REST"},{"floor":18.0,"key":"RECALL"},{"data":"Apotheosis","floor":25.0,"key":"SMITH"},{"data":"bronze:BugBarrage","floor":29.0,"key":"SMITH"},{"floor":35,"key":"REST"},{"floor":42,"key":"REST"}],"circlet_count":0,"master_deck":["bronze:Strike+1","bronze:Strike+1","bronze:Defend","bronze:Defend","bronze:Defend","bronze:Replicate+1","bronze:Goto","bronze:WildBeam","bronze:MaxOutput","bronze:Deprecate","bronze:InfiniteLoop","bronze:BugBarrage+1","bronze:Deprecate","downfall:Icky","downfall:Icky","downfall:Icky","bronze:OilSpill","bronze:BronzeArmor","expansioncontent:QuickStudy","bronze:Virus","CurseOfTheBell","bronze:DarkDash","bronze:DelayedSlice","bronze:BronzeOrb","bronze:Invalidate","bronze:Safeguard","bronze:Invalidate","bronze:DigitalCarnage","Apotheosis+1","bronze:Safeguard","bronze:NullPointer","bronze:Deprecate+1","bronze:BuggyMess","bronze:OilSpill","bronze:BugBarrage","bronze:DelayedGuard+1","bronze:SpaghettiCode","bronze:DelayedSlice+1","bronze:Safeguard+1","bronze:Branch","bronze:BugBarrage","bronze:DigitalCarnage","bronze:Safeguard+1","bronze:ThunderWave","Doubt","bronze:ClassDefault+1","bronze:MaxOutput","bronze:Refactor+1"],"relics":["bronze:BronzeCore","Whetstone","Matryoshka","PreservedInsect","Calling Bell","Akabeko","Ornamental Fan","Mango","HornCleat","Darkstone Periapt","bronze:ProtectiveGoggles","Boot","downfall:HeartBlessingRed","Happy Flower","Bag of Preparation","Fusion Hammer","Bag of Marbles","Toxic Egg 2","Bronze Scales","Strange Spoon","Vajra"],"acts_visited":["Exordium","TheCity","TheBeyond"],"potions_floor_usage":[47,50],"damage_taken":[{"damage":6.0,"enemies":"Jaw Worm","floor":2.0,"turns":4.0},{"damage":8.0,"enemies":"Small Slimes","floor":3.0,"turns":3.0},{"damage":0.0,"enemies":"2 Louse","floor":4.0,"turns":2.0},{"damage":10.0,"enemies":"downfall:LooterAlt","floor":6.0,"turns":4.0},{"damage":9.0,"enemies":"Blue Slaver","floor":8.0,"turns":5.0},{"damage":20.0,"enemies":"3 Sentries","floor":11.0,"turns":8.0},{"damage":0.0,"enemies":"downfall:FleeingMerchant","floor":14.0,"turns":4.0},{"damage":17.0,"enemies":"Gremlin Gang","floor":15.0,"turns":5.0},{"damage":50.0,"enemies":"DF_ARCHETYPE_STREAMLINE","floor":16.0,"turns":7.0},{"damage":17.0,"enemies":"downfall:LooterAlt2","floor":20.0,"turns":4.0},{"damage":0.0,"enemies":"downfall:FleeingMerchant","floor":21.0,"turns":4.0},{"damage":17.0,"enemies":"Spheric Guardian","floor":22.0,"turns":4.0},{"damage":23.0,"enemies":"Gremlin Leader","floor":23.0,"turns":7.0},{"damage":7.0,"enemies":"Slavers","floor":26.0,"turns":2.0},{"damage":2.0,"enemies":"Snake Plant","floor":27.0,"turns":3.0},{"damage":1.0,"enemies":"Gremlin Leader","floor":30.0,"turns":7.0},{"damage":2.0,"enemies":"Centurion and Healer","floor":31.0,"turns":5.0},{"damage":0.0,"enemies":"Snecko","floor":32.0,"turns":3.0},{"damage":28.0,"enemies":"SI_MIRROR_ARCHETYPE","floor":33.0,"turns":6.0},{"damage":11,"enemies":"3 Shapes","floor":36,"turns":5},{"damage":3,"enemies":"3 Darklings","floor":37,"turns":4},{"damage":19,"enemies":"4 Shapes","floor":38,"turns":7},{"damage":3,"enemies":"Spire Growth","floor":40,"turns":3},{"damage":4,"enemies":"Writhing Mass","floor":43,"turns":5},{"damage":0,"enemies":"downfall:FleeingMerchant","floor":44,"turns":1},{"damage":38,"enemies":"Transient","floor":47,"turns":5},{"damage":0,"enemies":"Sphere and 2 Shapes","floor":48,"turns":2},{"damage":0,"enemies":"Writhing Mass","floor":49,"turns":3},{"damage":40,"enemies":"WA_ARCHETYPE_DIVINITY","floor":50,"turns":7}],"seed_played":"1154447480395720760","potions_obtained":[{"floor":6.0,"key":"Fruit Juice"},{"floor":8.0,"key":"Fire Potion"},{"floor":15.0,"key":"ColorlessPotion"},{"floor":16.0,"key":"sneckomod:MuddlingPotion"},{"floor":22.0,"key":"Block Potion"},{"floor":23.0,"key":"bronze:FreeFunctionsPotion"},{"floor":26.0,"key":"Fire Potion"},{"floor":31.0,"key":"Explosive Potion"},{"floor":47,"key":"LiquidMemories"}],"is_trial":false,"path_per_floor":["R","M","M","M","?","M","T","M","?","?","E","R","?","$","M","B",null,"R","?","M","$","M","E","T","R","E","M","?","R","E","M","M","B",null,"R","M","M","M","?","M","T","R","M","$","?","?","M","M","M","B",null],"character_chosen":"THE_AUTOMATON","items_purchased":["bronze:BronzeArmor","expansioncontent:QuickStudy","bronze:Virus","HornCleat","bronze:Invalidate","bronze:DigitalCarnage","Apotheosis","Strange Spoon","Vajra","bronze:Safeguard+1","Fire Potion","bronze:ThunderWave"],"campfire_rested":3,"item_purchase_floors":[14,14,14,21,21,21,21,44,44,44,44,44],"current_hp_per_floor":[70,64,56,56,56,46,46,37,37,37,22,44,69,69,52,2,89,89,89,72,72,55,32,32,32,25,23,99,99,98,96,96,68,99,99,88,85,66,66,63,63,92,88,88,105,105,67,67,67,27],"gold":94,"neow_bonus":"RANDOM_COMMON_RELIC","is_daily":false,"chose_seed":false,"campfire_upgraded":3,"win_rate":0.0,"timestamp":1613974487,"path_taken":["R","M","M","M","?","M","T","M","?","?","E","R","?","$","M","BOSS","R","?","?","$","M","E","T","R","E","M","?","R","E","?","M","BOSS","R","M","M","?","?","M","T","R","M","$","?","?","?","M","M","BOSS"],"items_purchased_type":["Card","Card","Card","Relic","Card","Card","Card","Relic","Relic","Card","Potion","Card"],"build_version":"2020-12-22","purchased_purges":2,"victory":true,"max_hp_per_floor":[70,70,70,70,70,70,70,70,70,70,75,75,75,75,75,75,89,89,89,89,89,89,89,89,89,89,89,99,99,99,99,99,99,99,99,99,99,99,99,99,99,99,99,99,105,105,105,105,105,105],"card_choices":[{"not_picked":["bronze:Shield","bronze:Iterate"],"picked":"bronze:WildBeam","floor":2.0},{"not_picked":["bronze:Frontload","bronze:WhirlingStrike"],"picked":"bronze:MaxOutput","floor":3.0},{"not_picked":["bronze:Fortify","bronze:Constructor"],"picked":"bronze:Deprecate","floor":4.0},{"not_picked":["bronze:CloningBeam","bronze:GetLatest"],"picked":"bronze:BugBarrage","floor":6.0},{"not_picked":["bronze:ItsAFeature","bronze:BitShift"],"picked":"bronze:Deprecate","floor":8.0},{"not_picked":["bronze:FollowUp","bronze:Separator"],"picked":"bronze:ClassDefault","floor":11.0},{"not_picked":["bronze:ClassDefault","bronze:BugBarrage"],"picked":"bronze:OilSpill","floor":14.0},{"not_picked":["bronze:ChildClass","bronze:Separator","bronze:Frontload"],"picked":"SKIP","floor":15.0},{"not_picked":["bronze:TinkerersToolbox","bronze:Assembly"],"picked":"bronze:HardenedForm","floor":16.0},{"not_picked":["bronze:ForLoop","bronze:BugBarrage+1"],"picked":"bronze:Invalidate","floor":20.0},{"not_picked":["bronze:WhirlingStrike","bronze:Frontload+1"],"picked":"bronze:Safeguard","floor":21.0},{"not_picked":["bronze:Invalidate+1","bronze:WildBeam"],"picked":"bronze:Safeguard","floor":22.0},{"not_picked":["bronze:DelayedSlice","bronze:CloningBeam+1"],"picked":"bronze:NullPointer","floor":23.0},{"not_picked":["bronze:RecursiveStrike","bronze:Repulsor"],"picked":"bronze:Deprecate+1","floor":26.0},{"not_picked":["bronze:FollowUp","bronze:Separator+1"],"picked":"bronze:BuggyMess","floor":27.0},{"not_picked":["bronze:Hardcode","bronze:DelayedSlice"],"picked":"bronze:OilSpill","floor":30.0},{"not_picked":["bronze:FollowUp","bronze:BuggyMess"],"picked":"bronze:BugBarrage","floor":31.0},{"not_picked":["bronze:Separator+1","bronze:CloningBeam"],"picked":"bronze:DelayedGuard+1","floor":32.0},{"not_picked":["bronze:Format","bronze:TinkerersToolbox"],"picked":"bronze:SpaghettiCode","floor":33.0},{"not_picked":["bronze:Constructor+1","bronze:Fortify+1"],"picked":"bronze:DelayedSlice+1","floor":36},{"not_picked":["bronze:Shell+1","bronze:FineTuning"],"picked":"bronze:Safeguard+1","floor":37},{"not_picked":["bronze:Return+1","bronze:CutThrough+1","bronze:Constructor+1"],"picked":"SKIP","floor":38},{"not_picked":["bronze:DelayedSlice","bronze:Allocate+1"],"picked":"bronze:Branch","floor":40},{"not_picked":["bronze:BitShift+1","bronze:ItsAFeature+1"],"picked":"bronze:BugBarrage","floor":43},{"not_picked":["bronze:Constructor+1","bronze:Library"],"picked":"bronze:DigitalCarnage","floor":44},{"not_picked":["bronze:Separator+1","bronze:Optimize+1"],"picked":"bronze:ClassDefault+1","floor":47},{"not_picked":["bronze:ChosenStrike","bronze:DelayedSlice"],"picked":"bronze:MaxOutput","floor":48},{"not_picked":["bronze:ItsAFeature","bronze:Repair+1"],"picked":"bronze:Refactor+1","floor":49}],"player_experience":1235622,"relics_obtained":[{"floor":7.0,"key":"Matryoshka"},{"floor":11.0,"key":"PreservedInsect"},{"floor":17.0,"key":"Akabeko"},{"floor":17.0,"key":"Ornamental Fan"},{"floor":17.0,"key":"Mango"},{"floor":23.0,"key":"Darkstone Periapt"},{"floor":24.0,"key":"bronze:ProtectiveGoggles"},{"floor":24.0,"key":"Boot"},{"floor":26.0,"key":"Happy Flower"},{"floor":30.0,"key":"Bag of Preparation"},{"floor":39,"key":"Bag of Marbles"},{"floor":39,"key":"Toxic Egg 2"},{"floor":41,"key":"Bronze Scales"}],"event_choices":[{"damage_healed":25.0,"max_hp_gain":0.0,"max_hp_loss":0.0,"gold_gain":0.0,"event_name":"Big Fish","player_choice":"Banana","floor":13.0,"gold_loss":0.0,"damage_taken":0.0},{"cards_removed":["bronze:HardenedForm"],"damage_healed":66.0,"max_hp_gain":10.0,"max_hp_loss":0.0,"gold_gain":0.0,"event_name":"Bonfire Elementals","player_choice":"Offered Rare","floor":28.0,"gold_loss":0.0,"damage_taken":0.0}],"is_beta":false,"boss_relics":[{"not_picked":["Philosopher\u0027s Stone","Sozu"],"picked":"Calling Bell"},{"not_picked":["Busted Crown","Cursed Key"],"picked":"Fusion Hammer"}],"items_purged_floors":[14,44],"is_endless":false,"potions_floor_spawned":[6,8,15,16,22,23,26,31,36,38,47],"ascension_level":2}}