{"host":"61r95uy0hn86b9iu","time":1613964945,"event":{"mods":["AchievementEnabler","BaseMod","Better Vampires","BetterRewards","Colored Powertips","Hubris","Minty Spire (QoL Compilation)","Shop Mod","StSLib"],"gold_per_floor":[118,118,118,118,132,132,161,161,186,216,196,215,226,256,256,331,331,351,351,276,291,303,303,303,315,315,106,31,51,69,86,86,157,157,171,135,150,11,11,43,60,60,87,87,87],"floor_reached":44,"language":"ENG","playtime":2348,"items_purged":["Apotheosis+1"],"score":1283,"play_id":"36c2d6e7-e7e6-4c37-bea0-412840617f8f","local_time":"20210221213545","is_ascension_mode":true,"campfire_choices":[{"data":"Zap","floor":6.0,"key":"SMITH"},{"floor":8.0,"key":"REST"},{"floor":15.0,"key":"RECALL"},{"data":"Seek","floor":23.0,"key":"SMITH"},{"floor":32.0,"key":"DIG"},{"floor":42,"key":"REST"}],"circlet_count":0,"master_deck":["AscendersBane","Apotheosis+1","Strike_B","Strike_B","Defend_B","Defend_B","Defend_B","Defend_B","Zap+1","Dualcast","Self Repair+1","Consume+1","Coolheaded","Metamorphosis","Lockon","Rainbow","Glacier","Leap","Seek+1","Echo Form+1","Capacitor+1","Barrage+1","Electrodynamics+1","Static Discharge+1"],"relics":["Cracked Core","Frozen Egg 2","hubris:BundleOfHerbs","hubris:DeckOfHolding","hubris:ToyBattleship","hubris:ScarierMask","Bronze Scales","hubris:Icosahedron","Shovel","Medical Kit","Mummified Hand","hubris:Potato","MerchantsRug","Runic Capacitor","hubris:Towel","Meat on the Bone","Nunchaku"],"acts_visited":["Exordium","TheCity","TheBeyond"],"potions_floor_usage":[41],"damage_taken":[{"damage":7.0,"enemies":"Jaw Worm","floor":1.0,"turns":6.0},{"damage":6.0,"enemies":"Small Slimes","floor":5.0,"turns":4.0},{"damage":35.0,"enemies":"Gremlin Nob","floor":7.0,"turns":4.0},{"damage":7.0,"enemies":"Lagavulin","floor":10.0,"turns":6.0},{"damage":8.0,"enemies":"2 Louse","floor":12.0,"turns":2.0},{"damage":9.0,"enemies":"Looter","floor":13.0,"turns":3.0},{"damage":10.0,"enemies":"3 Sentries","floor":14.0,"turns":10.0},{"damage":28.0,"enemies":"Hexaghost","floor":16.0,"turns":4.0},{"damage":4.0,"enemies":"Chosen","floor":18.0,"turns":4.0},{"damage":14.0,"enemies":"Spheric Guardian","floor":21.0,"turns":4.0},{"damage":19.0,"enemies":"Snake Plant","floor":22.0,"turns":4.0},{"damage":1.0,"enemies":"Centurion and Healer","floor":25.0,"turns":3.0},{"damage":8.0,"enemies":"Chosen and Byrds","floor":29.0,"turns":5.0},{"damage":7.0,"enemies":"Snecko","floor":30.0,"turns":5.0},{"damage":12.0,"enemies":"3 Cultists","floor":31.0,"turns":5.0},{"damage":21.0,"enemies":"hubris:MusketHawk","floor":33.0,"turns":6.0},{"damage":1.0,"enemies":"3 Shapes","floor":35.0,"turns":3.0},{"damage":8.0,"enemies":"3 Darklings","floor":37.0,"turns":4.0},{"damage":40.0,"enemies":"Reptomancer","floor":40.0,"turns":4.0},{"damage":23,"enemies":"Writhing Mass","floor":41,"turns":6},{"damage":53,"enemies":"Nemesis","floor":44,"turns":2}],"seed_played":"-3557595615758427717","potions_obtained":[{"floor":5.0,"key":"Block Potion"},{"floor":7.0,"key":"Regen Potion"},{"floor":10.0,"key":"Fire Potion"},{"floor":11.0,"key":"DuplicationPotion"},{"floor":21.0,"key":"PowerPotion"},{"floor":22.0,"key":"Weak Potion"},{"floor":29.0,"key":"Dexterity Potion"},{"floor":35.0,"key":"Ancient Potion"}],"is_trial":false,"path_per_floor":["M","?","?","?","M","R","E","R","T","E","?","M","M","E","R","B",null,"M","T","?","M","M","R","?","M","T","$","?","M","M","M","R","B",null,"M","$","M","$","?","E","M","R","T","E"],"character_chosen":"DEFECT","items_purchased":["Frozen Egg 2","Self Repair+1","Consume","Coolheaded","Capacitor+1","Medical Kit","MerchantsRug","Runic Capacitor","Static Discharge+1"],"campfire_rested":2,"item_purchase_floors":[0,0,0,0,27,27,36,38,38],"current_hp_per_floor":[59,59,59,59,63,63,38,59,59,62,62,54,55,71,71,58,68,71,71,71,67,58,58,58,67,67,67,67,59,68,56,56,51,66,65,65,67,67,67,27,32,53,53,0,0],"gold":87,"neow_bonus":"","is_daily":false,"chose_seed":false,"campfire_upgraded":2,"win_rate":0.0,"timestamp":1613964945,"path_taken":["M","?","?","?","M","R","E","R","T","E","?","M","M","E","R","BOSS","M","?","?","M","M","R","?","M","T","?","?","M","M","M","R","BOSS","M","?","M","$","?","E","M","R","T","E"],"items_purchased_type":["Relic","Card","Card","Card","Card","Relic","Relic","Relic","Card"],"build_version":"2020-12-22","purchased_purges":1,"victory":false,"max_hp_per_floor":[71,71,71,71,71,71,71,71,71,71,71,71,71,71,71,71,71,71,71,71,71,71,71,71,71,71,71,71,71,71,71,71,71,71,71,71,71,71,71,71,71,71,71,71,71],"card_choices":[{"not_picked":["Force Field","Rebound","Hologram"],"picked":"SKIP","floor":1.0},{"not_picked":["Coolheaded","Beam Cell"],"picked":"Lockon","floor":5.0},{"not_picked":["Aggregate","Beam Cell","Tempest"],"picked":"SKIP","floor":7.0},{"not_picked":["Rebound","Blizzard"],"picked":"Rainbow","floor":10.0},{"not_picked":["Storm+1","FTL","Sweeping Beam","Darkness"],"picked":"SKIP","floor":12.0},{"not_picked":["FTL","Cold Snap","Beam Cell"],"picked":"Glacier","floor":13.0},{"not_picked":["Rebound","Skim","Heatsinks+1"],"picked":"Leap","floor":14.0},{"not_picked":["All For One","Reboot","Hyperbeam"],"picked":"Seek","floor":16.0},{"not_picked":["Rebound","Scrape","Stack","Double Energy"],"picked":"SKIP","floor":18.0},{"not_picked":["Rebound","Compile Driver","Steam","Go for the Eyes"],"picked":"SKIP","floor":21.0},{"not_picked":["Steam","Redo+1","Stack","Rebound"],"picked":"SKIP","floor":22.0},{"not_picked":["Rebound","Chaos","Conserve Battery+1"],"picked":"Echo Form+1","floor":25.0},{"not_picked":["Compile Driver","Turbo","Sweeping Beam+1","Go for the Eyes"],"picked":"SKIP","floor":29.0},{"not_picked":["Cold Snap","Undo","Beam Cell","Hello World+1"],"picked":"SKIP","floor":30.0},{"not_picked":["Coolheaded+1","Beam Cell","Turbo+1"],"picked":"Barrage+1","floor":31.0},{"not_picked":["Creative AI+1","Reboot","Multi-Cast"],"picked":"Electrodynamics+1","floor":33.0},{"not_picked":["Consume","Barrage","Leap+1","Coolheaded"],"picked":"SKIP","floor":35.0},{"not_picked":["Melter","Aggregate+1","Hello World+1","Auto Shields"],"picked":"SKIP","floor":37.0},{"not_picked":["Turbo","Ball Lightning","Go for the Eyes"],"picked":"SKIP","floor":40.0},{"not_picked":["Hello World+1","Stack","Double Energy"],"picked":"SKIP","floor":41}],"player_experience":3377571,"relics_obtained":[{"floor":7.0,"key":"hubris:DeckOfHolding"},{"floor":10.0,"key":"Question Card"},{"floor":14.0,"key":"hubris:ToyBattleship"},{"floor":19.0,"key":"Bronze Scales"},{"floor":26.0,"key":"Shovel"},{"floor":32.0,"key":"Mummified Hand"},{"floor":40.0,"key":"Meat on the Bone"},{"floor":43,"key":"Nunchaku"}],"event_choices":[{"damage_healed":0.0,"max_hp_gain":0.0,"max_hp_loss":0.0,"gold_gain":0.0,"event_name":"Living Wall","player_choice":"Grow","floor":2.0,"gold_loss":0.0,"damage_taken":0.0,"cards_upgraded":["Consume"]},{"damage_healed":0.0,"max_hp_gain":0.0,"max_hp_loss":0.0,"gold_gain":0.0,"event_name":"Liars Game","player_choice":"Ignored","floor":3.0,"gold_loss":0.0,"damage_taken":0.0},{"damage_healed":0.0,"max_hp_gain":0.0,"max_hp_loss":0.0,"gold_gain":0.0,"event_name":"Shining Light","player_choice":"Ignored","floor":4.0,"gold_loss":0.0,"damage_taken":0.0},{"damage_healed":0.0,"max_hp_gain":0.0,"max_hp_loss":0.0,"gold_gain":0.0,"event_name":"The Woman in Blue","player_choice":"Bought 1 Potion","floor":11.0,"gold_loss":0.0,"damage_taken":0.0},{"cards_removed":["Strike_B"],"damage_healed":0.0,"max_hp_gain":0.0,"max_hp_loss":0.0,"gold_gain":0.0,"event_name":"Beggar","player_choice":"Gave Gold","floor":20.0,"gold_loss":75.0,"damage_taken":0.0},{"cards_removed":["Strike_B"],"damage_healed":0.0,"max_hp_gain":0.0,"max_hp_loss":0.0,"gold_gain":0.0,"event_name":"Designer","player_choice":"Single Remove","floor":28.0,"gold_loss":75.0,"damage_taken":0.0}],"is_beta":false,"boss_relics":[{"not_picked":["Ectoplasm","Snecko Eye"],"picked":"hubris:ScarierMask"},{"not_picked":["Coffee Dripper","hubris:Stopwatch"],"picked":"hubris:Backtick"}],"items_purged_floors":[0],"is_endless":false,"potions_floor_spawned":[5,7,10,14,21,22,25,29,31,35,40],"killed_by":"Nemesis","ascension_level":19}}