{"host":"spd19cimorv47raq","time":1613994293,"event":{"mods":["AchievementEnabler","BaseMod","Colored Map","DeckTracker","Keyboard Shortcuts","Minty Spire (QoL Compilation)","Quick Restart","StSLib","SuperFastMode"],"gold_per_floor":[117,129,140,140,15,15,40,40,67,78,78,91,107,118,118,216,216,228,228,228,228,245,245,320,338,365,136,147,160,180,180,180,277,277,287,30,80,80,93,125,125,125,179,179,192,206,253,265,265,265],"floor_reached":51,"language":"KOR","playtime":4061,"items_purged":["Strike_R+1","Strike_R+1"],"score":758,"play_id":"b750fd13-d66c-425a-959c-ae7943d11251","local_time":"20210222204453","is_ascension_mode":false,"campfire_choices":[{"data":"Feed","floor":6.0,"key":"SMITH"},{"data":"Inflame","floor":8.0,"key":"SMITH"},{"data":"Fire Breathing","floor":11.0,"key":"SMITH"},{"data":"Body Slam","floor":15.0,"key":"SMITH"},{"data":"Offering","floor":23.0,"key":"SMITH"},{"data":"True Grit","floor":32.0,"key":"SMITH"},{"floor":41,"key":"REST"},{"data":"Enlightenment","floor":44,"key":"SMITH"},{"data":"Barricade","floor":49,"key":"SMITH"}],"circlet_count":0,"master_deck":["Strike_R+1","Defend_R+1","Defend_R+1","Defend_R+1","Defend_R+1","Bash","Feed+1","Twin Strike","Fire Breathing+1","Wild Strike","Inflame+1","Battle Trance","Impervious","Power Through","Heavy Blade","Body Slam+1","Offering+1","Flex+1","Sever Soul","Evolve+1","Feel No Pain+1","Enlightenment+1","Bloodletting+1","True Grit+1","Brutality","Power Through+1","Feel No Pain+1","Brutality+1","Power Through+1","Exhume","Rupture+1","Barricade+1"],"relics":["Burning Blood","Pear","Centennial Puzzle","Akabeko","Runic Pyramid","Blood Vial","Astrolabe","Medical Kit","Pocketwatch","Vajra","Happy Flower","Mango"],"acts_visited":["Exordium","TheCity","TheBeyond"],"potions_floor_usage":[39,39,47,50,50],"damage_taken":[{"damage":1.0,"enemies":"Cultist","floor":1.0,"turns":3.0},{"damage":5.0,"enemies":"Small Slimes","floor":2.0,"turns":3.0},{"damage":6.0,"enemies":"Jaw Worm","floor":3.0,"turns":5.0},{"damage":22.0,"enemies":"3 Sentries","floor":7.0,"turns":5.0},{"damage":0.0,"enemies":"3 Louse","floor":10.0,"turns":3.0},{"damage":0.0,"enemies":"Gremlin Gang","floor":12.0,"turns":6.0},{"damage":2.0,"enemies":"Blue Slaver","floor":13.0,"turns":3.0},{"damage":5.0,"enemies":"Large Slime","floor":14.0,"turns":4.0},{"damage":0.0,"enemies":"Slime Boss","floor":16.0,"turns":7.0},{"damage":6.0,"enemies":"Spheric Guardian","floor":18.0,"turns":1.0},{"damage":16.0,"enemies":"2 Thieves","floor":22.0,"turns":3.0},{"damage":6.0,"enemies":"Shelled Parasite and Fungi","floor":25.0,"turns":4.0},{"damage":26.0,"enemies":"Centurion and Healer","floor":28.0,"turns":4.0},{"damage":13.0,"enemies":"3 Cultists","floor":29.0,"turns":5.0},{"damage":6.0,"enemies":"Snecko","floor":30.0,"turns":2.0},{"damage":0.0,"enemies":"Snake Plant","floor":31.0,"turns":1.0},{"damage":35.0,"enemies":"Collector","floor":33.0,"turns":10.0},{"damage":19.0,"enemies":"3 Darklings","floor":35.0,"turns":5.0},{"damage":23,"enemies":"Mind Bloom Boss Battle","floor":37,"turns":7},{"damage":22,"enemies":"3 Shapes","floor":39,"turns":3},{"damage":52,"enemies":"Reptomancer","floor":40,"turns":7},{"damage":23,"enemies":"Maw","floor":45,"turns":7},{"damage":6,"enemies":"Writhing Mass","floor":46,"turns":4},{"damage":45,"enemies":"2 Orb Walkers","floor":47,"turns":4},{"damage":22,"enemies":"Sphere and 2 Shapes","floor":48,"turns":5},{"damage":68,"enemies":"Time Eater","floor":50,"turns":10}],"seed_played":"5807888402963223878","potions_obtained":[{"floor":3.0,"key":"Energy Potion"},{"floor":7.0,"key":"ColorlessPotion"},{"floor":10.0,"key":"LiquidBronze"},{"floor":13.0,"key":"BlessingOfTheForge"},{"floor":18.0,"key":"PowerPotion"},{"floor":28.0,"key":"SmokeBomb"},{"floor":35.0,"key":"GamblersBrew"},{"floor":45,"key":"PowerPotion"},{"floor":47,"key":"Fire Potion"},{"floor":48,"key":"BloodPotion"}],"is_trial":false,"path_per_floor":["M","M","M","T","$","R","E","R","T","M","R","M","M","M","R","B",null,"M","?","?","?","M","R","?","M","T","$","M","M","M","M","R","B",null,"M","$","?","?","M","E","R","?","T","R","M","M","?","M","R","B",null],"character_chosen":"IRONCLAD","items_purchased":["Wild Strike","Inflame","Enlightenment","Bloodletting","Medical Kit"],"campfire_rested":1,"item_purchase_floors":[5,5,27,27,36],"current_hp_per_floor":[64,68,71,81,81,81,69,69,69,79,79,89,97,102,102,108,119,119,119,94,94,88,88,76,76,76,76,62,61,63,71,71,44,136,123,123,112,112,102,58,101,101,101,101,86,88,69,55,55,26],"gold":265,"neow_bonus":"THREE_RARE_CARDS","is_daily":false,"chose_seed":false,"campfire_upgraded":8,"win_rate":0.0,"timestamp":1613994293,"path_taken":["M","M","M","?","$","R","E","R","T","M","R","M","M","M","R","BOSS","M","?","?","?","M","R","?","M","T","$","?","M","?","M","R","BOSS","M","$","?","?","?","E","R","?","T","R","M","M","?","M","R","BOSS"],"items_purchased_type":["Card","Card","Card","Card","Relic"],"build_version":"2020-12-22","purchased_purges":2,"victory":true,"max_hp_per_floor":[83,86,89,99,99,99,103,103,103,107,107,111,115,119,119,119,119,119,119,124,124,128,128,128,128,128,128,132,136,136,136,136,136,136,136,136,140,140,144,144,144,137,137,137,137,137,155,155,155,155],"card_choices":[{"not_picked":["Fiend Fire","Demon Form"],"picked":"Feed","floor":0.0},{"not_picked":["Clothesline","Ghostly Armor"],"picked":"Twin Strike","floor":1.0},{"not_picked":["Whirlwind","Evolve"],"picked":"Fire Breathing","floor":2.0},{"not_picked":["Pommel Strike","Shockwave"],"picked":"Perfected Strike","floor":3.0},{"not_picked":["Sever Soul","Rupture"],"picked":"Battle Trance","floor":7.0},{"not_picked":["Sword Boomerang","Heavy Blade"],"picked":"Impervious","floor":10.0},{"not_picked":["Armaments","Fire Breathing"],"picked":"Power Through","floor":12.0},{"not_picked":["True Grit","Fire Breathing"],"picked":"Heavy Blade","floor":13.0},{"not_picked":["Whirlwind","Perfected Strike"],"picked":"Body Slam","floor":14.0},{"not_picked":["Bludgeon","Feed"],"picked":"Offering","floor":16.0},{"not_picked":["Havoc","Cleave"],"picked":"Flex+1","floor":18.0},{"not_picked":["Perfected Strike","Corruption"],"picked":"Evolve+1","floor":22.0},{"not_picked":["Pommel Strike+1","Flame Barrier+1"],"picked":"Feel No Pain+1","floor":25.0},{"not_picked":["True Grit","Headbutt","Iron Wave"],"picked":"SKIP","floor":28.0},{"not_picked":["Whirlwind","Thunderclap","Infernal Blade"],"picked":"SKIP","floor":29.0},{"not_picked":["Body Slam","Twin Strike"],"picked":"True Grit","floor":30.0},{"not_picked":["Immolate","Reaper"],"picked":"Brutality","floor":33.0},{"not_picked":["Flex","Searing Blow","Twin Strike"],"picked":"SKIP","floor":35.0},{"not_picked":["Anger","Clash"],"picked":"Power Through+1","floor":37},{"not_picked":["Thunderclap+1","Battle Trance+1"],"picked":"Exhume","floor":39},{"not_picked":["Spot Weakness+1","Cleave","Battle Trance+1"],"picked":"SKIP","floor":40},{"not_picked":["Cleave","Twin Strike+1"],"picked":"Rupture+1","floor":45},{"not_picked":["Flex+1","Carnage+1","Sword Boomerang"],"picked":"SKIP","floor":46},{"not_picked":["Combust+1","Inflame+1"],"picked":"Barricade","floor":48}],"player_experience":901595,"relics_obtained":[{"floor":4.0,"key":"Pear"},{"floor":7.0,"key":"Centennial Puzzle"},{"floor":9.0,"key":"Akabeko"},{"floor":26.0,"key":"Blood Vial"},{"floor":37,"key":"Pocketwatch"},{"floor":40,"key":"Vajra"},{"floor":43,"key":"Happy Flower"},{"floor":47,"key":"Mango"}],"event_choices":[{"damage_healed":0.0,"max_hp_gain":0.0,"max_hp_loss":0.0,"gold_gain":0.0,"event_name":"The Library","player_choice":"Read","floor":19.0,"gold_loss":0.0,"damage_taken":0.0,"cards_obtained":["Sever Soul"]},{"damage_healed":0.0,"max_hp_gain":5.0,"max_hp_loss":0.0,"gold_gain":0.0,"event_name":"Forgotten Altar","player_choice":"Shed Blood","floor":20.0,"gold_loss":0.0,"damage_taken":30.0},{"damage_healed":0.0,"max_hp_gain":0.0,"max_hp_loss":0.0,"gold_gain":0.0,"event_name":"Back to Basics","player_choice":"Simplicity","floor":21.0,"gold_loss":0.0,"damage_taken":0.0,"cards_upgraded":["Strike_R","Strike_R","Strike_R","Strike_R","Strike_R","Defend_R","Defend_R","Defend_R","Defend_R"]},{"damage_healed":0.0,"max_hp_gain":0.0,"max_hp_loss":0.0,"gold_gain":75.0,"event_name":"FaceTrader","player_choice":"Touch","floor":24.0,"gold_loss":0.0,"damage_taken":12.0},{"damage_healed":0,"gold_gain":0,"player_choice":"Fight","damage_taken":0,"max_hp_gain":0,"max_hp_loss":0,"event_name":"MindBloom","floor":37,"gold_loss":0},{"damage_healed":0,"gold_gain":0,"player_choice":"Upgraded","damage_taken":0,"max_hp_gain":0,"max_hp_loss":0,"event_name":"Upgrade Shrine","floor":38,"gold_loss":0,"cards_upgraded":["Bloodletting"]},{"damage_healed":0,"gold_gain":0,"player_choice":"Max HP","damage_taken":0,"max_hp_gain":0,"max_hp_loss":7,"event_name":"Winding Halls","floor":42,"gold_loss":0},{"damage_healed":0,"gold_gain":0,"player_choice":"Fight","damage_taken":0,"max_hp_gain":0,"max_hp_loss":0,"event_name":"Mysterious Sphere","floor":47,"gold_loss":0}],"is_beta":false,"boss_relics":[{"not_picked":["Tiny House","Runic Dome"],"picked":"Runic Pyramid"},{"not_picked":["Black Blood","Runic Cube"],"picked":"Astrolabe"}],"items_purged_floors":[27,36],"is_endless":false,"potions_floor_spawned":[3,7,10,13,16,18,28,29,31,35,45,47,48],"ascension_level":0}}