{"host":"eqoc4xtxwtie1mw2","time":1613974020,"event":{"mods":["2.2 Compatiblity","AchievementEnabler","Act Like it!","BaseMod","Bestiary","Better Altar","Better Match","Better Note","Better Sensory Stone","Better Skull","Better Third Choice","BetterRewards","Block Reminder","Colored Map","Colored Powertips","Curses Come First","Downfall","Hallownest","Hubris","Infinite Spire","Minty Spire (QoL Compilation)","Rare Cards Sparkle","Relic Stats","Reliquary","Replay The Spire","Spicy Shops","StSLib","The Bug Knight"],"gold_per_floor":[99,116,128,128,139,239,289,306,341,341,365,422,471,471,509,638,638,638,660,698,798,798,826,826,751,48,48,48,83,83,130,198,208,208,208],"floor_reached":33,"language":"ENG","playtime":4060,"items_purged":[],"score":369,"play_id":"afb126ad-4c63-41cb-ada1-876907517bcf","local_time":"20210222000700","is_ascension_mode":true,"campfire_choices":[{"data":"bronze:Replicate","floor":1,"key":"SMITH"},{"floor":10,"key":"REST"},{"floor":18,"key":"DIG"},{"floor":27,"key":"REST"},{"floor":30,"key":"REST"}],"circlet_count":0,"master_deck":["bronze:Strike","bronze:Strike","bronze:Strike","bronze:Defend","bronze:Defend","bronze:Replicate+1","bronze:Goto","bronze:OilSpill","bronze:Optimize","bronze:Iterate","bronze:ChosenStrike","bronze:Separator","bronze:Branch","bronze:Iterate","bronze:Separator","bronze:Boost","bronze:RecursiveStrike","bronze:Frontload+1","bronze:Flail+1","bronze:Repulsor+1","bronze:Turbo+1","bronze:DelayedSlice","Pride","bronze:GetLatest","bronze:Iterate+1","bronze:Backtrace","expansioncontent:QuickStudy","bronze:Overload","bronze:DelayedGuard","ReplayTheSpireMod:Trickstab","Replay:Dark Deal","Madness","Good Instincts","hubris:InfiniteBlow","bronze:Iterate+1","bronze:WildBeam","bronze:CutThrough"],"relics":["bronze:BronzeCore","Pet Ghost","Strawberry","Replay:Bandana","Matryoshka","Astrolabe","infinitespire:Broken Mirror","ReplayTheSpireMod:Lightbulb","reliquary:Sod","Replay:Wax Seal","Pen Nib","ReplayTheSpireMod:ShopPack","Tiny Chest","hubris:FruitBowl","hubris:KleinBottle","hubris:64BitClover","reliquary:Spinner"],"acts_visited":["Exordium","TheCity"],"potions_floor_usage":[2,5,8,9,16,23,29,31,32],"damage_taken":[{"damage":0,"enemies":"Jaw Worm","floor":2,"turns":4},{"damage":0,"enemies":"Small Slimes","floor":3,"turns":3},{"damage":0,"enemies":"2 Louse","floor":5,"turns":1},{"damage":17,"enemies":"Exordium Thugs","floor":8,"turns":3},{"damage":21,"enemies":"Lagavulin","floor":9,"turns":5},{"damage":7,"enemies":"Blue Slaver","floor":11,"turns":2},{"damage":0,"enemies":"Gremlin Nob","floor":12,"turns":2},{"damage":8,"enemies":"Lots of Slimes","floor":13,"turns":3},{"damage":0,"enemies":"downfall:LooterAlt","floor":15,"turns":2},{"damage":16,"enemies":"IC_STATUS_ARCHETYPE","floor":16,"turns":5},{"damage":2,"enemies":"Shell Parasite","floor":19,"turns":4},{"damage":0,"enemies":"downfall:LooterAlt2","floor":20,"turns":3},{"damage":29,"enemies":"Snake Plant","floor":23,"turns":4},{"damage":5,"enemies":"downfall:FleeingMerchant","floor":26,"turns":4},{"damage":3,"enemies":"Snecko","floor":29,"turns":4},{"damage":13,"enemies":"Book of Stabbing","floor":31,"turns":6},{"damage":4,"enemies":"Cultist and Chosen","floor":32,"turns":3},{"damage":38,"enemies":"DF_ARCHETYPE_CLAW","floor":33,"turns":6}],"seed_played":"-2040231284630038590","potions_obtained":[{"floor":0,"key":"Milkshake"},{"floor":0,"key":"Fruit Juice"},{"floor":0,"key":"Fire Potion"},{"floor":3,"key":"hexamod:SoulburnPotion"},{"floor":9,"key":"Strength Potion"},{"floor":11,"key":"bronze:CleanCodePotion"},{"floor":16,"key":"Cursed Concoction"},{"floor":23,"key":"champ:CounterPotion"},{"floor":29,"key":"Block Potion"},{"floor":31,"key":"Weak Potion"}],"is_trial":false,"path_per_floor":["R","M","M","?","M","?","T","M","E","R","M","E","M","?","M","B",null,"R_BF","M","M","?","?","M","T","?","$","R","$","M","R","E","M","B"],"character_chosen":"THE_AUTOMATON","items_purchased":["Replay:Wax Seal","Pen Nib","ReplayTheSpireMod:ShopPack","expansioncontent:QuickStudy","bronze:Overload","bronze:DelayedGuard","ReplayTheSpireMod:Trickstab","Tiny Chest","hubris:FruitBowl","hubris:KleinBottle","hubris:64BitClover"],"campfire_rested":3,"item_purchase_floors":[26,26,26,26,26,26,26,26,28,28,28],"current_hp_per_floor":[70,75,75,50,50,50,57,40,19,43,36,36,28,52,52,36,82,82,80,80,80,80,51,51,51,46,70,12,9,33,30,26,0,0,0],"gold":208,"neow_bonus":"THREE_SMALL_POTIONS","is_daily":false,"chose_seed":false,"campfire_upgraded":1,"win_rate":0.0,"timestamp":1613974020,"path_taken":["R","M","M","?","M","?","T","M","E","R","M","E","M","?","M","BOSS","R_BF","M","M","?","?","M","T","?","$","R","?","M","R","E","M","BOSS"],"items_purchased_type":["Relic","Relic","Relic","Card","Card","Card","Card","Relic","Relic","Relic","Relic"],"build_version":"2020-12-22","purchased_purges":0,"victory":false,"max_hp_per_floor":[70,75,75,75,75,75,82,82,82,82,82,82,82,82,82,82,82,82,82,82,82,82,82,82,82,82,82,82,82,82,82,82,82,82,82],"relic_stats":{"counters":[18,64],"Astrolabe":["bronze:Frontload","bronze:Flail","bronze:Repulsor"],"Tiny Chest":0,"Pen Nib":[4],"obtain_stats":[{"hubris:KleinBottle":28,"bronze:BronzeCore":0,"hubris:64BitClover":28,"Astrolabe":17,"hubris:FruitBowl":28,"Pen Nib":26,"reliquary:Spinner":31,"Pet Ghost":4,"reliquary:Sod":24,"Replay:Bandana":9,"Matryoshka":12,"infinitespire:Broken Mirror":18,"Strawberry":7,"Tiny Chest":26,"Replay:Wax Seal":26,"ReplayTheSpireMod:Lightbulb":24,"ReplayTheSpireMod:ShopPack":26},{"hubris:KleinBottle":14,"bronze:BronzeCore":0,"hubris:64BitClover":14,"Astrolabe":10,"hubris:FruitBowl":14,"Pen Nib":14,"reliquary:Spinner":16,"Pet Ghost":2,"reliquary:Sod":13,"Replay:Bandana":5,"Matryoshka":7,"infinitespire:Broken Mirror":10,"Strawberry":3,"Tiny Chest":14,"Replay:Wax Seal":14,"ReplayTheSpireMod:Lightbulb":13,"ReplayTheSpireMod:ShopPack":14},{"hubris:KleinBottle":45,"bronze:BronzeCore":0,"hubris:64BitClover":45,"Astrolabe":30,"hubris:FruitBowl":45,"Pen Nib":45,"reliquary:Spinner":55,"Pet Ghost":7,"reliquary:Sod":41,"Replay:Bandana":16,"Matryoshka":20,"infinitespire:Broken Mirror":30,"Strawberry":8,"Tiny Chest":45,"Replay:Wax Seal":45,"ReplayTheSpireMod:Lightbulb":41,"ReplayTheSpireMod:ShopPack":45}]},"card_choices":[{"not_picked":["bronze:Overheat","bronze:FineTuning"],"picked":"bronze:OilSpill","floor":2},{"not_picked":["bronze:Overheat","bronze:Branch"],"picked":"bronze:Optimize","floor":3},{"not_picked":["bronze:Deprecate","bronze:BronzeArmor"],"picked":"bronze:Iterate","floor":5},{"not_picked":["bronze:OilSpill","bronze:Overheat"],"picked":"bronze:ChosenStrike","floor":8},{"not_picked":["bronze:WildBeam","bronze:CutThrough"],"picked":"bronze:Separator","floor":9},{"not_picked":["bronze:Repulsor","bronze:WildBeam"],"picked":"bronze:Branch","floor":11},{"not_picked":["bronze:Deprecate","bronze:Backtrace"],"picked":"bronze:Iterate","floor":12},{"not_picked":["bronze:FineTuning","bronze:MaxOutput"],"picked":"bronze:Separator","floor":13},{"not_picked":["bronze:Iterate","bronze:Break"],"picked":"bronze:Boost","floor":15},{"not_picked":["bronze:HardenedForm","bronze:CleanCode"],"picked":"bronze:RecursiveStrike","floor":16},{"not_picked":["bronze:Shield","bronze:WhirlingStrike"],"picked":"bronze:Turbo+1","floor":19},{"not_picked":["bronze:ChildClass","bronze:Philosophize+1"],"picked":"bronze:DelayedSlice","floor":20},{"not_picked":["bronze:CutThrough","bronze:NullPointer"],"picked":"bronze:Iterate+1","floor":23},{"not_picked":["bronze:Safeguard","bronze:Branch"],"picked":"bronze:Backtrace","floor":26},{"not_picked":["Chrysalis","Crow Ritual"],"picked":"Replay:Dark Deal","floor":26},{"not_picked":["Midas Touch","HandOfGreed"],"picked":"Madness","floor":26},{"not_picked":["Panacea","Trip"],"picked":"Good Instincts","floor":26},{"not_picked":["infinitespire:Oblivion","ReplayTheSpireMod:Haul"],"picked":"hubris:InfiniteBlow","floor":28},{"not_picked":["bronze:Safeguard","bronze:DarkDash+1"],"picked":"bronze:Iterate+1","floor":29},{"not_picked":["bronze:FineTuning+1","bronze:ThunderWave"],"picked":"bronze:WildBeam","floor":31},{"not_picked":["bronze:ItsAFeature","bronze:Flail"],"picked":"bronze:CutThrough","floor":32}],"player_experience":286501,"relics_obtained":[{"floor":7,"key":"Strawberry"},{"floor":9,"key":"Replay:Bandana"},{"floor":12,"key":"Matryoshka"},{"floor":18,"key":"infinitespire:Broken Mirror"},{"floor":24,"key":"ReplayTheSpireMod:Lightbulb"},{"floor":24,"key":"reliquary:Sod"},{"floor":31,"key":"reliquary:Spinner"}],"event_choices":[{"damage_healed":0,"gold_gain":0,"player_choice":"Relic ","damage_taken":25,"max_hp_gain":0,"max_hp_loss":0,"event_name":"betterThird:BetterScrap","floor":4,"gold_loss":0,"cards_obtained":["Battle Trance"]},{"damage_healed":0,"gold_gain":0,"player_choice":"3","damage_taken":0,"max_hp_gain":0,"max_hp_loss":0,"event_name":"betterMatch:BetterMatch","floor":25,"gold_loss":0,"cards_obtained":[]}],"is_beta":false,"boss_relics":[{"not_picked":["SlaversCollar","hubris:GrandSneckoEye"],"picked":"Astrolabe"}],"items_purged_floors":[],"is_endless":false,"potions_floor_spawned":[3,9,11,16,23,29,31],"killed_by":"DF_ARCHETYPE_CLAW","ascension_level":1}}