{"host":"9kesdg97wkrx2bva","time":1613980503,"event":{"mods":["AchievementEnabler","BaseMod","Colored Map","GifTheSpireLib","Infinite Spire","Minty Spire (QoL Compilation)","Replay The Spire","StSLib"],"gold_per_floor":[112,124,139,64,64,93,106,121,121,121,139,139,39,49,49,49,49],"floor_reached":16,"language":"ENG","playtime":492,"items_purged":["Strike_G","Strike_G"],"score":192,"play_id":"10206e87-81c3-457e-bb25-9a1042a43f31","local_time":"20210222015503","is_ascension_mode":true,"campfire_choices":[{"data":"Bouncing Flask","floor":10,"key":"SMITH"},{"floor":12,"key":"REST"},{"data":"Deadly Poison","floor":15,"key":"SMITH"}],"circlet_count":0,"master_deck":["AscendersBane","Strike_G","Strike_G","Strike_G","Defend_G","Defend_G","Defend_G","Defend_G","Defend_G","Survivor","Neutralize","Poisoned Stab+1","Poisoned Stab","Quick Slash","Bouncing Flask+1","Deadly Poison+1","Deadly Poison"],"relics":["Ring of the Snake","ReplayTheSpireMod:Lightbulb","Centennial Puzzle","Happy Flower"],"acts_visited":["Exordium"],"potions_floor_usage":[6,7,14],"damage_taken":[{"damage":3,"enemies":"infinitespire:Voidling","floor":1,"turns":5},{"damage":1,"enemies":"Jaw Worm","floor":2,"turns":4},{"damage":0,"enemies":"Cultist","floor":3,"turns":3},{"damage":14,"enemies":"Replay:BlueRogue","floor":6,"turns":6},{"damage":4,"enemies":"Lots of Slimes","floor":7,"turns":3},{"damage":11,"enemies":"Looter","floor":8,"turns":3},{"damage":0,"enemies":"Exordium Thugs","floor":11,"turns":3},{"damage":11,"enemies":"Large Slime","floor":14,"turns":5},{"damage":52,"enemies":"Fading Forest","floor":16,"turns":8}],"seed_played":"-4952663123250011865","potions_obtained":[{"floor":3,"key":"SteroidPotion"},{"floor":6,"key":"AttackPotion"},{"floor":8,"key":"BlessingOfTheForge"}],"is_trial":false,"path_per_floor":["M","M","M","$","?","E","M","M","T","R","M","R","$","M","R","B"],"character_chosen":"THE_SILENT","items_purchased":[],"campfire_rested":1,"item_purchase_floors":[],"current_hp_per_floor":[56,55,55,55,55,41,37,26,26,26,26,45,45,34,34,0,0],"gold":49,"neow_bonus":"RANDOM_COMMON_RELIC","is_daily":false,"chose_seed":false,"campfire_upgraded":2,"win_rate":0.0,"timestamp":1613980503,"path_taken":["M","?","M","$","?","E","M","M","T","R","M","R","$","M","R","BOSS"],"items_purchased_type":[],"build_version":"2020-12-22","purchased_purges":2,"victory":false,"max_hp_per_floor":[66,66,66,66,66,66,66,66,66,66,66,66,66,66,66,66,66],"card_choices":[{"not_picked":["Flying Knee","Prepared"],"picked":"Poisoned Stab","floor":1},{"not_picked":["Prepared","Reflex"],"picked":"Poisoned Stab","floor":2},{"not_picked":["Night Terror","Sneak Up"],"picked":"Quick Slash","floor":3},{"not_picked":["Underhanded Strike","Malaise"],"picked":"Bouncing Flask","floor":6},{"not_picked":["Leg Sweep","Backstab"],"picked":"Deadly Poison","floor":7},{"not_picked":["Flying Knee","PiercingWail"],"picked":"Deadly Poison","floor":8},{"not_picked":["Cloak And Dagger","PiercingWail","Sneak Up"],"picked":"SKIP","floor":11},{"not_picked":["Cloak And Dagger","Escape Plan","Dagger Spray"],"picked":"SKIP","floor":14}],"player_experience":1038296,"relics_obtained":[{"floor":6,"key":"Centennial Puzzle"},{"floor":9,"key":"Happy Flower"}],"event_choices":[{"damage_healed":0,"gold_gain":0,"player_choice":"Upgraded","damage_taken":0,"max_hp_gain":0,"max_hp_loss":0,"event_name":"Upgrade Shrine","floor":5,"gold_loss":0,"cards_upgraded":["Poisoned Stab"]}],"is_beta":false,"boss_relics":[],"items_purged_floors":[4,13],"is_endless":false,"potions_floor_spawned":[3,6,8],"killed_by":"Fading Forest","ascension_level":17}}