{"host":"jegehu1t82aiec5j","time":1613997053,"event":{"mods":["BaseMod","Colored Map","Minty Spire (QoL Compilation)","Relic Stats","StSLib"],"gold_per_floor":[114,133,143,218,218,218,234,25,102,128,128,128,128,148,148,241,241,256,19,33,33,9,9,50,50,50,91,112,112,237,237,237,309,309,319,319,319,319,149,149,182,21,21,21,21,38,54,71,71,71],"floor_reached":51,"language":"ENG","playtime":1855,"items_purged":["Strike_G","Strike_G","Strike_G"],"score":1347,"play_id":"bd9027b9-2e96-40c1-b47e-2abf977de39b","local_time":"20210222073053","is_ascension_mode":true,"campfire_choices":[{"data":"Masterful Stab","floor":6,"key":"SMITH"},{"data":"Crippling Poison","floor":11,"key":"SMITH"},{"data":"Blur","floor":13,"key":"SMITH"},{"floor":15,"key":"REST"},{"data":"Apotheosis","floor":23,"key":"SMITH"},{"floor":25,"key":"DIG"},{"floor":29,"key":"DIG"},{"floor":32,"key":"REST"},{"floor":40,"key":"DIG"},{"floor":45,"key":"DIG"},{"floor":49,"key":"DIG"}],"circlet_count":0,"master_deck":["AscendersBane","Strike_G","Defend_G","Defend_G","Defend_G","Defend_G","Defend_G","Survivor","Neutralize+1","Masterful Stab+1","Deadly Poison+1","Blur+1","Flying Knee","Crippling Poison+1","Poisoned Stab","Backflip","Malaise","Apotheosis+1","Dagger Spray","Cloak And Dagger","Blade Dance","Leg Sweep","PiercingWail","Corpse Explosion","Noxious Fumes","Deflect+1","Heel Hook+1","Parasite","Footwork+1","Acrobatics"],"relics":["Ring of the Snake","WarpedTongs","Orrery","Shuriken","Anchor","Bloody Idol","Runic Pyramid","Shovel","Sundial","Turnip","Centennial Puzzle","Lizard Tail","Tough Bandages","Molten Egg 2","Cursed Key","Blue Candle","Art of War","Singing Bowl","Frozen Egg 2"],"acts_visited":["Exordium","TheCity","TheBeyond"],"potions_floor_usage":[27,30,50],"damage_taken":[{"damage":0,"enemies":"Small Slimes","floor":1,"turns":3},{"damage":0,"enemies":"2 Louse","floor":2,"turns":3},{"damage":0,"enemies":"Jaw Worm","floor":3,"turns":3},{"damage":1,"enemies":"Exordium Thugs","floor":7,"turns":5},{"damage":10,"enemies":"3 Sentries","floor":10,"turns":8},{"damage":0,"enemies":"Looter","floor":14,"turns":2},{"damage":34,"enemies":"Slime Boss","floor":16,"turns":10},{"damage":0,"enemies":"Chosen","floor":18,"turns":4},{"damage":5,"enemies":"Spheric Guardian","floor":20,"turns":8},{"damage":0,"enemies":"Gremlin Leader","floor":24,"turns":6},{"damage":5,"enemies":"Book of Stabbing","floor":27,"turns":6},{"damage":0,"enemies":"Centurion and Healer","floor":28,"turns":6},{"damage":5,"enemies":"Colosseum Slavers","floor":30,"turns":5},{"damage":12,"enemies":"Colosseum Nobs","floor":30,"turns":5},{"damage":19,"enemies":"Champ","floor":33,"turns":11},{"damage":0,"enemies":"3 Shapes","floor":35,"turns":5},{"damage":8,"enemies":"Nemesis","floor":41,"turns":9},{"damage":1,"enemies":"3 Darklings","floor":46,"turns":3},{"damage":1,"enemies":"Sphere and 2 Shapes","floor":47,"turns":5},{"damage":1,"enemies":"4 Shapes","floor":48,"turns":3},{"damage":16,"enemies":"Awakened One","floor":50,"turns":17}],"seed_played":"8958395258938387983","potions_obtained":[{"floor":2,"key":"GamblersBrew"},{"floor":10,"key":"LiquidBronze"},{"floor":28,"key":"Explosive Potion"},{"floor":30,"key":"Fire Potion"},{"floor":46,"key":"DistilledChaos"}],"is_trial":false,"path_per_floor":["M","M","M","?","?","R","M","$","T","E","R","?","R","M","R","B",null,"M","$","M","?","$","R","E","R","T","E","M","R","?","?","R","B",null,"M","?","?","?","$","R","E","$","T","$","R","M","M","M","R","B",null],"character_chosen":"THE_SILENT","items_purchased":["Flying Knee","Orrery","Apotheosis","Cloak And Dagger","Noxious Fumes","Heel Hook+1"],"campfire_rested":2,"item_purchase_floors":[8,8,19,22,39,42],"current_hp_per_floor":[59,59,59,48,48,48,47,47,47,37,37,37,37,37,55,21,50,50,50,45,45,45,45,45,45,45,40,40,40,23,23,41,27,52,57,57,57,57,57,57,54,54,54,54,54,57,57,59,59,43],"gold":71,"neow_bonus":"UPGRADE_CARD","is_daily":false,"chose_seed":false,"campfire_upgraded":4,"win_rate":0.0,"timestamp":1613997053,"path_taken":["M","M","M","?","?","R","M","$","T","E","R","?","R","M","R","BOSS","M","$","M","?","?","R","E","R","T","E","M","R","?","?","R","BOSS","M","?","?","?","?","R","E","$","T","$","R","M","M","M","R","BOSS"],"items_purchased_type":["Card","Relic","Card","Card","Card","Card"],"build_version":"2020-12-22","purchased_purges":3,"victory":true,"max_hp_per_floor":[66,66,66,66,66,66,66,66,66,66,66,60,60,60,60,60,60,60,60,60,60,60,60,60,60,60,60,60,60,60,60,60,60,60,60,60,57,57,57,57,57,57,57,57,57,57,57,59,59,59],"relic_stats":{"Singing Bowl":2,"counters":[21,127],"Blue Candle":[3],"Cursed Key":1,"WarpedTongs":[68],"Centennial Puzzle":[21],"Lizard Tail":0,"Tough Bandages":[42],"Shovel":5,"Shuriken":[51],"Sundial":[6],"Bloody Idol":21,"Turnip":[13],"Art of War":[9],"obtain_stats":[{"Singing Bowl":43,"Golden Idol":12,"Blue Candle":40,"Frozen Egg 2":45,"Cursed Key":34,"WarpedTongs":0,"Anchor":10,"Centennial Puzzle":27,"Lizard Tail":29,"Tough Bandages":30,"Shovel":24,"Shuriken":9,"Sundial":25,"Bloody Idol":31,"Orrery":8,"Molten Egg 2":30,"Turnip":26,"Art of War":41,"Ring of the Snake":0,"Runic Pyramid":17},{"Singing Bowl":17,"Golden Idol":5,"Blue Candle":16,"Frozen Egg 2":17,"Cursed Key":15,"WarpedTongs":0,"Anchor":5,"Centennial Puzzle":11,"Lizard Tail":12,"Tough Bandages":14,"Shovel":10,"Shuriken":4,"Sundial":10,"Bloody Idol":14,"Orrery":4,"Molten Egg 2":14,"Turnip":10,"Art of War":17,"Ring of the Snake":0,"Runic Pyramid":7},{"Singing Bowl":99,"Golden Idol":22,"Blue Candle":90,"Frozen Egg 2":99,"Cursed Key":85,"WarpedTongs":0,"Anchor":22,"Centennial Puzzle":58,"Lizard Tail":64,"Tough Bandages":74,"Shovel":52,"Shuriken":14,"Sundial":52,"Bloody Idol":74,"Orrery":14,"Molten Egg 2":74,"Turnip":52,"Art of War":99,"Ring of the Snake":0,"Runic Pyramid":34}],"Ring of the Snake":[42]},"card_choices":[{"not_picked":["Prepared","Deflect"],"picked":"Masterful Stab","floor":1},{"not_picked":["Blade Dance","Dagger Throw"],"picked":"Deadly Poison","floor":2},{"not_picked":["Deflect","Dodge and Roll"],"picked":"Blur","floor":3},{"not_picked":["Outmaneuver","Terror","Cloak And Dagger"],"picked":"SKIP","floor":7},{"not_picked":["Backflip","Bane"],"picked":"Crippling Poison","floor":8},{"not_picked":["Terror","Cloak And Dagger"],"picked":"Poisoned Stab","floor":8},{"not_picked":["Night Terror","Prepared"],"picked":"Backflip","floor":10},{"not_picked":["Backstab","Underhanded Strike","Flying Knee"],"picked":"SKIP","floor":14},{"not_picked":["Night Terror","A Thousand Cuts"],"picked":"Malaise","floor":16},{"not_picked":["Underhanded Strike","Dodge and Roll","Caltrops"],"picked":"SKIP","floor":18},{"not_picked":["Flechettes","Flying Knee"],"picked":"Dagger Spray","floor":20},{"not_picked":["Setup","Dagger Throw"],"picked":"Blade Dance","floor":24},{"not_picked":["Blade Dance","Predator"],"picked":"Leg Sweep","floor":27},{"not_picked":["Poisoned Stab","Concentrate"],"picked":"PiercingWail","floor":28},{"not_picked":["Grand Finale+1","Venomology"],"picked":"Corpse Explosion","floor":33},{"not_picked":["Quick Slash+1","Dodge and Roll","Outmaneuver"],"picked":"SKIP","floor":35},{"not_picked":["Quick Slash+1","Infinite Blades+1"],"picked":"Deflect+1","floor":41},{"not_picked":["Accuracy+1","Dagger Throw+1"],"picked":"Footwork+1","floor":46},{"not_picked":["Predator+1","Backflip"],"picked":"Acrobatics","floor":47},{"not_picked":["Dagger Spray+1","Underhanded Strike+1","Die Die Die+1"],"picked":"Singing Bowl","floor":48}],"player_experience":2623066,"relics_obtained":[{"floor":9,"key":"Shuriken"},{"floor":10,"key":"Anchor"},{"floor":24,"key":"Shovel"},{"floor":25,"key":"Sundial"},{"floor":26,"key":"Turnip"},{"floor":27,"key":"Centennial Puzzle"},{"floor":29,"key":"Lizard Tail"},{"floor":30,"key":"Tough Bandages"},{"floor":30,"key":"Molten Egg 2"},{"floor":40,"key":"Blue Candle"},{"floor":41,"key":"Art of War"},{"floor":43,"key":"Singing Bowl"},{"floor":45,"key":"Frozen Egg 2"}],"event_choices":[{"damage_healed":0,"gold_gain":75,"player_choice":"Gather Gold","damage_taken":11,"max_hp_gain":0,"max_hp_loss":0,"event_name":"World of Goop","floor":4,"gold_loss":0},{"damage_healed":0,"gold_gain":0,"player_choice":"Grow","damage_taken":0,"max_hp_gain":0,"max_hp_loss":0,"event_name":"Living Wall","floor":5,"gold_loss":0,"cards_upgraded":["Deadly Poison"]},{"damage_healed":0,"gold_gain":0,"player_choice":"Lose Max HP","damage_taken":0,"relics_obtained":["Golden Idol"],"max_hp_gain":0,"max_hp_loss":6,"event_name":"Golden Idol","floor":12,"gold_loss":0},{"cards_removed":["Strike_G"],"damage_healed":0,"gold_gain":0,"player_choice":"Purged","damage_taken":0,"max_hp_gain":0,"max_hp_loss":0,"event_name":"Purifier","floor":21,"gold_loss":0},{"damage_healed":0,"gold_gain":0,"player_choice":"Fight","damage_taken":0,"max_hp_gain":0,"max_hp_loss":0,"event_name":"Colosseum","floor":30,"gold_loss":0},{"damage_healed":0,"gold_gain":0,"player_choice":"Fought Nobs","damage_taken":0,"max_hp_gain":0,"max_hp_loss":0,"event_name":"Colosseum","floor":30,"gold_loss":0},{"damage_healed":0,"gold_gain":0,"player_choice":"Gave Idol","damage_taken":0,"relics_obtained":["Bloody Idol"],"max_hp_gain":0,"max_hp_loss":0,"event_name":"Forgotten Altar","floor":31,"relics_lost":["Golden Idol"],"gold_loss":0},{"damage_healed":0,"gold_gain":0,"player_choice":"Ignored","damage_taken":0,"max_hp_gain":0,"max_hp_loss":0,"event_name":"Tomb of Lord Red Mask","floor":36,"gold_loss":0},{"damage_healed":0,"gold_gain":0,"player_choice":"Max HP","damage_taken":0,"max_hp_gain":0,"max_hp_loss":3,"event_name":"Winding Halls","floor":37,"gold_loss":0},{"damage_healed":0,"gold_gain":0,"player_choice":"Ignored","damage_taken":0,"max_hp_gain":0,"max_hp_loss":0,"event_name":"Mysterious Sphere","floor":38,"gold_loss":0}],"is_beta":false,"boss_relics":[{"not_picked":["Snecko Eye","HoveringKite"],"picked":"Runic Pyramid"},{"not_picked":["Coffee Dripper","Runic Dome"],"picked":"Cursed Key"}],"items_purged_floors":[19,39,42],"is_endless":false,"potions_floor_spawned":[2,10,18,28,30,30,33,41,46],"ascension_level":15}}