{"host":"nptej036rrbiurf5","time":1613959460,"event":{"mods":["BaseMod","Colored Map","Colored Powertips","DeckTracker","Minty Spire (QoL Compilation)","StSLib","SuperFastMode"],"gold_per_floor":[118,118,135,210,228,228,228,228,228,228,254,271,281,291,291,367,367,381,381,395,395,395],"floor_reached":21,"language":"KOR","playtime":395,"items_purged":[],"score":362,"play_id":"51b17887-81e7-4420-a3d6-a5f633db3965","local_time":"20210222110420","is_ascension_mode":true,"campfire_choices":[{"data":"Zap","floor":6.0,"key":"SMITH"},{"data":"Dualcast","floor":8.0,"key":"SMITH"},{"data":"Chill","floor":10.0,"key":"SMITH"},{"floor":15.0,"key":"REST"}],"circlet_count":0,"master_deck":["AscendersBane","Strike_B","Strike_B","Strike_B","Defend_B","Defend_B","Defend_B","Defend_B","Zap+1","Dualcast+1","Streamline","Chill+1","Barrage","Genetic Algorithm","Auto Shields","Creative AI","Core Surge","Consume","Fusion"],"relics":["Cracked Core","NeowsBlessing","Anchor","Bronze Scales","Centennial Puzzle","Philosopher\u0027s Stone"],"acts_visited":["Exordium","TheCity"],"potions_floor_usage":[],"damage_taken":[{"damage":0.0,"enemies":"Small Slimes","floor":1.0,"turns":1.0},{"damage":0.0,"enemies":"2 Louse","floor":3.0,"turns":1.0},{"damage":0.0,"enemies":"Cultist","floor":5.0,"turns":1.0},{"damage":4.0,"enemies":"3 Sentries","floor":11.0,"turns":6.0},{"damage":13.0,"enemies":"Exordium Wildlife","floor":12.0,"turns":3.0},{"damage":3.0,"enemies":"Blue Slaver","floor":13.0,"turns":3.0},{"damage":2.0,"enemies":"Large Slime","floor":14.0,"turns":4.0},{"damage":3.0,"enemies":"Hexaghost","floor":16.0,"turns":7.0},{"damage":13,"enemies":"Spheric Guardian","floor":18,"turns":4},{"damage":7,"enemies":"Chosen","floor":20,"turns":4},{"damage":41,"enemies":"Centurion and Healer","floor":21,"turns":9}],"seed_played":"-2997292920172777355","potions_obtained":[{"floor":3.0,"key":"PotionOfCapacity"},{"floor":5.0,"key":"FocusPotion"},{"floor":12.0,"key":"DistilledChaos"},{"floor":16.0,"key":"Swift Potion"},{"floor":20,"key":"Weak Potion"}],"is_trial":false,"path_per_floor":["M","?","M","?","M","R","?","R","T","R","E","M","M","M","R","B",null,"M","?","M","M"],"character_chosen":"DEFECT","items_purchased":[],"campfire_rested":1,"item_purchase_floors":[],"current_hp_per_floor":[64,46,46,35,35,35,35,35,35,35,31,18,15,13,34,31,61,48,48,41,0,0],"gold":395,"neow_bonus":"THREE_ENEMY_KILL","is_daily":false,"chose_seed":false,"campfire_upgraded":3,"win_rate":0.0,"timestamp":1613959460,"path_taken":["M","?","M","?","M","R","?","R","T","R","E","M","M","M","R","BOSS","M","?","M","?"],"items_purchased_type":[],"build_version":"2020-12-22","purchased_purges":0,"victory":false,"max_hp_per_floor":[71,71,71,71,71,71,71,71,71,71,71,71,71,71,71,71,71,71,71,71,71,71],"card_choices":[{"not_picked":["Redo","Hologram"],"picked":"Streamline","floor":1.0},{"not_picked":["Sweeping Beam","Beam Cell"],"picked":"Chill","floor":3.0},{"not_picked":["Compile Driver","Coolheaded"],"picked":"Barrage","floor":5.0},{"not_picked":["Storm","Steam Power"],"picked":"Genetic Algorithm","floor":11.0},{"not_picked":["Gash","Double Energy","Streamline"],"picked":"SKIP","floor":12.0},{"not_picked":["Reprogram","Stack"],"picked":"Auto Shields","floor":13.0},{"not_picked":["Conserve Battery","Steam"],"picked":"Creative AI","floor":14.0},{"not_picked":["Fission","Reboot"],"picked":"Core Surge","floor":16.0},{"not_picked":["Turbo","Go for the Eyes","Hello World+1"],"picked":"SKIP","floor":18},{"not_picked":["Beam Cell","Reinforced Body"],"picked":"Fusion","floor":20}],"player_experience":1001141,"relics_obtained":[{"floor":9.0,"key":"Bronze Scales"},{"floor":11.0,"key":"Centennial Puzzle"}],"event_choices":[{"damage_healed":0.0,"max_hp_gain":0.0,"max_hp_loss":0.0,"gold_gain":0.0,"event_name":"Scrap Ooze","player_choice":"Success","floor":2.0,"gold_loss":0.0,"damage_taken":18.0,"relics_obtained":["Anchor"]},{"damage_healed":0.0,"max_hp_gain":0.0,"max_hp_loss":0.0,"gold_gain":75.0,"event_name":"World of Goop","player_choice":"Gather Gold","floor":4.0,"gold_loss":0.0,"damage_taken":11.0},{"damage_healed":0.0,"max_hp_gain":0.0,"max_hp_loss":0.0,"gold_gain":0.0,"event_name":"Liars Game","player_choice":"Ignored","floor":7.0,"gold_loss":0.0,"damage_taken":0.0},{"damage_healed":0,"gold_gain":0,"cards_transformed":["Strike_B"],"player_choice":"Transformed","damage_taken":0,"max_hp_gain":0,"max_hp_loss":0,"event_name":"Transmorgrifier","floor":19,"gold_loss":0,"cards_obtained":["Consume"]}],"is_beta":false,"boss_relics":[{"not_picked":["Nuclear Battery","Astrolabe"],"picked":"Philosopher\u0027s Stone"}],"items_purged_floors":[],"is_endless":false,"potions_floor_spawned":[3,5,12,16,20],"killed_by":"Centurion and Healer","ascension_level":20}}