{"host":"rzvepkyh9344fbo1","time":1613956442,"event":{"mods":["AchievementEnabler","Act Like it!","BaseMod","Better Third Choice","Colored Map","Colored Powertips","Curses Come First","Downfall","Evolution","Fox Events","Hermit","Highlight Path","Minty Spire (QoL Compilation)","Replay The Spire","Robot Space Explorer","Shade Mod","Shop Mod","StS++","StSLib","The Cursed","The Marked","The Necromancer"],"gold_per_floor":[116,291,310,325,22,56,56,88,113,113,140,140,140,157,157,261,261,276,372,383,400,420,420,453,453,453,40,40,56,91,104,104,102,102,113,113,113,126,26,26,60,60,60,72,150,202,253,302,314,344,356,368,30,79,95,95],"floor_reached":55,"language":"ENG","playtime":4422,"items_purged":["Doubt","Pain","Calculated Gamble+1"],"score":1114,"play_id":"883a9856-db61-4163-a699-2d17f0e37157","local_time":"20210222121402","is_ascension_mode":true,"campfire_choices":[{"data":"Storm of Steel","floor":7.0,"key":"SMITH"},{"floor":10.0,"key":"REST"},{"data":"Infinite Blades","floor":13.0,"key":"SMITH"},{"data":"Blade Dance","floor":15.0,"key":"SMITH"},{"data":"Phantasmal Killer","floor":23.0,"key":"SMITH"},{"floor":25.0,"key":"REST"},{"data":"Blade Dance","floor":28.0,"key":"SMITH"},{"floor":32.0,"key":"REST"},{"floor":40.0,"key":"REST"},{"data":"Phantasmal Killer","floor":42.0,"key":"SMITH"},{"data":"Predator","floor":44.0,"key":"SMITH"},{"floor":49.0,"key":"REST"},{"data":"Accuracy","floor":52.0,"key":"SMITH"}],"circlet_count":0,"master_deck":["Flying Knee","Flying Knee","Defend_G","Defend_G","Defend_G+1","Defend_G","Defend_G+1","Survivor","Neutralize","Infinite Blades+1","Storm of Steel+1","Predator+1","Blade Dance+1","Phantasmal Killer+1","Blade Dance+1","Backstab+1","Cloak And Dagger+1","Blade Dance","Backflip+1","Phantasmal Killer+1","CurseOfTheBell","Dagger Throw+1","Accuracy+1","Blade Dance+1","StSpp:SpareBlade","Cloak And Dagger+1","Cloak And Dagger"],"relics":["Ring of the Snake","EVO:Axolotl","Anchor","Replay:Wax Seal","Bronze Scales","Oddly Smooth Stone","Odd Mushroom","Runic Pyramid","Lantern","StSpp:SailingBoat","Kunai","Question Card","Gremlin Food","Calling Bell","Pen Nib","StSpp:WoodenPendulum","Turnip","WarpedTongs","Replay:Bandana","MawBank","Happy Flower","Replay:Mystery Machine"],"acts_visited":["Exordium","TheCity","TheBeyond","TheEnding"],"potions_floor_usage":[55,55],"damage_taken":[{"damage":0.0,"enemies":"Jaw Worm","floor":1.0,"turns":5.0},{"damage":1.0,"enemies":"2 Louse","floor":3.0,"turns":3.0},{"damage":0.0,"enemies":"Small Slimes","floor":4.0,"turns":3.0},{"damage":24.0,"enemies":"3 Sentries","floor":6.0,"turns":11.0},{"damage":23.0,"enemies":"Replay:BlueRogue","floor":8.0,"turns":6.0},{"damage":2.0,"enemies":"The Mushroom Lair","floor":11.0,"turns":3.0},{"damage":4.0,"enemies":"Red Slaver","floor":14.0,"turns":2.0},{"damage":30.0,"enemies":"Fading Forest","floor":16.0,"turns":11.0},{"damage":0.0,"enemies":"Spheric Guardian","floor":18.0,"turns":2.0},{"damage":0.0,"enemies":"Shell Parasite","floor":20.0,"turns":2.0},{"damage":8.0,"enemies":"Snake Plant","floor":21.0,"turns":2.0},{"damage":9.0,"enemies":"Shelled Parasite and Fungi","floor":22.0,"turns":3.0},{"damage":30.0,"enemies":"Gremlin Leader","floor":24.0,"turns":5.0},{"damage":0.0,"enemies":"3 Cultists","floor":29.0,"turns":3.0},{"damage":5.0,"enemies":"Slavers","floor":30.0,"turns":3.0},{"damage":11.0,"enemies":"Centurion and Healer","floor":31.0,"turns":4.0},{"damage":15.0,"enemies":"Pondfish","floor":33.0,"turns":6.0},{"damage":6.0,"enemies":"3 Darklings","floor":35.0,"turns":2.0},{"damage":28.0,"enemies":"3 Shapes","floor":38.0,"turns":4.0},{"damage":4.0,"enemies":"Nemesis","floor":41.0,"turns":5.0},{"damage":3.0,"enemies":"R_Hoarder","floor":45.0,"turns":6.0},{"damage":0.0,"enemies":"Jaw Worm Horde","floor":46.0,"turns":4.0},{"damage":8.0,"enemies":"Maw","floor":47.0,"turns":4.0},{"damage":11.0,"enemies":"4 Shapes","floor":48.0,"turns":3.0},{"damage":26.0,"enemies":"Donu and Deca","floor":50.0,"turns":7.0},{"damage":42.0,"enemies":"Shield and Spear","floor":54.0,"turns":5.0},{"damage":21,"enemies":"The Heart","floor":55,"turns":3}],"seed_played":"-5730411281134767451","potions_obtained":[{"floor":3.0,"key":"BlessingOfTheForge"},{"floor":4.0,"key":"FearPotion"},{"floor":8.0,"key":"PowerPotion"},{"floor":16.0,"key":"Languid Potion"},{"floor":20.0,"key":"champ:CounterPotion"},{"floor":22.0,"key":"StSpp:ScatteredWeakPotion"},{"floor":24.0,"key":"Dexterity Potion"},{"floor":31.0,"key":"Swift Potion"},{"floor":38.0,"key":"SpeedPotion"}],"is_trial":false,"path_per_floor":["M","?","M","M","$","E","R","E","T","R","?","?","R","M","R","B",null,"M","?","M","M","M","R","E","R","T","$","R","M","E","M","R","B",null,"M","?","?","M","$","R","E","R","T","R","E","M","M","M","R","B",null,"R","$","E","B"],"character_chosen":"THE_SILENT","items_purchased":["Infinite Blades","Anchor","Kunai","Question Card","Doom Potion","Adrenaline Potion","Ancient Potion"],"campfire_rested":5,"item_purchase_floors":[5,5,27,27,53,53,53],"current_hp_per_floor":[63,63,62,62,62,38,38,15,15,33,31,31,31,27,27,13,63,63,48,48,40,31,31,1,19,19,19,19,19,14,3,21,6,63,57,57,57,29,29,47,43,43,43,43,40,40,32,21,39,13,63,63,63,21,0,0],"gold":95,"neow_bonus":"REMOVE_TWO","is_daily":false,"chose_seed":false,"campfire_upgraded":8,"win_rate":0.0,"timestamp":1613956442,"path_taken":["M","?","M","M","$","E","R","E","T","R","?","?","R","M","R","BOSS","M","?","M","M","M","R","E","R","T","$","R","M","E","?","R","BOSS","M","?","?","?","$","R","E","R","T","R","E","M","M","M","R","BOSS","R","$","E","BOSS"],"items_purchased_type":["Card","Relic","Relic","Relic","Potion","Potion","Potion"],"build_version":"2020-12-22","purchased_purges":3,"victory":false,"max_hp_per_floor":[63,63,63,63,63,63,63,63,63,63,63,63,63,63,63,63,63,63,63,63,63,63,63,63,63,63,63,63,63,63,63,63,63,63,63,63,63,63,63,63,63,63,63,63,63,63,63,63,63,63,63,63,63,63,63,63],"card_choices":[{"not_picked":["Deadly Poison","StSpp:CorrosivePoison","StSpp:Dive"],"picked":"SKIP","floor":1.0},{"not_picked":["Dash","Terror","Heel Hook"],"picked":"SKIP","floor":3.0},{"not_picked":["Riddle With Holes","Deadly Poison","PiercingWail"],"picked":"SKIP","floor":4.0},{"not_picked":["Hidden Blade","Choke"],"picked":"Storm of Steel","floor":6.0},{"not_picked":["StSpp:PoisonousPunch","Outmaneuver","Slice"],"picked":"SKIP","floor":8.0},{"not_picked":["Draining Mist","Outmaneuver"],"picked":"Blade Dance","floor":14.0},{"not_picked":["Grand Finale","Burst"],"picked":"Phantasmal Killer","floor":16.0},{"not_picked":["StSpp:StrikeFirst","StSpp:Anticipation","Hidden Blade"],"picked":"SKIP","floor":18.0},{"not_picked":["Poisoned Stab+1","PiercingWail"],"picked":"Blade Dance","floor":19.0},{"not_picked":["Finisher","Dash"],"picked":"Backstab","floor":20.0},{"not_picked":["Poisoned Stab","Bane"],"picked":"Cloak And Dagger+1","floor":21.0},{"not_picked":["Hidden Blade","Prepared"],"picked":"Blade Dance","floor":22.0},{"not_picked":["Eviscerate+1","Draining Mist+1"],"picked":"Calculated Gamble+1","floor":24.0},{"not_picked":["Flying Knee","PiercingWail","StSpp:FiercePoison"],"picked":"Backflip+1","floor":29.0},{"not_picked":["StSpp:CorrosivePoison","Dagger Spray","Choke+1","StSpp:Dive"],"picked":"SKIP","floor":30.0},{"not_picked":["Grand Finale","Masterful Stab","Acrobatics+1","Endless Agony"],"picked":"SKIP","floor":31.0},{"not_picked":["Die Die Die","Tools of the Trade","Atom Bomb"],"picked":"Phantasmal Killer","floor":33.0},{"not_picked":["ReplayTheSpireMod:Speed Training+1","Deflect+1","Infinite Blades+1","Dagger Throw","StSpp:TimeParadox+1","Bane+1"],"picked":"SKIP","floor":35.0},{"not_picked":["PiercingWail+1","StSpp:PoisonousPunch","Backflip+1","StSpp:FiercePoison+1","Hidden Blade+1"],"picked":"Dagger Throw+1","floor":38.0},{"not_picked":["Masterful Stab","StSpp:Anticipation+1","Hidden Blade+1","Reflex+1","Slice+1","Replay:Poison Smokescreen"],"picked":"SKIP","floor":41.0},{"not_picked":["Deadly Poison","Deflect+1","Toxin Wave","All Out Attack","Blur+1"],"picked":"Accuracy","floor":45.0},{"not_picked":["Sucker Punch+1","Choke","Outmaneuver+1","A Thousand Cuts","Terror"],"picked":"Blade Dance+1","floor":46.0},{"not_picked":["Expertise","Bane+1","Acrobatics+1","Dodge and Roll","Footwork+1"],"picked":"StSpp:SpareBlade","floor":47.0},{"not_picked":["Dagger Throw+1","Acrobatics+1","Underhanded Strike","Dagger Spray+1","Outmaneuver"],"picked":"Cloak And Dagger+1","floor":48.0},{"not_picked":["Poisoned Stab","Heel Hook+1","Quick Slash+1","Unload","Bane+1"],"picked":"Cloak And Dagger","floor":54.0}],"player_experience":333518,"relics_obtained":[{"floor":6.0,"key":"Replay:Wax Seal"},{"floor":8.0,"key":"Bronze Scales"},{"floor":9.0,"key":"Oddly Smooth Stone"},{"floor":11.0,"key":"Odd Mushroom"},{"floor":19.0,"key":"Lantern"},{"floor":24.0,"key":"StSpp:SailingBoat"},{"floor":30.0,"key":"Gremlin Food"},{"floor":34.0,"key":"Pen Nib"},{"floor":34.0,"key":"StSpp:WoodenPendulum"},{"floor":34.0,"key":"Turnip"},{"floor":41.0,"key":"Replay:Bandana"},{"floor":43.0,"key":"MawBank"},{"floor":45.0,"key":"Happy Flower"},{"floor":54.0,"key":"Replay:Mystery Machine"}],"event_choices":[{"damage_healed":0.0,"max_hp_gain":0.0,"max_hp_loss":0.0,"gold_gain":175.0,"event_name":"betterThird:BetterSerpent","player_choice":"AGREE","floor":2.0,"gold_loss":0.0,"damage_taken":116.0},{"damage_healed":0.0,"max_hp_gain":0.0,"max_hp_loss":0.0,"gold_gain":0.0,"event_name":"Mushrooms","player_choice":"Fought Mushrooms","floor":11.0,"gold_loss":0.0,"damage_taken":0.0},{"damage_healed":0.0,"max_hp_gain":0.0,"max_hp_loss":0.0,"gold_gain":0.0,"cards_transformed":["Strike_G"],"event_name":"Transmorgrifier","player_choice":"Transformed","floor":12.0,"gold_loss":0.0,"damage_taken":0.0,"cards_obtained":["Predator"]},{"damage_healed":0.0,"max_hp_gain":0.0,"max_hp_loss":0.0,"gold_gain":0.0,"event_name":"Accursed Blacksmith","player_choice":"Rummage","floor":37.0,"gold_loss":0.0,"damage_taken":0.0,"relics_obtained":["WarpedTongs"],"cards_obtained":["Pain"]}],"is_beta":false,"boss_relics":[{"not_picked":["Replay:Bronze Core","Runic Dome"],"picked":"Runic Pyramid"},{"not_picked":["Sozu","StSpp:FireArrow"],"picked":"Calling Bell"}],"items_purged_floors":[5,39,53],"is_endless":false,"potions_floor_spawned":[3,4,8,16,20,22,24,31,38,45,47],"killed_by":"The Heart","ascension_level":3}}