{"host":"cr9rpoy6dx9riis3","time":1613994454,"event":{"mods":["AchievementEnabler","BaseMod","Better Altar","Better Note","Better Sensory Stone","Better Skull","Better Third Choice","Better-Laid Plans","BetterRewards","Block Reminder","Curses Come First","Displayed Cursed Tome","Emptier Cage","Marked Mod","Minty Spire (QoL Compilation)","Permanent Neow","Relic Sorter","StSLib","The Blue Laboratory","Transform Curses"],"gold_per_floor":[113,113,133,149,164,164,197,272,272,299,0,0,20,20,20,125,125,145,165,41,41,61,61,261,279,327,327,344,377,377,388,388,388,388],"floor_reached":33,"language":"ENG","playtime":1527,"items_purged":[],"score":555,"play_id":"a31aef64-5603-4a06-b6ae-f9ac9458c41c","local_time":"20210222124734","is_ascension_mode":true,"campfire_choices":[{"data":"Bandage Up","floor":6,"key":"SMITH"},{"floor":12,"key":"REST"},{"data":"Eviscerate","floor":15,"key":"SMITH"},{"data":"Survivor","floor":23,"key":"SMITH"},{"data":"Malaise","floor":27,"key":"SMITH"},{"data":"Masterful Stab","floor":30,"key":"SMITH"},{"data":"Unload","floor":32,"key":"SMITH"}],"circlet_count":0,"master_deck":["Strike_G","Strike_G","Strike_G","Defend_G","Defend_G","Defend_G","Survivor+1","Neutralize","Bandage Up+1","Underhanded Strike","Masterful Stab+1","Eviscerate+1","Malaise+1","All Out Attack","Dagger Throw","Unload","Unload+1","Reflex","Blur","Reflex","Reflex","Concentrate+1","Flechettes","Venomology"],"relics":["Ring of the Snake","Bottled Flame","Art of War","Sundial","Strange Spoon","Tough Bandages"],"acts_visited":["Exordium","TheCity"],"potions_floor_usage":[7,16,16,20,22,22,29,29,33],"damage_taken":[{"damage":0,"enemies":"2 Louse","floor":1,"turns":3},{"damage":8,"enemies":"Jaw Worm","floor":3,"turns":7},{"damage":0,"enemies":"Small Slimes","floor":4,"turns":3},{"damage":14,"enemies":"Red Slaver","floor":5,"turns":2},{"damage":5,"enemies":"Gremlin Nob","floor":7,"turns":4},{"damage":37,"enemies":"Lagavulin","floor":10,"turns":8},{"damage":1,"enemies":"Looter","floor":13,"turns":3},{"damage":0,"enemies":"Hexaghost","floor":16,"turns":9},{"damage":14,"enemies":"Chosen","floor":18,"turns":5},{"damage":6,"enemies":"Shell Parasite","floor":19,"turns":5},{"damage":25,"enemies":"Centurion and Healer","floor":22,"turns":4},{"damage":8,"enemies":"Snake Plant","floor":25,"turns":3},{"damage":6,"enemies":"Shelled Parasite and Fungi","floor":28,"turns":5},{"damage":9,"enemies":"Slavers","floor":29,"turns":7},{"damage":7,"enemies":"Chosen and Byrds","floor":31,"turns":5},{"damage":81,"enemies":"Champ","floor":33,"turns":14}],"seed_played":"-2959590707470348279","potions_obtained":[{"floor":4,"key":"blueLaboratory:BubblePotion"},{"floor":10,"key":"blueLaboratory:StoneskinPotion"},{"floor":13,"key":"PowerPotion"},{"floor":16,"key":"Dexterity Potion"},{"floor":19,"key":"Fruit Juice"},{"floor":25,"key":"Block Potion"},{"floor":28,"key":"blueLaboratory:RecallPotion"}],"is_trial":false,"path_per_floor":["M","?","M","M","M","R","E","?","T","E","$","R","M","?","R","B",null,"M","M","$","$","M","R","?","M","T","R","M","E","R","M","R","B"],"character_chosen":"THE_SILENT","items_purchased":["Strange Spoon","Bandage Up","Chemical X","Skewer","Tough Bandages","Reflex","blueLaboratory:FruitPunch"],"campfire_rested":1,"item_purchase_floors":[0,0,0,0,11,20,20],"current_hp_per_floor":[38,38,42,46,36,36,37,26,26,1,1,22,27,27,27,33,61,59,59,64,64,47,47,47,45,45,45,51,54,54,53,53,0,0],"gold":388,"neow_bonus":"","is_daily":false,"chose_seed":false,"campfire_upgraded":6,"win_rate":0.0,"timestamp":1613994454,"path_taken":["M","?","M","M","M","R","E","?","T","E","$","R","M","?","R","BOSS","M","?","?","$","M","R","?","M","T","R","M","E","R","?","R","BOSS"],"items_purchased_type":["Relic","Card","Relic","Card","Relic","Card","Potion"],"build_version":"2020-12-22","purchased_purges":0,"victory":false,"max_hp_per_floor":[70,70,70,70,70,70,70,70,70,70,70,70,70,70,70,70,70,70,70,75,75,77,77,77,77,77,77,77,77,77,77,77,77,77],"card_choices":[{"not_picked":["Acrobatics","Poisoned Stab"],"picked":"Underhanded Strike","floor":1},{"not_picked":["Distraction","PiercingWail"],"picked":"Masterful Stab","floor":3},{"not_picked":["Crippling Poison","Acrobatics"],"picked":"Eviscerate","floor":4},{"not_picked":["Poisoned Stab","Sucker Punch","Prepared"],"picked":"SKIP","floor":5},{"not_picked":["Slice","Calculated Gamble"],"picked":"Malaise","floor":7},{"not_picked":["Dagger Spray","Quick Slash"],"picked":"All Out Attack","floor":10},{"not_picked":["Slice","Dagger Throw","Flying Knee"],"picked":"SKIP","floor":13},{"not_picked":["Slice","Flying Knee"],"picked":"Dagger Throw","floor":13},{"not_picked":["Corpse Explosion","Glass Knife"],"picked":"Unload","floor":16},{"not_picked":["Slice","Prepared"],"picked":"Reflex","floor":18},{"not_picked":["Blade Dance","Dagger Throw"],"picked":"Blur","floor":19},{"not_picked":["Caltrops","Skewer+1"],"picked":"Reflex","floor":22},{"not_picked":["Slice","Cloak And Dagger","Prepared"],"picked":"SKIP","floor":25},{"not_picked":["Quick Slash","Dagger Spray"],"picked":"Concentrate+1","floor":28},{"not_picked":["Backstab","Slice"],"picked":"Flechettes","floor":29},{"not_picked":["Finisher","Cloak And Dagger+1"],"picked":"Venomology","floor":31}],"player_experience":785066,"relics_obtained":[{"floor":7,"key":"Art of War"},{"floor":9,"key":"Bottled Flame"},{"floor":29,"key":"Sundial"}],"event_choices":[{"cards_removed":["Defend_G"],"damage_healed":0,"gold_gain":0,"player_choice":"Forget","damage_taken":0,"max_hp_gain":0,"max_hp_loss":0,"event_name":"Living Wall","floor":2,"gold_loss":0},{"damage_healed":0,"gold_gain":75,"player_choice":"Gold","damage_taken":11,"max_hp_gain":0,"max_hp_loss":0,"event_name":"betterThird:BetterGoop","floor":8,"gold_loss":0},{"damage_healed":0,"gold_gain":0,"player_choice":"1 cards matched","damage_taken":0,"max_hp_gain":0,"max_hp_loss":0,"event_name":"Match and Keep!","floor":14,"gold_loss":0,"cards_obtained":["Unload"]},{"damage_healed":0,"gold_gain":250,"player_choice":"Bet on Owner","damage_taken":0,"max_hp_gain":0,"max_hp_loss":0,"event_name":"The Joust","floor":24,"gold_loss":50}],"is_beta":false,"boss_relics":[{"not_picked":["Busted Crown","Coffee Dripper"],"picked":"Empty Cage"}],"items_purged_floors":[],"is_endless":false,"potions_floor_spawned":[4,10,13,16,19,25,28],"killed_by":"Champ","ascension_level":6}}