{"host":"v0dnu0zs4qo0v13s","time":1613960262,"event":{"mods":["BaseMod","Colored Map","Colored Powertips","Minty Spire (QoL Compilation)","Relic Stats","StSLib","SuperFastMode","everything is the same but u backflip on backflip"],"gold_per_floor":[99,99,99,99,99,99,99,99,99,99,99,99,99,99,99,99,99,99,99,99,99,99,99,99,99,99,99,99,24,24,24,24,24,24,24,24,24,24,24,24,24,24,24,24,24,24,24,24,24,24],"floor_reached":51,"language":"ENG","playtime":5328,"items_purged":[],"score":1282,"play_id":"3c5fb250-72ba-4176-b6c9-556a19fb6098","local_time":"20210221211742","is_ascension_mode":true,"campfire_choices":[{"floor":7.0,"key":"REST"},{"data":"EmptyFist","floor":10.0,"key":"SMITH"},{"data":"Fasting2","floor":12.0,"key":"SMITH"},{"floor":15.0,"key":"REST"},{"floor":23.0,"key":"REST"},{"floor":25.0,"key":"REST"},{"data":"SpiritShield","floor":28.0,"key":"SMITH"},{"data":"Worship","floor":30.0,"key":"SMITH"},{"floor":32.0,"key":"REST"},{"floor":40.0,"key":"REST"},{"data":"DevaForm","floor":47.0,"key":"SMITH"},{"floor":49.0,"key":"REST"}],"circlet_count":0,"master_deck":["AscendersBane","Strike_P","Strike_P","Defend_P","Eruption","Vigilance","CutThroughFate","Crescendo","Worship+1","DevaForm+1","ThirdEye","EmptyFist+1","CarveReality","Fasting2+1","SpiritShield+1","Swivel+1","Scrawl+1","Shame","Sanctity","Study","Adaptation","SignatureMove+1","Omniscience","CurseOfTheBell","DeceiveReality","Tantrum+1","MasterReality","Apotheosis","Meditate","BattleHymn","ClearTheMind"],"relics":["Ectoplasm","Darkstone Periapt","Pantograph","InkBottle","Odd Mushroom","Astrolabe","Meat on the Bone","Molten Egg 2","Juzu Bracelet","White Beast Statue","Turnip","Singing Bowl","Calling Bell","Strawberry","Yang","Bird Faced Urn","Mango","Letter Opener"],"acts_visited":["Exordium","TheCity","TheBeyond"],"potions_floor_usage":[],"damage_taken":[{"damage":2.0,"enemies":"Jaw Worm","floor":1.0,"turns":3.0},{"damage":1.0,"enemies":"Cultist","floor":3.0,"turns":3.0},{"damage":3.0,"enemies":"2 Louse","floor":5.0,"turns":3.0},{"damage":23.0,"enemies":"3 Sentries","floor":6.0,"turns":8.0},{"damage":0.0,"enemies":"Large Slime","floor":11.0,"turns":2.0},{"damage":11.0,"enemies":"The Mushroom Lair","floor":13.0,"turns":4.0},{"damage":46.0,"enemies":"The Guardian","floor":16.0,"turns":7.0},{"damage":12.0,"enemies":"Chosen","floor":18.0,"turns":3.0},{"damage":0.0,"enemies":"Shell Parasite","floor":20.0,"turns":1.0},{"damage":15.0,"enemies":"Snake Plant","floor":22.0,"turns":3.0},{"damage":48.0,"enemies":"Slavers","floor":24.0,"turns":8.0},{"damage":28.0,"enemies":"Book of Stabbing","floor":31.0,"turns":5.0},{"damage":19.0,"enemies":"Champ","floor":33.0,"turns":9.0},{"damage":51.0,"enemies":"3 Darklings","floor":35.0,"turns":5.0},{"damage":14.0,"enemies":"3 Shapes","floor":36.0,"turns":7.0},{"damage":30.0,"enemies":"Spire Growth","floor":37.0,"turns":5.0},{"damage":34.0,"enemies":"Sphere and 2 Shapes","floor":41.0,"turns":4.0},{"damage":31.0,"enemies":"Giant Head","floor":44.0,"turns":6.0},{"damage":0.0,"enemies":"Maw","floor":45.0,"turns":7.0},{"damage":17.0,"enemies":"Writhing Mass","floor":46.0,"turns":8.0},{"damage":79,"enemies":"Awakened One","floor":50,"turns":9}],"seed_played":"5246835007678790994","potions_obtained":[{"floor":5.0,"key":"FearPotion"},{"floor":13.0,"key":"SmokeBomb"},{"floor":16.0,"key":"Ancient Potion"},{"floor":22.0,"key":"Regen Potion"},{"floor":31.0,"key":"Energy Potion"},{"floor":33.0,"key":"BlessingOfTheForge"},{"floor":35.0,"key":"BlessingOfTheForge"},{"floor":36.0,"key":"Dexterity Potion"},{"floor":37.0,"key":"StancePotion"},{"floor":41.0,"key":"BlessingOfTheForge"},{"floor":44.0,"key":"Weak Potion"},{"floor":45.0,"key":"EssenceOfSteel"},{"floor":46.0,"key":"Ancient Potion"}],"is_trial":false,"path_per_floor":["M","?","M","?","M","E","R","?","T","R","M","R","?","?","R","B",null,"M","T","M","?","M","R","E","R","T","?","R","$","R","E","R","B",null,"M","M","M","?","?","R","M","?","T","E","M","M","R","$","R","B",null],"character_chosen":"WATCHER","items_purchased":["Adaptation"],"campfire_rested":7,"item_purchase_floors":[29],"current_hp_per_floor":[63,56,55,55,52,29,50,43,43,43,43,43,32,32,53,26,61,49,49,49,55,40,63,42,65,65,65,65,65,65,49,72,59,86,47,51,43,43,43,70,54,54,68,59,71,62,62,62,94,52],"gold":24,"neow_bonus":"BOSS_RELIC","is_daily":false,"chose_seed":false,"campfire_upgraded":5,"win_rate":0.0,"timestamp":1613960262,"path_taken":["M","?","M","?","?","E","R","?","T","R","M","R","?","?","R","BOSS","M","?","M","?","M","R","E","R","T","?","R","$","R","E","R","BOSS","M","M","M","?","?","R","M","?","T","E","M","M","R","?","R","BOSS"],"items_purchased_type":["Card"],"build_version":"2020-12-22","purchased_purges":0,"victory":true,"max_hp_per_floor":[72,72,72,72,72,72,72,72,72,72,72,72,72,72,72,72,72,72,72,72,78,78,78,78,78,78,78,78,78,78,78,78,78,91,91,93,93,93,93,93,93,93,107,107,107,107,107,107,107,107],"relic_stats":{"Darkstone Periapt":12,"Singing Bowl":2,"counters":[21,110],"Astrolabe":["Swivel","Scrawl","Establishment"],"Yang":[102],"Juzu Bracelet":0,"Letter Opener":[71],"Pantograph":38,"Bird Faced Urn":[74],"Ectoplasm":569,"Turnip":[32],"obtain_stats":[{"Darkstone Periapt":2,"Singing Bowl":31,"Astrolabe":17,"Yang":34,"Mango":43,"Juzu Bracelet":24,"Letter Opener":44,"Odd Mushroom":13,"White Beast Statue":26,"Calling Bell":34,"Pantograph":6,"Strawberry":34,"Bird Faced Urn":34,"Molten Egg 2":21,"Ectoplasm":0,"Turnip":27,"PureWater":0,"InkBottle":9,"Meat on the Bone":19},{"Darkstone Periapt":1,"Singing Bowl":12,"Astrolabe":7,"Yang":13,"Mango":17,"Juzu Bracelet":11,"Letter Opener":18,"Odd Mushroom":6,"White Beast Statue":11,"Calling Bell":13,"Pantograph":4,"Strawberry":13,"Bird Faced Urn":13,"Molten Egg 2":9,"Ectoplasm":0,"Turnip":11,"PureWater":0,"InkBottle":4,"Meat on the Bone":8},{"Darkstone Periapt":3,"Singing Bowl":50,"Astrolabe":30,"Yang":59,"Mango":80,"Juzu Bracelet":45,"Letter Opener":86,"Odd Mushroom":23,"White Beast Statue":45,"Calling Bell":59,"Pantograph":17,"Strawberry":59,"Bird Faced Urn":59,"Molten Egg 2":34,"Ectoplasm":0,"Turnip":45,"PureWater":0,"InkBottle":17,"Meat on the Bone":33}],"InkBottle":[38],"Meat on the Bone":84},"card_choices":[{"not_picked":["WaveOfTheHand","Prostrate"],"picked":"CutThroughFate","floor":1.0},{"not_picked":["CrushJoints","PathToVictory"],"picked":"Crescendo","floor":3.0},{"not_picked":["FlyingSleeves","JustLucky"],"picked":"EmptyFist","floor":5.0},{"not_picked":["WreathOfFlame","Protect"],"picked":"CarveReality","floor":6.0},{"not_picked":["Halt","EmptyFist"],"picked":"Fasting2","floor":11.0},{"not_picked":["DevaForm","Blasphemy"],"picked":"SpiritShield","floor":16.0},{"not_picked":["CarveReality+1","SashWhip","Prostrate"],"picked":"SKIP","floor":18.0},{"not_picked":["WaveOfTheHand","JustLucky+1"],"picked":"Sanctity","floor":22.0},{"not_picked":["BowlingBash+1","Consecrate+1"],"picked":"Study","floor":24.0},{"not_picked":["CutThroughFate+1","Weave+1"],"picked":"SignatureMove+1","floor":31.0},{"not_picked":["SpiritShield","Judgement"],"picked":"Omniscience","floor":33.0},{"not_picked":["LikeWater","Adaptation"],"picked":"DeceiveReality","floor":35.0},{"not_picked":["Consecrate+1","SignatureMove+1","Crescendo"],"picked":"Singing Bowl","floor":36.0},{"not_picked":["FlurryOfBlows+1","Protect+1"],"picked":"Tantrum+1","floor":37.0},{"not_picked":["Fasting2","WaveOfTheHand"],"picked":"MasterReality","floor":41.0},{"not_picked":["Flash of Steel+1","Blind"],"picked":"Apotheosis","floor":42.0},{"not_picked":["SandsOfTime+1","Tantrum+1"],"picked":"Meditate","floor":44.0},{"not_picked":["Weave+1","FlurryOfBlows+1"],"picked":"BattleHymn","floor":45.0},{"not_picked":["Tantrum+1","Prostrate"],"picked":"ClearTheMind","floor":46.0}],"player_experience":779894,"relics_obtained":[{"floor":6.0,"key":"Pantograph"},{"floor":9.0,"key":"InkBottle"},{"floor":13.0,"key":"Odd Mushroom"},{"floor":19.0,"key":"Meat on the Bone"},{"floor":24.0,"key":"Juzu Bracelet"},{"floor":26.0,"key":"White Beast Statue"},{"floor":31.0,"key":"Singing Bowl"},{"floor":34.0,"key":"Strawberry"},{"floor":34.0,"key":"Yang"},{"floor":34.0,"key":"Bird Faced Urn"},{"floor":43.0,"key":"Mango"},{"floor":44.0,"key":"Letter Opener"}],"event_choices":[{"damage_healed":0.0,"max_hp_gain":0.0,"max_hp_loss":0.0,"gold_gain":0.0,"event_name":"Scrap Ooze","player_choice":"Success","floor":2.0,"gold_loss":0.0,"damage_taken":7.0,"relics_obtained":["Darkstone Periapt"]},{"damage_healed":0.0,"max_hp_gain":0.0,"max_hp_loss":0.0,"gold_gain":0.0,"event_name":"Match and Keep!","player_choice":"3 cards matched","floor":4.0,"gold_loss":0.0,"damage_taken":0.0,"cards_obtained":["Worship","DevaForm","ThirdEye"]},{"cards_removed":["Strike_P"],"damage_healed":0.0,"max_hp_gain":0.0,"max_hp_loss":0.0,"gold_gain":0.0,"event_name":"Golden Wing","player_choice":"Card Removal","floor":8.0,"gold_loss":0.0,"damage_taken":7.0},{"damage_healed":0.0,"max_hp_gain":0.0,"max_hp_loss":0.0,"gold_gain":0.0,"event_name":"Mushrooms","player_choice":"Fought Mushrooms","floor":13.0,"gold_loss":0.0,"damage_taken":0.0},{"cards_removed":["Defend_P"],"damage_healed":0.0,"max_hp_gain":0.0,"max_hp_loss":0.0,"gold_gain":0.0,"event_name":"Purifier","player_choice":"Purged","floor":14.0,"gold_loss":0.0,"damage_taken":0.0},{"damage_healed":0.0,"max_hp_gain":0.0,"max_hp_loss":0.0,"gold_gain":0.0,"event_name":"Addict","player_choice":"Stole Relic","floor":21.0,"gold_loss":0.0,"damage_taken":0.0,"relics_obtained":["Molten Egg 2"],"cards_obtained":["Shame"]},{"damage_healed":0.0,"max_hp_gain":0.0,"max_hp_loss":0.0,"gold_gain":0.0,"event_name":"The Mausoleum","player_choice":"Opened","floor":27.0,"gold_loss":0.0,"damage_taken":0.0,"relics_obtained":["Turnip"]},{"damage_healed":0.0,"max_hp_gain":0.0,"max_hp_loss":0.0,"gold_gain":0.0,"event_name":"Mysterious Sphere","player_choice":"Ignored","floor":38.0,"gold_loss":0.0,"damage_taken":0.0},{"cards_removed":["Establishment"],"damage_healed":0.0,"max_hp_gain":0.0,"max_hp_loss":0.0,"gold_gain":0.0,"event_name":"Falling","player_choice":"Removed Power","floor":39.0,"gold_loss":0.0,"damage_taken":0.0},{"damage_healed":0.0,"max_hp_gain":0.0,"max_hp_loss":0.0,"gold_gain":0.0,"event_name":"SensoryStone","player_choice":"Memory 1","floor":42.0,"gold_loss":0.0,"damage_taken":0.0}],"is_beta":false,"boss_relics":[{"not_picked":["Velvet Choker","SlaversCollar"],"picked":"Astrolabe"},{"not_picked":["Coffee Dripper","Runic Dome"],"picked":"Calling Bell"}],"items_purged_floors":[],"is_endless":false,"potions_floor_spawned":[5,13,16,20,22,31,33,35,36,37,41,44,45,46],"ascension_level":13}}