{"host":"tnuwi4l1p9i8nc6x","time":1613990263,"event":{"mods":["Act Like it!","BaseMod","BetterRewards","Colored Map","Colored Powertips","Downfall","Friendly Minions","Hermit","Hubris","Infinite Spire","Jorbs\u0027s Wanderer Trilogy","Marisa????????","Minty Spire (QoL Compilation)","Permanent Neow","Remilia??????","Replay The Spire","Shop Mod","StSLib","The Bug Knight","The Construct","The Cursed","The Disciple","The Hierophant","The Jungle","The Necromancer","The Runesmith","The Senshi","The Servant 0.9.4"],"gold_per_floor":[99,110,123,137,137,157,157,72,101,1,1,1,20,36,56,56,74,174,174,174],"floor_reached":18,"language":"ENG","playtime":1073,"items_purged":[],"score":166,"play_id":"16998e65-e003-45a7-b182-8ccb9b4c4710","local_time":"20210222053743","is_ascension_mode":false,"campfire_choices":[{"data":"champ:Taunt","floor":1,"key":"SMITH"},{"floor":10,"key":"REST"}],"circlet_count":0,"master_deck":["champ:Strike","champ:Strike","champ:Strike","champ:Strike","champ:Defend","champ:Defend","champ:Defend","champ:Defend","champ:Execute","champ:Taunt+1","champ:GutPunch","champ:PerfectedStrike","champ:Duel","champ:PerfectedStrike","champ:CrookedStrike","champ:UltimateStance","champ:ShieldWall","champ:FanOfKnives","champ:GutPunch","champ:FlashCut","champ:GladiatorStyle","ReplayTheSpireMod:Doomed","Replay:Sluggish","ReplayTheSpireMod:Book of Names","champ:PreciseThrust","champ:DancingMaster"],"relics":["champ:ChampionCrown","hubris:Icosahedron","hubris:ToyBattleship","downfall:HeartBlessingBlue"],"acts_visited":["Exordium"],"potions_floor_usage":[9,9,15,17],"damage_taken":[{"damage":24,"enemies":"Cultist","floor":2,"turns":3},{"damage":10,"enemies":"2 Louse","floor":3,"turns":2},{"damage":10,"enemies":"Jaw Worm","floor":4,"turns":2},{"damage":20,"enemies":"Blue Slaver","floor":6,"turns":3},{"damage":15,"enemies":"downfall:FleeingMerchant","floor":8,"turns":4},{"damage":39,"enemies":"3 Sentries","floor":9,"turns":6},{"damage":21,"enemies":"Lots of Slimes","floor":13,"turns":2},{"damage":10,"enemies":"downfall:LooterAlt","floor":14,"turns":3},{"damage":42,"enemies":"Gremlin Gang","floor":15,"turns":2},{"damage":14,"enemies":"2 Fungi Beasts","floor":17,"turns":3},{"damage":24,"enemies":"DF_ARCHETYPE_STREAMLINE","floor":18,"turns":6}],"seed_played":"-9047797672110188246","potions_obtained":[{"floor":2,"key":"GamblersBrew"},{"floor":4,"key":"AttackPotion"},{"floor":9,"key":"Block Potion"},{"floor":13,"key":"Fire Potion"},{"floor":15,"key":"Milkshake"}],"is_trial":false,"path_per_floor":["R_BF","M","M","M","?","M","T","$","E","R","PTL","PTL","M","M","M","?","M","B"],"character_chosen":"THE_CHAMP","items_purchased":["champ:ShieldWall"],"campfire_rested":1,"item_purchase_floors":[8],"current_hp_per_floor":[90,86,86,86,86,86,86,86,57,97,97,97,99,99,67,67,63,44,44,44],"gold":174,"neow_bonus":"THREE_CARDS","is_daily":false,"chose_seed":false,"campfire_upgraded":1,"win_rate":0.0,"timestamp":1613990263,"path_taken":["R_BF","M","M","?","?","M","T","?","E","R","PTL","PTL","M","M","?","?","M","BOSS"],"items_purchased_type":["Card"],"build_version":"2020-12-22","purchased_purges":0,"victory":false,"max_hp_per_floor":[90,90,90,90,90,90,90,90,90,100,100,100,100,100,100,100,100,100,100,100],"card_choices":[{"not_picked":["champ:Shatter","champ:Circumvent"],"picked":"champ:GutPunch","floor":0},{"not_picked":["champ:EnGarde","champ:PreciseThrust"],"picked":"champ:PerfectedStrike","floor":2},{"not_picked":["champ:FlashCut","champ:StanceDance"],"picked":"champ:Duel","floor":3},{"not_picked":["champ:FanOfKnives","champ:BerserkersShout"],"picked":"champ:PerfectedStrike","floor":4},{"not_picked":["champ:Parry","champ:Circumvent"],"picked":"champ:CrookedStrike","floor":6},{"not_picked":["champ:Lariat","champ:Improvising"],"picked":"champ:UltimateStance","floor":8},{"not_picked":["champ:FlashCut","champ:Backstep"],"picked":"champ:FanOfKnives","floor":9},{"not_picked":["champ:TornadoPunch","champ:SetATrap"],"picked":"champ:GutPunch","floor":13},{"not_picked":["champ:PerfectedStrike","champ:FanOfKnives"],"picked":"champ:FlashCut","floor":14},{"not_picked":["champ:PreciseThrust","champ:FlashCut"],"picked":"champ:GladiatorStyle","floor":15},{"not_picked":["infinitespire:NeuralNetwork","infinitespire:Gouge"],"picked":"ReplayTheSpireMod:Book of Names","floor":16},{"not_picked":["champ:Backstep","champ:ShieldThrow"],"picked":"champ:PreciseThrust","floor":17},{"not_picked":["champ:UltimateStance","champ:IgnorePain"],"picked":"champ:DancingMaster","floor":18}],"player_experience":706602,"relics_obtained":[{"floor":9,"key":"hubris:ToyBattleship"}],"event_choices":[],"is_beta":false,"boss_relics":[],"items_purged_floors":[],"is_endless":false,"potions_floor_spawned":[2,4,9,13,15],"killed_by":"DF_ARCHETYPE_STREAMLINE","ascension_level":0}}