{"host":"cpvm3mnra03oywg8","time":1613971051,"event":{"mods":["AchievementEnabler","BaseMod","Colored Map","Colored Powertips","Curses Come First","Downfall","Highlight Path","Minty Spire (QoL Compilation)","StSLib","The Necromancer","The Servant 0.9.4"],"gold_per_floor":[110,110,7,24,37,37,49,49,49,49,49,60,87,106,106,204,204,218,228,228,228,25,25,25,25,25,25,25,38,53,70,70,174,174,192,192,209,26,0,0,0,0,23,23,23,23,23,23,23,23,23],"floor_reached":50,"language":"ENG","playtime":3321,"items_purged":[],"score":463,"play_id":"f91213fd-7a3a-4956-9f72-d5ce90898242","local_time":"20210221231731","daily_mods":["Allstar","Heirloom","Time Dilation","Flight"],"is_ascension_mode":false,"campfire_choices":[{"data":"Enlightenment","floor":6,"key":"SMITH"},{"data":"Ricochet","floor":8,"key":"SMITH"},{"data":"Madness","floor":10,"key":"SMITH"},{"data":"MurderousAura","floor":15,"key":"SMITH"},{"data":"PendulumOfEternity","floor":23,"key":"SMITH"},{"data":"ShatteredReality","floor":24,"key":"SMITH"},{"data":"Chrysalis","floor":25,"key":"SMITH"},{"data":"Exchange","floor":27,"key":"SMITH"},{"data":"Potential","floor":28,"key":"SMITH"},{"data":"FlawlessForm","floor":32,"key":"SMITH"},{"data":"ReturningBlade","floor":40,"key":"SMITH"},{"data":"ReturningBlade+1","floor":41,"key":"SMITH"},{"data":"ReturningBlade+2","floor":44,"key":"SMITH"},{"data":"ReturningBlade+3","floor":46,"key":"SMITH"},{"data":"ReturningBlade+4","floor":47,"key":"SMITH"},{"data":"ReturningBlade+5","floor":49,"key":"SMITH"}],"circlet_count":0,"master_deck":["Strike_S","Strike_S","Strike_S","Defend_S","Defend_S","KidneyShot","Exchange+1","Enlightenment+1","Panache","Chrysalis+1","The Bomb","Madness+1","GearUp+1","Potential+1","SpecialFormula","Luminosity","Ricochet+1","TimeWarp+1","Contraction","Read","MurderousAura+1","Barrier","PendulumOfEternity+1","LightFlow+1","StarChef+1","Defy+1","Potential+1","Spin","downfall:Bewildered","TimeWarp","Unruled+1","Alleviate","Snipe","ShatteredReality+1","Starlight","FanOfKnives","Advance","FlawlessForm+1","LightFlow","BottledTime+1","ReturningBlade+6","Sunlight","DualDimension","Doubt","Dramatic Entrance","HandOfGreed"],"relics":["Uniform","hexamod:Sixitude","MealTicket","War Paint","Astrolabe","sneckomod:BabySnecko","Orrery","Bag of Preparation","bronze:MakeshiftBattery","Red Mask","Potion Belt"],"acts_visited":["Exordium","TheCity","TheBeyond"],"potions_floor_usage":[16,16,30,33,33,33],"damage_taken":[{"damage":0,"enemies":"2 Louse","floor":1,"turns":3},{"damage":1,"enemies":"Jaw Worm","floor":2,"turns":4},{"damage":0,"enemies":"Cultist","floor":4,"turns":3},{"damage":0,"enemies":"Exordium Wildlife","floor":5,"turns":1},{"damage":12,"enemies":"Blue Slaver","floor":7,"turns":4},{"damage":1,"enemies":"2 Fungi Beasts","floor":12,"turns":2},{"damage":3,"enemies":"3 Sentries","floor":13,"turns":4},{"damage":0,"enemies":"Large Slime","floor":14,"turns":3},{"damage":16,"enemies":"Hexaghost","floor":16,"turns":7},{"damage":24,"enemies":"Spheric Guardian","floor":18,"turns":4},{"damage":13,"enemies":"3 Byrds","floor":19,"turns":5},{"damage":17,"enemies":"Shelled Parasite and Fungi","floor":29,"turns":4},{"damage":5,"enemies":"Cultist and Chosen","floor":30,"turns":3},{"damage":0,"enemies":"Snake Plant","floor":31,"turns":2},{"damage":15,"enemies":"Collector","floor":33,"turns":8},{"damage":1,"enemies":"Orb Walker","floor":35,"turns":3},{"damage":34,"enemies":"3 Darklings","floor":37,"turns":4},{"damage":84,"enemies":"Donu and Deca","floor":50,"turns":6}],"seed_played":"-3374730024504195377","potions_obtained":[{"floor":7,"key":"LiquidBronze"},{"floor":12,"key":"Strength Potion"},{"floor":13,"key":"LiquidBronze"},{"floor":18,"key":"champ:CounterPotion"},{"floor":30,"key":"EssenceOfSteel"},{"floor":31,"key":"SteroidPotion"},{"floor":33,"key":"champ:CounterPotion"},{"floor":35,"key":"BlessingOfTheForge"}],"is_trial":true,"path_per_floor":["M","M","$","M","M","R","M","R","T","R","?","M","E","M","R","B",null,"M","M","?","?","$","R","R","R","T","R","R","M","M","M","R","B",null,"M","?","M","$","?","R","R","?","T","R","?","R","R","$","R","B"],"character_chosen":"THE_SERVANT","items_purchased":["SpecialFormula","Luminosity","TimeWarp","Orrery","Sunlight","DualDimension"],"campfire_rested":0,"item_purchase_floors":[3,3,22,22,38,38],"current_hp_per_floor":[65,64,64,65,65,65,58,58,58,58,58,57,54,54,54,43,65,41,33,33,54,65,65,65,65,65,65,65,48,43,48,48,38,65,64,65,31,46,46,46,46,65,65,65,60,60,60,65,65,0,0],"gold":23,"neow_bonus":"","is_daily":false,"chose_seed":false,"campfire_upgraded":16,"win_rate":0.0,"timestamp":1613971051,"path_taken":["M","M","$","M","M","R","M","R","T","R","?","M","E","M","R","BOSS","M","M","?","?","$","R","R","R","T","R","R","M","M","M","R","BOSS","M","?","?","$","?","R","R","?","T","R","?","R","R","$","R","BOSS"],"items_purchased_type":["Card","Card","Card","Relic","Card","Card"],"build_version":"2020-12-22","purchased_purges":0,"victory":false,"max_hp_per_floor":[65,65,65,65,65,65,65,65,65,65,65,65,65,65,65,65,65,65,65,65,65,65,65,65,65,65,65,65,65,65,65,65,65,65,65,65,65,65,65,65,65,65,65,65,65,65,65,65,65,65,65],"card_choices":[{"not_picked":["Spin","MoonPhase"],"picked":"GearUp","floor":1},{"not_picked":["FastForward","Foresight"],"picked":"Potential","floor":2},{"not_picked":["Comet","DoubleEdge"],"picked":"Ricochet","floor":4},{"not_picked":["Spin","DualDimension"],"picked":"TimeWarp","floor":5},{"not_picked":["Rearm","Solidify"],"picked":"Contraction","floor":7},{"not_picked":["TimeWarp","DualDimension"],"picked":"Read","floor":12},{"not_picked":["Rewind","Unruled"],"picked":"MurderousAura","floor":13},{"not_picked":["Misdirection","FastForward"],"picked":"Barrier","floor":14},{"not_picked":["FloweringNight","Solidify"],"picked":"PendulumOfEternity","floor":16},{"not_picked":["Replace","Barrier"],"picked":"Potential+1","floor":18},{"not_picked":["Ricochet","Potential"],"picked":"Spin","floor":19},{"not_picked":["BottledTime","Rewind+1"],"picked":"Unruled+1","floor":22},{"not_picked":["ShiftingGears","DoubleEdge"],"picked":"Alleviate","floor":22},{"not_picked":["Ricochet","Foresight"],"picked":"Snipe","floor":22},{"not_picked":["Contraction","Ricochet"],"picked":"ShatteredReality","floor":22},{"not_picked":["Collapse","Replace"],"picked":"Starlight","floor":22},{"not_picked":["Rearm","BottledTime"],"picked":"FanOfKnives","floor":29},{"not_picked":["Defy+1","FastForward"],"picked":"Advance","floor":30},{"not_picked":["ShatteredReality","Replace"],"picked":"FlawlessForm","floor":31},{"not_picked":["KillingDoll","Deny"],"picked":"LightFlow","floor":33},{"not_picked":["FastForward+1","Misdirection"],"picked":"BottledTime+1","floor":35},{"not_picked":["Rewind+1","Rearm+1"],"picked":"ReturningBlade","floor":37},{"not_picked":["Panacea","Purity"],"picked":"Dramatic Entrance","floor":45},{"not_picked":["Flash of Steel","Madness"],"picked":"HandOfGreed","floor":45}],"player_experience":10329,"relics_obtained":[{"floor":9,"key":"MealTicket"},{"floor":13,"key":"War Paint"},{"floor":26,"key":"Bag of Preparation"},{"floor":43,"key":"Potion Belt"}],"event_choices":[{"damage_healed":0,"gold_gain":0,"player_choice":"Grow","damage_taken":0,"max_hp_gain":0,"max_hp_loss":0,"event_name":"Living Wall","floor":11,"gold_loss":0,"cards_upgraded":["TimeWarp"]},{"damage_healed":21,"gold_gain":0,"player_choice":"Heal","damage_taken":0,"max_hp_gain":0,"max_hp_loss":0,"event_name":"The Library","floor":21,"gold_loss":0},{"damage_healed":1,"gold_gain":0,"player_choice":"Full Heal","damage_taken":0,"max_hp_gain":0,"max_hp_loss":0,"event_name":"Wheel of Change","floor":36,"gold_loss":0},{"damage_healed":0,"gold_gain":0,"player_choice":"Paid","damage_taken":0,"relics_obtained":["Red Mask"],"max_hp_gain":0,"max_hp_loss":0,"event_name":"Tomb of Lord Red Mask","floor":39,"gold_loss":26},{"damage_healed":19,"gold_gain":0,"player_choice":"Heal","damage_taken":0,"max_hp_gain":0,"max_hp_loss":0,"event_name":"MindBloom","floor":42,"gold_loss":0,"cards_obtained":["Doubt"]},{"damage_healed":0,"gold_gain":0,"player_choice":"Memory 2","damage_taken":5,"max_hp_gain":0,"max_hp_loss":0,"event_name":"SensoryStone","floor":45,"gold_loss":0}],"is_beta":false,"boss_relics":[{"not_picked":["Ectoplasm","Runic Pyramid"],"picked":"Astrolabe"},{"not_picked":["SacredBark","Black Star"],"picked":"bronze:MakeshiftBattery"}],"items_purged_floors":[],"is_endless":false,"potions_floor_spawned":[7,12,13,18,30,31,33,35],"killed_by":"Donu and Deca","ascension_level":0}}