{"host":"oyfp84051kzsuwdh","time":1613960593,"event":{"mods":["AchievementEnabler","BaseMod","Best Route Mod","BetterRewards","Colored Map","Custom Start","Minty Spire (QoL Compilation)","Relic Stats","Slay-I","StSLib"],"gold_per_floor":[117,117,128,142,159,159,189,189,212,287,322,341,370,380,380,457,457,472,50,65,65,65,65,94,94,119,150,167,177,177,202,202,276,276,291,303,58,108,126,156,181,213,291,291,291,291,291,322,322,322,322,322,22,54,54],"floor_reached":56,"language":"ENG","playtime":4259,"items_purged":["Strike_G"],"score":2732,"play_id":"b4b87c11-6c30-47f1-b40f-32d58089ef92","local_time":"20210221202313","is_ascension_mode":true,"campfire_choices":[{"data":"Apotheosis","floor":6,"key":"SMITH"},{"floor":8,"key":"RECALL"},{"floor":15,"key":"REST"},{"floor":23,"key":"REST"},{"floor":25,"key":"REST"},{"floor":32,"key":"REST"},{"data":"Catalyst","floor":44,"key":"SMITH"},{"data":"Wraith Form v2","floor":46,"key":"SMITH"},{"data":"Catalyst","floor":49,"key":"SMITH"},{"data":"Doppelganger","floor":52,"key":"SMITH"}],"circlet_count":0,"master_deck":["AscendersBane","Strike_G","Strike_G","Strike_G","Defend_G","Defend_G","Defend_G","Defend_G","Defend_G","Survivor","Neutralize","Apotheosis+1","Infinite Blades","Cloak And Dagger","Bane","Catalyst+1","Bane","Catalyst+1","Poisoned Stab","Poisoned Stab","Doppelganger+1","Wraith Form v2+1","Acrobatics","Bouncing Flask","PiercingWail+1","Bouncing Flask","Corpse Explosion","Caltrops","Leg Sweep"],"relics":["Ring of the Snake","Question Card","Shuriken","Dead Branch","The Specimen","TwistedFunnel","Tiny Chest","Bag of Preparation","White Beast Statue","Snecko Eye","Pear","Enchiridion","Singing Bowl","Boot","Calipers","Regal Pillow","Mercury Hourglass","SacredBark","HornCleat","Blood Vial","Unceasing Top","Thread and Needle","Eternal Feather","Omamori","Bottled Tornado","Incense Burner","Art of War"],"acts_visited":["Exordium","TheCity","TheBeyond","TheEnding"],"potions_floor_usage":[14,24,29,33,50,50,55],"damage_taken":[{"damage":0,"enemies":"Small Slimes","floor":1,"turns":2},{"damage":0,"enemies":"Cultist","floor":3,"turns":2},{"damage":0,"enemies":"Jaw Worm","floor":4,"turns":3},{"damage":0,"enemies":"Blue Slaver","floor":5,"turns":3},{"damage":18,"enemies":"Gremlin Nob","floor":7,"turns":3},{"damage":3,"enemies":"Lagavulin","floor":11,"turns":3},{"damage":0,"enemies":"Looter","floor":12,"turns":3},{"damage":9,"enemies":"Gremlin Nob","floor":13,"turns":3},{"damage":2,"enemies":"Large Slime","floor":14,"turns":2},{"damage":0,"enemies":"Slime Boss","floor":16,"turns":3},{"damage":22,"enemies":"2 Thieves","floor":18,"turns":3},{"damage":14,"enemies":"Spheric Guardian","floor":20,"turns":6},{"damage":25,"enemies":"Slavers","floor":24,"turns":4},{"damage":1,"enemies":"Book of Stabbing","floor":27,"turns":3},{"damage":2,"enemies":"Centurion and Healer","floor":28,"turns":4},{"damage":0,"enemies":"Snake Plant","floor":29,"turns":3},{"damage":0,"enemies":"Slavers","floor":31,"turns":4},{"damage":49,"enemies":"Automaton","floor":33,"turns":9},{"damage":13,"enemies":"Orb Walker","floor":35,"turns":4},{"damage":0,"enemies":"3 Shapes","floor":36,"turns":2},{"damage":1,"enemies":"Sphere and 2 Shapes","floor":39,"turns":3},{"damage":20,"enemies":"Nemesis","floor":40,"turns":5},{"damage":0,"enemies":"Mind Bloom Boss Battle","floor":41,"turns":6},{"damage":24,"enemies":"Reptomancer","floor":42,"turns":4},{"damage":0,"enemies":"Giant Head","floor":48,"turns":5},{"damage":11,"enemies":"Donu and Deca","floor":50,"turns":5},{"damage":4,"enemies":"Shield and Spear","floor":54,"turns":4},{"damage":81,"enemies":"The Heart","floor":55,"turns":8}],"seed_played":"-5081938181642373716","potions_obtained":[{"floor":1,"key":"Weak Potion"},{"floor":4,"key":"PowerPotion"},{"floor":14,"key":"Ancient Potion"},{"floor":24,"key":"Fruit Juice"},{"floor":27,"key":"PowerPotion"},{"floor":28,"key":"Energy Potion"},{"floor":29,"key":"Dexterity Potion"},{"floor":33,"key":"Ancient Potion"},{"floor":35,"key":"Fire Potion"},{"floor":42,"key":"Poison Potion"},{"floor":54,"key":"EssenceOfSteel"}],"is_trial":false,"path_per_floor":["M","?","M","M","M","R","E","R","T","?","E","M","E","M","R","B",null,"M","$","M","?","?","R","E","R","T","E","M","M","T","E","R","B",null,"M","M","$","?","M","E","?","E","T","R","T","R","?","E","R","B",null,"R","$","E","B",null],"character_chosen":"THE_SILENT","items_purchased":["Question Card","Shuriken","Apotheosis","TwistedFunnel","Infinite Blades","Cloak And Dagger","Wraith Form v2","Pear","HornCleat","Incense Burner"],"campfire_rested":4,"item_purchase_floors":[0,0,0,0,0,0,19,19,37,53],"current_hp_per_floor":[59,59,59,59,59,59,41,41,41,30,27,27,18,16,35,35,58,36,46,32,11,11,33,13,37,37,38,36,36,36,38,78,29,71,60,62,62,62,61,43,45,25,25,40,40,55,55,59,74,65,88,95,95,93,14],"gold":54,"neow_bonus":"","is_daily":false,"chose_seed":false,"campfire_upgraded":5,"win_rate":0.0,"timestamp":1613960593,"path_taken":["M","?","?","M","M","R","E","R","T","?","E","M","E","M","R","BOSS","M","$","M","?","?","R","E","R","T","E","M","M","?","E","R","BOSS","M","M","$","?","?","E","?","E","T","R","?","R","?","E","R","BOSS","R","$","E","BOSS"],"items_purchased_type":["Relic","Relic","Card","Relic","Card","Card","Card","Relic","Relic","Relic"],"build_version":"2020-12-22","purchased_purges":1,"victory":true,"max_hp_per_floor":[66,66,66,66,66,66,66,66,66,66,66,66,66,66,66,66,66,66,76,76,76,76,76,81,81,81,83,83,83,83,85,85,85,85,87,89,89,89,89,91,91,93,93,93,93,93,93,95,95,95,95,95,95,97,97],"relic_stats":{"Regal Pillow":15,"Singing Bowl":16,"counters":[169,890],"Dead Branch":[190],"Eternal Feather":159,"Bag of Preparation":[10],"Question Card":71,"Boot":[42],"Mercury Hourglass":[340],"Blood Vial":10,"Shuriken":[36],"Snecko Eye":[162,168,144,164],"Tiny Chest":2,"Art of War":[1],"obtain_stats":[{"Ice Cream":19,"TwistedFunnel":0,"Tiny House":17,"Calipers":0,"Gremlin Horn":9,"CeramicFish":3,"Vajra":43,"Spirit Poop":22,"Whetstone":0,"Bottled Tornado":48,"Boot":8,"Blood Vial":6,"Lizard Tail":37,"HornCleat":37,"Strawberry":43,"Philosopher\u0027s Stone":17,"Kunai":37,"Toxic Egg 2":9,"Pear":19,"Happy Flower":13,"Blue Candle":6,"Dead Branch":0,"Tingsha":8,"Eternal Feather":0,"Question Card":8,"WarpedTongs":19,"Shuriken":6,"Snecko Eye":17,"Molten Egg 2":13,"Black Star":34,"Ring of the Serpent":17,"Unceasing Top":9,"Meat on the Bone":0,"Darkstone Periapt":13,"Regal Pillow":30,"Torii":0,"Singing Bowl":24,"SacredBark":34,"Enchiridion":21,"StoneCalendar":0,"Mango":0,"Snake Skull":6,"Incense Burner":7,"Juzu Bracelet":8,"Bag of Preparation":11,"Ancient Tea Set":6,"Cursed Key":17,"ClockworkSouvenir":0,"Shovel":11,"Matryoshka":40,"WristBlade":34,"Tiny Chest":5,"InkBottle":42,"Ring of the Snake":0,"Potion Belt":26,"The Specimen":0,"Golden Idol":2,"Thread and Needle":11,"The Courier":9,"Omamori":20,"Orichalcum":9,"Frozen Egg 2":26,"Odd Mushroom":14,"MawBank":30,"White Beast Statue":13,"Mercury Hourglass":45,"CaptainsWheel":11,"Ornamental Fan":45,"Art of War":9,"Bag of Marbles":12,"Toy Ornithopter":6},{"Ice Cream":81,"TwistedFunnel":141,"Tiny House":10,"Calipers":69,"Gremlin Horn":36,"CeramicFish":1,"Vajra":107,"Spirit Poop":126,"Whetstone":84,"Bottled Tornado":166,"Boot":36,"Blood Vial":89,"Lizard Tail":135,"HornCleat":161,"Strawberry":138,"Philosopher\u0027s Stone":65,"Kunai":105,"Toxic Egg 2":75,"Pear":152,"Happy Flower":121,"Blue Candle":35,"Dead Branch":141,"Tingsha":18,"Eternal Feather":113,"Question Card":119,"WarpedTongs":124,"Shuriken":29,"Snecko Eye":151,"Molten Egg 2":39,"Black Star":103,"Ring of the Serpent":80,"Unceasing Top":119,"Meat on the Bone":113,"Darkstone Periapt":8,"Regal Pillow":157,"Torii":113,"Singing Bowl":154,"SacredBark":159,"Enchiridion":153,"StoneCalendar":15,"Mango":113,"Snake Skull":17,"Incense Burner":49,"Juzu Bracelet":62,"Bag of Preparation":147,"Ancient Tea Set":4,"Cursed Key":40,"ClockworkSouvenir":113,"Shovel":38,"Matryoshka":106,"WristBlade":133,"Tiny Chest":23,"InkBottle":138,"Ring of the Snake":0,"Potion Belt":128,"The Specimen":141,"Golden Idol":16,"Thread and Needle":120,"The Courier":90,"Omamori":42,"Orichalcum":4,"Frozen Egg 2":99,"Odd Mushroom":122,"MawBank":101,"White Beast Statue":149,"Mercury Hourglass":109,"CaptainsWheel":92,"Ornamental Fan":109,"Art of War":18,"Bag of Marbles":77,"Toy Ornithopter":74},{"Ice Cream":432,"TwistedFunnel":781,"Tiny House":45,"Calipers":376,"Gremlin Horn":184,"CeramicFish":4,"Vajra":577,"Spirit Poop":687,"Whetstone":444,"Bottled Tornado":873,"Boot":184,"Blood Vial":466,"Lizard Tail":739,"HornCleat":850,"Strawberry":761,"Philosopher\u0027s Stone":360,"Kunai":561,"Toxic Egg 2":405,"Pear":811,"Happy Flower":657,"Blue Candle":173,"Dead Branch":781,"Tingsha":88,"Eternal Feather":617,"Question Card":648,"WarpedTongs":676,"Shuriken":140,"Snecko Eye":808,"Molten Egg 2":201,"Black Star":549,"Ring of the Serpent":428,"Unceasing Top":648,"Meat on the Bone":617,"Darkstone Periapt":34,"Regal Pillow":831,"Torii":617,"Singing Bowl":821,"SacredBark":844,"Enchiridion":817,"StoneCalendar":73,"Mango":617,"Snake Skull":84,"Incense Burner":265,"Juzu Bracelet":337,"Bag of Preparation":797,"Ancient Tea Set":19,"Cursed Key":218,"ClockworkSouvenir":617,"Shovel":193,"Matryoshka":571,"WristBlade":731,"Tiny Chest":107,"InkBottle":761,"Ring of the Snake":0,"Potion Belt":697,"The Specimen":781,"Golden Idol":77,"Thread and Needle":652,"The Courier":471,"Omamori":227,"Orichalcum":19,"Frozen Egg 2":519,"Odd Mushroom":661,"MawBank":531,"White Beast Statue":803,"Mercury Hourglass":590,"CaptainsWheel":479,"Ornamental Fan":590,"Art of War":88,"Bag of Marbles":415,"Toy Ornithopter":398}],"Unceasing Top":[10],"Ring of the Snake":[56]},"card_choices":[{"not_picked":["Deadly Poison","Dagger Spray","Dagger Throw"],"picked":"Bane","floor":1},{"not_picked":["Sucker Punch","Blade Dance","Expertise"],"picked":"Catalyst","floor":3},{"not_picked":["Tactician","Slice","Terror"],"picked":"Bane","floor":4},{"not_picked":["Cloak And Dagger","Blur","Deflect"],"picked":"Catalyst","floor":5},{"not_picked":["Accuracy","Backstab","Quick Slash","Cloak And Dagger"],"picked":"SKIP","floor":7},{"not_picked":["Storm of Steel","Dagger Spray","Blade Dance","Sucker Punch"],"picked":"SKIP","floor":11},{"not_picked":["PiercingWail","Outmaneuver","Dodge and Roll"],"picked":"Poisoned Stab","floor":12},{"not_picked":["Expertise","Sucker Punch","Flying Knee","Slice"],"picked":"SKIP","floor":13},{"not_picked":["Reflex","Dodge and Roll","Dagger Throw"],"picked":"Poisoned Stab","floor":14},{"not_picked":["Venomology","Die Die Die","Burst"],"picked":"Doppelganger","floor":16},{"not_picked":["Prepared","PiercingWail","Underhanded Strike","Blade Dance"],"picked":"SKIP","floor":18},{"not_picked":["Bane","Dagger Throw","Deflect"],"picked":"Acrobatics","floor":20},{"not_picked":["Bane","Dagger Throw","Deadly Poison"],"picked":"Bouncing Flask","floor":24},{"not_picked":["Cloak And Dagger","Malaise","Sucker Punch","Poisoned Stab"],"picked":"Singing Bowl","floor":27},{"not_picked":["Finisher","Deflect","Outmaneuver"],"picked":"PiercingWail+1","floor":28},{"not_picked":["Quick Slash","Reflex","Dodge and Roll"],"picked":"Bouncing Flask","floor":29},{"not_picked":["Underhanded Strike","Cloak And Dagger","Well Laid Plans","Endless Agony+1"],"picked":"Singing Bowl","floor":31},{"not_picked":["Phantasmal Killer","Tools of the Trade","Envenom"],"picked":"Corpse Explosion","floor":33},{"not_picked":["Prepared+1","Poisoned Stab","Terror","Dodge and Roll"],"picked":"Singing Bowl","floor":35},{"not_picked":["Reflex+1","Quick Slash","Dodge and Roll","Cloak And Dagger"],"picked":"Singing Bowl","floor":36},{"not_picked":["Sucker Punch","Poisoned Stab","Dagger Spray+1"],"picked":"Caltrops","floor":39},{"not_picked":["Dodge and Roll+1","Underhanded Strike","Outmaneuver","Prepared"],"picked":"Singing Bowl","floor":40},{"not_picked":["Sucker Punch","Glass Knife","Eviscerate"],"picked":"Leg Sweep","floor":41},{"not_picked":["Endless Agony","Dagger Throw","Well Laid Plans+1","Blade Dance+1"],"picked":"Singing Bowl","floor":42},{"not_picked":["Cloak And Dagger","Infinite Blades+1","Slice","PiercingWail+1"],"picked":"Singing Bowl","floor":48},{"not_picked":["Riddle With Holes","Accuracy+1","Corpse Explosion","PiercingWail"],"picked":"Singing Bowl","floor":54}],"player_experience":641317,"relics_obtained":[{"floor":7,"key":"Tiny Chest"},{"floor":11,"key":"Bag of Preparation"},{"floor":13,"key":"White Beast Statue"},{"floor":21,"key":"Enchiridion"},{"floor":24,"key":"Singing Bowl"},{"floor":26,"key":"Boot"},{"floor":27,"key":"Calipers"},{"floor":30,"key":"Regal Pillow"},{"floor":31,"key":"Mercury Hourglass"},{"floor":40,"key":"Blood Vial"},{"floor":41,"key":"Unceasing Top"},{"floor":42,"key":"Thread and Needle"},{"floor":43,"key":"Eternal Feather"},{"floor":45,"key":"Omamori"},{"floor":48,"key":"Bottled Tornado"},{"floor":54,"key":"Art of War"}],"event_choices":[{"cards_removed":["Strike_G"],"damage_healed":0,"gold_gain":0,"player_choice":"Card Removal","damage_taken":0,"max_hp_gain":0,"max_hp_loss":0,"event_name":"Wheel of Change","floor":2,"gold_loss":0},{"damage_healed":0,"gold_gain":75,"player_choice":"Gather Gold","damage_taken":11,"max_hp_gain":0,"max_hp_loss":0,"event_name":"World of Goop","floor":10,"gold_loss":0},{"damage_healed":0,"gold_gain":0,"player_choice":"Obtained Book","damage_taken":21,"max_hp_gain":0,"max_hp_loss":0,"event_name":"Cursed Tome","floor":21,"gold_loss":0},{"damage_healed":0,"gold_gain":0,"player_choice":"Ignored","damage_taken":0,"max_hp_gain":0,"max_hp_loss":0,"event_name":"Vampires","floor":22,"gold_loss":0},{"damage_healed":0,"gold_gain":50,"player_choice":"Pray","damage_taken":0,"max_hp_gain":0,"max_hp_loss":0,"event_name":"Golden Shrine","floor":38,"gold_loss":0},{"damage_healed":0,"gold_gain":0,"player_choice":"Fight","damage_taken":0,"max_hp_gain":0,"max_hp_loss":0,"event_name":"MindBloom","floor":41,"gold_loss":0},{"damage_healed":0,"gold_gain":0,"player_choice":"Ignored","damage_taken":0,"max_hp_gain":0,"max_hp_loss":0,"event_name":"Tomb of Lord Red Mask","floor":47,"gold_loss":0}],"is_beta":false,"boss_relics":[{"not_picked":["Black Star","HoveringKite"],"picked":"Snecko Eye"},{"not_picked":["Runic Dome","Runic Pyramid"],"picked":"SacredBark"}],"items_purged_floors":[0],"is_endless":false,"potions_floor_spawned":[1,4,7,11,14,16,18,20,24,27,28,29,31,33,35,36,39,40,41,42,48,54],"ascension_level":15}}