{"host":"mydft8i2zzydgggw","time":1613984202,"event":{"mods":["AchievementEnabler","BaseMod","Colored Map","Colored Powertips","DeckTracker","Keyboard Shortcuts","Minty Spire (QoL Compilation)","Rare Cards Sparkle","Relic Stats","StSLib","SuperFastMode","Together in Spire","everything is the same but u backflip on backflip"],"gold_per_floor":[112,131,142,157,176,176,202,202,226,264,289,315,327,289,301,410,422,454,478,589,601,29,29,29],"floor_reached":23,"language":"KOR","playtime":495,"items_purged":["Wild Strike"],"score":325,"play_id":"9c071caa-c53d-4928-9225-246fb626d51c","local_time":"20210222175642","is_ascension_mode":true,"campfire_choices":[{"data":"Strike_R","floor":6,"key":"PURGE"},{"data":"Strike_R","floor":8,"key":"PURGE"},{"data":"Strike_R","floor":13,"key":"PURGE"},{"data":"Strike_R","floor":15,"key":"PURGE"}],"circlet_count":0,"master_deck":["AscendersBane","Defend_R","Defend_R","Defend_R","Defend_R","Bash","Rampage","Flame Barrier","Immolate","Double Tap","Battle Trance","Impervious","Shrug It Off","Shrug It Off"],"relics":["Burning Blood","Peace Pipe","Vajra","MawBank","Happy Flower","Empty Cage","Boot","PreservedInsect","Sundial"],"acts_visited":["Exordium","TheCity"],"potions_floor_usage":[7,16,18,19,23,23],"damage_taken":[{"damage":1,"enemies":"Small Slimes","floor":1,"turns":4},{"damage":4,"enemies":"2 Louse","floor":2,"turns":3},{"damage":2,"enemies":"Jaw Worm","floor":3,"turns":4},{"damage":11,"enemies":"Exordium Thugs","floor":4,"turns":4},{"damage":7,"enemies":"3 Louse","floor":5,"turns":4},{"damage":11,"enemies":"Gremlin Nob","floor":7,"turns":4},{"damage":19,"enemies":"3 Sentries","floor":10,"turns":4},{"damage":22,"enemies":"Large Slime","floor":11,"turns":4},{"damage":0,"enemies":"Exordium Thugs","floor":12,"turns":2},{"damage":24,"enemies":"Slime Boss","floor":16,"turns":9},{"damage":11,"enemies":"Shell Parasite","floor":18,"turns":3},{"damage":0,"enemies":"3 Byrds","floor":19,"turns":4},{"damage":78,"enemies":"Book of Stabbing","floor":23,"turns":7}],"seed_played":"-3100727254808190259","potions_obtained":[{"floor":2,"key":"Ancient Potion"},{"floor":4,"key":"PowerPotion"},{"floor":5,"key":"EssenceOfSteel"},{"floor":10,"key":"DuplicationPotion"},{"floor":12,"key":"AttackPotion"},{"floor":16,"key":"ColorlessPotion"},{"floor":19,"key":"BloodPotion"}],"is_trial":false,"path_per_floor":["M","M","M","M","M","R","E","R","T","E","M","M","R","?","R","B",null,"M","M","?","?","$","E"],"character_chosen":"IRONCLAD","items_purchased":["PreservedInsect","Sundial","EntropicBrew"],"campfire_rested":0,"item_purchase_floors":[22,22,22],"current_hp_per_floor":[72,72,72,67,66,66,61,61,61,48,32,38,38,38,38,20,59,54,60,60,60,60,0,0],"gold":29,"neow_bonus":"ONE_RARE_RELIC","is_daily":false,"chose_seed":false,"campfire_upgraded":0,"win_rate":0.0,"timestamp":1613984202,"path_taken":["M","M","M","M","M","R","E","R","T","E","M","M","R","?","R","BOSS","M","M","?","?","$","E"],"items_purchased_type":["Relic","Relic","Potion"],"build_version":"2020-12-22","purchased_purges":1,"victory":false,"max_hp_per_floor":[72,72,72,72,72,72,72,72,72,72,72,72,72,72,72,72,72,72,72,72,72,72,72,72],"relic_stats":{"Peace Pipe":4,"Happy Flower":[9],"counters":[13,56],"Sundial":[2],"PreservedInsect":43,"MawBank":156,"Boot":[0],"obtain_stats":[{"Peace Pipe":0,"Happy Flower":10,"Sundial":22,"Vajra":7,"PreservedInsect":22,"MawBank":9,"Empty Cage":17,"Boot":21,"Burning Blood":0},{"Peace Pipe":0,"Happy Flower":7,"Sundial":12,"Vajra":6,"PreservedInsect":12,"MawBank":6,"Empty Cage":10,"Boot":12,"Burning Blood":0},{"Peace Pipe":0,"Happy Flower":27,"Sundial":49,"Vajra":23,"PreservedInsect":49,"MawBank":23,"Empty Cage":42,"Boot":49,"Burning Blood":0}],"Burning Blood":61},"card_choices":[{"not_picked":["Iron Wave","Anger"],"picked":"Rampage","floor":1},{"not_picked":["Iron Wave","Battle Trance"],"picked":"Flame Barrier","floor":2},{"not_picked":["Power Through","Heavy Blade"],"picked":"Wild Strike","floor":3},{"not_picked":["Iron Wave","True Grit","Thunderclap"],"picked":"SKIP","floor":4},{"not_picked":["Warcry","Wild Strike"],"picked":"Combust","floor":5},{"not_picked":["Anger","Clash"],"picked":"Immolate","floor":7},{"not_picked":["Dark Embrace","Pommel Strike"],"picked":"Intimidate","floor":10},{"not_picked":["Clothesline","Anger"],"picked":"Double Tap","floor":11},{"not_picked":["Battle Trance","Havoc","Sword Boomerang"],"picked":"SKIP","floor":12},{"not_picked":["Havoc","Sword Boomerang"],"picked":"Battle Trance","floor":12},{"not_picked":["Fiend Fire","Demon Form"],"picked":"Impervious","floor":16},{"not_picked":["Second Wind+1","Uppercut"],"picked":"Shrug It Off","floor":18},{"not_picked":["Twin Strike","Perfected Strike"],"picked":"Shrug It Off","floor":19}],"player_experience":297482,"relics_obtained":[{"floor":7,"key":"Vajra"},{"floor":9,"key":"MawBank"},{"floor":10,"key":"Happy Flower"}],"event_choices":[{"cards_removed":["Strike_R"],"damage_healed":0,"gold_gain":0,"player_choice":"Card Removal","damage_taken":0,"max_hp_gain":0,"max_hp_loss":0,"event_name":"The Cleric","floor":14,"gold_loss":50},{"damage_healed":0,"gold_gain":99,"player_choice":"Stole From Cult","damage_taken":0,"max_hp_gain":0,"max_hp_loss":0,"event_name":"Nest","floor":20,"gold_loss":0},{"damage_healed":0,"gold_gain":0,"player_choice":"Opened","damage_taken":0,"relics_obtained":["Boot"],"max_hp_gain":0,"max_hp_loss":0,"event_name":"The Mausoleum","floor":21,"gold_loss":0}],"is_beta":false,"boss_relics":[{"not_picked":["Pandora\u0027s Box","Tiny House"],"picked":"Empty Cage"}],"items_purged_floors":[22],"is_endless":false,"potions_floor_spawned":[2,4,5,10,12,16,19],"killed_by":"Book of Stabbing","ascension_level":12}}