{"host":"1bux2ns9kwx2qu1n","time":1613952279,"event":{"mods":["BaseMod","Colored Map","Colored Powertips","Hermit","Minty Spire (QoL Compilation)","Quick Restart","Relic Sorter","StSLib"],"gold_per_floor":[117,198,198,211,57,57,232,263,263,273,307,83,98,98,98,206,206,230,245,245,128,152,152,185,185,185,32,70,93,23,46,46,148,148,170,190,190,208,222,222,222,554,554,554,581,599,465,486,486,493,493,493,120,145,145,145],"floor_reached":55,"language":"ENG","playtime":2516,"items_purged":["Doubt"],"score":931,"play_id":"8fa5fb46-3a07-493f-8f68-c7aaa5673db5","local_time":"20210221190439","is_ascension_mode":true,"campfire_choices":[{"data":"hermit:Manifest","floor":6,"key":"SMITH"},{"data":"hermit:FullyLoaded","floor":15,"key":"SMITH"},{"data":"hermit:FromBeyond","floor":23,"key":"SMITH"},{"data":"hermit:Scavenge","floor":25,"key":"SMITH"},{"data":"hermit:FlashPowder","floor":32,"key":"SMITH"},{"data":"Mayhem","floor":40,"key":"SMITH"},{"data":"hermit:TakeAim","floor":44,"key":"SMITH"},{"floor":49,"key":"RECALL"},{"data":"hermit:Gestalt","floor":52,"key":"SMITH"}],"circlet_count":0,"master_deck":["hermit:Strike_Hermit","hermit:Strike_Hermit","hermit:Strike_Hermit","hermit:Defend_Hermit","hermit:Defend_Hermit","hermit:Defend_Hermit","hermit:Snapshot","hermit:Covet","hermit:Manifest+1","hermit:CalledShot","hermit:Scavenge+1","hermit:FromBeyond+1","hermit:Manifest+1","hermit:GoldenBullet+1","hermit:Brawl+1","hermit:Deadeye","hermit:Ricochet","hermit:PistolWhip","hermit:RoundhouseKick+1","hermit:Gestalt+1","hermit:GoldenBullet+1","hermit:FlashPowder+1","hermit:TakeAim+1","hermit:Vantage","hermit:Quickdraw+1","Mayhem+1","hermit:Horror","hermit:HighCaliber+1","Discovery"],"relics":["Coffee Dripper","hermit:Horseshoe","Orichalcum","Mercury Hourglass","Eternal Feather","Mummified Hand","Strawberry","Astrolabe","Molten Egg 2","Gambling Chip","Incense Burner","Busted Crown","Old Coin","Lee\u0027s Waffle","Art of War"],"acts_visited":["Exordium","TheCity","TheBeyond","TheEnding"],"potions_floor_usage":[16,24,24,29,33,33,50,54,55],"damage_taken":[{"damage":1,"enemies":"Cultist","floor":1,"turns":4},{"damage":2,"enemies":"Jaw Worm","floor":4,"turns":2},{"damage":20,"enemies":"Lagavulin","floor":8,"turns":8},{"damage":5,"enemies":"Small Slimes","floor":10,"turns":2},{"damage":20,"enemies":"Gremlin Nob","floor":11,"turns":4},{"damage":1,"enemies":"Exordium Thugs","floor":13,"turns":4},{"damage":8,"enemies":"Slime Boss","floor":16,"turns":10},{"damage":0,"enemies":"Shell Parasite","floor":18,"turns":8},{"damage":1,"enemies":"Chosen","floor":19,"turns":6},{"damage":18,"enemies":"Centurion and Healer","floor":22,"turns":6},{"damage":11,"enemies":"Slavers","floor":24,"turns":5},{"damage":12,"enemies":"Gremlin Leader","floor":28,"turns":6},{"damage":0,"enemies":"Shelled Parasite and Fungi","floor":29,"turns":3},{"damage":0,"enemies":"Cultist and Chosen","floor":31,"turns":5},{"damage":9,"enemies":"Collector","floor":33,"turns":8},{"damage":0,"enemies":"Orb Walker","floor":35,"turns":3},{"damage":10,"enemies":"3 Darklings","floor":36,"turns":2},{"damage":9,"enemies":"Transient","floor":38,"turns":5},{"damage":18,"enemies":"Jaw Worm Horde","floor":39,"turns":4},{"damage":1,"enemies":"Giant Head","floor":42,"turns":9},{"damage":1,"enemies":"Sphere and 2 Shapes","floor":45,"turns":4},{"damage":2,"enemies":"Spire Growth","floor":46,"turns":4},{"damage":0,"enemies":"Transient","floor":48,"turns":5},{"damage":127,"enemies":"Awakened One","floor":50,"turns":19},{"damage":51,"enemies":"Shield and Spear","floor":54,"turns":6},{"damage":45,"enemies":"The Heart","floor":55,"turns":2}],"seed_played":"3415817112017387824","potions_obtained":[{"floor":11,"key":"AttackPotion"},{"floor":13,"key":"SneckoOil"},{"floor":16,"key":"EssenceOfSteel"},{"floor":22,"key":"FearPotion"},{"floor":24,"key":"EssenceOfSteel"},{"floor":28,"key":"Block Potion"},{"floor":33,"key":"hermit:Eclipse"},{"floor":36,"key":"FairyPotion"},{"floor":42,"key":"FairyPotion"}],"is_trial":false,"path_per_floor":["M","T","?","M","$","R","?","E","T","M","E","$","M","$","R","B",null,"M","M","?","$","M","R","E","R","T","$","E","M","$","M","R","B",null,"M","M","?","M","M","R","?","E","T","R","M","M","$","M","R","B",null,"R","$","E","B"],"character_chosen":"HERMIT","items_purchased":["Orichalcum","Strawberry","hermit:Deadeye","hermit:Ricochet","hermit:Gestalt","hermit:GoldenBullet+1","hermit:TakeAim","hermit:Horror","hermit:HighCaliber+1","Discovery","Strength Potion","Swift Potion","BlessingOfTheForge","Lee\u0027s Waffle"],"campfire_rested":0,"item_purchase_floors":[5,12,21,21,27,27,30,47,47,53,53,53,53,53],"current_hp_per_floor":[67,67,67,65,65,65,65,45,45,40,20,27,26,26,35,27,68,68,67,67,67,49,58,47,56,56,56,44,44,44,44,56,47,73,73,63,63,54,36,51,51,50,50,65,64,62,62,62,77,11,64,79,89,38,0,0],"gold":145,"neow_bonus":"BOSS_RELIC","is_daily":false,"chose_seed":false,"campfire_upgraded":8,"win_rate":0.0,"timestamp":1613952279,"path_taken":["M","?","?","?","$","R","?","E","T","M","E","$","M","?","R","BOSS","M","?","?","$","?","R","E","R","T","$","E","M","$","M","R","BOSS","M","M","?","M","M","R","?","E","T","R","M","M","$","M","R","BOSS","R","$","E","BOSS"],"items_purchased_type":["Relic","Relic","Card","Card","Card","Card","Card","Card","Card","Card","Potion","Potion","Potion","Relic"],"build_version":"2020-12-22","purchased_purges":1,"victory":false,"max_hp_per_floor":[75,75,75,75,75,75,75,75,75,75,75,82,82,82,82,82,82,82,82,82,82,82,82,82,82,82,82,82,82,82,82,82,82,82,82,82,82,82,82,82,82,82,82,82,82,82,82,82,82,82,82,82,89,89,89,89],"card_choices":[{"not_picked":["hermit:Dive","hermit:TrackingShot"],"picked":"hermit:Showdown","floor":1},{"not_picked":["hermit:Feint","hermit:CursedWeapon"],"picked":"hermit:Manifest","floor":4},{"not_picked":["hermit:LuckOfTheDraw","hermit:GhostlyPresence","hermit:WideOpen"],"picked":"SKIP","floor":8},{"not_picked":["hermit:ItchyTrigger","hermit:TakeAim"],"picked":"hermit:CalledShot","floor":10},{"not_picked":["hermit:PistolWhip","hermit:Grudge"],"picked":"hermit:Scavenge","floor":11},{"not_picked":["hermit:TrackingShot","hermit:Spite"],"picked":"hermit:FullyLoaded","floor":13},{"not_picked":["hermit:FinalCanter","hermit:Purgatory"],"picked":"hermit:FromBeyond","floor":16},{"not_picked":["hermit:TrackingShot","hermit:Shortfuse","hermit:SprayPray"],"picked":"SKIP","floor":18},{"not_picked":["hermit:NoHoldsBarred","hermit:ShadowCloak+1","hermit:Feint"],"picked":"SKIP","floor":19},{"not_picked":["hermit:Maintenance","hermit:HoleUp"],"picked":"hermit:PistolWhip","floor":22},{"not_picked":["hermit:BodyArmor","hermit:Determination"],"picked":"hermit:RoundhouseKick+1","floor":24},{"not_picked":["hermit:ShadowCloak","hermit:DeadMansHand","hermit:PistolWhip+1"],"picked":"SKIP","floor":28},{"not_picked":["hermit:Glare","hermit:Virtue"],"picked":"hermit:FlashPowder","floor":29},{"not_picked":["hermit:Roulette+1","hermit:Desperado+1"],"picked":"hermit:Vantage","floor":31},{"not_picked":["hermit:BigShot+1"],"picked":"SKIP","floor":35},{"not_picked":[],"picked":"hermit:Quickdraw+1","floor":36},{"not_picked":[],"picked":"Mayhem","floor":37},{"not_picked":["hermit:TakeCover+1"],"picked":"SKIP","floor":38},{"not_picked":["hermit:Headshot+1"],"picked":"SKIP","floor":39},{"not_picked":["hermit:TrackingShot+1"],"picked":"SKIP","floor":42},{"not_picked":["hermit:WideOpen+1"],"picked":"SKIP","floor":45},{"not_picked":["hermit:Enervate+1"],"picked":"SKIP","floor":46},{"not_picked":["hermit:Roulette+1"],"picked":"SKIP","floor":48},{"not_picked":["hermit:Glare"],"picked":"SKIP","floor":54}],"player_experience":866071,"relics_obtained":[{"floor":2,"key":"hermit:Horseshoe"},{"floor":8,"key":"Mercury Hourglass"},{"floor":9,"key":"Eternal Feather"},{"floor":11,"key":"Mummified Hand"},{"floor":24,"key":"Molten Egg 2"},{"floor":26,"key":"Gambling Chip"},{"floor":28,"key":"Incense Burner"},{"floor":42,"key":"Old Coin"},{"floor":54,"key":"Art of War"}],"event_choices":[{"damage_healed":0,"gold_gain":0,"player_choice":"Upgraded","damage_taken":0,"max_hp_gain":0,"max_hp_loss":0,"event_name":"Upgrade Shrine","floor":3,"gold_loss":0,"cards_upgraded":["hermit:Showdown"]},{"damage_healed":0,"gold_gain":175,"player_choice":"AGREE","damage_taken":0,"max_hp_gain":0,"max_hp_loss":0,"event_name":"Liars Game","floor":7,"gold_loss":0,"cards_obtained":["Doubt"]},{"cards_removed":["hermit:FullyLoaded"],"damage_healed":0,"gold_gain":0,"player_choice":"Purged","damage_taken":0,"max_hp_gain":0,"max_hp_loss":0,"event_name":"Purifier","floor":20,"gold_loss":0},{"damage_healed":0,"gold_gain":0,"player_choice":"Memory 1","damage_taken":0,"max_hp_gain":0,"max_hp_loss":0,"event_name":"SensoryStone","floor":37,"gold_loss":0},{"damage_healed":0,"gold_gain":0,"player_choice":"Ignored","damage_taken":0,"max_hp_gain":0,"max_hp_loss":0,"event_name":"Tomb of Lord Red Mask","floor":41,"gold_loss":0}],"is_beta":false,"boss_relics":[{"not_picked":["Ectoplasm","Runic Pyramid"],"picked":"Astrolabe"},{"not_picked":["Cursed Key","Snecko Eye"],"picked":"Busted Crown"}],"items_purged_floors":[12],"is_endless":false,"potions_floor_spawned":[11,13,16,22,24,28,33,36,42,45],"killed_by":"The Heart","ascension_level":6}}