{"host":"3pc4gc4j20egdn3b","time":1613996295,"event":{"mods":["AchievementEnabler","BaseMod","Colored Map","DeckTracker","Minty Spire (QoL Compilation)"],"gold_per_floor":[113,129,60,80,94,119,119,119,119,133,133,308,328,328,328,429,429,472,53,152,77,77,77,77,89,126,138,138],"floor_reached":27,"language":"KOR","playtime":1650,"items_purged":[],"score":209,"play_id":"f10ae05c-636b-43ac-ab16-98dd68568f56","local_time":"20210222211815","is_ascension_mode":false,"campfire_choices":[{"data":"Eruption","floor":8,"key":"SMITH"},{"floor":15,"key":"REST"},{"floor":23,"key":"REST"},{"floor":25,"key":"REST"}],"circlet_count":0,"master_deck":["Strike_P","Strike_P","Strike_P","Defend_P","Defend_P","Defend_P","Defend_P","Eruption+1","Vigilance","Halt","Tantrum","EmptyFist","FlurryOfBlows","Wish+1","FlyingSleeves+1","Bandage Up+1","Writhe"],"relics":["PureWater","Sundial","Toxic Egg 2","Anchor","Molten Egg 2","VioletLotus","Frozen Egg 2","MawBank","Smiling Mask"],"acts_visited":["Exordium","TheCity"],"potions_floor_usage":[16,16,16,27],"damage_taken":[{"damage":0,"enemies":"Cultist","floor":1,"turns":2},{"damage":0,"enemies":"Jaw Worm","floor":2,"turns":2},{"damage":0,"enemies":"Small Slimes","floor":4,"turns":2},{"damage":4,"enemies":"2 Fungi Beasts","floor":5,"turns":2},{"damage":49,"enemies":"3 Sentries","floor":6,"turns":7},{"damage":0,"enemies":"Blue Slaver","floor":10,"turns":3},{"damage":0,"enemies":"3 Louse","floor":13,"turns":2},{"damage":11,"enemies":"Hexaghost","floor":16,"turns":8},{"damage":48,"enemies":"3 Byrds","floor":18,"turns":7},{"damage":80,"enemies":"Book of Stabbing","floor":27,"turns":7}],"seed_played":"3366597444167460958","potions_obtained":[{"floor":4,"key":"GamblersBrew"},{"floor":5,"key":"SpeedPotion"},{"floor":10,"key":"SteroidPotion"}],"is_trial":false,"path_per_floor":["M","M","$","M","M","E","T","R","T","M","?","?","M","?","R","B",null,"M","$","?","?","?","R","?","R","T","E"],"character_chosen":"WATCHER","items_purchased":["Tantrum","Bandage Up+1","Frozen Egg 2","DistilledChaos"],"campfire_rested":3,"item_purchase_floors":[3,19,19,19],"current_hp_per_floor":[79,79,79,79,75,26,26,26,26,26,19,19,19,7,30,19,79,31,31,31,31,31,54,54,77,77,0,0],"gold":138,"neow_bonus":"TEN_PERCENT_HP_BONUS","is_daily":false,"chose_seed":false,"campfire_upgraded":1,"win_rate":0.0,"timestamp":1613996295,"path_taken":["M","M","$","M","M","E","?","R","T","M","?","?","M","?","R","BOSS","M","$","?","?","?","R","?","R","T","E"],"items_purchased_type":["Card","Card","Relic","Potion"],"build_version":"2020-12-22","purchased_purges":0,"victory":false,"max_hp_per_floor":[79,79,79,79,79,79,79,79,79,79,79,79,79,79,79,79,79,79,79,79,79,79,79,79,79,79,79,79],"card_choices":[{"not_picked":["Crescendo","FlyingSleeves","BattleHymn"],"picked":"SKIP","floor":1},{"not_picked":["Sanctity","BattleHymn"],"picked":"Halt","floor":2},{"not_picked":["Nirvana","Halt","Prostrate"],"picked":"SKIP","floor":4},{"not_picked":["CrushJoints","SashWhip","ClearTheMind"],"picked":"SKIP","floor":5},{"not_picked":["ReachHeaven","EmptyBody"],"picked":"EmptyFist","floor":6},{"not_picked":["ThirdEye+1","JustLucky","CarveReality"],"picked":"SKIP","floor":10},{"not_picked":["WheelKick","EmptyFist"],"picked":"FlurryOfBlows","floor":13},{"not_picked":["Alpha+1","ConjureBlade+1"],"picked":"Wish+1","floor":16},{"not_picked":["JustLucky+1","Crescendo+1"],"picked":"FlyingSleeves+1","floor":18}],"player_experience":241806,"relics_obtained":[{"floor":6,"key":"Sundial"},{"floor":7,"key":"Toxic Egg 2"},{"floor":9,"key":"Anchor"},{"floor":26,"key":"Smiling Mask"}],"event_choices":[{"cards_removed":["Strike_P"],"damage_healed":0,"gold_gain":0,"player_choice":"Card Removal","damage_taken":7,"max_hp_gain":0,"max_hp_loss":0,"event_name":"Golden Wing","floor":11,"gold_loss":0},{"damage_healed":0,"gold_gain":175,"player_choice":"AGREE","damage_taken":0,"max_hp_gain":0,"max_hp_loss":0,"event_name":"Liars Game","floor":12,"gold_loss":0,"cards_obtained":["Doubt"]},{"damage_healed":0,"gold_gain":0,"player_choice":"Success","damage_taken":12,"relics_obtained":["Molten Egg 2"],"max_hp_gain":0,"max_hp_loss":0,"event_name":"Scrap Ooze","floor":14,"gold_loss":0},{"damage_healed":0,"gold_gain":99,"player_choice":"Stole From Cult","damage_taken":0,"max_hp_gain":0,"max_hp_loss":0,"event_name":"Nest","floor":20,"gold_loss":0},{"cards_removed":["Doubt"],"damage_healed":0,"gold_gain":0,"player_choice":"Gave Gold","damage_taken":0,"max_hp_gain":0,"max_hp_loss":0,"event_name":"Beggar","floor":21,"gold_loss":75},{"damage_healed":0,"gold_gain":0,"player_choice":"Ignored","damage_taken":0,"max_hp_gain":0,"max_hp_loss":0,"event_name":"Vampires","floor":22,"gold_loss":0},{"damage_healed":0,"gold_gain":0,"player_choice":"Opened","damage_taken":0,"relics_obtained":["MawBank"],"max_hp_gain":0,"max_hp_loss":0,"event_name":"The Mausoleum","floor":24,"gold_loss":0,"cards_obtained":["Writhe"]}],"is_beta":false,"boss_relics":[{"not_picked":["Pandora\u0027s Box","Fusion Hammer"],"picked":"VioletLotus"}],"items_purged_floors":[],"is_endless":false,"potions_floor_spawned":[4,5,10],"killed_by":"Book of Stabbing","ascension_level":0}}