{"host":"1e3ivg30op4goso1","time":1613953924,"event":{"mods":["AchievementEnabler","Ascension Unlocker","BaseMod","Colored Map","Minty Spire (QoL Compilation)","Permanent Neow","Quick Restart","Relic Filter","StSLib","SuperFastMode"],"gold_per_floor":[110,129,129,145,145,171,171,171,171,171,171,246,396,37,37,108,108,124,151,76,76,92,92,92],"floor_reached":23,"language":"ENG","playtime":679,"items_purged":["Doubt"],"score":370,"play_id":"5eecf18a-699d-4cbd-857d-9ddd91f5c546","local_time":"20210221193204","is_ascension_mode":true,"campfire_choices":[{"data":"PathToVictory","floor":7.0,"key":"SMITH"},{"data":"DeceiveReality","floor":11.0,"key":"SMITH"},{"floor":15.0,"key":"REST"}],"circlet_count":0,"master_deck":["AscendersBane","Strike_P","Defend_P","Defend_P","Defend_P","JustLucky+1","Consecrate+1","PathToVictory+1","PathToVictory+1","DeceiveReality+1","Establishment","PathToVictory+1"],"relics":["Astrolabe","Orichalcum","Strawberry","Bag of Marbles","Toxic Egg 2","Empty Cage","Red Mask"],"acts_visited":["Exordium","TheCity"],"potions_floor_usage":[23,23],"damage_taken":[{"damage":0.0,"enemies":"Cultist","floor":1.0,"turns":3.0},{"damage":8.0,"enemies":"Small Slimes","floor":2.0,"turns":3.0},{"damage":2.0,"enemies":"2 Louse","floor":4.0,"turns":2.0},{"damage":1.0,"enemies":"Lagavulin","floor":6.0,"turns":4.0},{"damage":4.0,"enemies":"Hexaghost","floor":16.0,"turns":6.0},{"damage":8.0,"enemies":"Spheric Guardian","floor":18.0,"turns":5.0},{"damage":48.0,"enemies":"Masked Bandits","floor":19.0,"turns":5.0},{"damage":7.0,"enemies":"Shell Parasite","floor":22.0,"turns":4.0},{"damage":8,"enemies":"Gremlin Leader","floor":23,"turns":2}],"seed_played":"-6119944277376397896","potions_obtained":[{"floor":4.0,"key":"Energy Potion"},{"floor":16.0,"key":"Energy Potion"},{"floor":19.0,"key":"GamblersBrew"}],"is_trial":false,"path_per_floor":["M","M","$","M","?","E","R","$","T","?","R","?","?","$","R","B",null,"M","?","?","$","M","E"],"character_chosen":"WATCHER","items_purchased":["Toxic Egg 2"],"campfire_rested":1,"item_purchase_floors":[14],"current_hp_per_floor":[61,53,53,51,51,50,50,50,57,31,31,20,20,20,42,38,66,58,10,10,10,3,0,0],"gold":92,"neow_bonus":"BOSS_RELIC","is_daily":false,"chose_seed":false,"campfire_upgraded":2,"win_rate":0.0,"timestamp":1613953924,"path_taken":["M","M","$","?","?","E","R","$","T","?","R","?","?","?","R","BOSS","M","?","?","$","M","E"],"items_purchased_type":["Relic"],"build_version":"2020-12-22","purchased_purges":1,"victory":false,"max_hp_per_floor":[68,68,68,68,68,68,68,68,75,75,75,75,75,75,75,75,75,75,75,75,75,75,75,75],"card_choices":[{"not_picked":["BattleHymn","SandsOfTime"],"picked":"PathToVictory","floor":1.0},{"not_picked":["SignatureMove","Indignation"],"picked":"DeceiveReality","floor":2.0},{"not_picked":["FlyingSleeves","Meditate","BattleHymn"],"picked":"SKIP","floor":4.0},{"not_picked":["BattleHymn","ClearTheMind","Adaptation"],"picked":"SKIP","floor":6.0},{"not_picked":["Brilliance","MasterReality"],"picked":"Establishment","floor":16.0},{"not_picked":["ClearTheMind+1","Consecrate","CrushJoints"],"picked":"SKIP","floor":18.0},{"not_picked":["CutThroughFate","Halt+1"],"picked":"PathToVictory+1","floor":22.0}],"player_experience":16334,"relics_obtained":[{"floor":6.0,"key":"Orichalcum"},{"floor":9.0,"key":"Strawberry"},{"floor":19.0,"key":"Red Mask"}],"event_choices":[{"damage_healed":0.0,"max_hp_gain":0.0,"max_hp_loss":0.0,"gold_gain":0.0,"event_name":"The Cleric","player_choice":"Leave","floor":5.0,"gold_loss":0.0,"damage_taken":0.0},{"damage_healed":0.0,"max_hp_gain":0.0,"max_hp_loss":0.0,"gold_gain":0.0,"event_name":"Scrap Ooze","player_choice":"Success","floor":10.0,"gold_loss":0.0,"damage_taken":26.0,"relics_obtained":["Bag of Marbles"]},{"damage_healed":0.0,"max_hp_gain":0.0,"max_hp_loss":0.0,"gold_gain":75.0,"event_name":"World of Goop","player_choice":"Gather Gold","floor":12.0,"gold_loss":0.0,"damage_taken":11.0},{"damage_healed":0.0,"max_hp_gain":0.0,"max_hp_loss":0.0,"gold_gain":150.0,"event_name":"Liars Game","player_choice":"AGREE","floor":13.0,"gold_loss":0.0,"damage_taken":0.0,"cards_obtained":["Doubt"]},{"damage_healed":0.0,"max_hp_gain":0.0,"max_hp_loss":0.0,"gold_gain":0.0,"event_name":"Masked Bandits","player_choice":"Fought Bandits","floor":19.0,"gold_loss":0.0,"damage_taken":0.0},{"cards_removed":["Strike_P"],"damage_healed":0.0,"max_hp_gain":0.0,"max_hp_loss":0.0,"gold_gain":0.0,"event_name":"Beggar","player_choice":"Gave Gold","floor":20.0,"gold_loss":75.0,"damage_taken":0.0}],"is_beta":false,"boss_relics":[{"not_picked":["Philosopher\u0027s Stone","Cursed Key"],"picked":"Empty Cage"}],"items_purged_floors":[14],"is_endless":false,"potions_floor_spawned":[4,16,19],"killed_by":"Gremlin Leader","ascension_level":20}}