{"host":"hrvs05np4ys7itky","time":1613952254,"event":{"mods":["BaseMod","Colored Map","Colored Powertips","Downfall","Emptier Cage","Hermit","Highlight Path","Minty Spire (QoL Compilation)","Permanent Neow","Rare Cards Sparkle","Relic Stats","StSLib","everything is the same but u backflip on backflip"],"gold_per_floor":[13,28,28,48,48,48,62,102,153,166,166,39,74,86,98,206,218,255,267,18,32,56,56,56,56,56,56,76,76,76,47,47,136,136,151,217,236,236,69,69,105,105,129,153,75,0,15,28,28,28],"floor_reached":51,"language":"ENG","playtime":3852,"items_purged":["Strike_G","Strike_G","downfall:Aged"],"score":1139,"play_id":"2e111e4b-bf2b-48db-932e-27351cc546be","local_time":"20210221190414","is_ascension_mode":true,"campfire_choices":[{"data":"Underhanded Strike","floor":6.0,"key":"SMITH"},{"data":"Blade Dance","floor":11.0,"key":"SMITH"},{"data":"Cloak And Dagger","floor":15,"key":"SMITH"},{"data":"Accuracy","floor":23,"key":"SMITH"},{"data":"Tools of the Trade","floor":25,"key":"SMITH"},{"data":"Neutralize","floor":30,"key":"SMITH"},{"data":"Bane","floor":32,"key":"SMITH"},{"data":"Footwork","floor":40,"key":"SMITH"},{"floor":42,"key":"REST"},{"floor":49,"key":"REST"}],"circlet_count":0,"master_deck":["AscendersBane","Defend_G+1","Defend_G+1","Defend_G+1","Defend_G+1","Defend_G+1","Survivor","Neutralize+1","Tools of the Trade+1","Bane+1","Underhanded Strike+1","Blade Dance+1","Escape Plan","Cloak And Dagger+1","Escape Plan","Die Die Die","Footwork+1","Deadly Poison","Accuracy+1","PiercingWail","Die Die Die+1","Prepared+1","Noxious Fumes","Footwork+1","Reflex","Catalyst"],"relics":["Ring of the Snake","Golden Idol","Pear","Bag of Preparation","MawBank","expansioncontent:StudyCardRelic","Torii","Lee\u0027s Waffle","Blood Vial","Thread and Needle","Astrolabe","The Specimen","TungstenRod","Centennial Puzzle","Red Mask"],"acts_visited":["Exordium","TheCity","TheBeyond"],"potions_floor_usage":[16,36,50,50],"damage_taken":[{"damage":7.0,"enemies":"Jaw Worm","floor":1.0,"turns":7.0},{"damage":8.0,"enemies":"Small Slimes","floor":2.0,"turns":4.0},{"damage":0.0,"enemies":"Cultist","floor":4.0,"turns":4.0},{"damage":3.0,"enemies":"Exordium Wildlife","floor":7.0,"turns":4.0},{"damage":17.0,"enemies":"3 Sentries","floor":8.0,"turns":12.0},{"damage":15.0,"enemies":"Large Slime","floor":10.0,"turns":5.0},{"damage":9.0,"enemies":"Lagavulin","floor":13.0,"turns":6.0},{"damage":11,"enemies":"Hexaghost","floor":16,"turns":13},{"damage":16,"enemies":"2 Thieves","floor":18,"turns":4},{"damage":9,"enemies":"3 Byrds","floor":21,"turns":4},{"damage":18,"enemies":"Snake Plant","floor":22,"turns":5},{"damage":0,"enemies":"Centurion and Healer","floor":28,"turns":6},{"damage":29,"enemies":"Automaton","floor":33,"turns":11},{"damage":0,"enemies":"3 Shapes","floor":35,"turns":3},{"damage":55,"enemies":"2 Orb Walkers","floor":36,"turns":7},{"damage":0,"enemies":"Orb Walker","floor":37,"turns":3},{"damage":14,"enemies":"Nemesis","floor":41,"turns":7},{"damage":1,"enemies":"4 Shapes","floor":44,"turns":5},{"damage":0,"enemies":"Transient","floor":47,"turns":5},{"damage":0,"enemies":"Sphere and 2 Shapes","floor":48,"turns":4},{"damage":60,"enemies":"Awakened One","floor":50,"turns":18}],"seed_played":"6539975715723529752","potions_obtained":[{"floor":4.0,"key":"Weak Potion"},{"floor":8.0,"key":"CultistPotion"},{"floor":13.0,"key":"Weak Potion"},{"floor":18,"key":"LiquidBronze"},{"floor":22,"key":"BlessingOfTheForge"},{"floor":33,"key":"Weak Potion"},{"floor":36,"key":"AttackPotion"},{"floor":44,"key":"Block Potion"}],"is_trial":false,"path_per_floor":["M","M","?","M","?","R","M","E","T","M","R","$","E","?","R","B",null,"M","?","$","M","M","R","?","R","T","?","M","?","R","$","R","B",null,"M","?","M","?","$","R","E","R","T","M","$","?","M","M","R","B",null],"character_chosen":"THE_SILENT","items_purchased":["Cloak And Dagger","Lee\u0027s Waffle","PiercingWail","Footwork","Reflex"],"campfire_rested":2,"item_purchase_floors":[12,20,31,39,45],"current_hp_per_floor":[52,44,44,44,49,49,46,39,39,24,24,24,15,15,15,4,57,41,41,82,73,55,55,55,55,55,55,57,57,57,57,57,30,69,71,18,20,20,20,20,8,31,31,32,32,32,34,36,59,1],"gold":28,"neow_bonus":"THREE_RARE_CARDS","is_daily":false,"chose_seed":false,"campfire_upgraded":8,"win_rate":0.0,"timestamp":1613952254,"path_taken":["M","M","?","M","?","R","?","E","T","M","R","$","E","?","R","BOSS","M","?","$","M","?","R","?","R","T","?","M","?","R","$","R","BOSS","M","?","M","?","$","R","E","R","T","M","?","?","M","M","R","BOSS"],"items_purchased_type":["Card","Relic","Card","Card","Card"],"build_version":"2020-12-22","purchased_purges":3,"victory":true,"max_hp_per_floor":[66,66,60,60,65,65,65,75,75,75,75,75,75,75,75,75,75,75,75,82,82,82,82,82,82,82,82,82,82,82,82,82,82,82,82,82,82,78,78,78,78,78,78,78,78,78,78,78,78,78],"relic_stats":{"Blood Vial":20,"Lee\u0027s Waffle":41,"Centennial Puzzle":[6],"Torii":11,"counters":[21,137],"Golden Idol":135,"Astrolabe":["downfall:Aged","Die Die Die","Prepared"],"Bag of Preparation":[32],"MawBank":84,"obtain_stats":[{"Lee\u0027s Waffle":20,"Pear":8,"Torii":19,"The Specimen":36,"Golden Idol":3,"Astrolabe":34,"Thread and Needle":26,"Bag of Preparation":9,"expansioncontent:StudyCardRelic":17,"MawBank":13,"Blood Vial":24,"Centennial Puzzle":43,"Red Mask":46,"TungstenRod":41,"Ring of the Snake":0},{"Lee\u0027s Waffle":9,"Pear":5,"Torii":9,"The Specimen":15,"Golden Idol":2,"Astrolabe":13,"Thread and Needle":11,"Bag of Preparation":5,"expansioncontent:StudyCardRelic":8,"MawBank":7,"Blood Vial":11,"Centennial Puzzle":17,"Red Mask":18,"TungstenRod":17,"Ring of the Snake":0},{"Lee\u0027s Waffle":59,"Pear":31,"Torii":59,"The Specimen":95,"Golden Idol":11,"Astrolabe":85,"Thread and Needle":68,"Bag of Preparation":31,"expansioncontent:StudyCardRelic":55,"MawBank":42,"Blood Vial":68,"Centennial Puzzle":105,"Red Mask":110,"TungstenRod":105,"Ring of the Snake":0}],"TungstenRod":10,"Ring of the Snake":[42]},"card_choices":[{"not_picked":["Venomology","Phantasmal Killer"],"picked":"Tools of the Trade","floor":0.0},{"not_picked":["Outmaneuver","Cloak And Dagger"],"picked":"Bane","floor":1.0},{"not_picked":["Acrobatics","PiercingWail"],"picked":"Underhanded Strike","floor":2.0},{"not_picked":["Outmaneuver","Tactician","Catalyst"],"picked":"SKIP","floor":4.0},{"not_picked":["Bane","Cloak And Dagger"],"picked":"Blade Dance","floor":7.0},{"not_picked":["Blade Dance","Skewer","Outmaneuver"],"picked":"SKIP","floor":8.0},{"not_picked":["Masterful Stab","Catalyst"],"picked":"Escape Plan","floor":10.0},{"not_picked":["Masterful Stab","Flechettes"],"picked":"Escape Plan","floor":13.0},{"not_picked":["Night Terror","Bullet Time"],"picked":"Die Die Die","floor":16},{"not_picked":["Bane","Poisoned Stab"],"picked":"Footwork+1","floor":18},{"not_picked":["Blur","Backflip"],"picked":"Deadly Poison","floor":21},{"not_picked":["Cloak And Dagger","Bane"],"picked":"Accuracy","floor":22},{"not_picked":["Dagger Spray+1","Blade Dance","Die Die Die"],"picked":"SKIP","floor":28},{"not_picked":["Outmaneuver","Crippling Poison"],"picked":"Noxious Fumes","floor":35},{"not_picked":["Noxious Fumes","Expertise+1","Blade Dance"],"picked":"SKIP","floor":37},{"not_picked":["Skewer","Slice","Doppelganger"],"picked":"SKIP","floor":41},{"not_picked":["Deflect+1","Dagger Spray+1","Slice"],"picked":"SKIP","floor":44},{"not_picked":["Backflip+1","Outmaneuver"],"picked":"Catalyst","floor":47},{"not_picked":["Blade Dance","Backflip","Tactician"],"picked":"SKIP","floor":48}],"player_experience":1118457,"relics_obtained":[{"floor":8.0,"key":"Pear"},{"floor":9.0,"key":"Bag of Preparation"},{"floor":13.0,"key":"MawBank"},{"floor":26,"key":"Thread and Needle"},{"floor":36,"key":"The Specimen"},{"floor":41,"key":"TungstenRod"},{"floor":43,"key":"Centennial Puzzle"}],"event_choices":[{"damage_healed":0.0,"max_hp_gain":0.0,"max_hp_loss":6.0,"gold_gain":0.0,"event_name":"Golden Idol","player_choice":"Lose Max HP","floor":3.0,"gold_loss":0.0,"damage_taken":0.0,"relics_obtained":["Golden Idol"]},{"damage_healed":0.0,"max_hp_gain":5.0,"max_hp_loss":0.0,"gold_gain":0.0,"event_name":"Big Fish","player_choice":"Donut","floor":5.0,"gold_loss":0.0,"damage_taken":0.0},{"cards_removed":["Strike_G"],"damage_healed":0,"gold_gain":0,"player_choice":"Forget","damage_taken":0,"max_hp_gain":0,"max_hp_loss":0,"event_name":"Living Wall","floor":14,"gold_loss":0},{"damage_healed":0,"gold_gain":0,"player_choice":"Gave Potion","damage_taken":0,"relics_obtained":["Torii"],"max_hp_gain":0,"max_hp_loss":0,"event_name":"WeMeetAgain","floor":19,"gold_loss":0},{"damage_healed":0,"gold_gain":0,"player_choice":"Opened","damage_taken":0,"relics_obtained":["Blood Vial"],"max_hp_gain":0,"max_hp_loss":0,"event_name":"The Mausoleum","floor":24,"gold_loss":0,"cards_obtained":["Writhe"]},{"damage_healed":0,"gold_gain":0,"player_choice":"Simplicity","damage_taken":0,"max_hp_gain":0,"max_hp_loss":0,"event_name":"Back to Basics","floor":29,"gold_loss":0,"cards_upgraded":["Strike_G","Strike_G","Defend_G","Defend_G","Defend_G","Defend_G","Defend_G"]},{"damage_healed":0,"gold_gain":0,"player_choice":"Fight","damage_taken":0,"max_hp_gain":0,"max_hp_loss":0,"event_name":"Mysterious Sphere","floor":36,"gold_loss":0},{"damage_healed":0,"gold_gain":0,"player_choice":"Max HP","damage_taken":0,"max_hp_gain":0,"max_hp_loss":4,"event_name":"Winding Halls","floor":38,"gold_loss":0},{"damage_healed":0,"gold_gain":0,"player_choice":"Paid","damage_taken":0,"relics_obtained":["Red Mask"],"max_hp_gain":0,"max_hp_loss":0,"event_name":"Tomb of Lord Red Mask","floor":46,"gold_loss":75}],"is_beta":false,"boss_relics":[{"not_picked":["Sozu","Runic Dome"],"picked":"expansioncontent:StudyCardRelic"},{"not_picked":["SacredBark","Tiny House"],"picked":"Astrolabe"}],"items_purged_floors":[12,20,39],"is_endless":false,"potions_floor_spawned":[4,8,13,18,22,33,36,44,48],"ascension_level":16}}