{"host":"6bfiq9sgomorosoy","time":1613987238,"event":{"mods":["2.2 Compatiblity","AchievementEnabler","BaseMod","Better Note","Better Third Choice","BetterRewards","Conspire","Downfall","Googly Eyes","Highlight Path","Hubris","Minty Spire (QoL Compilation)","Quick Restart","Rare Cards Sparkle","Reliquary","Replay The Spire","StSLib"],"gold_per_floor":[119,119,16,29,29,64,77,23,23,42,67,67,80,93,93,194,194,206,206,282,302,17,17,33,33,33,33,50,8,18,18,18,120,120,137,12,26,26,26],"floor_reached":38,"language":"ENG","playtime":1710,"items_purged":[],"score":611,"play_id":"062ee76a-0ab6-44de-9436-a7c6b34f02a3","local_time":"20210222224718","is_ascension_mode":false,"campfire_choices":[{"floor":12,"key":"REST"},{"floor":15,"key":"REST"},{"floor":23,"key":"REST"},{"floor":27,"key":"REST"},{"floor":32,"key":"REST"}],"circlet_count":0,"master_deck":["Strike_G","Strike_G","Strike_G","Strike_G","Defend_G","Defend_G","Defend_G","Defend_G","Defend_G","Survivor","Neutralize","Blade Dance","Footwork","Dodge and Roll","ReplayTheSpireMod:Scrap Shanks","Noxious Fumes","Deadly Poison","PiercingWail","Dagger Throw","conspire:PoisonWeapons","Noxious Fumes","Hidden Blade","Corpse Explosion","Bouncing Flask+1","Hidden Blade+1","Blade Dance","Riddle With Holes+1","ReplayTheSpireMod:Speed Training","Finisher+1","conspire:PoisonWeapons+1","Panacea","Blade Dance","ReplayTheSpireMod:Exploit Weakness","Crippling Poison","Envenom","hubris:Sniper+1","Tactician+1"],"relics":["Ring of the Snake","HandDrill","Replay:WaspNest","reliquary:HotPoker","hubris:AstralHammer","Smiling Mask","Honey Jar","reliquary:GummyVitamins","Membership Card","Replay:Baseball","Dream Catcher","Black Star","hubris:MysteriousPyramids"],"acts_visited":["Exordium","TheCity","TheBeyond"],"potions_floor_usage":[16,33,33,33,38,38],"damage_taken":[{"damage":0,"enemies":"Jaw Worm","floor":1,"turns":4},{"damage":0,"enemies":"Cultist","floor":4,"turns":4},{"damage":0,"enemies":"Replay:BlueRogue","floor":6,"turns":7},{"damage":0,"enemies":"2 Louse","floor":7,"turns":3},{"damage":3,"enemies":"Red Slaver","floor":10,"turns":4},{"damage":24,"enemies":"3 Sentries","floor":11,"turns":6},{"damage":9,"enemies":"Exordium Thugs","floor":13,"turns":4},{"damage":10,"enemies":"Looter","floor":14,"turns":4},{"damage":68,"enemies":"Fading Forest","floor":16,"turns":11},{"damage":18,"enemies":"Spheric Guardian","floor":18,"turns":5},{"damage":5,"enemies":"3 Byrds","floor":21,"turns":1},{"damage":10,"enemies":"Snake Plant","floor":24,"turns":4},{"damage":23,"enemies":"Centurion and Healer","floor":28,"turns":5},{"damage":15,"enemies":"Snecko","floor":30,"turns":4},{"damage":15,"enemies":"conspire:MysteriousRune","floor":33,"turns":6},{"damage":3,"enemies":"3 Shapes","floor":35,"turns":3},{"damage":30,"enemies":"Orb Walker","floor":37,"turns":4},{"damage":43,"enemies":"Spire Growth","floor":38,"turns":3}],"seed_played":"-7387203523034133298","potions_obtained":[{"floor":4,"key":"Doom Potion"},{"floor":7,"key":"SneckoOil"},{"floor":11,"key":"Strength Potion"},{"floor":21,"key":"Death Potion"},{"floor":24,"key":"CultistPotion"},{"floor":33,"key":"EntropicBrew"},{"floor":35,"key":"SpeedPotion"}],"is_trial":false,"path_per_floor":["M","?","$","M","?","E","M","$","T","M","E","R","M","M","R","B",null,"M","?","T","M","$","R","M","$","T","R","M","$","M","?","R","B",null,"M","$","M","M"],"character_chosen":"THE_SILENT","items_purchased":["HandDrill","Footwork","Dodge and Roll","PiercingWail","Membership Card","Replay:Baseball","Blade Dance","Riddle With Holes+1","Panacea","hubris:MysteriousPyramids"],"campfire_rested":5,"item_purchase_floors":[0,3,3,8,22,22,22,22,29,36],"current_hp_per_floor":[64,64,64,64,64,64,64,64,64,61,37,58,49,39,60,14,70,52,13,13,8,8,29,19,19,19,40,17,17,2,2,23,8,70,67,67,37,0,0],"gold":26,"neow_bonus":"","is_daily":false,"chose_seed":false,"campfire_upgraded":0,"win_rate":0.0,"timestamp":1613987238,"path_taken":["M","?","$","M","?","E","M","$","T","?","E","R","M","M","R","BOSS","M","?","?","M","$","R","M","$","T","R","?","$","M","?","R","BOSS","M","$","M","M"],"items_purchased_type":["Relic","Card","Card","Card","Relic","Relic","Card","Card","Card","Relic"],"build_version":"2020-12-22","purchased_purges":0,"victory":false,"max_hp_per_floor":[70,70,70,70,70,70,70,70,70,70,70,70,70,70,70,70,70,70,70,70,70,70,70,70,70,70,70,70,70,70,70,70,70,70,70,70,70,70,70],"card_choices":[{"not_picked":["Skewer","Fluid Movement"],"picked":"Blade Dance","floor":1},{"not_picked":["Deflect","Tactician"],"picked":"ReplayTheSpireMod:Scrap Shanks","floor":4},{"not_picked":["Hidden Blade","ReplayTheSpireMod:The Works"],"picked":"Noxious Fumes","floor":6},{"not_picked":["Flying Knee","hubris:TrickCloak"],"picked":"Deadly Poison","floor":7},{"not_picked":["Flying Knee","Sucker Punch"],"picked":"Dagger Throw","floor":10},{"not_picked":["Sucker Punch","Cloak And Dagger"],"picked":"conspire:PoisonWeapons","floor":11},{"not_picked":["Flying Knee","Acrobatics"],"picked":"Noxious Fumes","floor":13},{"not_picked":["Acrobatics","hubris:SlightOfHand"],"picked":"Hidden Blade","floor":14},{"not_picked":["A Thousand Cuts","Unload"],"picked":"Corpse Explosion","floor":16},{"not_picked":["Flying Knee","Dagger Throw","Outmaneuver+1"],"picked":"Bouncing Flask+1","floor":18},{"not_picked":["Concentrate","Quick Slash","hubris:SlightOfHand"],"picked":"Hidden Blade+1","floor":21},{"not_picked":["Slice","Dodge and Roll","Blade Dance"],"picked":"ReplayTheSpireMod:Speed Training","floor":24},{"not_picked":["Prepared","Slice","Reflex"],"picked":"Finisher+1","floor":27},{"not_picked":["Dagger Throw","hubris:SlightOfHand","Crippling Poison"],"picked":"conspire:PoisonWeapons+1","floor":28},{"not_picked":["Toxin Wave","Quick Slash+1","Backflip"],"picked":"Blade Dance","floor":30},{"not_picked":["Dagger Throw","Venomology","Underhanded Strike"],"picked":"Crippling Poison","floor":32},{"not_picked":["Malaise","Bullet Time","Glass Knife"],"picked":"Envenom","floor":33},{"not_picked":["Caltrops","ReplayTheSpireMod:Speed Training+1","Distraction"],"picked":"hubris:Sniper+1","floor":35},{"not_picked":["Setup","Dash","Reflex"],"picked":"Tactician+1","floor":37}],"player_experience":143976,"relics_obtained":[{"floor":6,"key":"reliquary:HotPoker"},{"floor":9,"key":"hubris:AstralHammer"},{"floor":11,"key":"Smiling Mask"},{"floor":20,"key":"reliquary:GummyVitamins"},{"floor":26,"key":"Dream Catcher"}],"event_choices":[{"damage_healed":0,"gold_gain":0,"player_choice":"Leave","damage_taken":0,"max_hp_gain":0,"max_hp_loss":0,"event_name":"The Cleric","floor":2,"gold_loss":0},{"damage_healed":0,"gold_gain":0,"player_choice":"Ignored","damage_taken":0,"max_hp_gain":0,"max_hp_loss":0,"event_name":"betterNote:BetterNote","floor":5,"gold_loss":0,"cards_obtained":["Defend_G"]},{"damage_healed":0,"gold_gain":0,"cards_transformed":["Strike_G"],"player_choice":"Transformed","damage_taken":0,"max_hp_gain":0,"max_hp_loss":0,"event_name":"Transmorgrifier","floor":31,"gold_loss":0,"cards_obtained":["ReplayTheSpireMod:Exploit Weakness"]}],"is_beta":false,"boss_relics":[{"not_picked":["reliquary:KinkedSpring","ReplayTheSpireMod:DimensionalGlitch"],"picked":"Honey Jar"},{"not_picked":["Replay:Bronze Core","hubris:TerracottaHorce"],"picked":"Black Star"}],"items_purged_floors":[],"is_endless":false,"potions_floor_spawned":[4,7,11,21,24,33,35],"killed_by":"Spire Growth","ascension_level":0}}