{"host":"en4narc5947t7k9n","time":1613978800,"event":{"mods":["AchievementEnabler","BaseMod","Colored Map","Minty Spire (QoL Compilation)","SuperFastMode"],"gold_per_floor":[118,118,135,85,98,98,113,113,192,221,221,75,108,108,108,108,108],"floor_reached":16,"language":"KOR","playtime":577,"items_purged":[],"score":133,"play_id":"d593efd0-64a1-480c-b769-c4dbcf42ac01","local_time":"20210222162640","is_ascension_mode":false,"campfire_choices":[{"floor":6,"key":"RECALL"},{"data":"Glass Knife","floor":8,"key":"SMITH"},{"data":"Neutralize","floor":11,"key":"SMITH"},{"data":"Endless Agony","floor":15,"key":"SMITH"}],"circlet_count":0,"master_deck":["Strike_G","Strike_G","Strike_G","Strike_G","Defend_G","Defend_G","Defend_G","Defend_G","Defend_G","Survivor","Neutralize+1","PiercingWail","Quick Slash","Backflip","Glass Knife+1","Endless Agony+1","Slice"],"relics":["Ring of the Snake","NeowsBlessing","Centennial Puzzle","Paper Crane","OrangePellets","Bird Faced Urn","Golden Idol"],"acts_visited":["Exordium"],"potions_floor_usage":[10,10,13,13,16],"damage_taken":[{"damage":0,"enemies":"Cultist","floor":1,"turns":1},{"damage":0,"enemies":"2 Louse","floor":3,"turns":1},{"damage":0,"enemies":"Jaw Worm","floor":5,"turns":1},{"damage":3,"enemies":"Looter","floor":7,"turns":4},{"damage":10,"enemies":"Lagavulin","floor":10,"turns":8},{"damage":0,"enemies":"Gremlin Nob","floor":13,"turns":2},{"damage":50,"enemies":"Slime Boss","floor":16,"turns":9}],"seed_played":"5403303199594590889","potions_obtained":[{"floor":1,"key":"EntropicBrew"},{"floor":10,"key":"FearPotion"},{"floor":13,"key":"ColorlessPotion"}],"is_trial":false,"path_per_floor":["M","?","M","?","M","R","M","R","T","E","R","$","E","?","R","B"],"character_chosen":"THE_SILENT","items_purchased":["OrangePellets"],"campfire_rested":0,"item_purchase_floors":[12],"current_hp_per_floor":[70,67,67,67,67,67,64,64,64,54,54,54,54,37,37,0,0],"gold":108,"neow_bonus":"THREE_ENEMY_KILL","is_daily":false,"chose_seed":false,"campfire_upgraded":3,"win_rate":0.0,"timestamp":1613978800,"path_taken":["M","?","M","?","M","R","M","R","T","E","R","$","E","?","R","BOSS"],"items_purchased_type":["Relic"],"build_version":"2020-12-22","purchased_purges":0,"victory":false,"max_hp_per_floor":[70,70,70,70,70,70,70,70,70,70,70,70,70,70,70,70,70],"card_choices":[{"not_picked":["Footwork","Cloak And Dagger"],"picked":"PiercingWail","floor":1},{"not_picked":["Underhanded Strike","Outmaneuver"],"picked":"Quick Slash","floor":3},{"not_picked":["Blade Dance","Prepared"],"picked":"Backflip","floor":5},{"not_picked":["Backstab","Accuracy"],"picked":"Glass Knife","floor":7},{"not_picked":["PiercingWail","Dodge and Roll"],"picked":"Endless Agony","floor":10},{"not_picked":["Blade Dance","Bane"],"picked":"Slice","floor":13}],"player_experience":148524,"relics_obtained":[{"floor":10,"key":"Paper Crane"},{"floor":13,"key":"Bird Faced Urn"}],"event_choices":[{"damage_healed":0,"gold_gain":0,"player_choice":"Success","damage_taken":3,"relics_obtained":["Centennial Puzzle"],"max_hp_gain":0,"max_hp_loss":0,"event_name":"Scrap Ooze","floor":2,"gold_loss":0},{"cards_removed":["Strike_G"],"damage_healed":0,"gold_gain":0,"player_choice":"Card Removal","damage_taken":0,"max_hp_gain":0,"max_hp_loss":0,"event_name":"The Cleric","floor":4,"gold_loss":50},{"damage_healed":0,"gold_gain":0,"player_choice":"Take Damage","damage_taken":17,"relics_obtained":["Golden Idol"],"max_hp_gain":0,"max_hp_loss":0,"event_name":"Golden Idol","floor":14,"gold_loss":0}],"is_beta":false,"boss_relics":[],"items_purged_floors":[],"is_endless":false,"potions_floor_spawned":[1,10,13],"killed_by":"Slime Boss","ascension_level":0}}