{"host":"prxrhpgaxnj4om9r","time":1613991125,"event":{"mods":["AchievementEnabler","BaseMod","Colored Map","DeckTracker","Minty Spire (QoL Compilation)"],"gold_per_floor":[117,129,144,144,144,184,184,207,207,207,250,250,289,313,313,434,434,452,437,437],"floor_reached":19,"language":"KOR","playtime":812,"items_purged":[],"score":276,"play_id":"e8c3d688-46f7-4cc9-95b0-6f11bc5bae6a","local_time":"20210222195205","is_ascension_mode":true,"campfire_choices":[{"floor":7,"key":"REST"},{"data":"Eruption","floor":10,"key":"SMITH"},{"data":"Judgement","floor":12,"key":"SMITH"},{"floor":15,"key":"REST"}],"circlet_count":0,"master_deck":["Strike_P","Strike_P","Strike_P","Strike_P","Defend_P","Defend_P","Defend_P","Defend_P","Eruption+1","Vigilance","Discovery+1","Prostrate","Consecrate","SandsOfTime","Injury","Judgement+1","Protect","WheelKick","Halt","LessonLearned"],"relics":["PureWater","Golden Idol","CaptainsWheel","Singing Bowl","Mummified Hand","Question Card","Black Star"],"acts_visited":["Exordium","TheCity"],"potions_floor_usage":[11,16,16],"damage_taken":[{"damage":0,"enemies":"Cultist","floor":1,"turns":3},{"damage":0,"enemies":"2 Louse","floor":2,"turns":2},{"damage":12,"enemies":"Small Slimes","floor":3,"turns":3},{"damage":21,"enemies":"Lagavulin","floor":6,"turns":7},{"damage":0,"enemies":"Red Slaver","floor":8,"turns":2},{"damage":2,"enemies":"3 Sentries","floor":11,"turns":4},{"damage":0,"enemies":"Gremlin Nob","floor":13,"turns":2},{"damage":8,"enemies":"Lots of Slimes","floor":14,"turns":2},{"damage":65,"enemies":"Hexaghost","floor":16,"turns":8},{"damage":54,"enemies":"Shell Parasite","floor":18,"turns":3},{"damage":6,"enemies":"2 Thieves","floor":19,"turns":1}],"seed_played":"3669345656399246404","potions_obtained":[{"floor":3,"key":"Explosive Potion"},{"floor":11,"key":"Ancient Potion"},{"floor":13,"key":"Strength Potion"}],"is_trial":false,"path_per_floor":["M","M","M","?","?","E","R","M","T","R","E","R","E","M","R","B",null,"M","M"],"character_chosen":"WATCHER","items_purchased":[],"campfire_rested":2,"item_purchase_floors":[],"current_hp_per_floor":[65,65,53,53,53,32,53,53,53,53,51,51,53,45,67,2,56,4,0,0],"gold":437,"neow_bonus":"RANDOM_COLORLESS","is_daily":false,"chose_seed":false,"campfire_upgraded":2,"win_rate":0.0,"timestamp":1613991125,"path_taken":["M","M","M","?","?","E","R","M","T","R","E","R","E","M","R","BOSS","M","M"],"items_purchased_type":[],"build_version":"2020-12-22","purchased_purges":0,"victory":false,"max_hp_per_floor":[72,72,72,72,72,72,72,72,72,72,72,72,74,74,74,74,74,76,76,76],"card_choices":[{"not_picked":["Madness","Panacea"],"picked":"Discovery","floor":0},{"not_picked":["Meditate","JustLucky"],"picked":"Prostrate","floor":1},{"not_picked":["CrushJoints","EmptyFist"],"picked":"Consecrate","floor":2},{"not_picked":["EmptyFist","FollowUp"],"picked":"SandsOfTime","floor":3},{"not_picked":["TalkToTheHand","SignatureMove"],"picked":"Judgement","floor":6},{"not_picked":["EmptyBody","Weave"],"picked":"Protect","floor":8},{"not_picked":["Consecrate","Prostrate"],"picked":"WheelKick","floor":11},{"not_picked":["DevaForm","SashWhip","JustLucky"],"picked":"Singing Bowl","floor":13},{"not_picked":["SashWhip","ClearTheMind","Swivel"],"picked":"Halt","floor":14},{"not_picked":["Scrawl","Establishment","Brilliance"],"picked":"LessonLearned","floor":16},{"not_picked":["Protect+1","EmptyBody","SashWhip+1","CutThroughFate+1"],"picked":"Singing Bowl","floor":18}],"player_experience":593843,"relics_obtained":[{"floor":6,"key":"CaptainsWheel"},{"floor":9,"key":"Singing Bowl"},{"floor":11,"key":"Mummified Hand"},{"floor":13,"key":"Question Card"}],"event_choices":[{"damage_healed":0,"gold_gain":0,"player_choice":"Take Wound","damage_taken":0,"relics_obtained":["Golden Idol"],"max_hp_gain":0,"max_hp_loss":0,"event_name":"Golden Idol","floor":4,"gold_loss":0,"cards_obtained":["Injury"]},{"damage_healed":0,"gold_gain":0,"player_choice":"Grow","damage_taken":0,"max_hp_gain":0,"max_hp_loss":0,"event_name":"Living Wall","floor":5,"gold_loss":0,"cards_upgraded":["Discovery"]}],"is_beta":false,"boss_relics":[{"not_picked":["Busted Crown","Velvet Choker"],"picked":"Black Star"}],"items_purged_floors":[],"is_endless":false,"potions_floor_spawned":[3,11,13],"killed_by":"2 Thieves","ascension_level":6}}