{"host":"u4xl3cfa8ez93srb","time":1613992468,"event":{"mods":["BaseMod","Colored Map","Minty Spire (QoL Compilation)","StSLib"],"gold_per_floor":[117,117,9,9,84,109,121,138,138,165,183,183,183],"floor_reached":12,"language":"ENG","playtime":422,"items_purged":["Regret"],"score":175,"play_id":"92166218-69f6-4e49-9760-41827c9e30ba","local_time":"20210222221428","is_ascension_mode":true,"campfire_choices":[],"circlet_count":0,"master_deck":["AscendersBane","Strike_B","Strike_B","Strike_B","Strike_B","Defend_B","Defend_B","Defend_B","Defend_B","Zap","Dualcast","Static Discharge","Coolheaded+1","Reinforced Body+1","Redo+1","Buffer","Ball Lightning"],"relics":["Cracked Core","NeowsBlessing","Toxic Egg 2","Smiling Mask","Omamori"],"acts_visited":["Exordium"],"potions_floor_usage":[],"damage_taken":[{"damage":0,"enemies":"Jaw Worm","floor":1,"turns":1},{"damage":0,"enemies":"3 Sentries","floor":6,"turns":1},{"damage":0,"enemies":"2 Louse","floor":7,"turns":1},{"damage":0,"enemies":"Cultist","floor":8,"turns":4},{"damage":35,"enemies":"Lagavulin","floor":10,"turns":7},{"damage":19,"enemies":"Gremlin Gang","floor":11,"turns":7},{"damage":11,"enemies":"3 Sentries","floor":12,"turns":5}],"seed_played":"8705509331966258564","potions_obtained":[{"floor":1,"key":"DuplicationPotion"},{"floor":6,"key":"Swift Potion"}],"is_trial":false,"path_per_floor":["M","?","$","$","?","E","M","M","T","E","M","E"],"character_chosen":"DEFECT","items_purchased":["Static Discharge"],"campfire_rested":0,"item_purchase_floors":[3],"current_hp_per_floor":[68,68,68,68,61,61,61,61,61,26,7,0,0],"gold":183,"neow_bonus":"THREE_ENEMY_KILL","is_daily":false,"chose_seed":false,"campfire_upgraded":0,"win_rate":0.0,"timestamp":1613992468,"path_taken":["M","?","?","$","?","E","M","M","T","E","M","E"],"items_purchased_type":["Card"],"build_version":"2020-12-22","purchased_purges":1,"victory":false,"max_hp_per_floor":[75,75,75,75,75,75,75,75,75,75,75,75,75],"card_choices":[{"not_picked":["Lockon","Stack","Fusion"],"picked":"SKIP","floor":1},{"not_picked":["FTL","Hello World"],"picked":"Coolheaded+1","floor":6},{"not_picked":["Rebound","Steam+1"],"picked":"Reinforced Body+1","floor":7},{"not_picked":["FTL","Reprogram+1"],"picked":"Redo+1","floor":8},{"not_picked":["Leap+1","Machine Learning"],"picked":"Buffer","floor":10},{"not_picked":["Lockon","Go for the Eyes"],"picked":"Ball Lightning","floor":11}],"player_experience":964617,"relics_obtained":[{"floor":6,"key":"Smiling Mask"},{"floor":10,"key":"Omamori"}],"event_choices":[{"damage_healed":0,"gold_gain":0,"player_choice":"Box","damage_taken":0,"relics_obtained":["Toxic Egg 2"],"max_hp_gain":0,"max_hp_loss":0,"event_name":"Big Fish","floor":2,"gold_loss":0,"cards_obtained":["Regret"]},{"damage_healed":0,"gold_gain":75,"player_choice":"Touch","damage_taken":7,"max_hp_gain":0,"max_hp_loss":0,"event_name":"FaceTrader","floor":5,"gold_loss":0}],"is_beta":false,"boss_relics":[],"items_purged_floors":[3],"is_endless":false,"potions_floor_spawned":[1,6,7],"killed_by":"3 Sentries","ascension_level":11}}