{"host":"ymrxmazrubg7ht5t","time":1613959996,"event":{"mods":["2.2 Compatiblity","Act Like it!","Arknights","Bartender","BaseMod","Better Match","Better Note","Colored Powertips","Conspire","Evolution","Gensokyo","HololiveMod","Infinite Spire","Jorbs\u0027s Wanderer Trilogy","Lobotomy","LobotomyExtend","Marisa????????","Minty Spire (QoL Compilation)","Relic Stats","Replay The Spire","Ruina","StSLib","The Cursed","The Marked"],"gold_per_floor":[113,113,127,44,58,58,89,101,101,101,31,31,45,73,73,174,174,188,204,204,223,38,38,63,63,63,73,90,90,115,65,65,170,170,184,184,184,201,201,201,218,218,218],"floor_reached":42,"language":"ENG","playtime":4547,"items_purged":[],"score":346,"play_id":"aa743c5c-376c-4dc5-b6ab-3ead82455a89","local_time":"20210221221316","is_ascension_mode":false,"campfire_choices":[{"data":"TheCursedMod:Torture","floor":6.0,"key":"SMITH"},{"floor":10.0,"key":"REST"},{"data":"TheCursedMod:Grudge","floor":12.0,"key":"SMITH"},{"floor":15.0,"key":"REST"},{"floor":23.0,"key":"REST"},{"floor":25.0,"key":"REST"},{"floor":32.0,"key":"REST"}],"circlet_count":0,"master_deck":["TheCursedMod:Strike_TheCursed","TheCursedMod:Strike_TheCursed","TheCursedMod:Strike_TheCursed+1","TheCursedMod:Defend_TheCursed+1","TheCursedMod:Defend_TheCursed","TheCursedMod:Defend_TheCursed","TheCursedMod:Defend_TheCursed+1","TheCursedMod:CursedWand","TheCursedMod:CleanUpWorkshop","TheCursedMod:Dregs","TheCursedMod:Mangle+1","TheCursedMod:Torture+1","TheCursedMod:SpitefulPlan","TheCursedMod:Grudge+1","TheCursedMod:SoulReap","TheCursedMod:SoulCrush","TheCursedMod:CursedRelics","TheCursedMod:StunningStrike","TheCursedMod:CursedBoomerang+1","infinitespire:TheBestDefense","infinitespire:Collect","TheCursedMod:Evocation+1","ruina:Thirst","TheCursedMod:AntiAging","TheCursedMod:RavingStaff","TheCursedMod:ReleasedStrength","Clumsy","TheCursedMod:DarkBarrier","TheCursedMod:CursedStaff","TheCursedMod:HellfireBreathing+1"],"relics":["TheCursedMod:BlackMagic101","EVO:Axolotl","War Paint","Garlic","Letter Opener","Mercury Hourglass","TheCursedMod:MagicCandle","Juzu Bracelet","Silver_Glasses","Pondfish Scales","Snack Pack","Pear","ruina:PrescriptsGrace","TheCursedMod:BloodyHarpoon","ruina:FalsePresent","TheCursedMod:FourLeafCloverCharm","Gensokyo:TheCrow"],"acts_visited":["Gensokyo:Gensokyo","ruina:Briah","Gensokyo:Gensokyoest"],"potions_floor_usage":[35,41],"damage_taken":[{"damage":1.0,"enemies":"Gensokyo:Gryphon","floor":1.0,"turns":4.0},{"damage":0.0,"enemies":"Gensokyo:Python","floor":3.0,"turns":4.0},{"damage":0.0,"enemies":"Gensokyo:2_Kodama","floor":5.0,"turns":4.0},{"damage":26.0,"enemies":"Gensokyo:Aya","floor":7.0,"turns":6.0},{"damage":0.0,"enemies":"Gensokyo:2_Rabbits","floor":8.0,"turns":4.0},{"damage":3.0,"enemies":"Gensokyo:3_Kodama","floor":13.0,"turns":2.0},{"damage":2.0,"enemies":"Gensokyo:Mamizou","floor":14.0,"turns":9.0},{"damage":42.0,"enemies":"Gensokyo:Yukari","floor":16.0,"turns":7.0},{"damage":37.0,"enemies":"ruina:BadWolf","floor":18.0,"turns":6.0},{"damage":27.0,"enemies":"ruina:3_Bats","floor":19.0,"turns":5.0},{"damage":1.0,"enemies":"ruina:QueenOfHate","floor":21.0,"turns":4.0},{"damage":35.0,"enemies":"Nightmare","floor":24.0,"turns":5.0},{"damage":4.0,"enemies":"ruina:Nos_and_Bat","floor":27.0,"turns":5.0},{"damage":5.0,"enemies":"ruina:KnightOfDespair","floor":28.0,"turns":4.0},{"damage":30.0,"enemies":"ruina:Mountain","floor":30.0,"turns":9.0},{"damage":7.0,"enemies":"ruina:Ozma","floor":33.0,"turns":6.0},{"damage":20,"enemies":"Gensokyo:3_Boulders","floor":35,"turns":5},{"damage":14,"enemies":"Gensokyo:AncientGuardian","floor":38,"turns":4},{"damage":11,"enemies":"Gensokyo:4_Bats","floor":41,"turns":3},{"damage":80,"enemies":"Nightmare","floor":42,"turns":5}],"seed_played":"-8921303951847053967","potions_obtained":[{"floor":5.0,"key":"PowerPotion"},{"floor":8.0,"key":"BlessingOfTheForge"},{"floor":13.0,"key":"Regen Potion"},{"floor":16.0,"key":"Swift Potion"},{"floor":18.0,"key":"Fire Potion"},{"floor":24.0,"key":"Flashbang"},{"floor":28.0,"key":"Block Potion"},{"floor":30.0,"key":"Reflective Coating"},{"floor":31.0,"key":"Venom Potion"},{"floor":35,"key":"BlessingOfTheForge"},{"floor":41,"key":"Doom Potion"}],"is_trial":false,"path_per_floor":["M","?","M","COS","M","R","E","M","T","R","?","R","M","E","R","B",null,"M","M","AVR","M","$","R","NM","R","T","M","M","?","E","?","R","B",null,"M","?","?","M","PTL","PTL","M","NM"],"character_chosen":"THE_CURSED","items_purchased":["ruina:Thirst"],"campfire_rested":5,"item_purchase_floors":[22],"current_hp_per_floor":[74,59,59,59,59,59,33,33,33,55,55,55,57,55,75,43,75,43,21,21,27,27,49,18,40,50,55,62,62,45,41,66,77,84,67,67,67,63,63,63,63,0,0],"gold":218,"neow_bonus":"RANDOM_COMMON_RELIC","is_daily":false,"chose_seed":false,"campfire_upgraded":2,"win_rate":0.0,"timestamp":1613959996,"path_taken":["M","?","M","COS","M","R","E","M","T","R","?","R","M","E","R","BOSS","M","M","AVR","M","$","R","NM","R","T","M","M","?","E","?","R","BOSS","M","?","?","M","PTL","PTL","M","NM"],"items_purchased_type":["Card"],"build_version":"2020-12-22","purchased_purges":0,"victory":false,"max_hp_per_floor":[75,75,75,75,75,75,75,75,75,75,75,75,75,75,75,75,75,75,75,75,75,75,75,75,75,85,85,87,87,89,84,84,84,84,87,87,87,87,87,87,87,87,87],"relic_stats":{"counters":[20,100],"Juzu Bracelet":0,"Letter Opener":[225],"War Paint":["TheCursedMod:Defend_TheCursed","TheCursedMod:Defend_TheCursed"],"obtain_stats":[{"TheCursedMod:BloodyHarpoon":30,"TheCursedMod:BlackMagic101":0,"ruina:FalsePresent":31,"TheCursedMod:FourLeafCloverCharm":34,"Pear":26,"Gensokyo:TheCrow":36,"Juzu Bracelet":14,"EVO:Axolotl":0,"Letter Opener":7,"War Paint":0,"TheCursedMod:MagicCandle":14,"Mercury Hourglass":9,"Silver_Glasses":17,"Pondfish Scales":20,"ruina:Prescript":29,"ruina:PrescriptsGrace":35,"Garlic":2,"Snack Pack":24},{"TheCursedMod:BloodyHarpoon":15,"TheCursedMod:BlackMagic101":0,"ruina:FalsePresent":15,"TheCursedMod:FourLeafCloverCharm":16,"Pear":12,"Gensokyo:TheCrow":17,"Juzu Bracelet":7,"EVO:Axolotl":0,"Letter Opener":4,"War Paint":0,"TheCursedMod:MagicCandle":7,"Mercury Hourglass":5,"Silver_Glasses":8,"Pondfish Scales":10,"ruina:Prescript":14,"ruina:PrescriptsGrace":17,"Garlic":1,"Snack Pack":12},{"TheCursedMod:BloodyHarpoon":77,"TheCursedMod:BlackMagic101":0,"ruina:FalsePresent":77,"TheCursedMod:FourLeafCloverCharm":83,"Pear":59,"Gensokyo:TheCrow":88,"Juzu Bracelet":33,"EVO:Axolotl":0,"Letter Opener":18,"War Paint":0,"TheCursedMod:MagicCandle":26,"Mercury Hourglass":22,"Silver_Glasses":40,"Pondfish Scales":50,"ruina:Prescript":68,"ruina:PrescriptsGrace":88,"Garlic":4,"Snack Pack":59}],"Mercury Hourglass":[288]},"card_choices":[{"not_picked":["TheCursedMod:CircleOfFlame","TheCursedMod:Wield"],"picked":"TheCursedMod:Mangle","floor":1.0},{"not_picked":["TheCursedMod:SurpriseAttack","TheCursedMod:CursedBlade"],"picked":"TheCursedMod:Torture","floor":3.0},{"not_picked":["TheCursedMod:FleshFromBone","TheCursedMod:SurpriseAttack"],"picked":"TheCursedMod:SpitefulPlan","floor":5.0},{"not_picked":["TheCursedMod:Torture","TheCursedMod:CursedArmor"],"picked":"TheCursedMod:Grudge","floor":7.0},{"not_picked":["TheCursedMod:CircleOfCorruption","TheCursedMod:SmokeScreen"],"picked":"TheCursedMod:SoulReap","floor":8.0},{"not_picked":["TheCursedMod:CircleOfCorruption","TheCursedMod:CursedBlade"],"picked":"TheCursedMod:SoulCrush","floor":13.0},{"not_picked":["TheCursedMod:CircleOfFocus","TheCursedMod:CursedStaff"],"picked":"TheCursedMod:CursedRelics","floor":14.0},{"not_picked":["TheCursedMod:NeowsMight","TheCursedMod:CollectTribute"],"picked":"TheCursedMod:StunningStrike","floor":16.0},{"not_picked":["TheCursedMod:CircleOfCorruption","TheCursedMod:Stretching","TheCursedMod:Torture"],"picked":"SKIP","floor":18.0},{"not_picked":["TheCursedMod:Torture","TheCursedMod:CursedShiv+1"],"picked":"TheCursedMod:CursedBoomerang+1","floor":19.0},{"not_picked":["TheCursedMod:RavingStaff+1","TheCursedMod:PrepareRite"],"picked":"TheCursedMod:Evocation+1","floor":21.0},{"not_picked":["TheCursedMod:SpitefulPlan","TheCursedMod:CursedAmulet"],"picked":"TheCursedMod:AntiAging","floor":24.0},{"not_picked":["TheCursedMod:CursedShiv","TheCursedMod:Torture"],"picked":"TheCursedMod:RavingStaff","floor":27.0},{"not_picked":["TheCursedMod:SoulCrush","TheCursedMod:RapidMovement"],"picked":"TheCursedMod:ReleasedStrength","floor":28.0},{"not_picked":["TheCursedMod:SoulCrush","TheCursedMod:SpitefulStrike","TheCursedMod:EmpowerCircles"],"picked":"SKIP","floor":30.0},{"not_picked":["TheCursedMod:AntiAging","TheCursedMod:ForbiddenAlchemy"],"picked":"TheCursedMod:DarkBarrier","floor":33.0},{"not_picked":["TheCursedMod:TacticalStrike+1","TheCursedMod:EmpowerCircles"],"picked":"TheCursedMod:CursedStaff","floor":35},{"not_picked":["TheCursedMod:Stretching","TheCursedMod:AbyssShockwave+1"],"picked":"TheCursedMod:HellfireBreathing+1","floor":38},{"not_picked":["TheCursedMod:WearCloak","TheCursedMod:Grudge+1","TheCursedMod:Evocation"],"picked":"SKIP","floor":41}],"player_experience":471487,"relics_obtained":[{"floor":7.0,"key":"Letter Opener"},{"floor":9.0,"key":"Mercury Hourglass"},{"floor":14.0,"key":"Juzu Bracelet"},{"floor":24.0,"key":"Snack Pack"},{"floor":26.0,"key":"Pear"},{"floor":30.0,"key":"TheCursedMod:BloodyHarpoon"}],"event_choices":[{"damage_healed":0,"gold_gain":0,"player_choice":"Leave","damage_taken":0,"max_hp_gain":0,"max_hp_loss":0,"event_name":"conspire:Investor","floor":37,"gold_loss":0}],"is_beta":false,"boss_relics":[{"not_picked":["Hololive_TopUpMoneyS","Sozu"],"picked":"Silver_Glasses"},{"not_picked":["Coffee Dripper","Velvet Choker"],"picked":"TheCursedMod:FourLeafCloverCharm"}],"items_purged_floors":[],"is_endless":false,"potions_floor_spawned":[5,8,13,16,18,24,28,30,35,38,41],"killed_by":"Nightmare","ascension_level":0}}