{"host":"c64dsqyrqv0ei9yn","time":1613986006,"event":{"mods":["Act Like it!","Arknights","BaseMod","Bestiary","CapriCore","Chen","Colored Map","Colored Powertips","Curses Come First","Hermit","Koishi","LagranYue(ùfäiòNÅEåé)","MarisaÅiñ∂âJÅ@ñÇóùçπÅj","Minty Spire (QoL Compilation)","Prisma Mod","Random Character Button","ReimuÅiîé??öÎÅj","RemiliaÅiÂQïƒ‰ª?Åj","StSLib","The Administrix","The Alterego","The Immortal","The Marked","The Saiyan","The Senshi","The Servant 0.9.4","The Wild Card","TheSwordswoman","Waifu the Spire","WarShipGirlsR/??è≠èóR mod","slay the spire mod where everything is the same but ironclad has a cowboy hat"],"gold_per_floor":[114,114,69,83,12,39,39,51,51,0,14,40,57,67,67,169,169,183,195,205,218,234,234,1,16,16,42,42,58,58,70,70,167,167,187,199,218,233,4,4,39,55,79,99,99,114,129,129,129],"floor_reached":48,"language":"ENG","playtime":2359,"items_purged":["Strike_G"],"score":555,"play_id":"64ae6cf8-c8dc-4a30-9d28-e69f79963fa5","local_time":"20210222092646","is_ascension_mode":true,"campfire_choices":[{"data":"Leg Sweep","floor":7,"key":"SMITH"},{"floor":15,"key":"REST"},{"floor":23,"key":"REST"},{"floor":28,"key":"REST"},{"floor":30,"key":"REST"},{"floor":32,"key":"REST"},{"floor":40,"key":"REST"},{"floor":45,"key":"REST"}],"circlet_count":0,"master_deck":["Strike_G","Strike_G","Strike_G","Strike_G","Defend_G","Defend_G","Defend_G","Defend_G","Defend_G","Survivor","Neutralize+1","Blur","Deflect","Footwork","Backstab","Leg Sweep+1","Poisoned Stab","Quick Slash+1","Backflip","Escape Plan","Dodge and Roll","Unload+1","Sucker Punch+1","All Out Attack+1","Noxious Fumes","Endless Agony+1","Die Die Die+1","Bouncing Flask","Heel Hook+1","Terror","Bane+1","Glass Knife+1","Flying Knee+1","Flechettes+1"],"relics":["Ring of the Snake","NeowsBlessing","Mercury Hourglass","Molten Egg 2","Bronze Scales","CrazyTorch:ReiMu","HoveringKite","Ice Cream","Nunchaku","LagranYue:ContractPerformanceRelic","Anchor","Peace Pipe","Bag of Preparation"],"acts_visited":["Exordium","TheCity","TheBeyond"],"potions_floor_usage":[46,46],"damage_taken":[{"damage":0,"enemies":"Jaw Worm","floor":1,"turns":1},{"damage":0,"enemies":"Small Slimes","floor":4,"turns":1},{"damage":0,"enemies":"3 Sentries","floor":6,"turns":1},{"damage":0,"enemies":"Cultist","floor":8,"turns":3},{"damage":0,"enemies":"Gremlin Gang","floor":11,"turns":2},{"damage":9,"enemies":"Gremlin Nob","floor":12,"turns":4},{"damage":0,"enemies":"Lots of Slimes","floor":13,"turns":2},{"damage":4,"enemies":"Exordium Thugs","floor":14,"turns":3},{"damage":5,"enemies":"The Guardian","floor":16,"turns":14},{"damage":0,"enemies":"Chosen","floor":18,"turns":3},{"damage":6,"enemies":"Spheric Guardian","floor":19,"turns":5},{"damage":17,"enemies":"Centurion and Healer","floor":20,"turns":5},{"damage":16,"enemies":"Shelled Parasite and Fungi","floor":21,"turns":6},{"damage":15,"enemies":"Snecko","floor":22,"turns":6},{"damage":5,"enemies":"Snake Plant","floor":25,"turns":4},{"damage":28,"enemies":"Book of Stabbing","floor":27,"turns":5},{"damage":0,"enemies":"Cultist and Chosen","floor":29,"turns":4},{"damage":16,"enemies":"Shelled Parasite and Fungi","floor":31,"turns":4},{"damage":49,"enemies":"Champ","floor":33,"turns":12},{"damage":6,"enemies":"3 Darklings","floor":35,"turns":3},{"damage":2,"enemies":"Orb Walker","floor":36,"turns":3},{"damage":19,"enemies":"Jaw Worm Horde","floor":37,"turns":3},{"damage":14,"enemies":"Maw","floor":38,"turns":7},{"damage":46,"enemies":"Reptomancer","floor":41,"turns":6},{"damage":2,"enemies":"4 Shapes","floor":42,"turns":4},{"damage":1,"enemies":"Jaw Worm Horde","floor":44,"turns":2},{"damage":9,"enemies":"Transient","floor":46,"turns":5},{"damage":12,"enemies":"3 Darklings","floor":47,"turns":4},{"damage":1,"enemies":"Jaw Worm Horde","floor":48,"turns":2}],"seed_played":"7523703883232453686","potions_obtained":[{"floor":8,"key":"ColorlessPotion"},{"floor":11,"key":"SteroidPotion"},{"floor":12,"key":"EssenceOfSteel"},{"floor":16,"key":"PowerPotion"},{"floor":46,"key":"Strength Potion"}],"is_trial":false,"path_per_floor":["M","?","$","M","$","E","R","M","T","?","M","E","M","M","R","B",null,"M","M","M","M","M","R","$","M","T","E","R","M","R","M","R","B",null,"M","M","M","M","$","R","E","M","T","M","R","M","M","M"],"character_chosen":"THE_SILENT","items_purchased":["Deflect","Backstab","Die Die Die+1","Bouncing Flask","Anchor"],"campfire_rested":7,"item_purchase_floors":[3,5,24,24,39],"current_hp_per_floor":[70,70,70,70,70,70,70,70,70,70,70,61,61,57,70,65,70,70,64,47,31,16,37,37,32,32,4,25,25,46,30,51,2,70,64,62,43,29,29,50,4,2,2,1,22,13,1,0,0],"gold":129,"neow_bonus":"THREE_ENEMY_KILL","is_daily":false,"chose_seed":false,"campfire_upgraded":1,"win_rate":0.0,"timestamp":1613986006,"path_taken":["M","?","$","M","$","E","R","M","T","?","M","E","?","M","R","BOSS","M","M","M","M","M","R","$","M","T","E","R","M","R","M","R","BOSS","M","M","M","M","$","R","E","?","T","M","R","?","M","M"],"items_purchased_type":["Card","Card","Card","Card","Relic"],"build_version":"2020-12-22","purchased_purges":1,"victory":false,"max_hp_per_floor":[70,70,70,70,70,70,70,70,70,70,70,70,70,70,70,70,70,70,70,70,70,70,70,70,70,70,70,70,70,70,70,70,70,70,70,70,70,70,70,70,70,70,70,70,70,70,70,70,70],"card_choices":[{"not_picked":["Flying Knee","Poisoned Stab"],"picked":"Blur","floor":1},{"not_picked":["Prepared","Bouncing Flask"],"picked":"Footwork","floor":4},{"not_picked":["Caltrops","Crippling Poison"],"picked":"Leg Sweep","floor":6},{"not_picked":["Slice","Dagger Throw"],"picked":"Poisoned Stab","floor":8},{"not_picked":["Tactician","Outmaneuver"],"picked":"Quick Slash+1","floor":11},{"not_picked":["Bullet Time","A Thousand Cuts"],"picked":"Backflip","floor":12},{"not_picked":["Deflect","Outmaneuver"],"picked":"Escape Plan","floor":13},{"not_picked":["Leg Sweep","Dagger Throw+1"],"picked":"Dodge and Roll","floor":14},{"not_picked":["Burst","After Image"],"picked":"Unload+1","floor":16},{"not_picked":["Bane+1","Poisoned Stab+1"],"picked":"Sucker Punch+1","floor":18},{"not_picked":["Deadly Poison","Underhanded Strike+1"],"picked":"All Out Attack+1","floor":19},{"not_picked":["Poisoned Stab+1","Eviscerate+1"],"picked":"Noxious Fumes","floor":20},{"not_picked":["Reflex","Sucker Punch+1","Quick Slash+1"],"picked":"SKIP","floor":21},{"not_picked":["Bouncing Flask","Sucker Punch+1"],"picked":"Endless Agony+1","floor":22},{"not_picked":["Phantasmal Killer","Quick Slash+1"],"picked":"Heel Hook+1","floor":25},{"not_picked":["Infinite Blades","Well Laid Plans+1","Underhanded Strike+1"],"picked":"SKIP","floor":27},{"not_picked":["Tactician","Reflex"],"picked":"Terror","floor":29},{"not_picked":["Backflip","Sucker Punch+1"],"picked":"Bane+1","floor":31},{"not_picked":["Unload+1","Die Die Die+1"],"picked":"Glass Knife+1","floor":33},{"not_picked":["Outmaneuver+1","Acrobatics"],"picked":"Flying Knee+1","floor":35},{"not_picked":["Heel Hook+1","Quick Slash+1","Backflip+1"],"picked":"SKIP","floor":36},{"not_picked":["Bane+1","PiercingWail","Dodge and Roll+1"],"picked":"SKIP","floor":37},{"not_picked":["Reflex","Riddle With Holes+1","Sucker Punch+1"],"picked":"SKIP","floor":38},{"not_picked":["Reflex+1","All Out Attack+1","Crippling Poison"],"picked":"SKIP","floor":41},{"not_picked":["Backflip+1","Quick Slash+1","Dagger Throw+1"],"picked":"SKIP","floor":42},{"not_picked":["Underhanded Strike+1","Night Terror"],"picked":"Flechettes+1","floor":44},{"not_picked":["Underhanded Strike+1","Deflect+1","Dash+1"],"picked":"SKIP","floor":46},{"not_picked":["Acrobatics+1","All Out Attack+1","Sucker Punch+1"],"picked":"SKIP","floor":47}],"player_experience":126561,"relics_obtained":[{"floor":6,"key":"Mercury Hourglass"},{"floor":9,"key":"Molten Egg 2"},{"floor":12,"key":"CrazyTorch:ReiMu"},{"floor":26,"key":"Ice Cream"},{"floor":27,"key":"Nunchaku"},{"floor":41,"key":"Peace Pipe"},{"floor":43,"key":"Bag of Preparation"}],"event_choices":[{"damage_healed":0,"gold_gain":0,"player_choice":"Grow","damage_taken":0,"max_hp_gain":0,"max_hp_loss":0,"event_name":"Living Wall","floor":2,"gold_loss":0,"cards_upgraded":["Neutralize"]},{"damage_healed":0,"gold_gain":0,"player_choice":"Paid Gold","damage_taken":0,"relics_obtained":["Bronze Scales"],"max_hp_gain":0,"max_hp_loss":0,"event_name":"WeMeetAgain","floor":10,"gold_loss":51}],"is_beta":false,"boss_relics":[{"not_picked":["Empty Cage","SacredBark"],"picked":"HoveringKite"},{"not_picked":["Astrolabe","Runic Dome"],"picked":"LagranYue:ContractPerformanceRelic"}],"items_purged_floors":[39],"is_endless":false,"potions_floor_spawned":[8,11,12,16,18,20,25,35,36,42,46],"killed_by":"Jaw Worm Horde","ascension_level":1}}