{"host":"c59zqhrgluvxuu0k","time":1613954541,"event":{"mods":["Act Like it!","Arknights","Bartender","BaseMod","Beaked The Cultist","Better Altar","Better Third Choice","BetterRewards","Colored Map","Colored Powertips","Curses Come First","Downfall","Friendly Minions","Hermit","Highlight Path","Minty Spire (QoL Compilation)","Replay The Spire","Ruina","Shop Mod","Somnambulant","Spicy Shops","StSLib","The Blackbeard","The Cursed","The Death Knight","The Disciple","The Druid","The Jungle","The Necromancer","The Runesmith","The Wild Card"],"gold_per_floor":[199,215,228,239,239,239,239,239,239,257,43,75,75,93,110,121,133,228,228,228,228,242,260,94,94,121,121,132,159,169,189,204,216,231,329,629,629,639,639,658,658,558,558,574,9,26,26,56,56,82,99,99],"floor_reached":53,"language":"ENG","playtime":7840,"items_purged":["DeathKnight:Strike_DeathKnight"],"score":822,"play_id":"b8912e3c-fde2-4e37-816e-0fa156f7357a","local_time":"20210221174221","is_ascension_mode":false,"campfire_choices":[{"data":"DeathKnight:RuneTap","floor":1,"key":"SMITH"},{"data":"DeathKnight:RuneStrike","floor":8,"key":"SMITH"},{"data":"DeathKnight:IceboundArmor","floor":13,"key":"SMITH"},{"data":"DeathKnight:BloodBoil","floor":20,"key":"SMITH"},{"data":"DeathKnight:Hysteria","floor":25,"key":"SMITH"},{"data":"DeathKnight:FrosPresence","floor":27,"key":"SMITH"},{"floor":37,"key":"RECALL"},{"data":"Panacea","floor":42,"key":"SMITH"},{"data":"DeathKnight:BladedArmor","floor":49,"key":"SMITH"}],"circlet_count":0,"master_deck":["DeathKnight:Strike_DeathKnight","DeathKnight:Strike_DeathKnight","DeathKnight:Strike_DeathKnight","DeathKnight:Strike_DeathKnight","DeathKnight:Defend_DeathKnight","DeathKnight:Defend_DeathKnight","DeathKnight:Defend_DeathKnight","DeathKnight:RuneTap+1","DeathKnight:RuneStrike+1","DeathKnight:HowlingBlast","DeathKnight:IcyTouch","DeathKnight:FoulBulwark","DeathKnight:Simulacrum+1","DeathKnight:IceboundArmor","DeathKnight:BloodStrike","DeathKnight:FrosPresence+1","DeathKnight:IceboundArmor","DeathKnight:IceboundArmor+1","DeathKnight:WraithWalk","Panacea+1","DeathKnight:SindragosasBreath","DeathKnight:BloodBoil+1","DeathKnight:AntiMagicShell","DeathKnight:Hysteria+1","DeathKnight:Frostscythe","DeathKnight:ReapingStrike","DeathKnight:Lichborne+1","DeathKnight:AntiMagicShell","DeathKnight:UnholyPresence","DeathKnight:IcyTouch","DeathKnight:BloodStrike+1","DeathKnight:BladedArmor+1","DeathKnight:Frostscythe","DeathKnight:Defile","CurseOfTheBell","DeathKnight:DeathCoil+1","DeathKnight:Hysteria+1","DeathKnight:MutagenicPlague+1","DeathKnight:Pestilence+1","DeathKnight:FrosPresence+1","expansioncontent:Chronoboost","DeathKnight:UnholyFrenzy","DeathKnight:VampiricBlood"],"relics":["DeathKnight:ReforgedRuneblade","Ornamental Fan","BargainBundle","Replay:Bottled Steam","ChewingGum","hexamod:BolsterEngine","Guardian:PocketSentry","Bronze Scales","Replay:Grab Bag","ReplayTheSpireMod:Onyx Gauntlets","Painkiller Herb","Calling Bell","Replay:Rubber Ducky","Darkstone Periapt","Old Coin","downfall:HeartBlessingRed","Mummified Hand","Bag of Preparation","Lantern","ReplayTheSpireMod:TigerMarble","Mango"],"acts_visited":["Exordium","TheCity","TheBeyond"],"potions_floor_usage":[11,12,24,24,35,40,46,52],"damage_taken":[{"damage":1,"enemies":"Cultist","floor":2,"turns":5},{"damage":4,"enemies":"ats:Genji","floor":3,"turns":3},{"damage":2,"enemies":"Small Slimes","floor":4,"turns":3},{"damage":0,"enemies":"Exordium Wildlife","floor":10,"turns":3},{"damage":0,"enemies":"downfall:FleeingMerchant","floor":11,"turns":4},{"damage":15,"enemies":"Gremlin Nob","floor":12,"turns":5},{"damage":0,"enemies":"Blue Slaver","floor":14,"turns":2},{"damage":0,"enemies":"Lots of Slimes","floor":15,"turns":3},{"damage":0,"enemies":"Exordium Wildlife","floor":16,"turns":5},{"damage":3,"enemies":"Exordium Thugs","floor":17,"turns":7},{"damage":6,"enemies":"WA_ARCHETYPE_RETAIN","floor":18,"turns":8},{"damage":0,"enemies":"Shell Parasite","floor":22,"turns":8},{"damage":9,"enemies":"Spheric Guardian","floor":23,"turns":7},{"damage":0,"enemies":"downfall:FleeingMerchant","floor":24,"turns":4},{"damage":5,"enemies":"Centurion and Healer","floor":28,"turns":7},{"damage":16,"enemies":"Gremlin Leader","floor":29,"turns":7},{"damage":0,"enemies":"Shelled Parasite and Fungi","floor":30,"turns":4},{"damage":0,"enemies":"Snake Plant","floor":31,"turns":4},{"damage":1,"enemies":"Sentry and Sphere","floor":32,"turns":4},{"damage":0,"enemies":"3 Cultists","floor":33,"turns":5},{"damage":0,"enemies":"Snecko","floor":34,"turns":5},{"damage":7,"enemies":"IC_MUSHROOM_ARCHETYPE","floor":35,"turns":9},{"damage":0,"enemies":"Orb Walker","floor":38,"turns":3},{"damage":0,"enemies":"3 Darklings","floor":40,"turns":5},{"damage":0,"enemies":"Transient","floor":44,"turns":5},{"damage":0,"enemies":"downfall:FleeingMerchant","floor":45,"turns":4},{"damage":0,"enemies":"Maw","floor":46,"turns":7},{"damage":0,"enemies":"Giant Head","floor":48,"turns":7},{"damage":29,"enemies":"Reptomancer","floor":50,"turns":7},{"damage":0,"enemies":"4 Shapes","floor":51,"turns":3},{"damage":3,"enemies":"SI_POISON_ARCHETYPE","floor":52,"turns":8}],"seed_played":"6976746905882964565","potions_obtained":[{"floor":2,"key":"GamblersBrew"},{"floor":10,"key":"Strength Potion"},{"floor":17,"key":"DistilledChaos"},{"floor":28,"key":"Languid Potion"},{"floor":30,"key":"DeathKnight:VirulencePotion"},{"floor":31,"key":"Block Potion"},{"floor":38,"key":"Fire Potion"},{"floor":40,"key":"Elixir"}],"is_trial":false,"path_per_floor":["R","M","M","M","?","PTL","PTL","R","T","M","$","E","R","M","M","M","M","B",null,"R","?","M","M","$","R","T","R","M","E","M","M","M","M","M","B",null,"T","?","?","?","?","T","T","?","T","?","?","E","T","E","?","B",null],"character_chosen":"DEATH_KNIGHT","items_purchased":["BargainBundle","DeathKnight:FrosPresence","DeathKnight:IceboundArmor","DeathKnight:WraithWalk","Panacea","FairyPotion","sneckomod:MuddlingPotion","hexamod:BolsterEngine","Mummified Hand","Bag of Preparation","Lantern"],"campfire_rested":0,"item_purchase_floors":[11,11,11,11,11,11,11,24,45,45,45],"current_hp_per_floor":[75,74,70,68,68,68,68,68,68,68,68,53,53,53,53,53,50,44,75,75,75,75,66,66,66,66,66,61,45,45,45,44,44,44,37,75,75,75,75,75,75,75,75,75,75,75,75,75,75,60,60,83],"gold":99,"neow_bonus":"HUNDRED_GOLD","is_daily":false,"chose_seed":false,"campfire_upgraded":8,"win_rate":0.0,"timestamp":1613954541,"path_taken":["R","M","M","?","?","PTL","PTL","R","T","M","$","E","R","M","M","M","M","BOSS","R","?","M","M","$","R","T","R","M","E","M","?","M","M","M","BOSS","T","?","?","?","?","T","T","?","T","?","?","E","T","E","?","BOSS"],"items_purchased_type":["Relic","Card","Card","Card","Card","Potion","Potion","Relic","Relic","Relic","Relic"],"build_version":"2020-12-22","purchased_purges":1,"victory":true,"max_hp_per_floor":[75,75,75,75,75,75,75,75,75,75,75,75,75,75,75,75,75,75,75,75,75,75,75,75,75,75,75,75,75,75,75,75,75,75,75,75,75,75,75,75,75,75,75,75,75,75,75,75,75,89,89,89],"card_choices":[{"not_picked":["DeathKnight:BladedArmor","DeathKnight:UnholyFrenzy"],"picked":"DeathKnight:HowlingBlast","floor":2},{"not_picked":["DeathKnight:RunicCorruption","DeathKnight:Hemostasis"],"picked":"DeathKnight:IcyTouch","floor":3},{"not_picked":["DeathKnight:RaiseAlly","DeathKnight:Parry"],"picked":"DeathKnight:FoulBulwark","floor":4},{"not_picked":["DeathKnight:RaiseAlly","DeathKnight:BloodStrike"],"picked":"DeathKnight:IceboundArmor","floor":10},{"not_picked":["DeathKnight:PillarOfFrost","DeathKnight:DeathGrip"],"picked":"DeathKnight:BloodStrike","floor":11},{"not_picked":["DeathKnight:DreadStrike","DeathKnight:IcyTouch"],"picked":"DeathKnight:SindragosasBreath","floor":12},{"not_picked":["DeathKnight:Parry","DeathKnight:Runeguard"],"picked":"DeathKnight:BloodBoil","floor":14},{"not_picked":["DeathKnight:HartStrike","DeathKnight:ShatteringStrikes"],"picked":"DeathKnight:AntiMagicShell","floor":15},{"not_picked":["DeathKnight:HornOfWinter","DeathKnight:ScourgeStrike"],"picked":"DeathKnight:Hysteria","floor":16},{"not_picked":["DeathKnight:DeathCoil","DeathKnight:PillarOfFrost"],"picked":"DeathKnight:Frostscythe","floor":17},{"not_picked":["DeathKnight:VampiricBlood","DeathKnight:Defile"],"picked":"DeathKnight:ReapingStrike","floor":18},{"not_picked":["DeathKnight:AntiMagicShell","DeathKnight:DarkSuccor"],"picked":"DeathKnight:Lichborne+1","floor":22},{"not_picked":["DeathKnight:UnholyAssault","DeathKnight:FesteringStrike+1"],"picked":"DeathKnight:AntiMagicShell","floor":23},{"not_picked":["DeathKnight:Runeguard","DeathKnight:Obliterate"],"picked":"DeathKnight:UnholyPresence","floor":24},{"not_picked":["DeathKnight:FesteringStrike","DeathKnight:Marrowrend"],"picked":"DeathKnight:IcyTouch","floor":28},{"not_picked":["DeathKnight:Ossuary","DeathKnight:Marrowrend","DeathKnight:DeathAndDecay"],"picked":"SKIP","floor":29},{"not_picked":["DeathKnight:HornOfWinter","DeathKnight:UnholyPresence+1","DeathKnight:IcyTouch"],"picked":"SKIP","floor":30},{"not_picked":["DeathKnight:BludPresence+1","DeathKnight:GargoyleSkin"],"picked":"DeathKnight:BloodStrike+1","floor":31},{"not_picked":["DeathKnight:GargoyleSkin","DeathKnight:MindFreeze+1"],"picked":"DeathKnight:BladedArmor","floor":32},{"not_picked":["DeathKnight:IcyTouch","DeathKnight:DeathGrip","DeathKnight:MindFreeze"],"picked":"SKIP","floor":33},{"not_picked":["DeathKnight:BloodStrike","DeathKnight:DancingRuneblade"],"picked":"DeathKnight:Frostscythe","floor":34},{"not_picked":["DeathKnight:SindragosasBreath","DeathKnight:BoneStorm"],"picked":"DeathKnight:Defile","floor":35},{"not_picked":["DeathKnight:BloodStrike","DeathKnight:DreadStrike+1"],"picked":"DeathKnight:DeathCoil+1","floor":38},{"not_picked":["DeathKnight:DeathGrip","DeathKnight:WraithWalk+1"],"picked":"DeathKnight:Hysteria+1","floor":40},{"not_picked":["DeathKnight:Hemostasis+1","DeathKnight:MindFreeze+1"],"picked":"DeathKnight:MutagenicPlague+1","floor":44},{"not_picked":["DeathKnight:BoneSpear+1","DeathKnight:BloodTap"],"picked":"DeathKnight:Pestilence+1","floor":45},{"not_picked":["DeathKnight:Obliterate","DeathKnight:Culling+1"],"picked":"DeathKnight:FrosPresence+1","floor":46},{"not_picked":["Replay:SS_fish_1","expansioncontent:PolyBeam"],"picked":"expansioncontent:Chronoboost","floor":47},{"not_picked":["DeathKnight:Pestilence","DeathKnight:PlagueStrike"],"picked":"DeathKnight:UnholyFrenzy","floor":48},{"not_picked":["DeathKnight:DeathsAdvance","DeathKnight:ShatteringStrikes"],"picked":"DeathKnight:VampiricBlood","floor":50},{"not_picked":["DeathKnight:BoneSpear+1","DeathKnight:HartStrike+1","DeathKnight:MindFreeze+1"],"picked":"SKIP","floor":51}],"player_experience":2481188,"relics_obtained":[{"floor":9,"key":"Ornamental Fan"},{"floor":12,"key":"Replay:Bottled Steam"},{"floor":26,"key":"Guardian:PocketSentry"},{"floor":29,"key":"Bronze Scales"},{"floor":36,"key":"Replay:Rubber Ducky"},{"floor":36,"key":"Darkstone Periapt"},{"floor":36,"key":"Old Coin"},{"floor":48,"key":"ReplayTheSpireMod:TigerMarble"},{"floor":50,"key":"Mango"}],"event_choices":[{"cards_removed":["DeathKnight:Defend_DeathKnight"],"damage_healed":0,"gold_gain":0,"player_choice":"Offered Basic","damage_taken":0,"max_hp_gain":0,"max_hp_loss":0,"event_name":"Bonfire Elementals","floor":21,"gold_loss":0}],"is_beta":false,"boss_relics":[{"not_picked":["beaked:MawFillet","Sozu"],"picked":"ChewingGum"},{"not_picked":["DeathKnight:Shadowmourne","Runic Pyramid"],"picked":"Replay:Grab Bag"},{"not_picked":["Replay:Fungal Core","Abe\u0027s Treasure"],"picked":"ReplayTheSpireMod:Onyx Gauntlets"},{"not_picked":["ReplayTheSpireMod:DimensionalGlitch","bronze:MakeshiftBattery"],"picked":"Painkiller Herb"},{"not_picked":["Silver_Glasses","Astrolabe"],"picked":"Calling Bell"}],"items_purged_floors":[11],"is_endless":false,"potions_floor_spawned":[2,10,17,18,22,28,30,31,34,38,40],"ascension_level":0}}