{"host":"1e3ivg30op4goso1","time":1613961029,"event":{"mods":["AchievementEnabler","Ascension Unlocker","BaseMod","Colored Map","Minty Spire (QoL Compilation)","Permanent Neow","Quick Restart","Relic Filter","StSLib","SuperFastMode"],"gold_per_floor":[117,137,137,137,137,137,152,152,152,181,193,380,392,423,435,548,560,586,598,624,735,757,769,769],"floor_reached":23,"language":"ENG","playtime":895,"items_purged":[],"score":284,"play_id":"2f6ff25c-ef68-4a39-888e-5dc99b58a6c6","local_time":"20210221213029","is_ascension_mode":true,"campfire_choices":[{"data":"Armaments","floor":6,"key":"SMITH"},{"floor":8,"key":"REST"},{"data":"True Grit","floor":11,"key":"SMITH"},{"data":"Inflame","floor":15,"key":"SMITH"}],"circlet_count":0,"master_deck":["AscendersBane","Strike_R","Strike_R","Strike_R","Strike_R","Strike_R","Defend_R","Defend_R","Defend_R","Bash","Armaments+1","Burning Pact","Inflame+1","True Grit+1","Barricade","Demon Form"],"relics":["Snecko Eye","Oddly Smooth Stone","Mercury Hourglass","MawBank","Sozu"],"acts_visited":["Exordium","TheCity"],"potions_floor_usage":[7,18],"damage_taken":[{"damage":7,"enemies":"Jaw Worm","floor":1,"turns":3},{"damage":1,"enemies":"Small Slimes","floor":2,"turns":3},{"damage":7,"enemies":"2 Louse","floor":7,"turns":3},{"damage":13,"enemies":"Lagavulin","floor":10,"turns":7},{"damage":7,"enemies":"Blue Slaver","floor":14,"turns":2},{"damage":16,"enemies":"Slime Boss","floor":16,"turns":8},{"damage":6,"enemies":"3 Byrds","floor":18,"turns":5},{"damage":6,"enemies":"Spheric Guardian","floor":20,"turns":6},{"damage":27,"enemies":"Snake Plant","floor":22,"turns":4},{"damage":31,"enemies":"Slavers","floor":23,"turns":3}],"seed_played":"3296702693950085473","potions_obtained":[{"floor":2,"key":"Fire Potion"},{"floor":14,"key":"GamblersBrew"}],"is_trial":false,"path_per_floor":["M","M","?","$","?","R","M","R","T","E","R","?","$","M","R","B",null,"M","?","M","?","M","E"],"character_chosen":"IRONCLAD","items_purchased":[],"campfire_rested":1,"item_purchase_floors":[],"current_hp_per_floor":[65,64,64,64,57,57,50,74,74,61,61,61,61,54,54,38,70,64,64,58,58,31,0,0],"gold":769,"neow_bonus":"BOSS_RELIC","is_daily":false,"chose_seed":false,"campfire_upgraded":3,"win_rate":0.0,"timestamp":1613961029,"path_taken":["M","M","?","$","?","R","M","R","T","E","R","?","?","M","R","BOSS","M","?","?","?","M","E"],"items_purchased_type":[],"build_version":"2020-12-22","purchased_purges":0,"victory":false,"max_hp_per_floor":[80,80,80,80,80,80,80,80,80,80,80,80,80,80,80,80,80,80,80,80,80,80,80,80],"card_choices":[{"not_picked":["Iron Wave","Anger"],"picked":"Armaments","floor":1},{"not_picked":["Anger","Armaments"],"picked":"Burning Pact","floor":2},{"not_picked":["Rupture","Bloodletting","Limit Break"],"picked":"SKIP","floor":7},{"not_picked":["Headbutt","Armaments"],"picked":"True Grit","floor":10},{"not_picked":["Flex","Perfected Strike","Clothesline"],"picked":"SKIP","floor":14},{"not_picked":["Feed","Offering"],"picked":"Barricade","floor":16},{"not_picked":["Heavy Blade","Body Slam+1","True Grit"],"picked":"SKIP","floor":18},{"not_picked":["Flex","Thunderclap","Body Slam"],"picked":"SKIP","floor":20},{"not_picked":["Iron Wave+1","Armaments"],"picked":"Demon Form","floor":22}],"player_experience":19024,"relics_obtained":[{"floor":9,"key":"Mercury Hourglass"},{"floor":10,"key":"MawBank"}],"event_choices":[{"damage_healed":0,"gold_gain":0,"cards_transformed":["Defend_R"],"player_choice":"Change","damage_taken":0,"max_hp_gain":0,"max_hp_loss":0,"event_name":"Living Wall","floor":3,"gold_loss":0,"cards_obtained":["Inflame"]},{"damage_healed":0,"gold_gain":0,"player_choice":"Success","damage_taken":7,"relics_obtained":["Oddly Smooth Stone"],"max_hp_gain":0,"max_hp_loss":0,"event_name":"Scrap Ooze","floor":5,"gold_loss":0},{"damage_healed":0,"gold_gain":175,"player_choice":"AGREE","damage_taken":0,"max_hp_gain":0,"max_hp_loss":0,"event_name":"Liars Game","floor":12,"gold_loss":0,"cards_obtained":["Doubt"]},{"cards_removed":["Doubt"],"damage_healed":0,"gold_gain":0,"player_choice":"Purged","damage_taken":0,"max_hp_gain":0,"max_hp_loss":0,"event_name":"Purifier","floor":19,"gold_loss":0},{"damage_healed":0,"gold_gain":99,"player_choice":"Stole From Cult","damage_taken":0,"max_hp_gain":0,"max_hp_loss":0,"event_name":"Nest","floor":21,"gold_loss":0}],"is_beta":false,"boss_relics":[{"not_picked":["Velvet Choker","Cursed Key"],"picked":"Sozu"}],"items_purged_floors":[],"is_endless":false,"potions_floor_spawned":[2,14,22],"killed_by":"Slavers","ascension_level":10}}