{"host":"4kmvpqjeiacgn1pr","time":1613960042,"event":{"mods":["A Penny For Your Troubles","AchievementEnabler","AlwaysNeverKeys","Aspiration","BaseMod","Bestiary","Better Altar","Better Match","Better Note","Better Sensory Stone","Better Skull","Better Third Choice","Better Vampires","BetterRewards","Colored Map","Colored Powertips","Conspire","Curses Come First","Downfall","Halation","Highlight Path","Infinite Spire","Minty Spire (QoL Compilation)","Permanent Neow","Quick Restart","Rare Cards Sparkle","Relic Sorter","Relic Stats","Replay The Spire","Reworked Bosses","Shop Mod","Smile Girya","Spicy Shops","Spikes Relics","StSLib","Waifu the Spire"],"gold_per_floor":[111,61,61,76,91,120,120,135,160,160,191,202,202,222,222,318,318,330,330,357,357,373,373,406,102,102,127,127,137,164,164,164,260,260,271,305,317,317,335,362,362,378,378,378,378,378],"floor_reached":45,"language":"ENG","playtime":2614,"items_purged":["Strike_B"],"score":629,"play_id":"c9e81f77-d76f-459f-99a9-acba109d23f3","local_time":"20210221211402","is_ascension_mode":true,"campfire_choices":[{"data":"Sunder","floor":7,"key":"SMITH"},{"data":"Zap","floor":10,"key":"SMITH"},{"floor":15,"key":"DIG"},{"data":"ReplayTheSpireMod:Splinters","floor":41,"key":"SMITH"}],"circlet_count":0,"master_deck":["Strike_B","Defend_B","Defend_B","Defend_B","Zap+1","Dualcast","Hologram","Defragment","Sunder+1","DiskWipe","ReplayTheSpireMod:System Scan","Sweeping Beam+1","BasicCrystalCard","Doom and Gloom","All For One+1","Panic Button","downfall:Icky","Core Surge+1","Hello World","ReplayTheSpireMod:GoodbyeWorld","White Noise","Time Bomb+1","Loop+1","Amplify","Compile Driver+1","Aggregate","Hologram+1","Consume","Steam+1"],"relics":["Cracked Core","aspiration:Nostalgia","infinitespire:DarkRift","Girya","Replay:Baseball","DataDisk","Tiny Chest","halation:PinkSoulGem","ReplayTheSpireMod:TigerMarble","Empty Cage","Replay:Blank Codex","halation:PrussianBluePaint","Art of War","SnailShell","MealTicket","ReplayTheSpireMod:Shallot","Vajra","Ring of Chaos","HornCleat","CrustySpines","conspire:SpecialSausage","Bag of Preparation","Omamori","Whetstone","halation:TwoAmDonut"],"acts_visited":["Exordium","TheCity","TheBeyond"],"potions_floor_usage":[6,14,16,16,27,29,29,31,45],"damage_taken":[{"damage":1,"enemies":"2 Louse","floor":1,"turns":4},{"damage":2,"enemies":"Jaw Worm","floor":4,"turns":3},{"damage":0,"enemies":"Small Slimes","floor":5,"turns":3},{"damage":20,"enemies":"Gremlin Nob","floor":6,"turns":4},{"damage":6,"enemies":"Looter","floor":8,"turns":2},{"damage":7,"enemies":"3 Sentries","floor":11,"turns":5},{"damage":5,"enemies":"Blue Slaver","floor":12,"turns":2},{"damage":5,"enemies":"Gremlin Gang","floor":14,"turns":2},{"damage":7,"enemies":"Fading Forest","floor":16,"turns":11},{"damage":0,"enemies":"Spheric Guardian","floor":18,"turns":2},{"damage":2,"enemies":"Chosen","floor":22,"turns":3},{"damage":27,"enemies":"Nightmare","floor":24,"turns":5},{"damage":0,"enemies":"Gremlin Leader","floor":27,"turns":2},{"damage":8,"enemies":"conspire:HollyBat","floor":29,"turns":6},{"damage":0,"enemies":"Slavers","floor":30,"turns":3},{"damage":0,"enemies":"Snake Plant","floor":31,"turns":1},{"damage":4,"enemies":"bossMod:newChamp","floor":33,"turns":6},{"damage":0,"enemies":"Orb Walker","floor":35,"turns":3},{"damage":0,"enemies":"3 Shapes","floor":37,"turns":3},{"damage":8,"enemies":"3 Darklings","floor":39,"turns":4},{"damage":17,"enemies":"R_Hoarder","floor":40,"turns":7},{"damage":44,"enemies":"Maw","floor":42,"turns":7},{"damage":6,"enemies":"Reptomancer","floor":45,"turns":1}],"seed_played":"3694216519710845170","potions_obtained":[{"floor":5,"key":"AttackPotion"},{"floor":6,"key":"sneckomod:MuddlingPotion"},{"floor":8,"key":"Swift Potion"},{"floor":12,"key":"Explosive Potion"},{"floor":14,"key":"SmokeBomb"},{"floor":22,"key":"DuplicationPotion"},{"floor":24,"key":"Swift Potion"},{"floor":27,"key":"Swift Potion"},{"floor":30,"key":"bronze:BurnAndBuffPotion"},{"floor":33,"key":"EssenceOfSteel"},{"floor":36,"key":"Ancient Potion"}],"is_trial":false,"path_per_floor":["M","?","?","M","M","E","R","M","T","R","E","M","?","M","R_BF","B",null,"M","?","T","?","M","R","NM","$","T","E","AVR","M","E","M","R_BF","B",null,"M","?","M","T","M","E","R","M","T","?","E"],"character_chosen":"DEFECT","items_purchased":["ReplayTheSpireMod:GoodbyeWorld","White Noise","MealTicket"],"campfire_rested":0,"item_purchase_floors":[25,25,25],"current_hp_per_floor":[74,74,74,72,72,52,52,46,46,46,39,34,34,29,29,40,66,66,50,50,50,48,48,21,21,21,21,21,13,13,13,35,31,64,64,64,64,64,66,49,49,5,5,5,0,0],"gold":378,"neow_bonus":"NOSTALGIA","is_daily":false,"chose_seed":false,"campfire_upgraded":3,"win_rate":0.0,"timestamp":1613960042,"path_taken":["M","?","?","M","M","E","R","M","T","R","E","M","?","?","R_BF","BOSS","M","?","?","?","?","R","NM","$","T","E","AVR","M","E","M","R_BF","BOSS","M","?","M","?","?","E","R","M","T","?","E"],"items_purchased_type":["Card","Card","Relic"],"build_version":"2020-12-22","purchased_purges":1,"victory":false,"max_hp_per_floor":[75,75,75,75,75,75,75,75,75,75,75,75,75,75,75,75,75,75,75,75,75,75,75,75,75,75,75,75,75,75,75,75,75,75,75,75,75,75,75,75,75,75,75,75,75,75],"relic_stats":{"counters":[23,88],"Tiny Chest":2,"MealTicket":0,"Art of War":[6],"Bag of Preparation":[10],"Whetstone":["Sweeping Beam","All For One"],"obtain_stats":[{"SnailShell":24,"Vajra":27,"conspire:SpecialSausage":34,"Bag of Preparation":36,"Whetstone":40,"Empty Cage":17,"HornCleat":28,"halation:PrussianBluePaint":20,"Tiny Chest":11,"MealTicket":25,"Cracked Core":0,"Replay:Blank Codex":19,"Girya":3,"aspiration:Nostalgia":0,"Ring of Chaos":28,"Omamori":38,"infinitespire:DarkRift":0,"Replay:Baseball":6,"DataDisk":9,"ReplayTheSpireMod:Shallot":26,"ReplayTheSpireMod:TigerMarble":15,"Art of War":21,"halation:TwoAmDonut":43,"halation:PinkSoulGem":13,"CrustySpines":30},{"SnailShell":12,"Vajra":13,"conspire:SpecialSausage":17,"Bag of Preparation":18,"Whetstone":21,"Empty Cage":9,"HornCleat":13,"halation:PrussianBluePaint":10,"Tiny Chest":6,"MealTicket":12,"Cracked Core":0,"Replay:Blank Codex":10,"Girya":1,"aspiration:Nostalgia":0,"Ring of Chaos":13,"Omamori":19,"infinitespire:DarkRift":0,"Replay:Baseball":4,"DataDisk":5,"ReplayTheSpireMod:Shallot":12,"ReplayTheSpireMod:TigerMarble":8,"Art of War":10,"halation:TwoAmDonut":22,"halation:PinkSoulGem":7,"CrustySpines":15},{"SnailShell":46,"Vajra":48,"conspire:SpecialSausage":64,"Bag of Preparation":67,"Whetstone":81,"Empty Cage":36,"HornCleat":48,"halation:PrussianBluePaint":38,"Tiny Chest":21,"MealTicket":46,"Cracked Core":0,"Replay:Blank Codex":38,"Girya":4,"aspiration:Nostalgia":0,"Ring of Chaos":48,"Omamori":70,"infinitespire:DarkRift":0,"Replay:Baseball":14,"DataDisk":16,"ReplayTheSpireMod:Shallot":46,"ReplayTheSpireMod:TigerMarble":25,"Art of War":38,"halation:TwoAmDonut":87,"halation:PinkSoulGem":23,"CrustySpines":57}]},"card_choices":[{"not_picked":["Cold Snap","Compile Driver"],"picked":"Hologram","floor":1},{"not_picked":["Scrape","ReplayTheSpireMod:Dual Polarity"],"picked":"Defragment","floor":4},{"not_picked":["Leap","Steam"],"picked":"Sunder","floor":5},{"not_picked":["Leap","Go for the Eyes"],"picked":"DiskWipe","floor":6},{"not_picked":["Gash","Barrage"],"picked":"ReplayTheSpireMod:System Scan","floor":8},{"not_picked":["Steam","Gash"],"picked":"Sweeping Beam","floor":11},{"not_picked":["Turbo","Go for the Eyes"],"picked":"BasicCrystalCard","floor":12},{"not_picked":["Steam","Rebound"],"picked":"Doom and Gloom","floor":14},{"not_picked":["Meteor Strike","Thunder Strike"],"picked":"All For One","floor":16},{"not_picked":["BasicCrystalCard","Compile Driver"],"picked":"Panic Button","floor":18},{"not_picked":["Panic Button+1","Auto Shields+1"],"picked":"Core Surge","floor":22},{"not_picked":["Gash","Beam Cell"],"picked":"Hello World","floor":24},{"not_picked":["BasicCrystalCard","DiskWipe"],"picked":"Time Bomb+1","floor":27},{"not_picked":["Turbo+1","Barrage"],"picked":"Heatsinks+1","floor":29},{"not_picked":["Streamline+1","Coolheaded"],"picked":"Loop","floor":30},{"not_picked":["Mirror Shield","Reboot"],"picked":"Amplify","floor":33},{"not_picked":["Leap+1","Ball Lightning+1"],"picked":"Compile Driver+1","floor":35},{"not_picked":["ReplaySolidLightProjector","Multi-Cast"],"picked":"Aggregate","floor":36},{"not_picked":["Conserve Battery","Ball Lightning","Rebound"],"picked":"SKIP","floor":37},{"not_picked":["Rebound+1","Conserve Battery+1"],"picked":"Hologram+1","floor":39},{"not_picked":["Ball Lightning+1","ReplayTheSpireMod:System Scan+1"],"picked":"Consume","floor":40},{"not_picked":["RefreshScreen","Coolheaded+1"],"picked":"Steam+1","floor":42}],"player_experience":499938,"relics_obtained":[{"floor":3,"key":"Girya"},{"floor":6,"key":"Replay:Baseball"},{"floor":9,"key":"DataDisk"},{"floor":11,"key":"Tiny Chest"},{"floor":15,"key":"ReplayTheSpireMod:TigerMarble"},{"floor":19,"key":"Replay:Blank Codex"},{"floor":20,"key":"halation:PrussianBluePaint"},{"floor":24,"key":"SnailShell"},{"floor":26,"key":"ReplayTheSpireMod:Shallot"},{"floor":27,"key":"Vajra"},{"floor":30,"key":"CrustySpines"},{"floor":36,"key":"Bag of Preparation"},{"floor":38,"key":"Omamori"},{"floor":40,"key":"Whetstone"},{"floor":43,"key":"halation:TwoAmDonut"}],"event_choices":[{"cards_removed":["Strike_B"],"damage_healed":0,"gold_gain":0,"player_choice":"Card Removal","damage_taken":0,"max_hp_gain":0,"max_hp_loss":0,"event_name":"The Cleric","floor":2,"gold_loss":50},{"damage_healed":0,"gold_gain":0,"player_choice":"Obtained Book","damage_taken":16,"max_hp_gain":0,"max_hp_loss":0,"event_name":"Cursed Tome","floor":19,"gold_loss":0},{"cards_removed":["Heatsinks"],"damage_healed":0,"gold_gain":0,"player_choice":"Removed Power","damage_taken":0,"max_hp_gain":0,"max_hp_loss":0,"event_name":"Falling","floor":44,"gold_loss":0}],"is_beta":false,"boss_relics":[{"not_picked":["Runic Dome","Honey Jar"],"picked":"Empty Cage"},{"not_picked":["infinitespire:Cupcake","Abe\u0027s Treasure"],"picked":"conspire:SpecialSausage"}],"items_purged_floors":[28],"is_endless":true,"potions_floor_spawned":[5,6,8,12,14,22,24,27,30,33,39],"killed_by":"Reptomancer","ascension_level":5}}