{"host":"f1ywytio1xmbwkwz","time":1613976049,"event":{"mods":["BaseMod","Minty Spire (QoL Compilation)","Rare Cards Sparkle","Relic Stats","StSLib"],"gold_per_floor":[217,230,230,245,260,260,300,313,362,386,422,43,57,82,82,205,205,223,223,133,151,66,101,121,121,121,121,144,175,300,7,7,138,138,163,38,38,38,56,56,79,117,162,12,33,33,46,66,66,66,66],"floor_reached":50,"language":"ENG","playtime":2215,"items_purged":["Strike_G","Strike_G","Strike_G","Strike_G"],"score":864,"play_id":"e4ff534d-ad6c-41cf-8468-b7d7d3b55572","local_time":"20210221234049","is_ascension_mode":true,"campfire_choices":[{"floor":6,"key":"REST"},{"floor":15,"key":"REST"},{"floor":25,"key":"REST"},{"floor":32,"key":"REST"},{"floor":40,"key":"DIG"},{"floor":46,"key":"DIG"},{"floor":49,"key":"REST"}],"circlet_count":0,"master_deck":["Defend_G+1","Defend_G","Defend_G","Defend_G","Defend_G+1","Survivor","Neutralize","Dagger Spray","Underhanded Strike","Dagger Spray","Footwork","Blade Dance","Footwork","Poisoned Stab+1","Adrenaline","Noxious Fumes","A Thousand Cuts","Deflect","A Thousand Cuts","Cloak And Dagger","Slice","Storm of Steel","Cloak And Dagger","Backflip+1","Calculated Gamble","Cloak And Dagger","Venomology","Blade Dance","Writhe","Deflect+1","Accuracy","Cloak And Dagger+1","Deflect+1","Blade Dance+1"],"relics":["Ring of the Snake","Golden Idol","PreservedInsect","War Paint","Shuriken","ClockworkSouvenir","Fusion Hammer","Vajra","Blue Candle","Sundial","MutagenicStrength","Paper Crane","Shovel","Mummified Hand","Pen Nib","WristBlade","HornCleat","Potion Belt","Molten Egg 2","Dream Catcher","Bottled Flame"],"acts_visited":["Exordium","TheCity","TheBeyond"],"potions_floor_usage":[8,11,11,16,30,30,33,39,45,47,48,48,50,50,50],"damage_taken":[{"damage":11,"enemies":"Small Slimes","floor":1,"turns":5},{"damage":0,"enemies":"2 Louse","floor":2,"turns":2},{"damage":0,"enemies":"Cultist","floor":4,"turns":4},{"damage":11,"enemies":"2 Fungi Beasts","floor":5,"turns":3},{"damage":16,"enemies":"3 Sentries","floor":7,"turns":8},{"damage":17,"enemies":"Large Slime","floor":8,"turns":5},{"damage":4,"enemies":"Blue Slaver","floor":10,"turns":5},{"damage":0,"enemies":"Gremlin Nob","floor":11,"turns":3},{"damage":2,"enemies":"Exordium Wildlife","floor":13,"turns":5},{"damage":1,"enemies":"Looter","floor":14,"turns":2},{"damage":0,"enemies":"Slime Boss","floor":16,"turns":8},{"damage":4,"enemies":"Chosen","floor":18,"turns":4},{"damage":0,"enemies":"Spheric Guardian","floor":21,"turns":4},{"damage":22,"enemies":"Slavers","floor":23,"turns":3},{"damage":14,"enemies":"3 Cultists","floor":24,"turns":4},{"damage":0,"enemies":"Centurion and Healer","floor":28,"turns":3},{"damage":0,"enemies":"Gremlin Leader","floor":29,"turns":4},{"damage":16,"enemies":"Colosseum Slavers","floor":30,"turns":2},{"damage":0,"enemies":"Colosseum Nobs","floor":30,"turns":4},{"damage":29,"enemies":"Collector","floor":33,"turns":8},{"damage":0,"enemies":"3 Shapes","floor":35,"turns":3},{"damage":1,"enemies":"3 Darklings","floor":39,"turns":3},{"damage":1,"enemies":"Transient","floor":41,"turns":5},{"damage":13,"enemies":"Reptomancer","floor":42,"turns":3},{"damage":12,"enemies":"Jaw Worm Horde","floor":45,"turns":3},{"damage":1,"enemies":"Sphere and 2 Shapes","floor":47,"turns":3},{"damage":1,"enemies":"Spire Growth","floor":48,"turns":2},{"damage":56,"enemies":"Donu and Deca","floor":50,"turns":4}],"seed_played":"-2926794466238429877","potions_obtained":[{"floor":4,"key":"FearPotion"},{"floor":7,"key":"EssenceOfSteel"},{"floor":10,"key":"CunningPotion"},{"floor":13,"key":"DuplicationPotion"},{"floor":23,"key":"SpeedPotion"},{"floor":24,"key":"LiquidBronze"},{"floor":30,"key":"PowerPotion"},{"floor":33,"key":"AttackPotion"},{"floor":42,"key":"Dexterity Potion"}],"is_trial":false,"path_per_floor":["M","M","?","M","M","R","E","M","T","M","E","$","M","M","R","B",null,"M","?","?","M","?","E","M","R","T","?","M","E","?","$","R","B",null,"M","$","?","T","M","R","M","E","T","$","M","R","M","M","R","B"],"character_chosen":"THE_SILENT","items_purchased":["ClockworkSouvenir","Adrenaline","Noxious Fumes","Pen Nib","Cloak And Dagger"],"campfire_rested":5,"item_purchase_floors":[12,12,12,31,31],"current_hp_per_floor":[52,52,52,52,41,60,44,27,27,23,23,23,21,20,39,39,59,55,55,55,55,55,33,19,38,38,38,38,38,22,22,41,12,52,52,52,65,65,64,64,63,50,50,50,38,38,37,36,55,0,0],"gold":66,"neow_bonus":"HUNDRED_GOLD","is_daily":false,"chose_seed":false,"campfire_upgraded":0,"win_rate":0.0,"timestamp":1613976049,"path_taken":["M","M","?","M","M","R","E","M","T","M","E","$","M","M","R","BOSS","M","?","?","?","?","E","M","R","T","?","M","E","?","?","R","BOSS","M","$","?","?","M","R","M","E","T","?","M","R","M","M","R","BOSS"],"items_purchased_type":["Relic","Card","Card","Relic","Card"],"build_version":"2020-12-22","purchased_purges":4,"victory":false,"max_hp_per_floor":[70,70,65,65,65,65,65,65,65,65,65,65,65,65,65,65,65,65,65,65,65,65,65,65,65,65,65,65,65,65,65,65,65,65,65,65,65,65,65,65,65,65,65,65,65,65,65,65,65,65,65],"relic_stats":{"counters":[28,112],"Golden Idol":176,"Blue Candle":[7],"PreservedInsect":202,"Pen Nib":[11],"War Paint":["Defend_G","Defend_G"],"Dream Catcher":1,"Shovel":2,"Shuriken":[47],"Sundial":[0],"Mummified Hand":[37],"obtain_stats":[{"Potion Belt":40,"Golden Idol":3,"Blue Candle":23,"Vajra":22,"PreservedInsect":7,"Pen Nib":31,"War Paint":9,"Paper Crane":29,"ClockworkSouvenir":12,"Dream Catcher":43,"Bottled Flame":46,"Shovel":30,"HornCleat":38,"WristBlade":34,"Shuriken":11,"Sundial":26,"Mummified Hand":30,"MutagenicStrength":27,"Molten Egg 2":42,"Fusion Hammer":17,"Ring of the Snake":0},{"Potion Belt":22,"Golden Idol":2,"Blue Candle":14,"Vajra":13,"PreservedInsect":5,"Pen Nib":19,"War Paint":6,"Paper Crane":17,"ClockworkSouvenir":8,"Dream Catcher":24,"Bottled Flame":25,"Shovel":19,"HornCleat":21,"WristBlade":20,"Shuriken":8,"Sundial":15,"Mummified Hand":19,"MutagenicStrength":15,"Molten Egg 2":24,"Fusion Hammer":11,"Ring of the Snake":0},{"Potion Belt":92,"Golden Idol":7,"Blue Candle":61,"Vajra":58,"PreservedInsect":22,"Pen Nib":78,"War Paint":27,"Paper Crane":72,"ClockworkSouvenir":35,"Dream Catcher":100,"Bottled Flame":103,"Shovel":78,"HornCleat":89,"WristBlade":86,"Shuriken":35,"Sundial":65,"Mummified Hand":78,"MutagenicStrength":65,"Molten Egg 2":100,"Fusion Hammer":50,"Ring of the Snake":0}],"Ring of the Snake":[56]},"card_choices":[{"not_picked":["Bouncing Flask","Acrobatics"],"picked":"Dagger Spray","floor":1},{"not_picked":["Deadly Poison","Flechettes"],"picked":"Underhanded Strike","floor":2},{"not_picked":["Backflip","Sucker Punch"],"picked":"Dagger Spray","floor":4},{"not_picked":["Sucker Punch","Heel Hook"],"picked":"Footwork","floor":5},{"not_picked":["Phantasmal Killer","Deadly Poison"],"picked":"Blade Dance","floor":7},{"not_picked":["Masterful Stab","Underhanded Strike","PiercingWail"],"picked":"SKIP","floor":8},{"not_picked":["Eviscerate","Distraction"],"picked":"Footwork","floor":10},{"not_picked":["Dagger Spray","Expertise"],"picked":"Poisoned Stab","floor":11},{"not_picked":["Prepared","Quick Slash"],"picked":"A Thousand Cuts","floor":13},{"not_picked":["Escape Plan","Dash"],"picked":"Deflect","floor":14},{"not_picked":["Unload","Venomology"],"picked":"A Thousand Cuts","floor":16},{"not_picked":["Flying Knee","Expertise","Reflex+1"],"picked":"SKIP","floor":18},{"not_picked":["Quick Slash","Catalyst+1"],"picked":"Slice","floor":21},{"not_picked":["Terror","Bane","Poisoned Stab"],"picked":"SKIP","floor":23},{"not_picked":["Acrobatics","All Out Attack"],"picked":"Storm of Steel","floor":24},{"not_picked":["Distraction","Bane"],"picked":"Cloak And Dagger","floor":28},{"not_picked":["Dash","Bouncing Flask"],"picked":"Backflip+1","floor":29},{"not_picked":["Riddle With Holes","Skewer"],"picked":"Calculated Gamble","floor":30},{"not_picked":["Glass Knife","Unload"],"picked":"Venomology","floor":33},{"not_picked":["Crippling Poison+1","Flying Knee"],"picked":"Blade Dance","floor":35},{"not_picked":["Dagger Throw+1","Distraction+1"],"picked":"Deflect+1","floor":39},{"not_picked":["Predator+1","Expertise"],"picked":"Accuracy","floor":41},{"not_picked":["Choke+1","Deflect+1"],"picked":"Cloak And Dagger+1","floor":42},{"not_picked":["Flying Knee+1","Concentrate+1"],"picked":"Deflect+1","floor":45},{"not_picked":["Backflip+1","Flying Knee+1","Dodge and Roll"],"picked":"SKIP","floor":47},{"not_picked":["Reflex","Dagger Spray+1","Backflip"],"picked":"SKIP","floor":48},{"not_picked":["Bane+1","Heel Hook+1"],"picked":"Blade Dance+1","floor":49}],"player_experience":311397,"relics_obtained":[{"floor":7,"key":"PreservedInsect"},{"floor":9,"key":"War Paint"},{"floor":11,"key":"Shuriken"},{"floor":23,"key":"Blue Candle"},{"floor":26,"key":"Sundial"},{"floor":29,"key":"Paper Crane"},{"floor":30,"key":"Shovel"},{"floor":30,"key":"Mummified Hand"},{"floor":38,"key":"HornCleat"},{"floor":40,"key":"Potion Belt"},{"floor":42,"key":"Molten Egg 2"},{"floor":43,"key":"Dream Catcher"},{"floor":46,"key":"Bottled Flame"}],"event_choices":[{"damage_healed":0,"gold_gain":0,"player_choice":"Lose Max HP","damage_taken":0,"relics_obtained":["Golden Idol"],"max_hp_gain":0,"max_hp_loss":5,"event_name":"Golden Idol","floor":3,"gold_loss":0},{"damage_healed":0,"gold_gain":0,"player_choice":"Read","damage_taken":0,"max_hp_gain":0,"max_hp_loss":0,"event_name":"The Library","floor":19,"gold_loss":0,"cards_obtained":["Cloak And Dagger"]},{"cards_removed":["Strike_G"],"damage_healed":0,"gold_gain":0,"player_choice":"Upgrade and Remove","damage_taken":0,"max_hp_gain":0,"max_hp_loss":0,"event_name":"Designer","floor":20,"gold_loss":90,"cards_upgraded":["Poisoned Stab"]},{"damage_healed":0,"gold_gain":0,"player_choice":"Obtained Relic","damage_taken":0,"relics_obtained":["Vajra"],"max_hp_gain":0,"max_hp_loss":0,"event_name":"Addict","floor":22,"gold_loss":85},{"damage_healed":0,"gold_gain":0,"player_choice":"Inject Mutagens","damage_taken":0,"relics_obtained":["MutagenicStrength"],"max_hp_gain":0,"max_hp_loss":0,"event_name":"Drug Dealer","floor":27,"gold_loss":0},{"damage_healed":0,"gold_gain":0,"player_choice":"Fight","damage_taken":0,"max_hp_gain":0,"max_hp_loss":0,"event_name":"Colosseum","floor":30,"gold_loss":0},{"damage_healed":0,"gold_gain":0,"player_choice":"Fought Nobs","damage_taken":0,"max_hp_gain":0,"max_hp_loss":0,"event_name":"Colosseum","floor":30,"gold_loss":0},{"damage_healed":16,"gold_gain":0,"player_choice":"Writhe","damage_taken":0,"max_hp_gain":0,"max_hp_loss":0,"event_name":"Winding Halls","floor":37,"gold_loss":0,"cards_obtained":["Writhe"]}],"is_beta":false,"boss_relics":[{"not_picked":["Astrolabe","HoveringKite"],"picked":"Fusion Hammer"},{"not_picked":["Runic Dome","Calling Bell"],"picked":"WristBlade"}],"items_purged_floors":[12,31,36,44],"is_endless":false,"potions_floor_spawned":[4,7,10,13,23,24,30,30,33,42,45],"killed_by":"Donu and Deca","ascension_level":6}}