{"host":"c64dsqyrqv0ei9yn","time":1613997037,"event":{"mods":["Act Like it!","Arknights","BaseMod","Bestiary","CapriCore","Chen","Colored Map","Colored Powertips","Curses Come First","Hermit","Koishi","LagranYue(ùfäiòNÅEåé)","MarisaÅiñ∂âJÅ@ñÇóùçπÅj","Minty Spire (QoL Compilation)","Prisma Mod","Random Character Button","ReimuÅiîé??öÎÅj","RemiliaÅiÂQïƒ‰ª?Åj","StSLib","The Administrix","The Alterego","The Immortal","The Marked","The Saiyan","The Senshi","The Servant 0.9.4","The Wild Card","TheSwordswoman","Waifu the Spire","WarShipGirlsR/??è≠èóR mod","slay the spire mod where everything is the same but ironclad has a cowboy hat"],"gold_per_floor":[114,133,133,133,148,148,176,12,12,23,39,39,39,49,49,147,147,166,184,144,157,13,13,13,13],"floor_reached":24,"language":"ENG","playtime":1392,"items_purged":[],"score":208,"play_id":"dc71194b-231a-443a-ba4d-240d4574a6f4","local_time":"20210222123037","is_ascension_mode":true,"campfire_choices":[{"data":"blazmod:NaturesBeauty","floor":6,"key":"SMITH"},{"floor":12,"key":"REST"},{"floor":15,"key":"REST"},{"floor":23,"key":"REST"}],"circlet_count":0,"master_deck":["blazmod:Strike","blazmod:Strike","blazmod:Strike","blazmod:Defend","blazmod:Defend","blazmod:Defend","blazmod:Defend","blazmod:ButterflyEffect+1","blazmod:Kyokasuigetsu","blazmod:FortifiedVigor","blazmod:Swordstorm","blazmod:NaturesBeauty+1","blazmod:PerennialBeauty","blazmod:MirrorImage+1","blazmod:KatanaStrike","blazmod:PhysicalEndurance","blazmod:PerennialBeauty","blazmod:FleetOfFoot+1"],"relics":["blazmod:Venustas","Mango","LagranYue:WskJewelryRelic","Busted Crown","blazmod:Raikiri"],"acts_visited":["Exordium","TheCity"],"potions_floor_usage":[16,21,24],"damage_taken":[{"damage":0,"enemies":"2 Louse","floor":1,"turns":2},{"damage":0,"enemies":"Cultist","floor":2,"turns":2},{"damage":0,"enemies":"Small Slimes","floor":5,"turns":3},{"damage":21,"enemies":"Gremlin Nob","floor":7,"turns":4},{"damage":17,"enemies":"Exordium Wildlife","floor":10,"turns":4},{"damage":0,"enemies":"Lots of Slimes","floor":11,"turns":2},{"damage":6,"enemies":"Blue Slaver","floor":14,"turns":4},{"damage":19,"enemies":"Hexaghost","floor":16,"turns":7},{"damage":10,"enemies":"3 Byrds","floor":18,"turns":5},{"damage":5,"enemies":"Spheric Guardian","floor":19,"turns":3},{"damage":37,"enemies":"Snake Plant","floor":21,"turns":7},{"damage":18,"enemies":"Book of Stabbing","floor":24,"turns":3}],"seed_played":"2857258728396838657","potions_obtained":[{"floor":5,"key":"PowerPotion"},{"floor":10,"key":"PowerPotion"},{"floor":11,"key":"Fire Potion"},{"floor":19,"key":"LiquidBronze"}],"is_trial":false,"path_per_floor":["M","M","?","?","M","R","E","$","T","M","M","R","?","M","R","B",null,"M","M","?","M","$","R","E"],"character_chosen":"THE_SWORDSWOMAN","items_purchased":["blazmod:MirrorImage","blazmod:Raikiri"],"campfire_rested":3,"item_purchase_floors":[8,22],"current_hp_per_floor":[40,40,40,40,40,40,33,33,33,16,16,32,32,26,42,23,54,44,39,39,2,2,18,0,0],"gold":13,"neow_bonus":"UPGRADE_CARD","is_daily":false,"chose_seed":false,"campfire_upgraded":1,"win_rate":0.0,"timestamp":1613997037,"path_taken":["M","M","?","?","?","R","E","?","T","M","M","R","?","M","R","BOSS","M","M","?","?","$","R","E"],"items_purchased_type":["Card","Relic"],"build_version":"2020-12-22","purchased_purges":0,"victory":false,"max_hp_per_floor":[40,40,40,40,40,40,54,54,54,54,54,54,54,54,54,54,54,54,54,54,54,54,54,54,54],"card_choices":[{"not_picked":["blazmod:Crosscut","blazmod:BoulderFlash"],"picked":"blazmod:FortifiedVigor","floor":1},{"not_picked":["blazmod:PhoenixPlume","blazmod:OpenSpirit"],"picked":"blazmod:Swordstorm","floor":2},{"not_picked":["blazmod:Unrestrained","blazmod:FlashRock"],"picked":"blazmod:NaturesBeauty","floor":5},{"not_picked":["blazmod:UnderPurifyingWaters","blazmod:WildButterfly"],"picked":"blazmod:PerennialBeauty","floor":7},{"not_picked":["blazmod:PhysicalEndurance","blazmod:FortifiedVigor"],"picked":"blazmod:KatanaStrike","floor":10},{"not_picked":["blazmod:Valiance","blazmod:StanceChange"],"picked":"blazmod:PhysicalEndurance","floor":11},{"not_picked":["blazmod:FlashRock","blazmod:MentalFocus","blazmod:ClearTheMind"],"picked":"SKIP","floor":14},{"not_picked":["blazmod:HoumatsuMugenKochouji","blazmod:VisionsOfButterflies"],"picked":"blazmod:PerennialBeauty","floor":16},{"not_picked":["blazmod:CastAwayDew"],"picked":"SKIP","floor":18},{"not_picked":[],"picked":"blazmod:FleetOfFoot+1","floor":19},{"not_picked":["blazmod:CastAwayDew+1"],"picked":"SKIP","floor":21}],"player_experience":138118,"relics_obtained":[{"floor":7,"key":"Mango"},{"floor":9,"key":"LagranYue:WskJewelryRelic"}],"event_choices":[{"damage_healed":0,"gold_gain":0,"player_choice":"Ignored","damage_taken":0,"max_hp_gain":0,"max_hp_loss":0,"event_name":"Liars Game","floor":3,"gold_loss":0},{"cards_removed":["blazmod:Strike"],"damage_healed":0,"gold_gain":0,"player_choice":"Purged","damage_taken":0,"max_hp_gain":0,"max_hp_loss":0,"event_name":"Purifier","floor":4,"gold_loss":0},{"damage_healed":0,"gold_gain":0,"player_choice":"Searched \u00270\u0027 times","damage_taken":0,"max_hp_gain":0,"max_hp_loss":0,"event_name":"Dead Adventurer","floor":13,"gold_loss":0},{"damage_healed":0,"gold_gain":0,"player_choice":"Upgrade","damage_taken":0,"max_hp_gain":0,"max_hp_loss":0,"event_name":"Designer","floor":20,"gold_loss":40,"cards_upgraded":["blazmod:MirrorImage"]}],"is_beta":false,"boss_relics":[{"not_picked":["Astrolabe","Black Star"],"picked":"Busted Crown"}],"items_purged_floors":[],"is_endless":false,"potions_floor_spawned":[5,10,11,14,19],"killed_by":"Book of Stabbing","ascension_level":1}}