{"host":"l4lyu1jo6nvtq6u8","time":1613958839,"event":{"mods":["Act Like it!","Aspiration","BaseMod","Better Sensory Stone","Better Third Choice","CapriCore","Conspire","Curses Come First","Energized Spire","FetchMod","Gensokyo","Halation","Hubris","Infinite Spire","Jedi Mod","Marisa????????","Minty Spire (QoL Compilation)","Pale of the Ancients","Poor People Problems","Quick Restart","Random Character Button","RatMod","Relic Sorter","Replay The Spire","StSLib","The Immortal","slay the spire mod where everything is the same but ironclad has a cowboy hat"],"gold_per_floor":[118,118,133,145,18,18,45,60,113,113,63,77,77,95,95,194,194,213,213,213,138,138,138,138,376,376,376,81,81,81,81,81,81,81,81,81,81,21,21,21,21,21,21,21,21,21,21,21,21,21,21,21,21,21,21,21,21,21,21,21],"floor_reached":61,"language":"ENG","playtime":2338,"items_purged":["Writhe","MokouMod:Trailblazer"],"score":1315,"play_id":"fe87d51d-19c9-44b3-a323-eb295b3bd62a","local_time":"20210221195359","is_ascension_mode":false,"campfire_choices":[{"data":"MokouMod:FujiyamaVolcano","floor":6.0,"key":"SMITH"},{"data":"MokouMod:SearingShot","floor":10.0,"key":"SMITH"},{"data":"MokouMod:Wildfire","floor":13.0,"key":"SMITH"},{"data":"MokouMod:SacredFire","floor":15.0,"key":"SMITH"},{"data":"MokouMod:Rebirth","floor":23.0,"key":"SMITH"},{"data":"MokouMod:WarmUp","floor":30.0,"key":"SMITH"},{"data":"MokouMod:HouraiForge","floor":32.0,"key":"SMITH"},{"data":"MokouMod:SacredFire","floor":40.0,"key":"SMITH"},{"data":"MokouMod:Sear","floor":42.0,"key":"SMITH"},{"data":"MokouMod:FlareStarter","floor":45.0,"key":"SMITH"},{"data":"MokouMod:SpontaneousHumanCombustion","floor":49.0,"key":"SMITH"},{"data":"MokouMod:InfernalWave","floor":55,"key":"SMITH"},{"floor":57,"key":"REST"}],"circlet_count":0,"master_deck":["MokouMod:SearingShot+1","MokouMod:FujiyamaVolcano+1","MokouMod:Overheat","MokouMod:Wildfire+1","MokouMod:SacredFire+1","MokouMod:Rebirth+1","MokouMod:InfernalWave","MokouMod:WarmUp+1","MokouMod:InfernalWave+1","MokouMod:HouraiForge+1","MokouMod:FlareStarter+1","MokouMod:Sear+1","MokouMod:SacredFire+1","MokouMod:FusionFlare+1","Gensokyo:CustomPotion","MokouMod:Geothermal","MokouMod:SpontaneousHumanCombustion+1"],"relics":["MokouMod:PhoenixFeather","halation:PinkSoulGem","rat:SoulRing","NeowsBlessing","halation:LostSnail","Ornamental Fan","aspiration:ChemicalBlood","Pandora\u0027s Box","halation:EternalFortune","jedi:ominousloannote","infinitespire:Beetle Shell","conspire:TreasureMap","jedi:paperlyon","Replay:Mystery Machine","paleoftheancients:Timepiece","paleoftheancients:KeyRelic","Oddly Smooth Stone","CultistMask","paleoftheancients:SoulOfTheIroncluck","jedi:firstaidkit","hubris:BundleOfHerbs"],"acts_visited":["Exordium","Gensokyo:Gensokyoer","Gensokyo:Gensokyoest","paleoftheancients:PaleOfTheAncients"],"potions_floor_usage":[56,56,56,56,56,56,56,56,56,56,56,60,60,60,60,60,60,60,60,60,60,60,60,60,60,60],"damage_taken":[{"damage":0.0,"enemies":"2 Louse","floor":1.0,"turns":1.0},{"damage":0.0,"enemies":"Cultist","floor":3.0,"turns":1.0},{"damage":0.0,"enemies":"Small Slimes","floor":4.0,"turns":1.0},{"damage":54.0,"enemies":"Lagavulin","floor":7.0,"turns":7.0},{"damage":1.0,"enemies":"2 Fungi Beasts","floor":8.0,"turns":2.0},{"damage":3.0,"enemies":"Blue Slaver","floor":12.0,"turns":2.0},{"damage":2.0,"enemies":"Looter","floor":14.0,"turns":3.0},{"damage":18.0,"enemies":"Slime Boss","floor":16.0,"turns":7.0},{"damage":2.0,"enemies":"Gensokyo:2_Gloops","floor":18.0,"turns":3.0},{"damage":16.0,"enemies":"Gensokyo:AngelMirror","floor":27.0,"turns":3.0},{"damage":18.0,"enemies":"Gensokyo:Slime_Group","floor":29.0,"turns":4.0},{"damage":48.0,"enemies":"Gensokyo:Eternal_Rivals","floor":33.0,"turns":8.0},{"damage":25.0,"enemies":"Gensokyo:3_Bats","floor":35.0,"turns":3.0},{"damage":15.0,"enemies":"Gensokyo:3_Boulders","floor":37.0,"turns":4.0},{"damage":0.0,"enemies":"Gensokyo:4_Bats","floor":41.0,"turns":1.0},{"damage":0.0,"enemies":"Gensokyo:AtlasGolem","floor":48.0,"turns":4.0},{"damage":0.0,"enemies":"Gensokyo:Yuyuko","floor":50.0,"turns":5.0},{"damage":120.0,"enemies":"Gensokyo:Yuyuko","floor":51.0,"turns":4.0},{"damage":8,"enemies":"Gensokyo:Yuyuko","floor":52,"turns":6},{"damage":198,"enemies":"Gensokyo:Yuyuko","floor":56,"turns":12},{"damage":281,"enemies":"paleoftheancients:N","floor":60,"turns":12}],"seed_played":"9062941928225857785","potions_obtained":[{"floor":2.0,"key":"DuplicationPotion"},{"floor":2.0,"key":"SpeedPotion"},{"floor":2.0,"key":"jedi:tentaclejuice"},{"floor":7.0,"key":"Milkshake"},{"floor":8.0,"key":"FearPotion"},{"floor":16.0,"key":"Reflective Coating"},{"floor":29.0,"key":"Adrenaline Potion"},{"floor":33.0,"key":"LiquidMemories"},{"floor":37.0,"key":"Fire Potion"},{"floor":56,"key":"Dexterity Potion"},{"floor":56,"key":"Block Potion"},{"floor":56,"key":"EntropicBrew"},{"floor":56,"key":"Swift Potion"},{"floor":56,"key":"LifebloodPotion"},{"floor":56,"key":"Milkshake"},{"floor":60,"key":"SpeedPotion"},{"floor":60,"key":"SteroidPotion"},{"floor":60,"key":"Block Potion"},{"floor":60,"key":"BlessingOfTheForge"},{"floor":60,"key":"Milkshake"},{"floor":60,"key":"Strength Potion"},{"floor":60,"key":"jedi:wingpotion"}],"is_trial":false,"path_per_floor":["M","?","M","M","$","R","E","M","T","R","?","M","R","M","R","B",null,"M","?","?","$","?","R","?","$","T","M","COS","M","R","?","R","B",null,"M","?","M","?","?","R","M","R","T","$","R","$","?","M","R","B","M","M","?","T","R","M","R","T","?","B",null],"character_chosen":"MKU","items_purchased":["halation:LostSnail","MokouMod:Overheat","MokouMod:FlareStarter","jedi:ominousloannote","MokouMod:Sear"],"campfire_rested":1,"item_purchase_floors":[5,5,25,25,25],"current_hp_per_floor":[75,75,75,75,75,75,21,20,20,20,20,17,17,15,15,18,75,73,73,73,73,73,73,76,76,76,63,63,45,45,45,45,20,81,56,64,49,49,49,49,49,49,49,49,49,49,49,49,49,81,81,73,81,81,81,2,26,26,26,30],"gold":21,"neow_bonus":"THREE_ENEMY_KILL","is_daily":false,"chose_seed":false,"campfire_upgraded":12,"win_rate":0.0,"timestamp":1613958839,"path_taken":["M","?","?","M","$","R","E","M","T","R","?","M","R","M","R","BOSS","M","?","?","$","?","R","?","?","T","?","COS","M","R","?","R","BOSS","M","?","?","?","?","R","M","R","T","?","R","$","?","M","R","BOSS","M","M","?","T","R","M","R","T","?","BOSS"],"items_purchased_type":["Relic","Card","Card","Relic","Card"],"build_version":"2020-12-22","purchased_purges":2,"victory":true,"max_hp_per_floor":[75,75,75,75,75,75,75,75,75,75,75,75,75,75,75,75,75,75,75,75,75,75,75,78,78,78,81,81,81,81,81,81,81,81,81,81,81,81,81,81,81,81,81,81,81,81,81,81,81,81,81,81,81,81,81,81,81,81,81,81],"card_choices":[{"not_picked":["MokouMod:Meltdown","MokouMod:ScorchingColumn"],"picked":"MokouMod:SearingShot","floor":1.0},{"not_picked":["MokouMod:Meltdown","MokouMod:BlazingComet","MokouMod:FlickeringFlame"],"picked":"SKIP","floor":3.0},{"not_picked":["MokouMod:DanceofFlames","MokouMod:Stoke"],"picked":"MokouMod:FujiyamaVolcano","floor":4.0},{"not_picked":["MokouMod:FujiyamaVolcano","MokouMod:Singe","MokouMod:UncontrollableSolarReaction"],"picked":"SKIP","floor":7.0},{"not_picked":["MokouMod:RisingSunBarrier","MokouMod:SubterraneanCore"],"picked":"MokouMod:Wildfire","floor":8.0},{"not_picked":["MokouMod:RoaringFlare","MokouMod:FlickeringFlame","MokouMod:Refresh"],"picked":"SKIP","floor":12.0},{"not_picked":["MokouMod:Afterburner","MokouMod:TemporalFireSeal"],"picked":"MokouMod:SacredFire","floor":14.0},{"not_picked":["MokouMod:SpontaneousHumanCombustion","MokouMod:Rekindle"],"picked":"MokouMod:Rebirth","floor":16.0},{"not_picked":["MokouMod:Ember","MokouMod:Fireball","MokouMod:EternalBurstReactor+1"],"picked":"SKIP","floor":18.0},{"not_picked":["MokouMod:ScorchingColumn+1","MokouMod:Singe","MokouMod:BlazingComet"],"picked":"SKIP","floor":27.0},{"not_picked":["MokouMod:ScorchedEarth+1","MokouMod:FlickeringFlame","MokouMod:PhoenixFeathers+1"],"picked":"SKIP","floor":29.0},{"not_picked":["MokouMod:Geothermal","MokouMod:Rekindle"],"picked":"MokouMod:SacredFire","floor":33.0},{"not_picked":["MokouMod:Firecracker","MokouMod:Ember+1","MokouMod:WarmUp"],"picked":"SKIP","floor":35.0},{"not_picked":["MokouMod:FlamingFireTalons+1","MokouMod:AdaptivePyromancy+1"],"picked":"MokouMod:FusionFlare+1","floor":37.0},{"not_picked":["MokouMod:BurningDraft+1","MokouMod:ThermalPressure+1","MokouMod:FlickeringFlame+1"],"picked":"SKIP","floor":41.0},{"not_picked":["MokouMod:Sear","MokouMod:HeatCyclone"],"picked":"MokouMod:SpontaneousHumanCombustion","floor":48.0},{"not_picked":["MokouMod:ScorchingColumn","MokouMod:AdaptivePyromancy+1","MokouMod:TemporalFireSeal"],"picked":"SKIP","floor":52},{"not_picked":["MokouMod:Trailblazer","MokouMod:AdaptivePyromancy+1","MokouMod:IgneousBlow"],"picked":"SKIP","floor":56}],"player_experience":505727,"relics_obtained":[{"floor":7.0,"key":"Ornamental Fan"},{"floor":9.0,"key":"aspiration:ChemicalBlood"},{"floor":26.0,"key":"infinitespire:Beetle Shell"},{"floor":27.0,"key":"halation:EternalFortune"},{"floor":43.0,"key":"Replay:Mystery Machine"},{"floor":52,"key":"paleoftheancients:SoulOfTheIroncluck"},{"floor":54,"key":"jedi:firstaidkit"},{"floor":58,"key":"hubris:BundleOfHerbs"}],"event_choices":[{"damage_healed":0.0,"max_hp_gain":0.0,"max_hp_loss":0.0,"gold_gain":0.0,"event_name":"Lab","player_choice":"Got Potions","floor":2.0,"gold_loss":0.0,"damage_taken":0.0},{"cards_removed":["MokouMod:Strike"],"damage_healed":0.0,"max_hp_gain":0.0,"max_hp_loss":0.0,"gold_gain":0.0,"event_name":"The Cleric","player_choice":"Card Removal","floor":11.0,"gold_loss":50.0,"damage_taken":0.0},{"damage_healed":0.0,"max_hp_gain":0.0,"max_hp_loss":0.0,"gold_gain":0.0,"event_name":"conspire:Investor","player_choice":"Leave","floor":22.0,"gold_loss":0.0,"damage_taken":0.0}],"is_beta":false,"boss_relics":[{"not_picked":["halation:LoveArrow","conspire:RunicOctahedron"],"picked":"Pandora\u0027s Box"},{"not_picked":["hubris:CrackedHourglass","Kintsugi"],"picked":"jedi:paperlyon"}],"items_purged_floors":[21,25],"is_endless":false,"potions_floor_spawned":[7,8,12,16,29,48,52],"ascension_level":0}}