{"host":"wk46m6kgjezp23jj","time":1613955828,"event":{"mods":["AchievementEnabler","BaseMod","Beaked The Cultist","Bestiary","Colored Map","Colored Powertips","Downfall","Hermit","Minty Spire (QoL Compilation)","Replay The Spire","StSLib","The Bladedancer","The Construct","The Cursed"],"gold_per_floor":[112,22,36,10,10,10,185,41,41,52,52,62,81,100,100,198,198,214,214,228,228,228,240,240,240,240],"floor_reached":25,"language":"ENG","playtime":1097,"items_purged":["Doubt"],"score":212,"play_id":"93a69220-55d9-4e41-9885-10e96e2e2dab","local_time":"20210221200348","is_ascension_mode":true,"campfire_choices":[{"data":"Blade Dance","floor":6,"key":"SMITH"},{"data":"Caltrops","floor":11,"key":"SMITH"},{"data":"Distraction","floor":15,"key":"SMITH"}],"circlet_count":0,"master_deck":["Strike_G","Strike_G","Strike_G","Strike_G","Defend_G","Defend_G","Defend_G","Defend_G","Defend_G","Survivor","Neutralize","Blade Dance+1","Riddle With Holes","Poisoned Stab","Outmaneuver","Caltrops+1","Bane","Dagger Spray","Distraction+1","Riddle With Holes","Envenom","Terror+1"],"relics":["Busted Crown","Mummified Hand","Sozu","Quantum Egg"],"acts_visited":["Exordium","TheCity"],"potions_floor_usage":[16,16,18],"damage_taken":[{"damage":0,"enemies":"Cultist","floor":1,"turns":5},{"damage":0,"enemies":"2 Louse","floor":3,"turns":2},{"damage":0,"enemies":"Small Slimes","floor":10,"turns":3},{"damage":1,"enemies":"Looter","floor":12,"turns":2},{"damage":0,"enemies":"2 Fungi Beasts","floor":13,"turns":2},{"damage":0,"enemies":"Large Slime","floor":14,"turns":5},{"damage":3,"enemies":"Slime Boss","floor":16,"turns":7},{"damage":28,"enemies":"Spheric Guardian","floor":18,"turns":4},{"damage":13,"enemies":"Shell Parasite","floor":20,"turns":4},{"damage":28,"enemies":"3 Cultists","floor":23,"turns":5},{"damage":2,"enemies":"Book of Stabbing","floor":25,"turns":1}],"seed_played":"543558294725709605","potions_obtained":[{"floor":1,"key":"hexamod:SoulburnPotion"},{"floor":12,"key":"Poison Potion"},{"floor":13,"key":"CultistPotion"}],"is_trial":false,"path_per_floor":["M","$","M","$","?","R","?","$","T","M","R","M","M","M","R","B",null,"M","?","M","PTL","PTL","M","T","E"],"character_chosen":"THE_SILENT","items_purchased":["Blade Dance","Riddle With Holes","Outmaneuver","Caltrops"],"campfire_rested":0,"item_purchase_floors":[2,2,4,8],"current_hp_per_floor":[70,70,70,70,63,63,63,63,63,63,63,62,62,62,62,59,70,42,42,29,29,29,1,1,0,0],"gold":240,"neow_bonus":"BOSS_RELIC","is_daily":false,"chose_seed":false,"campfire_upgraded":3,"win_rate":0.0,"timestamp":1613955828,"path_taken":["M","$","M","?","?","R","?","$","T","M","R","M","M","M","R","BOSS","M","?","?","PTL","PTL","M","?","E"],"items_purchased_type":["Card","Card","Card","Card"],"build_version":"2020-12-22","purchased_purges":1,"victory":false,"max_hp_per_floor":[70,70,70,70,70,70,70,70,70,70,70,70,70,70,70,70,70,70,70,70,70,70,70,70,70,70],"card_choices":[{"not_picked":["Backstab"],"picked":"SKIP","floor":1},{"not_picked":[],"picked":"Poisoned Stab","floor":3},{"not_picked":[],"picked":"Bane","floor":10},{"not_picked":[],"picked":"Dagger Spray","floor":12},{"not_picked":[],"picked":"Distraction","floor":13},{"not_picked":[],"picked":"Riddle With Holes","floor":14},{"not_picked":[],"picked":"Envenom","floor":16},{"not_picked":["Reflex+1"],"picked":"SKIP","floor":18},{"not_picked":[],"picked":"Terror+1","floor":20},{"not_picked":["ReplayTheSpireMod:Speed Training"],"picked":"SKIP","floor":23}],"player_experience":42334,"relics_obtained":[{"floor":9,"key":"Mummified Hand"},{"floor":24,"key":"Quantum Egg"}],"event_choices":[{"cards_removed":["Strike_G"],"damage_healed":0,"gold_gain":0,"player_choice":"Card Removal","damage_taken":7,"max_hp_gain":0,"max_hp_loss":0,"event_name":"Golden Wing","floor":5,"gold_loss":0},{"damage_healed":0,"gold_gain":175,"player_choice":"AGREE","damage_taken":0,"max_hp_gain":0,"max_hp_loss":0,"event_name":"Liars Game","floor":7,"gold_loss":0,"cards_obtained":["Doubt"]},{"damage_healed":0,"gold_gain":0,"player_choice":"Bought 0 Potions","damage_taken":0,"max_hp_gain":0,"max_hp_loss":0,"event_name":"The Woman in Blue","floor":19,"gold_loss":0}],"is_beta":false,"boss_relics":[{"not_picked":["Cursed Key","Replay:Wanted Poster"],"picked":"Sozu"}],"items_purged_floors":[8],"is_endless":false,"potions_floor_spawned":[1,12,13,20,23],"killed_by":"Book of Stabbing","ascension_level":2}}