{"host":"8dpalrttb7ksmhgg","time":1613954872,"event":{"mods":["Act Like it!","Aspiration","Astrologer","BaseMod","Beaked The Cultist","Better Skull","BetterRewards","Conspire","Downfall","Energized Spire","Friendly Minions","GifTheSpireLib","Halation","HornydragonMod","Hubris","Hyrulean Relics","Infinite Spire","Mimic Mod","Minty Spire (QoL Compilation)","Pale of the Ancients","Replay The Spire","Retaliation","Shop Mod","Somnambulant","StSLib","Stuff the Spire","The Blackbeard","The Bug Knight","The Construct","The Disciple","The Gatherer","The Hierophant","The Jungle","The Mystic","The Necromancer","The Poker Player","The Sage","Wandering Minibosses","[IsaacMod]????"],"gold_per_floor":[114,0,12,35,35,35,63,63,88,132,33,45,66,104,116,234,196,248,264,276,288,300,312,324,336,348,360,362,5,37,112,112,6,6],"floor_reached":33,"language":"ENG","playtime":3509,"items_purged":[],"score":297,"play_id":"289348c0-c692-45d6-a676-5c80618ac6df","local_time":"20210221194752","is_ascension_mode":false,"campfire_choices":[{"data":"hierophant:ChurchCoffers","floor":6,"key":"SMITH"},{"floor":8,"key":"REST"},{"floor":12,"key":"REST"},{"data":"hierophant:Invocation","floor":23,"key":"SMITH"},{"data":"hierophant:Endure","floor":25,"key":"SMITH"},{"data":"hierophant:Sermon","floor":27,"key":"SMITH"},{"floor":32,"key":"REST"}],"circlet_count":0,"master_deck":["hierophant:Strike_Hierophant","hierophant:Strike_Hierophant","hierophant:Strike_Hierophant","hierophant:Strike_Hierophant","hierophant:Punish","hierophant:Defend_Hierophant","hierophant:Defend_Hierophant","hierophant:Defend_Hierophant","hierophant:Defend_Hierophant","hierophant:ChurchCoffers+1","hierophant:Endure+1","hierophant:Dazzle","hierophant:Doubloon","hierophant:Sermon+1","hierophant:Doubloon","hierophant:Dazzle","hierophant:OrnateBuckler","hierophant:DisplayOfPower","hierophant:PassingBell","hierophant:DisplayOfPower","Thinking Ahead","hierophant:Invocation+1","hierophant:Doubloon","hierophant:Strike_Hierophant","hierophant:Remorse","hierophant:ThreeLashes+1","hierophant:Purify","hierophant:Exaltation","hierophant:ConvertCurrency","hierophant:Doubloon","hierophant:Batter","hierophant:CursedGold","hierophant:Doubloon","hierophant:RepressedViolence"],"relics":["hierophant:PropheticMaskRelic","HushsDoor","MaYiHuaBei","Bronze Scales","Dead Branch","MawBank","wanderingMiniBosses:CarrionFlame","energizedSpire:HugeHouse","halation:TwoAmDonut","hubris:Icosahedron","NineVolt","BookOfRevelations"],"acts_visited":["Exordium","TheCity"],"potions_floor_usage":[30,30],"damage_taken":[{"damage":0,"enemies":"2 Louse","floor":1,"turns":3},{"damage":0,"enemies":"Jaw Worm","floor":3,"turns":4},{"damage":3,"enemies":"Small Slimes","floor":4,"turns":3},{"damage":33,"enemies":"3 Sentries","floor":7,"turns":12},{"damage":0,"enemies":"Blue Slaver","floor":10,"turns":3},{"damage":30,"enemies":"3 Louse","floor":11,"turns":25},{"damage":6,"enemies":"Red Slaver","floor":13,"turns":6},{"damage":0,"enemies":"2 Fungi Beasts","floor":14,"turns":4},{"damage":36,"enemies":"Slime Boss","floor":16,"turns":11},{"damage":8,"enemies":"3 Byrds","floor":18,"turns":2},{"damage":12,"enemies":"2 Thieves","floor":19,"turns":4},{"damage":2,"enemies":"Chosen and Byrds","floor":28,"turns":3},{"damage":9,"enemies":"Snake Plant","floor":30,"turns":4},{"damage":63,"enemies":"conspire:MysteriousRune","floor":33,"turns":9}],"seed_played":"178970445797533940","potions_obtained":[{"floor":3,"key":"Adrenaline Potion"},{"floor":4,"key":"LifebloodPotion"},{"floor":10,"key":"champ:CounterPotion"},{"floor":18,"key":"BlessingOfTheForge"}],"is_trial":false,"path_per_floor":["M","$","M","M","$","R","E","R","T","M","M","R","M","M","R","B",null,"M","M","?","T","?","R","?","R","T","R","M","$","M","?","R","B"],"character_chosen":"HIEROPHANT","items_purchased":["hierophant:Dazzle","hierophant:ConvertCurrency","hierophant:Batter","BookOfRevelations","hierophant:CursedGold"],"campfire_rested":3,"item_purchase_floors":[2,29,29,29,29],"current_hp_per_floor":[75,75,75,72,72,72,39,61,61,61,31,53,47,47,47,11,70,62,50,50,50,50,50,50,50,50,50,48,48,39,39,60,0,0],"gold":6,"neow_bonus":"RANDOM_COMMON_RELIC","is_daily":false,"chose_seed":false,"campfire_upgraded":4,"win_rate":0.0,"timestamp":1613954872,"path_taken":["M","$","M","M","$","R","E","R","T","M","M","R","M","M","R","BOSS","M","M","?","?","?","R","?","R","T","R","M","$","M","?","R","BOSS"],"items_purchased_type":["Card","Card","Card","Relic","Card"],"build_version":"2020-12-22","purchased_purges":0,"victory":false,"max_hp_per_floor":[75,75,75,75,75,75,75,75,75,75,75,75,75,75,75,75,70,70,70,70,70,70,70,70,70,70,70,70,70,70,70,70,70,70],"card_choices":[{"not_picked":[],"picked":"BettingIsNotGood","floor":0},{"not_picked":["hierophant:SolarFlare","hierophant:DisplayOfPower"],"picked":"hierophant:Endure","floor":1},{"not_picked":["hierophant:Dazzle","hierophant:Shelter"],"picked":"hierophant:Sermon","floor":3},{"not_picked":["hierophant:Smite","hierophant:Zeal"],"picked":"hierophant:Embezzle","floor":4},{"not_picked":["hierophant:PristineSoul","Bomb"],"picked":"hierophant:Dazzle","floor":7},{"not_picked":["hierophant:Anathema","hierophant:AuricBeam"],"picked":"hierophant:OrnateBuckler","floor":10},{"not_picked":["hierophant:Purify","hierophant:Alms"],"picked":"hierophant:DisplayOfPower","floor":11},{"not_picked":["hierophant:OrnateBuckler","hierophant:MorningPrayer"],"picked":"hierophant:PassingBell","floor":13},{"not_picked":["hierophant:MorningPrayer","hierophant:AuricForm"],"picked":"hierophant:DisplayOfPower","floor":14},{"not_picked":["hierophant:DivineIntervention","hierophant:Cornucopia"],"picked":"hierophant:Invocation","floor":16},{"not_picked":["hierophant:HammerAndAnvil+1","hierophant:SolarFlare"],"picked":"hierophant:ThreeLashes+1","floor":18},{"not_picked":["hierophant:Community","hierophant:MorningPrayer"],"picked":"hierophant:Purify","floor":19},{"not_picked":["hierophant:Dazzle","hierophant:OrnateBuckler"],"picked":"hierophant:Exaltation","floor":28},{"not_picked":["hierophant:SealAway","hierophant:AuricBeam"],"picked":"hierophant:RepressedViolence","floor":30}],"player_experience":718395,"relics_obtained":[{"floor":7,"key":"Dead Branch"},{"floor":9,"key":"MawBank"},{"floor":11,"key":"wanderingMiniBosses:CarrionFlame"},{"floor":21,"key":"halation:TwoAmDonut"},{"floor":26,"key":"NineVolt"}],"event_choices":[{"damage_healed":0,"gold_gain":0,"player_choice":"Ignored","damage_taken":0,"max_hp_gain":0,"max_hp_loss":0,"event_name":"Vampires","floor":20,"gold_loss":0},{"damage_healed":0,"gold_gain":0,"player_choice":"Ignored","damage_taken":0,"max_hp_gain":0,"max_hp_loss":0,"event_name":"Beggar","floor":22,"gold_loss":0}],"is_beta":false,"boss_relics":[{"not_picked":["Snecko Eye","halation:LoveArrow"],"picked":"energizedSpire:HugeHouse"},{"not_picked":[]}],"items_purged_floors":[],"is_endless":false,"potions_floor_spawned":[3,4,10,14,16,18],"killed_by":"conspire:MysteriousRune","ascension_level":0}}