{"host":"5jdby9iqu3ct6557","time":1613968396,"event":{"mods":["BaseMod","DeckTracker","Highlight Path","Minty Spire (QoL Compilation)","Relic Stats","StSLib","ojb\u0027s Info Mod"],"gold_per_floor":[110,120,132,207,207,240,240,4,4,4,4,4],"floor_reached":11,"language":"ENG","playtime":1083,"items_purged":[],"score":142,"play_id":"8da651c4-4a1d-4137-9214-4f4996bab183","local_time":"20210221233316","is_ascension_mode":true,"campfire_choices":[{"floor":10,"key":"REST"}],"circlet_count":0,"master_deck":["AscendersBane","Strike_B","Strike_B","Strike_B","Strike_B","Defend_B","Defend_B","Defend_B","Defend_B","Zap","Dualcast","Defragment","Cold Snap","Seek","Defragment"],"relics":["Philosopher\u0027s Stone","Vajra","Runic Capacitor","Kunai"],"acts_visited":["Exordium"],"potions_floor_usage":[6],"damage_taken":[{"damage":8,"enemies":"Jaw Worm","floor":1,"turns":3},{"damage":9,"enemies":"Small Slimes","floor":2,"turns":3},{"damage":4,"enemies":"Cultist","floor":3,"turns":4},{"damage":30,"enemies":"3 Sentries","floor":6,"turns":10},{"damage":47,"enemies":"Gremlin Nob","floor":11,"turns":4}],"seed_played":"-3115835963042155072","potions_obtained":[{"floor":3,"key":"LiquidMemories"}],"is_trial":false,"path_per_floor":["M","M","M","?","?","E","?","$","T","R","E"],"character_chosen":"DEFECT","items_purchased":["Defragment","Runic Capacitor"],"campfire_rested":1,"item_purchase_floors":[8,8],"current_hp_per_floor":[56,47,43,32,32,2,25,25,25,46,0,0],"gold":4,"neow_bonus":"BOSS_RELIC","is_daily":false,"chose_seed":false,"campfire_upgraded":0,"win_rate":0.0,"timestamp":1613968396,"path_taken":["M","M","M","?","?","E","?","$","T","R","E"],"items_purchased_type":["Card","Relic"],"build_version":"2020-12-22","purchased_purges":0,"victory":false,"max_hp_per_floor":[71,71,71,71,71,71,71,71,71,71,71,71],"relic_stats":{"counters":[5,24],"Kunai":[0],"obtain_stats":[{"Vajra":6,"Philosopher\u0027s Stone":0,"Runic Capacitor":8,"Kunai":9,"Cracked Core":0},{"Vajra":4,"Philosopher\u0027s Stone":0,"Runic Capacitor":4,"Kunai":4,"Cracked Core":0},{"Vajra":20,"Philosopher\u0027s Stone":0,"Runic Capacitor":20,"Kunai":20,"Cracked Core":0}]},"card_choices":[{"not_picked":["Steam","Redo"],"picked":"Defragment","floor":2},{"not_picked":["Redo","Steam"],"picked":"Cold Snap","floor":3},{"not_picked":["Double Energy","Leap"],"picked":"Seek","floor":6}],"player_experience":2819242,"relics_obtained":[{"floor":6,"key":"Vajra"},{"floor":9,"key":"Kunai"}],"event_choices":[{"damage_healed":0,"gold_gain":75,"player_choice":"Gather Gold","damage_taken":11,"max_hp_gain":0,"max_hp_loss":0,"event_name":"World of Goop","floor":4,"gold_loss":0},{"damage_healed":0,"gold_gain":0,"player_choice":"Fled","damage_taken":0,"max_hp_gain":0,"max_hp_loss":0,"event_name":"Scrap Ooze","floor":5,"gold_loss":0},{"damage_healed":23,"gold_gain":0,"player_choice":"Banana","damage_taken":0,"max_hp_gain":0,"max_hp_loss":0,"event_name":"Big Fish","floor":7,"gold_loss":0}],"is_beta":false,"boss_relics":[],"items_purged_floors":[],"is_endless":false,"potions_floor_spawned":[3],"killed_by":"Gremlin Nob","ascension_level":20}}