{"host":"2ccem01eblg14btk","time":1613994206,"event":{"mods":["BaseMod","Colored Map","Minty Spire (QoL Compilation)","Quick Restart","Replay The Spire","StSLib"],"gold_per_floor":[110,58,58,76,76,76,107,107,107,107,120,146,163,182,182,277,277,290,290,212,198,50,75,95,122,172,172,172],"floor_reached":27,"language":"ENG","playtime":2277,"items_purged":[],"score":443,"play_id":"5545e9d9-06ee-4bf0-9c1a-3073a67734b0","local_time":"20210222124326","is_ascension_mode":true,"campfire_choices":[{"data":"Neutralize","floor":6.0,"key":"SMITH"},{"data":"Blur","floor":8.0,"key":"SMITH"},{"data":"Deadly Poison","floor":10.0,"key":"SMITH"},{"data":"Noxious Fumes","floor":15.0,"key":"SMITH"}],"circlet_count":0,"master_deck":["AscendersBane","Strike_G","Strike_G","Strike_G","Strike_G","Strike_G","Defend_G","Defend_G","Defend_G","Defend_G","Defend_G","Survivor","Neutralize+1","Dagger Spray+1","Sneak Up+1","Deadly Poison+1","Blur+1","Backflip","Noxious Fumes+1","Dodge and Roll","A Thousand Cuts","Accuracy+1","Venomology","Fluid Movement","Noxious Fumes+1","PiercingWail+1","Caltrops+1"],"relics":["Ring of the Snake","NeowsBlessing","Mummified Hand","Mirror","Bronze Scales","Ring of Chaos","DollysMirror","Oddly Smooth Stone","Vajra","Blue Doll"],"acts_visited":["Exordium","TheCity"],"potions_floor_usage":[25,27],"damage_taken":[{"damage":0.0,"enemies":"Cultist","floor":1.0,"turns":1.0},{"damage":0.0,"enemies":"Jaw Worm","floor":4.0,"turns":1.0},{"damage":0.0,"enemies":"Lagavulin","floor":7.0,"turns":1.0},{"damage":0.0,"enemies":"2 Louse","floor":11.0,"turns":2.0},{"damage":16.0,"enemies":"3 Sentries","floor":12.0,"turns":8.0},{"damage":0.0,"enemies":"2 Fungi Beasts","floor":13.0,"turns":3.0},{"damage":0.0,"enemies":"Blue Slaver","floor":14.0,"turns":4.0},{"damage":4.0,"enemies":"Hexaghost","floor":16.0,"turns":9.0},{"damage":8.0,"enemies":"3 Byrds","floor":18.0,"turns":4.0},{"damage":8.0,"enemies":"2 Thieves","floor":21.0,"turns":4.0},{"damage":24.0,"enemies":"Gremlin Leader","floor":23.0,"turns":7.0},{"damage":16.0,"enemies":"Centurion and Healer","floor":24.0,"turns":5.0},{"damage":1,"enemies":"Book of Stabbing","floor":25,"turns":6},{"damage":10,"enemies":"Snecko","floor":27,"turns":5}],"seed_played":"-2119717606615092498","potions_obtained":[{"floor":11.0,"key":"Poison Potion"},{"floor":14.0,"key":"Weak Potion"},{"floor":16.0,"key":"DistilledChaos"}],"is_trial":false,"path_per_floor":["M","$","?","M","$","R","E","R","T","R","M","E","M","M","R","B",null,"M","?","$","M","$","E","M","E","T","M"],"character_chosen":"THE_SILENT","items_purchased":["Sneak Up+1","Fluid Movement","DollysMirror"],"campfire_rested":0,"item_purchase_floors":[2,20,22],"current_hp_per_floor":[63,63,63,63,63,63,63,63,63,63,63,47,47,47,47,43,63,55,55,55,47,47,23,7,6,6,0,0],"gold":172,"neow_bonus":"THREE_ENEMY_KILL","is_daily":false,"chose_seed":false,"campfire_upgraded":4,"win_rate":0.0,"timestamp":1613994206,"path_taken":["M","$","?","M","?","R","E","R","T","R","M","E","M","M","R","BOSS","M","?","$","M","?","E","M","E","T","?"],"items_purchased_type":["Card","Card","Relic"],"build_version":"2020-12-22","purchased_purges":0,"victory":false,"max_hp_per_floor":[70,70,70,70,70,70,70,70,70,70,70,70,70,70,70,70,70,70,70,70,70,70,70,70,70,70,70,70],"card_choices":[{"not_picked":["Blade Dance","Prepared"],"picked":"Dagger Spray","floor":1.0},{"not_picked":["Blade Dance","Endless Agony"],"picked":"Deadly Poison","floor":4.0},{"not_picked":["Flechettes","Flying Knee"],"picked":"Blur","floor":7.0},{"not_picked":["Quick Slash","Eviscerate"],"picked":"Backflip","floor":11.0},{"not_picked":["Grand Finale","Blur"],"picked":"Noxious Fumes","floor":12.0},{"not_picked":["Backflip","PiercingWail","Deflect"],"picked":"SKIP","floor":13.0},{"not_picked":["Prepared","Backflip"],"picked":"Dodge and Roll","floor":14.0},{"not_picked":["Venomology","After Image"],"picked":"A Thousand Cuts","floor":16.0},{"not_picked":["Poisoned Stab","Blade Dance"],"picked":"Accuracy+1","floor":18.0},{"not_picked":["Poisoned Stab","Slice+1","Outmaneuver"],"picked":"SKIP","floor":21.0},{"not_picked":["Flying Knee","Eviscerate","Deflect"],"picked":"SKIP","floor":23.0},{"not_picked":["Slice","Sucker Punch+1"],"picked":"PiercingWail+1","floor":24.0},{"not_picked":["Poisoned Stab","Toxin Wave+1"],"picked":"Caltrops+1","floor":25}],"player_experience":136901,"relics_obtained":[{"floor":7.0,"key":"Mummified Hand"},{"floor":9.0,"key":"Mirror"},{"floor":12.0,"key":"Bronze Scales"},{"floor":23.0,"key":"Oddly Smooth Stone"},{"floor":25,"key":"Vajra"},{"floor":26,"key":"Blue Doll"}],"event_choices":[{"damage_healed":0.0,"max_hp_gain":0.0,"max_hp_loss":0.0,"gold_gain":0.0,"event_name":"Upgrade Shrine","player_choice":"Upgraded","floor":3.0,"gold_loss":0.0,"damage_taken":0.0,"cards_upgraded":["Dagger Spray"]},{"damage_healed":0.0,"max_hp_gain":0.0,"max_hp_loss":0.0,"gold_gain":0.0,"event_name":"Match and Keep!","player_choice":"1 cards matched","floor":19.0,"gold_loss":0.0,"damage_taken":0.0,"cards_obtained":["Venomology"]}],"is_beta":false,"boss_relics":[{"not_picked":["Honey Jar","Empty Cage"],"picked":"Ring of Chaos"}],"items_purged_floors":[],"is_endless":false,"potions_floor_spawned":[11,14,16,21],"killed_by":"Snecko","ascension_level":11}}