{"host":"1mv6gj0zv8k9e9tz","time":1613973166,"event":{"mods":["AchievementEnabler","BaseMod","Better Third Choice","Colored Map","DeckTracker","Highlight Path","KOR Keyword Fix","Keyboard Shortcuts","Minty Spire (QoL Compilation)","Permanent Neow","Quick Restart","Rare Cards Sparkle","StSLib","SuperFastMode","everything is the same but u backflip on backflip"],"gold_per_floor":[111,128,93,63,79,110,110,138,138,138,138],"floor_reached":10,"language":"KOR","playtime":221,"items_purged":[],"score":202,"play_id":"8b6a071b-e888-4b23-ba8e-6347e18ff41e","local_time":"20210222145246","is_ascension_mode":true,"campfire_choices":[{"floor":7.0,"key":"REST"}],"circlet_count":0,"master_deck":["AscendersBane","Strike_G","Strike_G","Strike_G","Strike_G","Strike_G","Defend_G","Defend_G","Defend_G","Defend_G","Defend_G","Survivor","Neutralize","Bouncing Flask","Noxious Fumes","PiercingWail","Corpse Explosion","Corpse Explosion"],"relics":["Black Star","Omamori","FossilizedHelix","Bottled Tornado","Darkstone Periapt","Toxic Egg 2"],"acts_visited":["Exordium"],"potions_floor_usage":[10],"damage_taken":[{"damage":3.0,"enemies":"2 Louse","floor":1.0,"turns":4.0},{"damage":12.0,"enemies":"Small Slimes","floor":2.0,"turns":4.0},{"damage":1.0,"enemies":"Cultist","floor":5.0,"turns":5.0},{"damage":58.0,"enemies":"Gremlin Nob","floor":6.0,"turns":5.0},{"damage":15.0,"enemies":"3 Sentries","floor":8.0,"turns":5.0},{"damage":10,"enemies":"Lagavulin","floor":10,"turns":5}],"seed_played":"-7163721025511403953","potions_obtained":[{"floor":4.0,"key":"Fruit Juice"},{"floor":4.0,"key":"SpeedPotion"},{"floor":5.0,"key":"Explosive Potion"}],"is_trial":false,"path_per_floor":["M","M","?","?","M","E","R","E","T","E"],"character_chosen":"THE_SILENT","items_purchased":[],"campfire_rested":1,"item_purchase_floors":[],"current_hp_per_floor":[56,44,60,65,64,6,27,12,12,2,2],"gold":138,"neow_bonus":"BOSS_RELIC","is_daily":false,"chose_seed":false,"campfire_upgraded":0,"win_rate":0.0,"timestamp":1613973166,"path_taken":["M","M","?","?","?","E","R","E","T","E"],"items_purchased_type":[],"build_version":"2020-12-22","purchased_purges":0,"victory":false,"max_hp_per_floor":[66,66,66,71,71,71,71,71,71,71,71],"card_choices":[{"not_picked":["Backflip","Deadly Poison"],"picked":"Bouncing Flask","floor":1.0},{"not_picked":["Underhanded Strike","Infinite Blades"],"picked":"Noxious Fumes","floor":2.0},{"not_picked":["Accuracy","Sucker Punch"],"picked":"PiercingWail","floor":5.0},{"not_picked":["Cloak And Dagger","Underhanded Strike"],"picked":"Corpse Explosion","floor":6.0},{"not_picked":["PiercingWail","Flying Knee"],"picked":"Corpse Explosion","floor":8.0}],"player_experience":655507,"relics_obtained":[{"floor":6.0,"key":"Omamori"},{"floor":6.0,"key":"FossilizedHelix"},{"floor":8.0,"key":"Bottled Tornado"},{"floor":8.0,"key":"Darkstone Periapt"},{"floor":9.0,"key":"Toxic Egg 2"}],"event_choices":[{"damage_healed":16.0,"max_hp_gain":0.0,"max_hp_loss":0.0,"gold_gain":0.0,"event_name":"The Cleric","player_choice":"Healed","floor":3.0,"gold_loss":35.0,"damage_taken":0.0},{"damage_healed":0.0,"max_hp_gain":0.0,"max_hp_loss":0.0,"gold_gain":0.0,"event_name":"The Woman in Blue","player_choice":"Bought 2 Potions","floor":4.0,"gold_loss":0.0,"damage_taken":0.0}],"is_beta":false,"boss_relics":[],"items_purged_floors":[],"is_endless":false,"potions_floor_spawned":[5],"killed_by":"Lagavulin","ascension_level":20}}