{"host":"czzthkrvfe6r7fjf","time":1613990145,"event":{"mods":["ATMod(∞¢Ë™Mod)","Act Like it!","BaseMod","Downfall","GungeonMod","Marisa£®ÏF”Í°°ƒß¿Ì…≥£©","Minty Spire (QoL Compilation)","Quick Restart","StSLib","The Servant 0.9.4","Waifu the Spire","°æπ¶ƒ‹Mod°øªÏ„Á÷Æª∑–ﬁ∏¥≤π∂°"],"gold_per_floor":[109,209,384,384,65,97,97,124,124,124,142,142,162,181,181,283,283,297,25,36,50,67,102,121,253,253,253,381,381,381,284,284,487,487,501,651,651,651,576,709,709,837,861,875,890,1016,1016,1143,1143,1243],"floor_reached":51,"language":"ZHS","playtime":1235,"items_purged":["Strike_R","Strike_R","Defend_R","Bash"],"score":1465,"play_id":"fe9893ba-4b84-48bb-a3ab-7f831bf396d9","local_time":"20210222183545","is_ascension_mode":true,"campfire_choices":[{"data":"Fiend Fire","floor":7.0,"key":"SMITH"},{"data":"Rupture","floor":10.0,"key":"SMITH"},{"data":"Offering","floor":12.0,"key":"SMITH"},{"data":"Sever Soul","floor":15.0,"key":"SMITH"},{"data":"AT_EmpoweredMortalDraw","floor":27.0,"key":"SMITH"},{"data":"Evolve","floor":32.0,"key":"SMITH"},{"data":"AT_Desolate","floor":41.0,"key":"SMITH"},{"floor":47.0,"key":"REST"},{"floor":49,"key":"REST"}],"circlet_count":0,"master_deck":["Defend_R+1","Defend_R","Defend_R+1","AT_Desolate+1","Cleave","downfall:Haunted","downfall:Haunted","Writhe","Brutality","downfall:Icky","Injury","Doubt","Fiend Fire+1","Sever Soul+1","Rupture+1","Offering+1","AT_EmpoweredMortalDraw+1","Armaments+1","Flex+1","Slimebound:Tackle+1","Slimebound:Tackle+1","Slimebound:Tackle+1","downfall:Bewildered","Evolve+1","Burning Pact+1","Warcry+1","Shockwave+1","Dropkick+1","Double Tap+1","Exhume+1"],"relics":["Burning Blood","AT_ATBox","NeowsBlessing","Du-Vu Doll","Membership Card","Singing Bowl","AT_ImmortalShieldbow","Pocketwatch","Charon\u0027s Ashes","AT_MortalBlade","Bag of Preparation","Paper Frog","AT_TheCollector","Toxic Egg 2","Bottled Lightning","Art of War","sneckomod:BabySnecko","SacredBark","Prayer Wheel","Pen Nib","War Paint","Dream Catcher","DemoMod:MonsterBlood","AT_ForceNature"],"acts_visited":["Exordium","TheCity","TheBeyond"],"potions_floor_usage":[50],"damage_taken":[{"damage":0.0,"enemies":"Small Slimes","floor":1.0,"turns":1.0},{"damage":0.0,"enemies":"3 Sentries","floor":6.0,"turns":2.0},{"damage":0.0,"enemies":"Gremlin Nob","floor":8.0,"turns":1.0},{"damage":0.0,"enemies":"Cultist","floor":11.0,"turns":2.0},{"damage":6.0,"enemies":"Jaw Worm","floor":13.0,"turns":2.0},{"damage":8.0,"enemies":"Blue Slaver","floor":14.0,"turns":2.0},{"damage":0.0,"enemies":"Slime Boss","floor":16.0,"turns":2.0},{"damage":11.0,"enemies":"Chosen","floor":18.0,"turns":2.0},{"damage":0.0,"enemies":"Spheric Guardian","floor":20.0,"turns":2.0},{"damage":6.0,"enemies":"Snake Plant","floor":21.0,"turns":1.0},{"damage":1.0,"enemies":"Centurion and Healer","floor":22.0,"turns":3.0},{"damage":9.0,"enemies":"Book of Stabbing","floor":23.0,"turns":2.0},{"damage":0.0,"enemies":"3 Cultists","floor":24.0,"turns":2.0},{"damage":21.0,"enemies":"Slavers","floor":25.0,"turns":2.0},{"damage":6.0,"enemies":"Book of Stabbing","floor":28.0,"turns":1.0},{"damage":20.0,"enemies":"Collector","floor":33.0,"turns":3.0},{"damage":6.0,"enemies":"3 Shapes","floor":35.0,"turns":1.0},{"damage":6.0,"enemies":"Mind Bloom Boss Battle","floor":36.0,"turns":1.0},{"damage":6.0,"enemies":"Reptomancer","floor":40.0,"turns":1.0},{"damage":34.0,"enemies":"Giant Head","floor":42.0,"turns":5.0},{"damage":6.0,"enemies":"Orb Walker","floor":44.0,"turns":1.0},{"damage":29.0,"enemies":"Transient","floor":45.0,"turns":5.0},{"damage":8.0,"enemies":"Nemesis","floor":46.0,"turns":3.0},{"damage":16,"enemies":"Giant Head","floor":48,"turns":3},{"damage":24,"enemies":"Time Eater","floor":50,"turns":3}],"seed_played":"8215043346091639603","potions_obtained":[{"floor":6.0,"key":"ElixirPotion"},{"floor":8.0,"key":"Fire Potion"},{"floor":14.0,"key":"Block Potion"},{"floor":36.0,"key":"BlessingOfTheForge"}],"is_trial":false,"path_per_floor":["M","?","?","?","$","E","R","E","T","R","M","R","M","M","R","B",null,"M","$","M","M","M","E","M","E","T","R","E","?","?","$","R","B",null,"M","?","?","?","$","E","R","E","T","M","M","E","R","E","R","B",null],"character_chosen":"IRONCLAD","items_purchased":["Membership Card","Singing Bowl","Bag of Preparation","Paper Frog","Armaments","Evolve"],"campfire_rested":2,"item_purchase_floors":[5,5,19,19,19,31],"current_hp_per_floor":[78,83,83,83,83,85,85,85,85,85,85,85,87,87,87,91,91,88,88,93,95,97,96,101,86,86,86,88,88,88,88,88,76,98,98,98,98,98,98,100,100,74,74,76,55,60,98,88,124,106],"gold":1243,"neow_bonus":"THREE_ENEMY_KILL","is_daily":false,"chose_seed":false,"campfire_upgraded":7,"win_rate":0.0,"timestamp":1613990145,"path_taken":["M","?","?","?","$","E","R","E","T","R","M","R","?","M","R","BOSS","M","$","?","M","M","E","M","E","T","R","E","?","?","$","R","BOSS","M","?","?","?","$","E","R","E","T","M","M","E","R","E","R","BOSS"],"items_purchased_type":["Relic","Relic","Relic","Relic","Card","Card"],"build_version":"2020-12-22","purchased_purges":4,"victory":true,"max_hp_per_floor":[80,85,85,85,85,85,85,85,85,85,85,85,87,89,89,91,91,93,93,93,95,97,99,101,101,101,101,103,103,103,103,103,105,105,105,105,105,105,105,107,107,109,109,111,113,120,122,122,124,124],"card_choices":[{"not_picked":["Perfected Strike","Sentinel"],"picked":"Cleave","floor":1.0},{"not_picked":["Rampage","Havoc"],"picked":"Sever Soul","floor":6.0},{"not_picked":["Iron Wave","Burning Pact"],"picked":"Rupture","floor":8.0},{"not_picked":["Power Through","AT_DrawKnifeCut"],"picked":"Offering","floor":11.0},{"not_picked":["Heavy Blade","Dropkick","Body Slam"],"picked":"Singing Bowl","floor":13.0},{"not_picked":["Whirlwind","Pommel Strike","Headbutt"],"picked":"Singing Bowl","floor":14.0},{"not_picked":["Fiend Fire","AT_Dispersion","Barricade"],"picked":"Singing Bowl","floor":16.0},{"not_picked":["Intimidate","Flex","Thunderclap"],"picked":"Singing Bowl","floor":18.0},{"not_picked":["Thunderclap","Flex+1"],"picked":"Armaments+1","floor":20.0},{"not_picked":["Pummel","Feel No Pain+1","Havoc"],"picked":"Singing Bowl","floor":21.0},{"not_picked":["Thunderclap","DemoMod:BlackBlade","AT_BodySlamDance+1"],"picked":"Singing Bowl","floor":22.0},{"not_picked":["Thunderclap","Havoc+1","Cleave"],"picked":"Singing Bowl","floor":23.0},{"not_picked":["Clash","Cleave","Impervious"],"picked":"Singing Bowl","floor":24.0},{"not_picked":["Heavy Blade","Pommel Strike"],"picked":"Flex+1","floor":25.0},{"not_picked":["Wild Strike+1","Dropkick+1","Iron Wave"],"picked":"Singing Bowl","floor":28.0},{"not_picked":["Reaper","Fiend Fire","Demon Form"],"picked":"Singing Bowl","floor":33.0},{"not_picked":["Spot Weakness+1","Bloodletting+1"],"picked":"Burning Pact+1","floor":35.0},{"not_picked":["Thunderclap+1","Cleave"],"picked":"Warcry+1","floor":36.0},{"not_picked":["Wild Strike","Evolve","Berserk"],"picked":"Singing Bowl","floor":40.0},{"not_picked":["AT_DrawKnifeCut+1","Wild Strike+1","Dropkick"],"picked":"Singing Bowl","floor":42.0},{"not_picked":["Spot Weakness+1","AT_ManFootWork+1"],"picked":"Shockwave+1","floor":44.0},{"not_picked":["AT_DiedThrough+1","Clothesline+1","Combust+1"],"picked":"Singing Bowl","floor":44.0},{"not_picked":["Thunderclap+1","Perfected Strike+1"],"picked":"Dropkick+1","floor":45.0},{"not_picked":["Clothesline","Metallicize+1","Shrug It Off+1"],"picked":"Singing Bowl","floor":45.0},{"not_picked":["Feel No Pain","Warcry+1"],"picked":"Double Tap+1","floor":46.0},{"not_picked":["Clash+1","Anger+1","Twin Strike+1"],"picked":"Singing Bowl","floor":47.0},{"not_picked":["Shrug It Off+1","AT_ManFootWork+1"],"picked":"Exhume+1","floor":48},{"not_picked":["Warcry+1","Disarm+1","Iron Wave"],"picked":"Singing Bowl","floor":49}],"player_experience":151382,"relics_obtained":[{"floor":6.0,"key":"AT_ImmortalShieldbow"},{"floor":8.0,"key":"Pocketwatch"},{"floor":9.0,"key":"Charon\u0027s Ashes"},{"floor":23.0,"key":"AT_TheCollector"},{"floor":25.0,"key":"Toxic Egg 2"},{"floor":26.0,"key":"Bottled Lightning"},{"floor":28.0,"key":"Art of War"},{"floor":36.0,"key":"Prayer Wheel"},{"floor":40.0,"key":"Pen Nib"},{"floor":42.0,"key":"War Paint"},{"floor":43.0,"key":"Dream Catcher"},{"floor":46.0,"key":"DemoMod:MonsterBlood"},{"floor":48,"key":"AT_ForceNature"}],"event_choices":[{"damage_healed":0.0,"max_hp_gain":0.0,"max_hp_loss":0.0,"gold_gain":175.0,"event_name":"Liars Game","player_choice":"AGREE","floor":3.0,"gold_loss":0.0,"damage_taken":0.0,"cards_obtained":["Doubt"]},{"damage_healed":0.0,"max_hp_gain":0.0,"max_hp_loss":0.0,"gold_gain":0.0,"event_name":"Match and Keep!","player_choice":"1 cards matched","floor":4.0,"gold_loss":0.0,"damage_taken":0.0,"cards_obtained":["Fiend Fire"]},{"damage_healed":0.0,"max_hp_gain":0.0,"max_hp_loss":0.0,"gold_gain":0.0,"event_name":"MindBloom","player_choice":"Fight","floor":36.0,"gold_loss":0.0,"damage_taken":0.0},{"cards_removed":["Armaments"],"damage_healed":0.0,"max_hp_gain":0.0,"max_hp_loss":0.0,"gold_gain":0.0,"event_name":"Falling","player_choice":"Removed Skill","floor":37.0,"gold_loss":0.0,"damage_taken":0.0},{"damage_healed":0.0,"max_hp_gain":0.0,"max_hp_loss":0.0,"gold_gain":0.0,"event_name":"Tomb of Lord Red Mask","player_choice":"Ignored","floor":38.0,"gold_loss":0.0,"damage_taken":0.0}],"is_beta":false,"boss_relics":[{"not_picked":["Snecko Eye","Astrolabe"],"picked":"AT_MortalBlade"},{"not_picked":["Sozu","Black Blood"],"picked":"SacredBark"}],"items_purged_floors":[5,19,31,39],"is_endless":false,"potions_floor_spawned":[6,8,14,20,22,24,28,36,40,44],"ascension_level":6}}