{"host":"9ndbo4kgsfoemf7y","time":1613995048,"event":{"mods":["AchievementEnabler","BaseMod","Colored Map","DeckTracker","Keyboard Shortcuts","Minty Spire (QoL Compilation)","Permanent Neow","Quick Restart","Relic Stats","StSLib","SuperFastMode"],"gold_per_floor":[114,189,189,203,215,215,241,33,33,33,33,33,33],"floor_reached":12,"language":"KOR","playtime":345,"items_purged":["Strike_B"],"score":118,"play_id":"9ae66004-d027-4c8f-bf19-ffbe3a8cef64","local_time":"20210222205728","is_ascension_mode":true,"campfire_choices":[{"floor":6.0,"key":"REST"},{"floor":10,"key":"REST"}],"circlet_count":0,"master_deck":["AscendersBane","Strike_B","Strike_B","Defend_B","Defend_B","Defend_B","Defend_B+1","Zap","Dualcast","Seek","Sweeping Beam+1","Fission","Capacitor","Barrage","Loop","Hologram","Consume"],"relics":["Cracked Core","The Courier","Membership Card","Thread and Needle"],"acts_visited":["Exordium"],"potions_floor_usage":[],"damage_taken":[{"damage":7.0,"enemies":"Jaw Worm","floor":1.0,"turns":3.0},{"damage":0.0,"enemies":"2 Louse","floor":4.0,"turns":2.0},{"damage":11.0,"enemies":"Small Slimes","floor":5.0,"turns":3.0},{"damage":40,"enemies":"3 Sentries","floor":7,"turns":8},{"damage":20,"enemies":"Lagavulin","floor":12,"turns":4}],"seed_played":"5540140186750191366","potions_obtained":[{"floor":7,"key":"PotionOfCapacity"}],"is_trial":false,"path_per_floor":["M","?","?","M","M","R","E","$","T","R","?","E"],"character_chosen":"DEFECT","items_purchased":["Membership Card","Hologram","Consume"],"campfire_rested":2,"item_purchase_floors":[8,8,8],"current_hp_per_floor":[43,32,32,32,21,43,3,3,3,25,10,0,0],"gold":33,"neow_bonus":"THREE_RARE_CARDS","is_daily":false,"chose_seed":false,"campfire_upgraded":0,"win_rate":0.0,"timestamp":1613995048,"path_taken":["M","?","?","M","M","R","E","$","T","R","?","E"],"items_purchased_type":["Relic","Card","Card"],"build_version":"2020-12-22","purchased_purges":1,"victory":false,"max_hp_per_floor":[75,75,75,75,75,75,75,75,75,75,75,75,75],"relic_stats":{"counters":[5,20],"obtain_stats":[{"Thread and Needle":9,"The Courier":7,"Membership Card":8,"Cracked Core":0},{"Thread and Needle":4,"The Courier":4,"Membership Card":4,"Cracked Core":0},{"Thread and Needle":16,"The Courier":16,"Membership Card":16,"Cracked Core":0}]},"card_choices":[{"not_picked":["Rainbow","Biased Cognition"],"picked":"Seek","floor":0.0},{"not_picked":["Conserve Battery","Gash"],"picked":"Sweeping Beam","floor":1.0},{"not_picked":["Streamline","FTL"],"picked":"Capacitor","floor":4.0},{"not_picked":["Melter","Recycle"],"picked":"Barrage","floor":5.0},{"not_picked":["Auto Shields","Melter"],"picked":"Loop","floor":7}],"player_experience":880760,"relics_obtained":[{"floor":7,"key":"The Courier"},{"floor":9,"key":"Thread and Needle"}],"event_choices":[{"damage_healed":0.0,"max_hp_gain":0.0,"max_hp_loss":0.0,"gold_gain":75.0,"event_name":"World of Goop","player_choice":"Gather Gold","floor":2.0,"gold_loss":0.0,"damage_taken":11.0},{"damage_healed":0.0,"max_hp_gain":0.0,"max_hp_loss":0.0,"gold_gain":0.0,"cards_transformed":["Strike_B"],"event_name":"Living Wall","player_choice":"Change","floor":3.0,"gold_loss":0.0,"damage_taken":0.0,"cards_obtained":["Fission"]},{"damage_healed":0,"gold_gain":0,"player_choice":"Entered Light","damage_taken":15,"max_hp_gain":0,"max_hp_loss":0,"event_name":"Shining Light","floor":11,"gold_loss":0,"cards_upgraded":["Defend_B","Sweeping Beam"]}],"is_beta":false,"boss_relics":[],"items_purged_floors":[8],"is_endless":false,"potions_floor_spawned":[7],"killed_by":"Lagavulin","ascension_level":11}}