{"host":"bq4pt811tk9yrmjl","time":1613958555,"event":{"mods":["AchievementEnabler","BaseMod","Colored Map","Colored Powertips","Defuse TimeMaze Blight","Minty Spire (QoL Compilation)","Smile Girya","StSLib","SuperFastMode"],"gold_per_floor":[110,122,45,45,45,45,76,76,123,144,144,188,206,242,242,365,365,385,385,403,318,338,338,377,377,377,377,377,67,67,88,88,207,207,230,180,196,196,214,214,261,261,287,300,300,315,342,371,371,371,371,371,20,59,59,59],"floor_reached":55,"language":"ENG","playtime":1215,"items_purged":["Bane","Strike_G+1"],"score":798,"play_id":"7434954b-74a4-4cc8-8861-80ab847f1716","local_time":"20210221224915","is_ascension_mode":true,"campfire_choices":[{"data":"Noxious Fumes","floor":6.0,"key":"SMITH"},{"data":"Bouncing Flask","floor":11.0,"key":"SMITH"},{"floor":15.0,"key":"REST"},{"data":"Blade Dance","floor":23.0,"key":"SMITH"},{"data":"Neutralize","floor":25.0,"key":"SMITH"},{"floor":30.0,"key":"RECALL"},{"data":"Blur","floor":32.0,"key":"SMITH"},{"data":"Envenom","floor":40.0,"key":"SMITH"},{"floor":42.0,"key":"REST"},{"floor":49.0,"key":"REST"},{"data":"Strike_G+1","floor":52.0,"key":"PURGE"}],"circlet_count":0,"master_deck":["Strike_G+1","Strike_G+1","Defend_G+1","Defend_G+1","Defend_G+1","Defend_G+1","Defend_G+1","Survivor+1","Neutralize+1","Noxious Fumes+1","Bouncing Flask+1","Blade Dance+1","Adrenaline+1","Blade Dance+1","Bane+1","Noxious Fumes+1","Blur+1","Envenom+1","Flying Knee+1","Escape Plan+1","Dodge and Roll+1","Blade Dance+1"],"relics":["Ring of the Serpent","NeowsBlessing","Golden Idol","Smiling Mask","Snake Skull","PreservedInsect","WristBlade","Akabeko","Peace Pipe","Paper Crane","Lee\u0027s Waffle","War Paint","CeramicFish","Anchor","Bag of Marbles","Bronze Scales"],"acts_visited":["Exordium","TheCity","TheBeyond","TheEnding"],"potions_floor_usage":[54,55],"damage_taken":[{"damage":0.0,"enemies":"2 Louse","floor":1.0,"turns":1.0},{"damage":0.0,"enemies":"Small Slimes","floor":2.0,"turns":1.0},{"damage":0.0,"enemies":"Gremlin Nob","floor":7.0,"turns":1.0},{"damage":0.0,"enemies":"Cultist","floor":10.0,"turns":3.0},{"damage":4.0,"enemies":"3 Sentries","floor":12.0,"turns":5.0},{"damage":0.0,"enemies":"Large Slime","floor":13.0,"turns":3.0},{"damage":20.0,"enemies":"Gremlin Nob","floor":14.0,"turns":4.0},{"damage":10.0,"enemies":"Hexaghost","floor":16.0,"turns":6.0},{"damage":0.0,"enemies":"3 Byrds","floor":18.0,"turns":4.0},{"damage":0.0,"enemies":"Shell Parasite","floor":20.0,"turns":3.0},{"damage":8.0,"enemies":"Snake Plant","floor":22.0,"turns":4.0},{"damage":0.0,"enemies":"Gremlin Leader","floor":24.0,"turns":3.0},{"damage":0.0,"enemies":"Snecko","floor":31.0,"turns":3.0},{"damage":26.0,"enemies":"Champ","floor":33.0,"turns":9.0},{"damage":2.0,"enemies":"Orb Walker","floor":35.0,"turns":3.0},{"damage":0.0,"enemies":"3 Shapes","floor":37.0,"turns":5.0},{"damage":6.0,"enemies":"Jaw Worm Horde","floor":39.0,"turns":3.0},{"damage":15.0,"enemies":"Reptomancer","floor":41.0,"turns":4.0},{"damage":6.0,"enemies":"Sphere and 2 Shapes","floor":44.0,"turns":5.0},{"damage":19.0,"enemies":"Writhing Mass","floor":46.0,"turns":7.0},{"damage":0.0,"enemies":"4 Shapes","floor":47.0,"turns":5.0},{"damage":0.0,"enemies":"Sphere and 2 Shapes","floor":48.0,"turns":4.0},{"damage":54.0,"enemies":"Awakened One","floor":50.0,"turns":19.0},{"damage":0,"enemies":"Shield and Spear","floor":54,"turns":3},{"damage":80,"enemies":"The Heart","floor":55,"turns":5}],"seed_played":"-3954311408297226301","potions_obtained":[{"floor":8.0,"key":"Explosive Potion"},{"floor":8.0,"key":"ColorlessPotion"},{"floor":8.0,"key":"Fruit Juice"},{"floor":12.0,"key":"Strength Potion"},{"floor":13.0,"key":"Energy Potion"},{"floor":14.0,"key":"Dexterity Potion"},{"floor":18.0,"key":"SkillPotion"},{"floor":24.0,"key":"Weak Potion"},{"floor":31.0,"key":"Dexterity Potion"},{"floor":37.0,"key":"Energy Potion"},{"floor":39.0,"key":"Dexterity Potion"},{"floor":44.0,"key":"SteroidPotion"},{"floor":47.0,"key":"SteroidPotion"}],"is_trial":false,"path_per_floor":["M","M","$","?","?","R","E","?","T","M","R","E","M","E","R","B",null,"M","?","M","?","M","R","E","R","T","?","?","$","R","M","R","B",null,"M","$","M","?","M","R","E","R","T","M","?","M","M","M","R","B",null,"R","$","E","B"],"character_chosen":"THE_SILENT","items_purchased":["Noxious Fumes","Lee\u0027s Waffle","War Paint","Bag of Marbles","LiquidMemories","LiquidMemories"],"campfire_rested":3,"item_purchase_floors":[3,29,29,53,53,53],"current_hp_per_floor":[70,70,70,70,53,53,53,58,58,58,58,54,54,34,56,46,75,75,69,69,69,61,61,61,61,61,61,61,82,82,82,82,56,82,80,80,80,78,72,72,57,78,78,72,72,53,53,53,76,22,78,78,78,78,0,0],"gold":59,"neow_bonus":"THREE_ENEMY_KILL","is_daily":false,"chose_seed":false,"campfire_upgraded":6,"win_rate":0.0,"timestamp":1613958555,"path_taken":["M","M","$","?","?","R","E","?","T","?","R","E","M","E","R","BOSS","M","?","M","?","M","R","E","R","T","?","?","$","R","?","R","BOSS","M","$","M","?","M","R","E","R","T","M","?","M","?","M","R","BOSS","R","$","E","BOSS"],"items_purchased_type":["Card","Relic","Relic","Relic","Potion","Potion"],"build_version":"2020-12-22","purchased_purges":2,"victory":false,"max_hp_per_floor":[70,70,70,70,70,70,70,75,75,75,75,75,75,75,75,75,75,75,75,75,75,75,75,75,75,75,75,75,82,82,82,82,82,82,82,82,82,78,78,78,78,78,78,78,78,78,78,78,78,78,78,78,78,78,78,78],"card_choices":[{"not_picked":["Sucker Punch","Dagger Throw","Expertise"],"picked":"SKIP","floor":1.0},{"not_picked":["Deflect","Outmaneuver"],"picked":"Bane","floor":2.0},{"not_picked":["Burst","Quick Slash","Riddle With Holes"],"picked":"SKIP","floor":7.0},{"not_picked":["Crippling Poison","Dodge and Roll"],"picked":"Bouncing Flask","floor":10.0},{"not_picked":["Cloak And Dagger","Poisoned Stab"],"picked":"Blade Dance","floor":12.0},{"not_picked":["Underhanded Strike","Dodge and Roll","Dagger Spray"],"picked":"SKIP","floor":13.0},{"not_picked":["Calculated Gamble","Reflex","Prepared"],"picked":"SKIP","floor":14.0},{"not_picked":["Storm of Steel","A Thousand Cuts"],"picked":"Adrenaline","floor":16.0},{"not_picked":["Bane","Underhanded Strike+1"],"picked":"Blade Dance+1","floor":18.0},{"not_picked":["Flechettes","Tactician","Underhanded Strike+1"],"picked":"SKIP","floor":20.0},{"not_picked":["Escape Plan","Acrobatics+1"],"picked":"Bane+1","floor":22.0},{"not_picked":["Well Laid Plans","Outmaneuver","Prepared+1"],"picked":"SKIP","floor":24.0},{"not_picked":["Poisoned Stab","Deflect"],"picked":"Blur","floor":31.0},{"not_picked":["Adrenaline","Unload"],"picked":"Envenom","floor":33.0},{"not_picked":["Poisoned Stab","Underhanded Strike+1","Terror"],"picked":"SKIP","floor":35.0},{"not_picked":["Caltrops+1","Dodge and Roll","Bouncing Flask"],"picked":"SKIP","floor":37.0},{"not_picked":["Underhanded Strike","Dodge and Roll"],"picked":"Flying Knee+1","floor":39.0},{"not_picked":["Wraith Form v2","Terror"],"picked":"Escape Plan+1","floor":41.0},{"not_picked":["Prepared+1","Well Laid Plans+1","Deadly Poison"],"picked":"SKIP","floor":44.0},{"not_picked":["Eviscerate+1","Dagger Throw","Glass Knife"],"picked":"SKIP","floor":46.0},{"not_picked":["Crippling Poison","Flying Knee+1"],"picked":"Dodge and Roll+1","floor":47.0},{"not_picked":["Calculated Gamble+1","Deflect"],"picked":"Blade Dance+1","floor":48.0},{"not_picked":["Deadly Poison+1","Acrobatics+1","Quick Slash"],"picked":"SKIP","floor":54}],"player_experience":283579,"relics_obtained":[{"floor":7.0,"key":"Smiling Mask"},{"floor":12.0,"key":"Snake Skull"},{"floor":14.0,"key":"PreservedInsect"},{"floor":24.0,"key":"Peace Pipe"},{"floor":26.0,"key":"Paper Crane"},{"floor":41.0,"key":"CeramicFish"},{"floor":43.0,"key":"Anchor"},{"floor":54,"key":"Bronze Scales"}],"event_choices":[{"damage_healed":0.0,"max_hp_gain":0.0,"max_hp_loss":0.0,"gold_gain":0.0,"event_name":"Golden Wing","player_choice":"Ignored","floor":4.0,"gold_loss":0.0,"damage_taken":0.0},{"damage_healed":0.0,"max_hp_gain":0.0,"max_hp_loss":0.0,"gold_gain":0.0,"event_name":"Golden Idol","player_choice":"Take Damage","floor":5.0,"gold_loss":0.0,"damage_taken":17.0,"relics_obtained":["Golden Idol"]},{"damage_healed":0.0,"max_hp_gain":0.0,"max_hp_loss":0.0,"gold_gain":0.0,"event_name":"Lab","player_choice":"Got Potions","floor":8.0,"gold_loss":0.0,"damage_taken":0.0},{"damage_healed":0.0,"max_hp_gain":0.0,"max_hp_loss":0.0,"gold_gain":0.0,"event_name":"Knowing Skull","player_choice":"","floor":19.0,"potions_obtained":[],"gold_loss":0.0,"damage_taken":6.0,"cards_obtained":[]},{"damage_healed":0.0,"max_hp_gain":0.0,"max_hp_loss":0.0,"gold_gain":0.0,"event_name":"Addict","player_choice":"Obtained Relic","floor":21.0,"gold_loss":85.0,"damage_taken":0.0,"relics_obtained":["Akabeko"]},{"damage_healed":0.0,"max_hp_gain":0.0,"max_hp_loss":0.0,"gold_gain":0.0,"event_name":"Back to Basics","player_choice":"Simplicity","floor":27.0,"gold_loss":0.0,"damage_taken":0.0,"cards_upgraded":["Strike_G","Strike_G","Strike_G","Strike_G","Strike_G","Defend_G","Defend_G","Defend_G","Defend_G","Defend_G"]},{"damage_healed":0.0,"max_hp_gain":0.0,"max_hp_loss":0.0,"gold_gain":0.0,"event_name":"Duplicator","player_choice":"Copied","floor":28.0,"gold_loss":0.0,"damage_taken":0.0,"cards_obtained":["Noxious Fumes"]},{"damage_healed":0.0,"max_hp_gain":0.0,"max_hp_loss":4.0,"gold_gain":0.0,"event_name":"Winding Halls","player_choice":"Max HP","floor":38.0,"gold_loss":0.0,"damage_taken":0.0},{"cards_removed":["Strike_G"],"damage_healed":0.0,"max_hp_gain":0.0,"max_hp_loss":0.0,"gold_gain":0.0,"event_name":"Purifier","player_choice":"Purged","floor":45.0,"gold_loss":0.0,"damage_taken":0.0}],"is_beta":false,"boss_relics":[{"not_picked":["Philosopher\u0027s Stone","Runic Dome"],"picked":"WristBlade"},{"not_picked":["Calling Bell","Runic Pyramid"],"picked":"Ring of the Serpent"}],"items_purged_floors":[36,53],"is_endless":false,"potions_floor_spawned":[12,13,14,18,24,31,37,39,44,47],"killed_by":"The Heart","ascension_level":1}}