{"host":"zs3tguvuxkh90jf4","time":1613963496,"event":{"mods":["AchievementEnabler","BaseMod","Better Silent Start","Better-Laid Plans","BetterRewards","Block Reminder","Colored Map","Colored Powertips","Gold Saver","Minty Spire (QoL Compilation)","Shop Mod","StSLib","Transform Curses"],"gold_per_floor":[2439,1782,1707,1707,1707,1736,1751,1776,1776,1806,1825,1841,1858,1877,1877,1952,1952,1972,1972,269,449,467,493,493,237,237,266,191,220,220,250,250,323,323,335,353,369,417,66,66,66,80,106,106,134,146,179,192,192,192,192,192,192,5,35,35],"floor_reached":57,"language":"ENG","playtime":3128,"items_purged":["Defend_B","Strike_B","Strike_B","Strike_B","Defend_B","Defragment"],"score":3041,"play_id":"10d92782-7192-4b1e-ba15-79b43243a012","local_time":"20210221191136","is_ascension_mode":true,"campfire_choices":[{"floor":15,"key":"REST"},{"floor":24,"key":"RECALL"},{"data":"Chaos","floor":32,"key":"SMITH"},{"data":"Self Repair","floor":40,"key":"SMITH"},{"data":"Zap","floor":44,"key":"SMITH"},{"data":"Master of Strategy","floor":49,"key":"SMITH"},{"data":"Turbo","floor":53,"key":"SMITH"}],"circlet_count":0,"master_deck":["AscendersBane","Defend_B","Zap+1","Dualcast+1","Beam Cell","Conserve Battery","Gash","Coolheaded","Hologram","Steam","Gash","Turbo+1","Gash","Self Repair+1","Static Discharge","Go for the Eyes","Gash","Echo Form","Electrodynamics","Gash","Gash","Defragment+1","Storm+1","Beam Cell+1","Glacier","Chaos+1","All For One+1","Gash+1","Gash+1","Master of Strategy+1","Gash+1","Tempest"],"relics":["FrozenCore","StoneCalendar","Centennial Puzzle","MerchantsRug","HornCleat","TungstenRod","Ancient Tea Set","Regal Pillow","The Courier","Dead Branch","Nuclear Battery","Oddly Smooth Stone","Ginger","Orichalcum","Cables","Anchor","Frozen Egg 2","Lantern","Meat on the Bone","Boot","PreservedInsect","Smiling Mask","Runic Capacitor","Eternal Feather","Molten Egg 2","Omamori","Bag of Preparation","Shuriken","Incense Burner","Bag of Marbles","Ice Cream","Juzu Bracelet","Ornamental Fan","Mummified Hand","Bronze Scales","White Beast Statue"],"acts_visited":["Exordium","TheCity","TheBeyond","TheEnding"],"potions_floor_usage":[10,13,56],"damage_taken":[{"damage":0,"enemies":"2 Louse","floor":1,"turns":4},{"damage":46,"enemies":"Gremlin Nob","floor":6,"turns":4},{"damage":10,"enemies":"Cultist","floor":7,"turns":4},{"damage":6,"enemies":"3 Sentries","floor":8,"turns":7},{"damage":13,"enemies":"Lagavulin","floor":10,"turns":6},{"damage":3,"enemies":"Jaw Worm","floor":11,"turns":3},{"damage":3,"enemies":"3 Louse","floor":12,"turns":4},{"damage":0,"enemies":"Gremlin Gang","floor":13,"turns":4},{"damage":14,"enemies":"Blue Slaver","floor":14,"turns":4},{"damage":31,"enemies":"Hexaghost","floor":16,"turns":7},{"damage":11,"enemies":"3 Byrds","floor":18,"turns":3},{"damage":6,"enemies":"Spheric Guardian","floor":22,"turns":4},{"damage":13,"enemies":"Gremlin Leader","floor":23,"turns":4},{"damage":10,"enemies":"Slavers","floor":27,"turns":3},{"damage":0,"enemies":"Book of Stabbing","floor":29,"turns":3},{"damage":17,"enemies":"Slavers","floor":31,"turns":2},{"damage":40,"enemies":"Automaton","floor":33,"turns":7},{"damage":2,"enemies":"3 Shapes","floor":35,"turns":3},{"damage":0,"enemies":"3 Darklings","floor":36,"turns":5},{"damage":7,"enemies":"Writhing Mass","floor":37,"turns":3},{"damage":20,"enemies":"2 Orb Walkers","floor":38,"turns":2},{"damage":5,"enemies":"Sphere and 2 Shapes","floor":42,"turns":2},{"damage":0,"enemies":"Reptomancer","floor":45,"turns":3},{"damage":0,"enemies":"Jaw Worm Horde","floor":46,"turns":3},{"damage":0,"enemies":"Giant Head","floor":47,"turns":4},{"damage":0,"enemies":"Transient","floor":48,"turns":6},{"damage":26,"enemies":"Time Eater","floor":50,"turns":6},{"damage":72,"enemies":"Awakened One","floor":51,"turns":6},{"damage":16,"enemies":"Shield and Spear","floor":55,"turns":3},{"damage":66,"enemies":"The Heart","floor":56,"turns":5}],"seed_played":"-710928915417446487","potions_obtained":[{"floor":1,"key":"SpeedPotion"},{"floor":6,"key":"Weak Potion"},{"floor":11,"key":"Swift Potion"},{"floor":13,"key":"FairyPotion"},{"floor":55,"key":"Swift Potion"}],"is_trial":false,"path_per_floor":["M","$","?","?","?","E","M","E","T","E","M","M","M","M","R","B",null,"M","?","$","?","M","E","R","$","T","E","?","E","?","E","R","B",null,"M","M","M","?","$","R","?","M","T","R","E","M","E","M","R","B","B",null,"R","$","E","B",null],"character_chosen":"DEFECT","items_purchased":["Orrery","Hologram","StoneCalendar","Centennial Puzzle","Steam","MerchantsRug","HornCleat","DollysMirror","Lee\u0027s Waffle","Turbo","TungstenRod","FairyPotion","Self Repair","Oddly Smooth Stone","Ginger","Orichalcum","Cables","Anchor","Frozen Egg 2","Lantern","Meat on the Bone","Boot","PreservedInsect","Runic Capacitor","Storm+1","Bag of Marbles","Ice Cream","Gash+1","Bronze Scales"],"campfire_rested":1,"item_purchase_floors":[0,0,0,0,0,0,0,0,0,0,2,2,2,20,20,20,20,20,20,20,20,20,20,25,25,39,39,39,54],"current_hp_per_floor":[78,78,78,63,63,24,21,22,22,16,20,24,31,24,62,38,68,64,64,64,48,49,62,62,62,62,59,59,59,59,42,57,36,68,73,78,78,65,65,78,78,73,73,78,78,78,78,78,78,62,45,70,78,78,72,28],"gold":35,"neow_bonus":"","is_daily":false,"chose_seed":true,"campfire_upgraded":5,"win_rate":0.0,"timestamp":1613963496,"path_taken":["M","$","?","?","?","E","M","E","T","E","M","?","M","M","R","BOSS","M","?","$","?","?","E","R","$","T","E","?","E","?","E","R","BOSS","M","M","?","?","$","R","?","M","T","R","E","M","E","M","R","BOSS","BOSS","R","$","E","BOSS"],"items_purchased_type":["Relic","Card","Relic","Relic","Card","Relic","Relic","Relic","Relic","Card","Relic","Potion","Card","Relic","Relic","Relic","Relic","Relic","Relic","Relic","Relic","Relic","Relic","Relic","Card","Relic","Relic","Card","Relic"],"build_version":"2020-12-22","purchased_purges":6,"victory":true,"max_hp_per_floor":[78,78,78,78,78,78,78,78,78,78,78,78,78,78,78,78,78,78,78,78,78,78,78,78,78,78,78,78,78,78,78,78,78,78,78,78,78,78,78,78,78,78,78,78,78,78,78,78,78,78,78,78,78,78,78,78],"card_choices":[{"not_picked":["Hello World","Leap"],"picked":"Beam Cell","floor":0},{"not_picked":["Recycle","FTL"],"picked":"Conserve Battery","floor":0},{"not_picked":["Compile Driver","Go for the Eyes"],"picked":"Gash","floor":0},{"not_picked":["Double Energy","Ball Lightning"],"picked":"Coolheaded","floor":0},{"not_picked":["Turbo","Buffer"],"picked":"Defragment","floor":0},{"not_picked":["Reinforced Body","Beam Cell"],"picked":"Gash","floor":1},{"not_picked":["Sweeping Beam","Steam Power","Coolheaded"],"picked":"SKIP","floor":6},{"not_picked":["Sweeping Beam","Leap","Streamline"],"picked":"SKIP","floor":7},{"not_picked":["Conserve Battery","Melter","Defragment"],"picked":"SKIP","floor":8},{"not_picked":["Redo","Hologram"],"picked":"Static Discharge","floor":10},{"not_picked":["Darkness","Barrage"],"picked":"Go for the Eyes","floor":11},{"not_picked":["Genetic Algorithm","Chaos"],"picked":"Gash","floor":12},{"not_picked":["Leap","Chaos"],"picked":"Echo Form","floor":13},{"not_picked":["Coolheaded","Leap","Streamline"],"picked":"SKIP","floor":14},{"not_picked":["Buffer","Machine Learning"],"picked":"Electrodynamics","floor":16},{"not_picked":["Barrage","Go for the Eyes","Force Field"],"picked":"SKIP","floor":18},{"not_picked":["Go for the Eyes","Steam"],"picked":"Gash","floor":22},{"not_picked":["Barrage+1","Melter+1"],"picked":"Defragment+1","floor":23},{"not_picked":["Core Surge+1","Streamline+1"],"picked":"Beam Cell+1","floor":27},{"not_picked":["Redo","Auto Shields"],"picked":"Glacier","floor":29},{"not_picked":["Rebound+1","Leap"],"picked":"Chaos","floor":31},{"not_picked":["Fission","Reboot"],"picked":"All For One+1","floor":33},{"not_picked":["Barrage+1","Melter+1","Steam"],"picked":"SKIP","floor":35},{"not_picked":["Doom and Gloom+1","Turbo","Sweeping Beam+1"],"picked":"SKIP","floor":36},{"not_picked":["Turbo","Self Repair+1"],"picked":"Gash+1","floor":37},{"not_picked":["Blind","Chrysalis"],"picked":"Master of Strategy","floor":41},{"not_picked":["Barrage+1","Recycle","Leap+1"],"picked":"SKIP","floor":42},{"not_picked":["Skim","Leap+1","Force Field"],"picked":"SKIP","floor":45},{"not_picked":["White Noise","Sweeping Beam+1","Auto Shields"],"picked":"SKIP","floor":46},{"not_picked":["Leap","Chaos+1"],"picked":"Gash+1","floor":47},{"not_picked":["Melter+1","Cold Snap+1","Barrage+1"],"picked":"SKIP","floor":48},{"not_picked":["Turbo","Recycle"],"picked":"Tempest","floor":55}],"player_experience":611249,"relics_obtained":[{"floor":6,"key":"Ancient Tea Set"},{"floor":8,"key":"Regal Pillow"},{"floor":9,"key":"The Courier"},{"floor":10,"key":"Dead Branch"},{"floor":23,"key":"Smiling Mask"},{"floor":26,"key":"Eternal Feather"},{"floor":26,"key":"Molten Egg 2"},{"floor":27,"key":"Omamori"},{"floor":29,"key":"Bag of Preparation"},{"floor":31,"key":"Shuriken"},{"floor":38,"key":"Incense Burner"},{"floor":43,"key":"Juzu Bracelet"},{"floor":45,"key":"Ornamental Fan"},{"floor":47,"key":"Mummified Hand"},{"floor":55,"key":"White Beast Statue"}],"event_choices":[{"cards_removed":["Strike_B"],"damage_healed":0,"gold_gain":0,"player_choice":"Card Removal","damage_taken":0,"max_hp_gain":0,"max_hp_loss":0,"event_name":"The Cleric","floor":3,"gold_loss":75},{"damage_healed":0,"gold_gain":0,"player_choice":"Success","damage_taken":18,"relics_obtained":["Matryoshka"],"max_hp_gain":0,"max_hp_loss":0,"event_name":"Scrap Ooze","floor":4,"gold_loss":0},{"cards_removed":["Defend_B"],"damage_healed":0,"gold_gain":0,"player_choice":"Offered Basic","damage_taken":0,"max_hp_gain":0,"max_hp_loss":0,"event_name":"Bonfire Elementals","floor":5,"gold_loss":0},{"damage_healed":0,"gold_gain":0,"player_choice":"Read","damage_taken":0,"max_hp_gain":0,"max_hp_loss":0,"event_name":"The Library","floor":19,"gold_loss":0,"cards_obtained":["Gash"]},{"damage_healed":0,"gold_gain":180,"player_choice":"GOLD GOLD ","damage_taken":19,"max_hp_gain":0,"max_hp_loss":0,"event_name":"Knowing Skull","floor":21,"potions_obtained":[],"gold_loss":0,"cards_obtained":[]},{"cards_removed":["Defragment"],"damage_healed":0,"gold_gain":0,"player_choice":"Gave Gold","damage_taken":0,"max_hp_gain":0,"max_hp_loss":0,"event_name":"Beggar","floor":28,"gold_loss":75},{"damage_healed":0,"gold_gain":0,"player_choice":"Upgraded","damage_taken":0,"max_hp_gain":0,"max_hp_loss":0,"event_name":"Upgrade Shrine","floor":30,"gold_loss":0,"cards_upgraded":["Dualcast"]},{"damage_healed":0,"gold_gain":0,"player_choice":"Fight","damage_taken":0,"max_hp_gain":0,"max_hp_loss":0,"event_name":"Mysterious Sphere","floor":38,"gold_loss":0},{"damage_healed":0,"gold_gain":0,"player_choice":"Memory 1","damage_taken":0,"max_hp_gain":0,"max_hp_loss":0,"event_name":"SensoryStone","floor":41,"gold_loss":0}],"is_beta":false,"boss_relics":[{"not_picked":["Philosopher\u0027s Stone","Astrolabe"],"picked":"Nuclear Battery"},{"not_picked":["Busted Crown","Sozu"],"picked":"FrozenCore"}],"items_purged_floors":[0,0,2,20,25,54],"is_endless":false,"potions_floor_spawned":[1,6,11,13,16,18,23,27,33,37,42,45,46,47,55],"ascension_level":20}}