{"host":"ztzf20fs6w35ztzf","time":1613988841,"event":{"mods":["AchievementEnabler","AlwaysNeverKeys","BaseMod","BetterRewards","Colored Powertips","DeckTracker","Downfall","Grow up Mod","Lobotomy","Minty Spire (QoL Compilation)","Rare Cards Sparkle","Remove Card Discount Mod","Replay The Spire","StSLib","SuperFastMode"],"gold_per_floor":[110,122,139,153,166,166,166],"floor_reached":6,"language":"ENG","playtime":210,"items_purged":[],"score":124,"play_id":"9e4bed24-dc8f-4a01-8e09-82a97a3eada9","local_time":"20210222181401","is_ascension_mode":true,"campfire_choices":[],"circlet_count":0,"master_deck":["AscendersBane","Strike_R","Strike_R","Strike_R","Strike_R","Strike_R","Defend_R","Defend_R","Defend_R","Defend_R","Bash","NakedNest","Twin Strike","SingingMachine","MeatLantern","Armaments","QueenOfHatred","Inflame","HappyTeddy"],"relics":["Burning Blood","CogitoBucket","RabbitCall"],"acts_visited":["Exordium"],"potions_floor_usage":[],"damage_taken":[{"damage":6,"enemies":"Cultist","floor":1,"turns":3},{"damage":17,"enemies":"2 Louse","floor":2,"turns":3},{"damage":16,"enemies":"Jaw Worm","floor":3,"turns":2},{"damage":58,"enemies":"Red Slaver","floor":4,"turns":3},{"damage":12,"enemies":"Blue Slaver","floor":5,"turns":2},{"damage":67,"enemies":"3 Sentries","floor":6,"turns":4}],"seed_played":"7266063133073689737","potions_obtained":[{"floor":3,"key":"GamblersBrew"},{"floor":4,"key":"Strength Potion"}],"is_trial":false,"path_per_floor":["M","M","M","M","M","E"],"character_chosen":"IRONCLAD","items_purchased":[],"campfire_rested":0,"item_purchase_floors":[],"current_hp_per_floor":[88,87,87,45,55,0,0],"gold":166,"neow_bonus":"","is_daily":false,"chose_seed":false,"campfire_upgraded":0,"win_rate":0.0,"timestamp":1613988841,"path_taken":["M","M","M","M","M","E"],"items_purchased_type":[],"build_version":"2020-12-22","purchased_purges":0,"victory":false,"max_hp_per_floor":[95,105,115,125,135,135,135],"card_choices":[{"not_picked":["SpiderBud","VoidDream"],"picked":"NakedNest","floor":1},{"not_picked":["Clothesline","Life Link"],"picked":"Twin Strike","floor":1},{"not_picked":["Scorched","WallGazer"],"picked":"SingingMachine","floor":2},{"not_picked":["Body Slam","Clash","Ghostly Armor"],"picked":"SKIP","floor":2},{"not_picked":["CrumblingArmor","ShyLook"],"picked":"MeatLantern","floor":3},{"not_picked":["Wild Strike","Metallicize"],"picked":"Armaments","floor":3},{"not_picked":["FairyFestival","Rudolta"],"picked":"QueenOfHatred","floor":4},{"not_picked":["Cleave","Warcry"],"picked":"Inflame","floor":4},{"not_picked":["PunishingBird","WhitesApple"],"picked":"HappyTeddy","floor":5},{"not_picked":["Massacre","Heavy Blade","Reckless Charge"],"picked":"SKIP","floor":5}],"player_experience":152567,"relics_obtained":[],"event_choices":[],"is_beta":false,"boss_relics":[],"items_purged_floors":[],"is_endless":false,"potions_floor_spawned":[3,4],"killed_by":"3 Sentries","ascension_level":17}}