{"host":"cjhtzh7tp54jdfyv","time":1613992906,"event":{"mods":["AchievementEnabler","BaseMod","Colored Map","Colored Powertips","Curses Come First","DeckTracker","Filter the Spire","Minty Spire (QoL Compilation)","RNG Fix","Relic Sorter","Relic Stats","StSLib","UnlockEverythingMod","ojb\u0027s Better Paths Mod","ojb\u0027s Info Mod"],"gold_per_floor":[111,36,36,56,56,88,108,135,135,135,155,182,192,210,210,210,210],"floor_reached":16,"language":"JPN","playtime":1240,"items_purged":[],"score":244,"play_id":"b57562d5-dfa5-40ef-8c7a-4953b875df71","local_time":"20210222062146","is_ascension_mode":true,"campfire_choices":[{"data":"Consecrate","floor":10,"key":"SMITH"},{"data":"Blasphemy","floor":15,"key":"SMITH"}],"circlet_count":0,"master_deck":["AscendersBane","Strike_P+1","Strike_P","Strike_P","Strike_P+1","Defend_P","Defend_P","Eruption+1","Vigilance","Consecrate+1","InnerPeace","FlurryOfBlows","Indignation","DeceiveReality","Vengeance","WheelKick+1","EmptyBody","Blasphemy+1"],"relics":["SlaversCollar","Art of War","Whetstone","Molten Egg 2","Juzu Bracelet"],"acts_visited":["Exordium"],"potions_floor_usage":[11,12],"damage_taken":[{"damage":2.0,"enemies":"Jaw Worm","floor":1.0,"turns":6.0},{"damage":0.0,"enemies":"Cultist","floor":4.0,"turns":2.0},{"damage":24,"enemies":"3 Sentries","floor":6,"turns":10},{"damage":5,"enemies":"Small Slimes","floor":7,"turns":2},{"damage":3,"enemies":"Gremlin Nob","floor":8,"turns":3},{"damage":10,"enemies":"3 Louse","floor":11,"turns":2},{"damage":6,"enemies":"3 Sentries","floor":12,"turns":4},{"damage":5,"enemies":"Gremlin Gang","floor":13,"turns":2},{"damage":2,"enemies":"2 Fungi Beasts","floor":14,"turns":2},{"damage":4,"enemies":"Hexaghost","floor":16,"turns":2}],"seed_played":"-6354641929069832142","potions_obtained":[{"floor":1.0,"key":"FearPotion"},{"floor":11,"key":"Swift Potion"},{"floor":12,"key":"FearPotion"},{"floor":14,"key":"Energy Potion"}],"is_trial":false,"path_per_floor":["M","?","?","M","?","E","M","E","T","R","M","E","M","M","R","B"],"character_chosen":"WATCHER","items_purchased":[],"campfire_rested":0,"item_purchase_floors":[],"current_hp_per_floor":[59,59,59,59,59,35,30,27,27,27,17,11,6,4,4,0,0],"gold":210,"neow_bonus":"BOSS_RELIC","is_daily":false,"chose_seed":false,"campfire_upgraded":2,"win_rate":0.0,"timestamp":1613992906,"path_taken":["M","?","?","M","?","E","M","E","T","R","?","E","M","M","R","BOSS"],"items_purchased_type":[],"build_version":"2020-12-22","purchased_purges":0,"victory":false,"max_hp_per_floor":[68,68,68,68,68,68,68,68,68,68,68,68,68,68,68,68,68],"relic_stats":{"counters":[10,35],"Art of War":[2],"Juzu Bracelet":0,"Whetstone":["Strike_P","Strike_P"],"obtain_stats":[{"SlaversCollar":0,"Molten Egg 2":9,"Art of War":6,"Juzu Bracelet":12,"Whetstone":8,"PureWater":0},{"SlaversCollar":0,"Molten Egg 2":5,"Art of War":3,"Juzu Bracelet":7,"Whetstone":5,"PureWater":0},{"SlaversCollar":0,"Molten Egg 2":23,"Art of War":18,"Juzu Bracelet":29,"Whetstone":23,"PureWater":0}]},"card_choices":[{"not_picked":["ClearTheMind","Evaluate"],"picked":"Consecrate","floor":1.0},{"not_picked":["Collect","WreathOfFlame"],"picked":"InnerPeace","floor":4.0},{"not_picked":["Collect","Weave"],"picked":"FlurryOfBlows","floor":6},{"not_picked":["JustLucky","PathToVictory"],"picked":"Indignation","floor":7},{"not_picked":["EmptyFist","FlurryOfBlows"],"picked":"DeceiveReality","floor":8},{"not_picked":["Crescendo","ClearTheMind"],"picked":"Vengeance","floor":11},{"not_picked":["Protect","DeceiveReality"],"picked":"WheelKick+1","floor":12},{"not_picked":["SandsOfTime+1","Evaluate"],"picked":"EmptyBody","floor":13},{"not_picked":["JustLucky+1","Weave+1"],"picked":"Blasphemy","floor":14}],"player_experience":5144808,"relics_obtained":[{"floor":6,"key":"Art of War"},{"floor":8,"key":"Whetstone"},{"floor":9,"key":"Molten Egg 2"},{"floor":12,"key":"Juzu Bracelet"}],"event_choices":[{"cards_removed":["Defend_P"],"damage_healed":0.0,"max_hp_gain":0.0,"max_hp_loss":0.0,"gold_gain":0.0,"event_name":"The Cleric","player_choice":"Card Removal","floor":2.0,"gold_loss":75.0,"damage_taken":0.0},{"cards_removed":["Defend_P"],"damage_healed":0.0,"max_hp_gain":0.0,"max_hp_loss":0.0,"gold_gain":0.0,"event_name":"Living Wall","player_choice":"Forget","floor":3.0,"gold_loss":0.0,"damage_taken":0.0},{"damage_healed":0.0,"max_hp_gain":0.0,"max_hp_loss":0.0,"gold_gain":0.0,"event_name":"Upgrade Shrine","player_choice":"Upgraded","floor":5.0,"gold_loss":0.0,"damage_taken":0.0,"cards_upgraded":["Eruption"]}],"is_beta":false,"boss_relics":[],"items_purged_floors":[],"is_endless":false,"potions_floor_spawned":[1,11,12,14],"killed_by":"Hexaghost","ascension_level":20}}