{"host":"o88u0awh8mkwl1l8","time":1613964703,"event":{"mods":["BaseMod","Colored Map","Highlight Path","Minty Spire (QoL Compilation)","Relic Sorter"],"gold_per_floor":[110,120,3,23,34,34,66,66,91,127,127,156,67,67,67,67,67],"floor_reached":16,"language":"JPN","playtime":643,"items_purged":["Defend_P"],"score":220,"play_id":"78bfd418-5d7a-49c8-b74e-d575b8e7d0b6","local_time":"20210222123143","is_ascension_mode":true,"campfire_choices":[{"floor":6,"key":"REST"},{"floor":8,"key":"REST"},{"floor":15,"key":"REST"}],"circlet_count":0,"master_deck":["AscendersBane","Strike_P","Strike_P","Defend_P","Defend_P","Eruption","Vigilance","FlurryOfBlows","BowlingBash+1","Wireheading","ClearTheMind+1","EmptyFist","CrushJoints","ThirdEye","ThirdEye","BattleHymn"],"relics":["PureWater","Nunchaku","CeramicFish","PreservedInsect"],"acts_visited":["Exordium"],"potions_floor_usage":[10,15],"damage_taken":[{"damage":9.0,"enemies":"Jaw Worm","floor":1.0,"turns":5.0},{"damage":5.0,"enemies":"2 Louse","floor":2.0,"turns":2.0},{"damage":6.0,"enemies":"Cultist","floor":4.0,"turns":3.0},{"damage":7,"enemies":"Large Slime","floor":5,"turns":4},{"damage":22,"enemies":"Lagavulin","floor":7,"turns":5},{"damage":4,"enemies":"3 Sentries","floor":10,"turns":3},{"damage":3,"enemies":"Blue Slaver","floor":12,"turns":3},{"damage":34,"enemies":"Hexaghost","floor":16,"turns":9}],"seed_played":"-3000529358625597227","potions_obtained":[{"floor":7,"key":"PowerPotion"},{"floor":12,"key":"Fruit Juice"}],"is_trial":false,"path_per_floor":["M","M","$","M","M","R","E","R","T","E","?","M","$","?","R","B"],"character_chosen":"WATCHER","items_purchased":["Wireheading","ThirdEye","BattleHymn"],"campfire_rested":3,"item_purchase_floors":[3,13,13],"current_hp_per_floor":[34,29,29,23,16,36,14,34,34,30,10,7,7,7,33,0,0],"gold":67,"neow_bonus":"REMOVE_TWO","is_daily":false,"chose_seed":false,"campfire_upgraded":0,"win_rate":0.0,"timestamp":1613964703,"path_taken":["M","M","$","M","M","R","E","R","T","E","?","M","$","?","R","BOSS"],"items_purchased_type":["Card","Card","Card"],"build_version":"2020-12-22","purchased_purges":1,"victory":false,"max_hp_per_floor":[68,68,68,68,68,68,68,68,68,68,68,68,68,68,73,73,73],"card_choices":[{"not_picked":["Crescendo","FollowUp"],"picked":"FlurryOfBlows","floor":1.0},{"not_picked":["Fasting2","Protect"],"picked":"BowlingBash","floor":2.0},{"not_picked":["Consecrate","ReachHeaven"],"picked":"ClearTheMind","floor":4.0},{"not_picked":["PathToVictory","FlyingSleeves"],"picked":"EmptyFist","floor":5},{"not_picked":["EmptyFist","Nirvana","CarveReality"],"picked":"SKIP","floor":7},{"not_picked":["Weave","Prostrate"],"picked":"CrushJoints","floor":10},{"not_picked":["Study","Meditate"],"picked":"ThirdEye","floor":12}],"player_experience":1325786,"relics_obtained":[{"floor":7,"key":"CeramicFish"},{"floor":9,"key":"PreservedInsect"},{"floor":10,"key":"Nunchaku"}],"event_choices":[{"damage_healed":0,"gold_gain":0,"player_choice":"Entered Light","damage_taken":20,"max_hp_gain":0,"max_hp_loss":0,"event_name":"Shining Light","floor":11,"gold_loss":0,"cards_upgraded":["BowlingBash","ClearTheMind"]},{"cards_removed":["Strike_P"],"damage_healed":0,"gold_gain":0,"player_choice":"Forget","damage_taken":0,"max_hp_gain":0,"max_hp_loss":0,"event_name":"Living Wall","floor":14,"gold_loss":0}],"is_beta":false,"boss_relics":[],"items_purged_floors":[3],"is_endless":false,"potions_floor_spawned":[7,12],"killed_by":"Hexaghost","ascension_level":20}}