{"host":"9n6i2vl93jt4o42q","time":1613987602,"event":{"mods":["BaseMod","Minty Spire (QoL Compilation)","Relic Stats"],"gold_per_floor":[109,124,143,218,233,233,268,268,268,268,278,56,56,68,68,68,68],"floor_reached":16,"language":"ENG","playtime":699,"items_purged":["Strike_G"],"score":204,"play_id":"576f0c7d-f9f1-4bbd-8cb5-8d2a147d4443","local_time":"20210222105322","is_ascension_mode":true,"campfire_choices":[{"data":"Neutralize","floor":6,"key":"SMITH"},{"floor":8,"key":"REST"},{"data":"Blade Dance","floor":10,"key":"SMITH"},{"floor":15,"key":"REST"}],"circlet_count":0,"master_deck":["AscendersBane","Strike_G","Strike_G","Strike_G","Strike_G","Defend_G","Defend_G","Defend_G","Defend_G","Survivor","Neutralize+1","Slice","Blade Dance+1","Flying Knee","Backstab","Escape Plan","Accuracy","Cloak And Dagger","Dodge and Roll"],"relics":["Ring of the Snake","Darkstone Periapt","HornCleat","The Courier"],"acts_visited":["Exordium"],"potions_floor_usage":[14,14,16],"damage_taken":[{"damage":2,"enemies":"Cultist","floor":1,"turns":5},{"damage":13,"enemies":"Jaw Worm","floor":2,"turns":4},{"damage":0,"enemies":"Small Slimes","floor":3,"turns":3},{"damage":2,"enemies":"2 Fungi Beasts","floor":5,"turns":3},{"damage":26,"enemies":"Gremlin Nob","floor":7,"turns":4},{"damage":1,"enemies":"Looter","floor":11,"turns":2},{"damage":0,"enemies":"Gremlin Gang","floor":14,"turns":3},{"damage":31,"enemies":"The Guardian","floor":16,"turns":16}],"seed_played":"8020408968348157550","potions_obtained":[{"floor":7,"key":"FearPotion"},{"floor":11,"key":"DuplicationPotion"},{"floor":14,"key":"DistilledChaos"}],"is_trial":false,"path_per_floor":["M","M","M","?","M","R","E","R","T","R","M","$","?","M","R","B"],"character_chosen":"THE_SILENT","items_purchased":["Accuracy","Cloak And Dagger"],"campfire_rested":2,"item_purchase_floors":[12,12],"current_hp_per_floor":[57,44,44,33,31,31,5,24,24,24,23,23,12,12,31,0,0],"gold":68,"neow_bonus":"REMOVE_CARD","is_daily":false,"chose_seed":false,"campfire_upgraded":2,"win_rate":0.0,"timestamp":1613987602,"path_taken":["M","M","M","?","M","R","E","R","T","R","M","$","?","M","R","BOSS"],"items_purchased_type":["Card","Card"],"build_version":"2020-12-22","purchased_purges":1,"victory":false,"max_hp_per_floor":[66,66,66,66,66,66,66,66,66,66,66,66,66,66,66,66,66],"relic_stats":{"Darkstone Periapt":0,"counters":[8,40],"obtain_stats":[{"Darkstone Periapt":7,"HornCleat":9,"The Courier":13,"Ring of the Snake":0},{"Darkstone Periapt":5,"HornCleat":5,"The Courier":6,"Ring of the Snake":0},{"Darkstone Periapt":19,"HornCleat":19,"The Courier":21,"Ring of the Snake":0}],"Ring of the Snake":[16]},"card_choices":[{"not_picked":["Quick Slash","Deadly Poison"],"picked":"Slice","floor":1},{"not_picked":["Choke","Cloak And Dagger"],"picked":"Blade Dance","floor":2},{"not_picked":["Eviscerate","Outmaneuver"],"picked":"Flying Knee","floor":3},{"not_picked":["PiercingWail","Dodge and Roll"],"picked":"Backstab","floor":5},{"not_picked":["Concentrate","Choke"],"picked":"Escape Plan","floor":7},{"not_picked":["All Out Attack","Distraction","Heel Hook"],"picked":"SKIP","floor":11},{"not_picked":["Blade Dance","Reflex"],"picked":"Dodge and Roll","floor":14}],"player_experience":2610041,"relics_obtained":[{"floor":7,"key":"Darkstone Periapt"},{"floor":9,"key":"HornCleat"}],"event_choices":[{"damage_healed":0,"gold_gain":75,"player_choice":"Gather Gold","damage_taken":11,"max_hp_gain":0,"max_hp_loss":0,"event_name":"World of Goop","floor":4,"gold_loss":0},{"damage_healed":0,"gold_gain":0,"player_choice":"Success","damage_taken":11,"relics_obtained":["The Courier"],"max_hp_gain":0,"max_hp_loss":0,"event_name":"Scrap Ooze","floor":13,"gold_loss":0}],"is_beta":false,"boss_relics":[],"items_purged_floors":[12],"is_endless":false,"potions_floor_spawned":[7,11,14],"killed_by":"The Guardian","ascension_level":20}}