{"host":"8akdrwfmzu5ai7mr","time":1613980682,"event":{"mods":["BaseMod","Colored Powertips","Decade(Õı–°√˜)","Downfall","Marisa£®ÏF”Í°°ƒß¿Ì…≥£©","Minty Spire (QoL Compilation)","Quick Restart","Reimu£®≤©¿ˆ¡È√Œ£©","Replay The Spire","StSLib","The Administrix","The Runesmith","The Servant 0.9.4","°æ“≈ŒÔø®≈∆°øREMEMod"],"gold_per_floor":[116,116,116,129,44,70,70,103,103,103,127,127,150,164,164,284,284,309,340,352,378,403,415,468,480,492,524,536,548,573,585,597,729,741,778,803,915,945,957,969,397,397,422,422,447,8,8,8,8,8],"floor_reached":51,"language":"ZHS","playtime":5383,"items_purged":["Wraith"],"score":625,"play_id":"3416268c-0209-4ef3-a2df-2895112439f6","local_time":"20210222155802","is_ascension_mode":false,"campfire_choices":[{"data":"AdministrixMod:Convergence","floor":7,"key":"SMITH"},{"data":"REME_HeartOfCthun","floor":15,"key":"SMITH"},{"data":"AdministrixMod:NewWardrobe","floor":23,"key":"SMITH"},{"data":"Transmutation","floor":25,"key":"SMITH"},{"data":"Mayhem","floor":28,"key":"SMITH"},{"data":"AdministrixMod:CastOffRegrets","floor":32,"key":"SMITH"},{"data":"Magnetism","floor":40,"key":"SMITH"},{"data":"1","floor":42,"key":"LIFT"},{"data":"REME_WheelOfFate","floor":44,"key":"SMITH"},{"data":"AdministrixMod:WifeLightning","floor":49,"key":"SMITH"}],"circlet_count":0,"master_deck":["AdministrixMod:RedCloak","AdministrixMod:Defend_Administrix","AdministrixMod:Defend_Administrix","AdministrixMod:Defend_Administrix","AdministrixMod:BlueCloak","REME_HeartOfCthun+1","AdministrixMod:ImmortalPurity","AdministrixMod:RisingSunPrince","AdministrixMod:CastOffRegrets+1","AdministrixMod:NewWardrobe+1","AdministrixMod:ImmortalPurity","AdministrixMod:Convergence+1","AdministrixMod:ExtolVirtue","AdministrixMod:Overdrive","AdministrixMod:PassageOfAges","AdministrixMod:SyncreticSurge","AdministrixMod:LifeforceNet","Mayhem+1","AdministrixMod:PlateOfAntiquity","RitualDagger","AdministrixMod:ImmortalPurity+1","AdministrixMod:ShadowPlay","Transmutation+1","Chrysalis","Magnetism+1","Slimebound:Tackle+1","Slimebound:Tackle+1","Slimebound:Tackle+1","REME_WheelOfFate+1","AdministrixMod:HiddenPower+1","AdministrixMod:SipOfSparks+1","AdministrixMod:RebukeDesires","AdministrixMod:ReachToHeaven+1","AdministrixMod:Transition+1","AdministrixMod:WifeLightning+1","Secret Weapon","Pot Of Greed","Pot Of Greed","Pot Of Greed","Pot Of Greed"],"relics":["AdministrixMod:ConductorRitualBaton","REME_ComplimentaryCards","Blood Vial","Gremlin Horn","Durian","HornCleat","Golden Idol","REME_LowDesire","Bronze Scales","MawBank","Mastiff:ReiMu","Replay:Rubber Ducky","SlaversCollar","Simple Rune","Girya","MealTicket","AdministrixMod:PrescriptionBottle","Medical Kit","Ginger","Grinning Jar"],"acts_visited":["Exordium","TheCity","TheBeyond"],"potions_floor_usage":[6,8,16,16,16,19,21,22,33,35,50],"damage_taken":[{"damage":0,"enemies":"2 Louse","floor":1,"turns":3},{"damage":0,"enemies":"Small Slimes","floor":4,"turns":1},{"damage":19,"enemies":"Gremlin Nob","floor":6,"turns":4},{"damage":27,"enemies":"3 Sentries","floor":8,"turns":5},{"damage":0,"enemies":"Cultist","floor":11,"turns":3},{"damage":1,"enemies":"Red Slaver","floor":13,"turns":4},{"damage":0,"enemies":"Blue Slaver","floor":14,"turns":3},{"damage":0,"enemies":"Slime Boss","floor":16,"turns":4},{"damage":0,"enemies":"Chosen","floor":18,"turns":4},{"damage":3,"enemies":"3 Byrds","floor":19,"turns":3},{"damage":5,"enemies":"Sentry and Sphere","floor":21,"turns":4},{"damage":0,"enemies":"Snecko","floor":22,"turns":7},{"damage":20,"enemies":"Gremlin Leader","floor":24,"turns":6},{"damage":24,"enemies":"Centurion and Healer","floor":27,"turns":5},{"damage":38,"enemies":"Cultist and Chosen","floor":30,"turns":7},{"damage":21,"enemies":"Automaton","floor":33,"turns":8},{"damage":9,"enemies":"3 Darklings","floor":35,"turns":2},{"damage":12,"enemies":"Orb Walker","floor":36,"turns":5},{"damage":84,"enemies":"Transient","floor":38,"turns":5},{"damage":0,"enemies":"Maw","floor":45,"turns":6},{"damage":32,"enemies":"Replay:Hell Engine","floor":50,"turns":10}],"seed_played":"6850538129732665692","potions_obtained":[{"floor":4,"key":"BlessingOfTheForge"},{"floor":6,"key":"champ:CounterPotion"},{"floor":11,"key":"ColorlessPotion"},{"floor":12,"key":"LifebloodPotion"},{"floor":12,"key":"bronze:BurnAndBuffPotion"},{"floor":16,"key":"Weak Potion"},{"floor":18,"key":"Adrenaline Potion"},{"floor":19,"key":"ColorlessPotion"},{"floor":33,"key":"Explosive Potion"},{"floor":38,"key":"champ:CounterPotion"}],"is_trial":false,"path_per_floor":["M","?","?","M","$","E","R","E","T","?","M","?","M","M","R","B",null,"M","M","?","M","M","R","E","R","T","M","R","?","M","?","R","B",null,"M","M","?","M","?","R","$","R","T","R","M","$","?","T","R","B",null],"character_chosen":"TheAdministrix","items_purchased":["AdministrixMod:NewWardrobe","AdministrixMod:ImmortalPurity","Simple Rune","Girya","AdministrixMod:ReachToHeaven+1","AdministrixMod:PrescriptionBottle","AdministrixMod:WifeLightning","Medical Kit"],"campfire_rested":0,"item_purchase_floors":[5,5,41,41,41,46,46,46],"current_hp_per_floor":[65,65,65,65,65,46,46,26,26,26,28,28,29,31,31,33,65,65,62,56,53,55,55,37,37,37,15,15,15,2,2,2,19,65,56,46,46,19,19,19,19,19,19,19,21,36,36,36,36,6],"gold":8,"neow_bonus":"RANDOM_COMMON_RELIC","is_daily":false,"chose_seed":false,"campfire_upgraded":9,"win_rate":0.0,"timestamp":1613980682,"path_taken":["M","?","?","?","?","E","R","E","T","?","M","?","M","M","R","BOSS","M","M","?","M","M","R","E","R","T","M","R","?","?","?","R","BOSS","M","M","?","?","?","R","$","R","T","R","M","$","?","?","R","BOSS"],"items_purchased_type":["Card","Card","Relic","Relic","Card","Relic","Card","Relic"],"build_version":"2020-12-22","purchased_purges":1,"victory":true,"max_hp_per_floor":[65,65,65,65,65,65,65,70,70,65,65,65,65,65,65,65,65,65,65,65,65,65,65,65,65,65,65,65,65,65,65,65,65,65,65,65,65,65,65,65,65,65,65,65,65,65,65,65,65,65],"card_choices":[{"not_picked":["AdministrixMod:DiversionaryTactic","AdministrixMod:CrackingPangu"],"picked":"AdministrixMod:ImmortalPurity","floor":1},{"not_picked":["AdministrixMod:MixOfMercury","AdministrixMod:WickedPunishment"],"picked":"AdministrixMod:CastOffRegrets","floor":4},{"not_picked":["AdministrixMod:JustRewards","AdministrixMod:ReachToHeaven"],"picked":"AdministrixMod:Convergence","floor":6},{"not_picked":["AdministrixMod:FuneraryRites","AdministrixMod:XianArts"],"picked":"AdministrixMod:ExtolVirtue","floor":8},{"not_picked":["AdministrixMod:JustRewards","AdministrixMod:RegentEdict"],"picked":"AdministrixMod:Overdrive","floor":11},{"not_picked":["AdministrixMod:NoblePath","AdministrixMod:HiddenPower"],"picked":"AdministrixMod:PassageOfAges","floor":13},{"not_picked":["AdministrixMod:ReachToHeaven","AdministrixMod:FalseDeath"],"picked":"AdministrixMod:SyncreticSurge","floor":14},{"not_picked":["AdministrixMod:NewbornDivinity","AdministrixMod:HopeInTheDark"],"picked":"AdministrixMod:LifeforceNet","floor":16},{"not_picked":["AdministrixMod:DiversionaryTactic","AdministrixMod:TrickOfTheLight","AdministrixMod:Transition"],"picked":"Mayhem","floor":18},{"not_picked":["AdministrixMod:LuminaryPath","AdministrixMod:TrickOfTheLight+1","Mayhem"],"picked":"AdministrixMod:PlateOfAntiquity","floor":19},{"not_picked":["AdministrixMod:WickedPunishment","AdministrixMod:PlateOfAntiquity+1","Good Instincts+1"],"picked":"AdministrixMod:ImmortalPurity+1","floor":21},{"not_picked":["AdministrixMod:CenturiesAscent+1","AdministrixMod:DiversionaryTactic","ReplayTheSpireMod:Necrogeddon"],"picked":"AdministrixMod:ShadowPlay","floor":22},{"not_picked":["AdministrixMod:CrackingPangu","AdministrixMod:ArmillarySphere","AdministrixMod:FuneraryRites"],"picked":"Transmutation","floor":24},{"not_picked":["AdministrixMod:ImmortalGrace+1","AdministrixMod:NewWardrobe","AdministrixMod:CrackingPangu"],"picked":"Chrysalis","floor":27},{"not_picked":["AdministrixMod:CastOffRegrets","AdministrixMod:PlateOfAntiquity+1","AdministrixMod:CosmosControl"],"picked":"Magnetism","floor":30},{"not_picked":["AdministrixMod:ImmortalClarity","AdministrixMod:FalseDeath","AdministrixMod:AmassedMasks"],"picked":"REME_WheelOfFate","floor":33},{"not_picked":["AdministrixMod:Untouchable+1","AdministrixMod:ImmortalPurity+1","ReplayTheSpireMod:Uncanny Aura+1"],"picked":"AdministrixMod:HiddenPower+1","floor":35},{"not_picked":["AdministrixMod:ExtolVirtue","AdministrixMod:PassageOfAges","Midas Touch"],"picked":"AdministrixMod:SipOfSparks+1","floor":36},{"not_picked":["AdministrixMod:DiversionaryTactic+1","AdministrixMod:RegentEdict+1","ReplayTheSpireMod:Brewmster"],"picked":"AdministrixMod:RebukeDesires","floor":38},{"not_picked":["AdministrixMod:DiversionaryTactic","AdministrixMod:Transcension+1","ReplayTheSpireMod:Uncanny Aura+1"],"picked":"AdministrixMod:Transition+1","floor":45},{"not_picked":["REME_TheoryOfElimination","Madness"],"picked":"Secret Weapon","floor":47}],"player_experience":117744,"relics_obtained":[{"floor":6,"key":"Gremlin Horn"},{"floor":8,"key":"Durian"},{"floor":9,"key":"HornCleat"},{"floor":17,"key":"Bronze Scales"},{"floor":17,"key":"MawBank"},{"floor":24,"key":"Mastiff:ReiMu"},{"floor":26,"key":"Replay:Rubber Ducky"},{"floor":43,"key":"MealTicket"},{"floor":48,"key":"Ginger"}],"event_choices":[{"damage_healed":0,"gold_gain":0,"cards_transformed":["AdministrixMod:Defend_Administrix"],"player_choice":"Transformed","damage_taken":0,"max_hp_gain":0,"max_hp_loss":0,"event_name":"Transmorgrifier","floor":3,"gold_loss":0,"cards_obtained":["AdministrixMod:RisingSunPrince"]},{"damage_healed":0,"gold_gain":0,"player_choice":"Lose Max HP","damage_taken":0,"relics_obtained":["Golden Idol"],"max_hp_gain":0,"max_hp_loss":5,"event_name":"Golden Idol","floor":10,"gold_loss":0},{"damage_healed":0,"gold_gain":0,"player_choice":"Got Potions","damage_taken":0,"max_hp_gain":0,"max_hp_loss":0,"event_name":"Lab","floor":12,"gold_loss":0},{"damage_healed":0,"gold_gain":0,"player_choice":"Joined the Cult","damage_taken":6,"max_hp_gain":0,"max_hp_loss":0,"event_name":"Nest","floor":20,"gold_loss":0,"cards_obtained":["RitualDagger"]},{"damage_healed":0,"gold_gain":0,"player_choice":"Bought 0 Potions","damage_taken":0,"max_hp_gain":0,"max_hp_loss":0,"event_name":"The Woman in Blue","floor":29,"gold_loss":0},{"damage_healed":0,"gold_gain":100,"player_choice":"Pray","damage_taken":0,"max_hp_gain":0,"max_hp_loss":0,"event_name":"Golden Shrine","floor":37,"gold_loss":0},{"damage_healed":0,"gold_gain":0,"player_choice":"Ignored","damage_taken":0,"max_hp_gain":0,"max_hp_loss":0,"event_name":"OrinTheCat","floor":39,"gold_loss":0},{"damage_healed":0,"gold_gain":0,"player_choice":"Memory 1","damage_taken":0,"max_hp_gain":0,"max_hp_loss":0,"event_name":"SensoryStone","floor":47,"gold_loss":0}],"is_beta":false,"boss_relics":[{"not_picked":["Snecko Heart","Kintsugi"],"picked":"REME_LowDesire"},{"not_picked":["ReplayTheSpireMod:DimensionalGlitch","Busted Crown"],"picked":"SlaversCollar"}],"items_purged_floors":[41],"is_endless":false,"potions_floor_spawned":[4,6,11,16,18,19,30,33,38],"ascension_level":0}}