{"host":"blhqr6uo32maonpv","time":1613978343,"event":{"mods":["BaseMod","Downfall","Minty Spire (QoL Compilation)","Replay The Spire","StSLib","The Bug Knight","The Marked"],"gold_per_floor":[110,127,227,240,253,253,46,46,46,46,19,30,58,58,58,58,58],"floor_reached":16,"language":"ENG","playtime":576,"items_purged":[],"score":100,"play_id":"089f6497-9f28-4f14-91e8-0b451b24993a","local_time":"20210222031903","is_ascension_mode":false,"campfire_choices":[{"data":"HollowMod:BlackTendrils","floor":6,"key":"SMITH"},{"floor":10,"key":"REST"}],"circlet_count":0,"master_deck":["HollowMod:NailStrikeStart","HollowMod:NailStrikeStart","HollowMod:NailStrikeStart","HollowMod:NailStrikeStart","HollowMod:QuickDashStart","HollowMod:QuickDashStart","HollowMod:QuickDashStart","HollowMod:QuickDashStart","HollowMod:FocusHealStart","HollowMod:PogoStrike","HollowMod:NewLittleFool","HollowMod:DescendingDark+1","HollowMod:BlackTendrils+1","HollowMod:MonarchWings","HollowMod:DoubleDash","Clumsy","HollowMod:CycloneSlash","HollowMod:WraithStrike","HollowMod:CrystalDash"],"relics":["Cursed Key","Strange Spoon","Incense Burner","Replay:Multitool"],"acts_visited":["Exordium"],"potions_floor_usage":[13],"damage_taken":[{"damage":0,"enemies":"2 Louse","floor":1,"turns":2},{"damage":1,"enemies":"Cultist","floor":2,"turns":3},{"damage":1,"enemies":"Jaw Worm","floor":4,"turns":3},{"damage":17,"enemies":"Exordium Wildlife","floor":5,"turns":5},{"damage":0,"enemies":"2 Fungi Beasts","floor":12,"turns":2},{"damage":18,"enemies":"Lagavulin","floor":13,"turns":6},{"damage":80,"enemies":"Hexaghost","floor":16,"turns":15}],"seed_played":"-6910870496169015779","potions_obtained":[{"floor":4,"key":"SneckoOil"},{"floor":5,"key":"Dexterity Potion"}],"is_trial":false,"path_per_floor":["M","M","?","M","M","R","$","?","T","R","$","M","E","$","R","B"],"character_chosen":"THE_BUGKNIGHT","items_purchased":["Strange Spoon","HollowMod:DoubleDash","HollowMod:CycloneSlash"],"campfire_rested":1,"item_purchase_floors":[7,7,11],"current_hp_per_floor":[75,74,74,73,58,58,58,58,58,75,75,75,61,61,75,0,0],"gold":58,"neow_bonus":"BOSS_RELIC","is_daily":false,"chose_seed":false,"campfire_upgraded":1,"win_rate":0.0,"timestamp":1613978343,"path_taken":["M","M","?","M","M","R","?","?","T","R","?","M","E","$","R","BOSS"],"items_purchased_type":["Relic","Card","Card"],"build_version":"2020-12-22","purchased_purges":0,"victory":false,"max_hp_per_floor":[75,75,75,75,75,75,75,75,75,75,75,75,75,75,75,75,75],"card_choices":[{"not_picked":["HollowMod:CoiledNail","HollowMod:ShadowDash"],"picked":"HollowMod:NewLittleFool","floor":1},{"not_picked":["HollowMod:NewJinnsSoul","HollowMod:ChannelNail"],"picked":"HollowMod:DescendingDark","floor":2},{"not_picked":["HollowMod:InfectionAssault","HollowMod:GrimmsGift"],"picked":"HollowMod:BlackTendrils","floor":4},{"not_picked":["HollowMod:NewLittleFool","HollowMod:SoulStrike"],"picked":"HollowMod:MonarchWings","floor":5},{"not_picked":["HollowMod:InfectionAssault","HollowMod:TaintedHusks"],"picked":"HollowMod:WraithStrike","floor":12},{"not_picked":["HollowMod:MidwifesHunger","HollowMod:CornifersMapStart"],"picked":"HollowMod:CrystalDash","floor":13}],"player_experience":56685,"relics_obtained":[{"floor":9,"key":"Incense Burner"},{"floor":13,"key":"Replay:Multitool"}],"event_choices":[{"damage_healed":0,"gold_gain":100,"player_choice":"Pray","damage_taken":0,"max_hp_gain":0,"max_hp_loss":0,"event_name":"Golden Shrine","floor":3,"gold_loss":0}],"is_beta":false,"boss_relics":[],"items_purged_floors":[],"is_endless":false,"potions_floor_spawned":[4,5],"killed_by":"Hexaghost","ascension_level":0}}