{"host":"d3b2x3wue20uj2ir","time":1613986582,"event":{"mods":["AchievementEnabler","BaseMod","Better Third Choice","BetterRewards","Exacting","FTL Soundtrack","Minty Spire (QoL Compilation)","Shop Mod","StSLib"],"gold_per_floor":[111,111,39,39,62,62,95,108,108,8,28,28,73,89,89,219,219,234,234,252,267,280,315,315,315,315,315,315,515,562,579,579,675,675,686,30,30,47,82,82,357,27,27,27,41,41,16,50,50,50,50],"floor_reached":50,"language":"ENG","playtime":2393,"items_purged":[],"score":922,"play_id":"b649a442-a6ae-4e6f-8f8e-8291ac98b385","local_time":"20210222193622","is_ascension_mode":true,"campfire_choices":[{"floor":6.0,"key":"RECALL"},{"data":"Perfected Strike","floor":15.0,"key":"SMITH"},{"floor":24.0,"key":"REST"},{"floor":27.0,"key":"REST"},{"data":"Feed","floor":32.0,"key":"SMITH"},{"data":"Berserk","floor":40,"key":"SMITH"},{"data":"Reaper","floor":44,"key":"SMITH"},{"data":"Fire Breathing","floor":46,"key":"SMITH"},{"floor":49,"key":"REST"}],"circlet_count":0,"master_deck":["Strike_R+1","Strike_R","Strike_R","Strike_R","Strike_R","Defend_R+1","Defend_R","Defend_R","Defend_R","Bash+1","Spot Weakness+1","Infernal Blade+1","Deep Breath+1","Seeing Red+1","Injury","Armaments+1","Havoc+1","Intimidate+1","Shrug It Off+1","Inflame+1","Armaments+1","Clash","Perfected Strike+1","Armaments+1","Thunderclap+1","Spot Weakness+1","Pummel+1","Dual Wield+1","Uppercut","Feed+1","Shrug It Off+1","Fire Breathing+1","Seeing Red+1","Berserk+1","Thunderclap+1","Rage+1","Trip+1","Power Through+1","Heavy Blade","Evolve+1","Reaper+1","Warcry+1","Metamorphosis+1","Limit Break+1","Perfected Strike","Armaments+1"],"relics":["Burning Blood","Toxic Egg 2","MealTicket","Bloody Idol","Meat on the Bone","StrikeDummy","Black Star","Centennial Puzzle","Omamori","Whetstone","Pen Nib","SlaversCollar","Matryoshka","HandDrill","Darkstone Periapt","Smiling Mask","Letter Opener","Ancient Tea Set","Red Skull"],"acts_visited":["Exordium","TheCity","TheBeyond"],"potions_floor_usage":[33,39,48],"damage_taken":[{"damage":0.0,"enemies":"2 Louse","floor":1.0,"turns":2.0},{"damage":0.0,"enemies":"Small Slimes","floor":5.0,"turns":2.0},{"damage":10.0,"enemies":"Gremlin Nob","floor":7.0,"turns":3.0},{"damage":0.0,"enemies":"Cultist","floor":8.0,"turns":3.0},{"damage":13.0,"enemies":"Blue Slaver","floor":11.0,"turns":2.0},{"damage":0.0,"enemies":"Exordium Thugs","floor":13.0,"turns":3.0},{"damage":0.0,"enemies":"3 Louse","floor":14.0,"turns":1.0},{"damage":4.0,"enemies":"Slime Boss","floor":16.0,"turns":6.0},{"damage":9.0,"enemies":"Shell Parasite","floor":18.0,"turns":4.0},{"damage":19.0,"enemies":"Spheric Guardian","floor":20.0,"turns":4.0},{"damage":12.0,"enemies":"Cultist and Chosen","floor":21.0,"turns":4.0},{"damage":20.0,"enemies":"Snake Plant","floor":22.0,"turns":5.0},{"damage":52.0,"enemies":"Book of Stabbing","floor":23.0,"turns":6.0},{"damage":49.0,"enemies":"Slavers","floor":30.0,"turns":5.0},{"damage":18.0,"enemies":"Shelled Parasite and Fungi","floor":31.0,"turns":3.0},{"damage":38,"enemies":"Champ","floor":33,"turns":7},{"damage":28,"enemies":"Orb Walker","floor":35,"turns":3},{"damage":12,"enemies":"3 Shapes","floor":38,"turns":3},{"damage":39,"enemies":"Sphere and 2 Shapes","floor":39,"turns":6},{"damage":47,"enemies":"Jaw Worm Horde","floor":45,"turns":4},{"damage":83,"enemies":"Nemesis","floor":48,"turns":8},{"damage":126,"enemies":"Awakened One","floor":50,"turns":8}],"seed_played":"4476270251134260162","potions_obtained":[{"floor":5.0,"key":"AttackPotion"},{"floor":8.0,"key":"SteroidPotion"},{"floor":14.0,"key":"DuplicationPotion"},{"floor":16.0,"key":"GamblersBrew"},{"floor":20.0,"key":"LiquidMemories"},{"floor":30.0,"key":"AttackPotion"},{"floor":31.0,"key":"Ancient Potion"},{"floor":33,"key":"SteroidPotion"},{"floor":35,"key":"BloodPotion"},{"floor":48,"key":"GamblersBrew"}],"is_trial":false,"path_per_floor":["M","?","$","?","M","R","E","M","T","$","M","?","M","M","R","B",null,"M","?","M","M","M","E","R","?","T","R","?","?","E","M","R","B",null,"M","$","?","M","M","R","?","$","T","R","M","R","$","E","R","B"],"character_chosen":"IRONCLAD","items_purchased":["Toxic Egg 2","Spot Weakness+1","Infernal Blade+1","MealTicket","Deep Breath+1","Armaments+1","Havoc+1","Armaments+1","Clash","Rage+1","Trip+1","Matryoshka","HandDrill","PowerPotion","Power Through+1","Reaper","Warcry+1","Metamorphosis+1","Perfected Strike"],"campfire_rested":3,"item_purchase_floors":[0,0,0,0,0,3,3,10,10,36,36,36,36,36,36,42,42,42,47],"current_hp_per_floor":[57,57,72,72,78,78,74,80,80,80,73,57,63,69,69,71,80,77,90,77,71,57,23,50,50,50,77,77,82,64,69,69,54,93,80,95,95,98,79,79,84,99,99,99,67,67,82,59,91,0,0],"gold":50,"neow_bonus":"","is_daily":false,"chose_seed":false,"campfire_upgraded":5,"win_rate":0.0,"timestamp":1613986582,"path_taken":["M","?","$","?","?","R","E","M","T","$","M","?","M","M","R","BOSS","M","?","?","M","M","E","R","?","T","R","?","?","E","?","R","BOSS","M","$","?","M","?","R","?","$","T","R","M","R","$","E","R","BOSS"],"items_purchased_type":["Relic","Card","Card","Relic","Card","Card","Card","Card","Card","Card","Card","Relic","Relic","Potion","Card","Card","Card","Card","Card"],"build_version":"2020-12-22","purchased_purges":0,"victory":false,"max_hp_per_floor":[80,80,80,80,80,80,80,80,80,80,80,80,80,80,80,80,80,80,90,90,90,90,90,90,90,90,90,90,90,93,93,93,93,93,97,97,97,101,105,105,105,105,105,105,109,109,109,109,109,109,109],"card_choices":[{"not_picked":["Disarm+1","Twin Strike"],"picked":"Seeing Red+1","floor":1.0},{"not_picked":["Twin Strike","Second Wind+1"],"picked":"Intimidate+1","floor":5.0},{"not_picked":["Anger","Metallicize"],"picked":"Shrug It Off+1","floor":7.0},{"not_picked":["Wild Strike","True Grit+1"],"picked":"Inflame","floor":8.0},{"not_picked":["Power Through+1","Seeing Red+1"],"picked":"Perfected Strike","floor":11.0},{"not_picked":["Thunderclap","Havoc+1"],"picked":"Armaments+1","floor":13.0},{"not_picked":["Iron Wave","Havoc+1"],"picked":"Thunderclap","floor":14.0},{"not_picked":["Offering+1","Exhume+1"],"picked":"Juggernaut","floor":16.0},{"not_picked":["Shrug It Off+1","Metallicize"],"picked":"Spot Weakness+1","floor":18.0},{"not_picked":["Headbutt+1","Fire Breathing"],"picked":"Pummel+1","floor":20.0},{"not_picked":["Whirlwind","Havoc+1"],"picked":"Dual Wield+1","floor":21.0},{"not_picked":["Sword Boomerang","Body Slam"],"picked":"Uppercut","floor":22.0},{"not_picked":["Clash","Pommel Strike"],"picked":"Feed","floor":23.0},{"not_picked":["Anger+1","Sword Boomerang"],"picked":"Fire Breathing","floor":30.0},{"not_picked":["Uppercut","Twin Strike"],"picked":"Seeing Red+1","floor":31.0},{"not_picked":["Demon Form","Brutality"],"picked":"Berserk","floor":33},{"not_picked":["Havoc+1","Dark Embrace+1"],"picked":"Thunderclap+1","floor":35},{"not_picked":["Headbutt","Sever Soul"],"picked":"Heavy Blade","floor":38},{"not_picked":["Clash","Second Wind+1"],"picked":"Evolve+1","floor":39},{"not_picked":["Metallicize","Anger"],"picked":"Limit Break+1","floor":45},{"not_picked":["Headbutt","Heavy Blade+1"],"picked":"Armaments+1","floor":48}],"player_experience":730330,"relics_obtained":[{"floor":7.0,"key":"Meat on the Bone"},{"floor":9.0,"key":"StrikeDummy"},{"floor":23.0,"key":"Centennial Puzzle"},{"floor":23.0,"key":"Omamori"},{"floor":30.0,"key":"Whetstone"},{"floor":30.0,"key":"Pen Nib"},{"floor":43,"key":"Smiling Mask"},{"floor":43,"key":"Letter Opener"},{"floor":48,"key":"Ancient Tea Set"},{"floor":48,"key":"Red Skull"}],"event_choices":[{"damage_healed":0.0,"max_hp_gain":0.0,"max_hp_loss":0.0,"gold_gain":0.0,"event_name":"Golden Idol","player_choice":"Take Wound","floor":2.0,"gold_loss":0.0,"damage_taken":0.0,"relics_obtained":["Golden Idol"],"cards_obtained":["Injury"]},{"damage_healed":0.0,"max_hp_gain":0.0,"max_hp_loss":0.0,"gold_gain":0.0,"event_name":"Upgrade Shrine","player_choice":"Upgraded","floor":4.0,"gold_loss":0.0,"damage_taken":0.0,"cards_upgraded":["Bash"]},{"damage_healed":73.0,"max_hp_gain":0.0,"max_hp_loss":80.0,"gold_gain":0.0,"event_name":"betterThird:BetterShining","player_choice":"Upgrade","floor":12.0,"gold_loss":0.0,"damage_taken":16.0,"cards_upgraded":["Defend_R","Inflame"]},{"cards_removed":["Juggernaut"],"damage_healed":3.0,"max_hp_gain":10.0,"max_hp_loss":0.0,"gold_gain":0.0,"event_name":"Bonfire Elementals","player_choice":"Offered Rare","floor":19.0,"gold_loss":0.0,"damage_taken":0.0},{"damage_healed":0.0,"max_hp_gain":0.0,"max_hp_loss":0.0,"gold_gain":0.0,"event_name":"Forgotten Altar","player_choice":"Gave Idol","floor":25.0,"relics_lost":["Golden Idol"],"gold_loss":0.0,"damage_taken":0.0,"relics_obtained":["Bloody Idol"]},{"damage_healed":0.0,"max_hp_gain":0.0,"max_hp_loss":0.0,"gold_gain":0.0,"event_name":"The Library","player_choice":"Read","floor":28.0,"gold_loss":0.0,"damage_taken":0.0,"cards_obtained":["Shrug It Off"]},{"damage_healed":0.0,"max_hp_gain":0.0,"max_hp_loss":0.0,"gold_gain":250.0,"event_name":"The Joust","player_choice":"Bet on Owner","floor":29.0,"gold_loss":50.0,"damage_taken":0.0},{"damage_healed":0,"gold_gain":0,"player_choice":"Gave Potion","damage_taken":0,"relics_obtained":["Darkstone Periapt"],"max_hp_gain":0,"max_hp_loss":0,"event_name":"WeMeetAgain","floor":37,"gold_loss":0},{"damage_healed":0,"gold_gain":275,"player_choice":"Desecrate","damage_taken":0,"max_hp_gain":0,"max_hp_loss":0,"event_name":"Golden Shrine","floor":41,"gold_loss":0,"cards_obtained":["Regret"]}],"is_beta":false,"boss_relics":[{"not_picked":["Runic Dome","Runic Cube"],"picked":"Black Star"},{"not_picked":["Mark of Pain","Sozu"],"picked":"SlaversCollar"}],"items_purged_floors":[],"is_endless":false,"potions_floor_spawned":[5,8,16,20,30,31,33,35,48],"killed_by":"Awakened One","ascension_level":4}}