{"host":"wd45l3ddice331wc","time":1613989325,"event":{"mods":["BaseMod","Downfall","Minty Spire (QoL Compilation)","Quick Restart","StSLib"],"gold_per_floor":[99,119,219,246,67,67,91,123,146,146,179,179,179,214,232,334,384,184,201,220,238,238,238,238,250,38,52,82,82,93,106,123,218,218,118,132,143,47,100,114,140,158,158,158,158,170,170,182,201,201,201,201,201,201],"floor_reached":52,"language":"ENG","playtime":6902,"items_purged":[],"score":719,"play_id":"5af346f6-72b6-4ab0-83ff-ade627c22783","local_time":"20210222022205","is_ascension_mode":false,"campfire_choices":[{"data":"Slimebound:Tackle","floor":1.0,"key":"SMITH"},{"data":"Slimebound:Split","floor":6,"key":"SMITH"},{"floor":10,"key":"REST"},{"floor":12,"key":"RECALL"},{"data":"Slimebound:SplitLeeching","floor":18,"key":"SMITH"},{"floor":29,"key":"REST"},{"data":"Slimebound:SelfFormingGoo","floor":35,"key":"SMITH"},{"floor":43,"key":"REST"},{"floor":45,"key":"REST"},{"data":"expansioncontent:QuickStudy","floor":47,"key":"SMITH"}],"circlet_count":0,"master_deck":["Slimebound:Strike_Slimebound+1","Slimebound:Strike_Slimebound","Slimebound:Strike_Slimebound","Slimebound:Tackle+1","Slimebound:Defend_Slimebound","Slimebound:Defend_Slimebound","Slimebound:Defend_Slimebound","Slimebound:Defend_Slimebound","Slimebound:Split+1","Slimebound:CorrosiveSpit","Slimebound:SplitLeeching+1","Slimebound:MegaLick","Slimebound:Prepare","Slimebound:LeechingTouch","Slimebound:SlimeBarrage","Slimebound:SlimeSpikes","Slimebound:SplitMire","Slimebound:Nibble","Slimebound:SelfFormingGoo+1","Slimebound:Overexert","Slimebound:ProtectTheBoss","Slimebound:ProtectTheBoss","Slimebound:LeechEnergy","Slimebound:ForwardTackle","Slimebound:SplitBruiser","Slimebound:ItLooksTasty+1","Slimebound:SplitLeeching","expansioncontent:QuickStudy+1","Slimebound:LevelUp","Slimebound:RollThrough+1","Slimebound:GrowthPunch+1","Slimebound:GoopTackle+1","Slimebound:Equalize+1","Slimebound:MassFeed+1","Slimebound:AcidTongue+1","Slimebound:PressTheAttack+1","Slimebound:LevelUp","Slimebound:Nibble+1","Slimebound:SlimeBarrage+1","Slimebound:Schlurp","Slimebound:SamplingLick","Slimebound:RejuvenatingLick+1"],"relics":["Slimebound:AbsorbEndCombat","Bronze Scales","Lantern","Happy Flower","Odd Mushroom","Bag of Marbles","Potion Belt","Tiny House","downfall:HeartBlessingGreen","downfall:HeartBlessingRed","MutagenicStrength","Molten Egg 2","Sozu","downfall:HeartBlessingBlue","Ginger","Ancient Tea Set"],"acts_visited":["Exordium","TheCity","TheBeyond","TheEnding"],"potions_floor_usage":[16,19,19,30,30,33,33,33,33,38,46,50],"damage_taken":[{"damage":1.0,"enemies":"Cultist","floor":2.0,"turns":3.0},{"damage":0,"enemies":"downfall:FleeingMerchant","floor":5,"turns":4},{"damage":13,"enemies":"Lagavulin","floor":8,"turns":5},{"damage":11,"enemies":"The Mushroom Lair","floor":9,"turns":3},{"damage":11,"enemies":"3 Sentries","floor":11,"turns":6},{"damage":3,"enemies":"Lagavulin","floor":14,"turns":4},{"damage":5,"enemies":"Jaw Worm","floor":15,"turns":2},{"damage":26,"enemies":"WA_ARCHETYPE_RETAIN","floor":16,"turns":4},{"damage":0,"enemies":"3 Byrds","floor":19,"turns":1},{"damage":6,"enemies":"Chosen","floor":20,"turns":3},{"damage":17,"enemies":"Sentry and Sphere","floor":21,"turns":4},{"damage":15,"enemies":"Snecko","floor":25,"turns":4},{"damage":12,"enemies":"downfall:FleeingMerchant","floor":26,"turns":4},{"damage":0,"enemies":"Snake Plant","floor":27,"turns":3},{"damage":38,"enemies":"Slavers","floor":28,"turns":4},{"damage":12,"enemies":"Centurion and Healer","floor":30,"turns":3},{"damage":8,"enemies":"Snecko","floor":31,"turns":4},{"damage":4,"enemies":"Sentry and Sphere","floor":32,"turns":4},{"damage":49,"enemies":"SI_MIRROR_ARCHETYPE","floor":33,"turns":8},{"damage":4,"enemies":"3 Shapes","floor":36,"turns":3},{"damage":0,"enemies":"Orb Walker","floor":37,"turns":2},{"damage":6,"enemies":"downfall:FleeingMerchant","floor":38,"turns":4},{"damage":21,"enemies":"2 Orb Walkers","floor":39,"turns":4},{"damage":30,"enemies":"Transient","floor":40,"turns":5},{"damage":20,"enemies":"Writhing Mass","floor":42,"turns":5},{"damage":7,"enemies":"3 Darklings","floor":46,"turns":3},{"damage":3,"enemies":"Jaw Worm Horde","floor":48,"turns":4},{"damage":10,"enemies":"Sphere and 2 Shapes","floor":49,"turns":4},{"damage":59,"enemies":"IC_BLOCK_ARCHETYPE","floor":50,"turns":12},{"damage":156,"enemies":"downfall:CharBossMerchant","floor":52,"turns":8}],"seed_played":"-2512367799348385731","potions_obtained":[{"floor":2.0,"key":"Swift Potion"},{"floor":9,"key":"SmokeBomb"},{"floor":11,"key":"Slimebound:ThreeZeroPotion"},{"floor":15,"key":"Swift Potion"},{"floor":17,"key":"Energy Potion"},{"floor":21,"key":"DuplicationPotion"},{"floor":28,"key":"EntropicBrew"},{"floor":30,"key":"Guardian:BlockOnCardUsePotion"},{"floor":32,"key":"GamblersBrew"},{"floor":33,"key":"Fire Potion"}],"is_trial":false,"path_per_floor":["R","M","?","T","$","R","T","E","?","R","E","R","?","E","M","B",null,"R","M","M","M","?","?","T","M","$","M","E","R","M","M","M","B",null,"R","M","M","$","?","M","T","M","R","?","R","M","R","M","M","B",null,"E"],"character_chosen":"SLIMEBOUND","items_purchased":["Slimebound:Prepare","Slimebound:LeechingTouch","Slimebound:SlimeBarrage","expansioncontent:QuickStudy","Slimebound:Nibble+1"],"campfire_rested":4,"item_purchase_floors":[5,5,5,26,38],"current_hp_per_floor":[71,71,71,71,71,71,71,60,53,71,68,68,73,75,73,54,81,81,81,79,66,66,66,66,57,53,57,21,45,37,37,37,8,81,91,91,91,91,76,54,54,36,63,63,90,85,85,92,87,48,95,0,0,0],"gold":201,"neow_bonus":"TEN_PERCENT_HP_BONUS","is_daily":false,"chose_seed":false,"campfire_upgraded":5,"win_rate":0.0,"timestamp":1613989325,"path_taken":["R","M","?","?","$","R","T","E","?","R","E","R","?","E","M","BOSS","R","M","M","M","?","?","T","M","?","M","E","R","M","M","M","BOSS","R","M","M","$","?","M","T","M","R","?","R","M","R","M","M","BOSS","E"],"items_purchased_type":["Card","Card","Card","Card","Card"],"build_version":"2020-12-22","purchased_purges":0,"victory":false,"max_hp_per_floor":[71,71,71,71,71,71,71,71,71,71,71,71,76,76,76,76,81,81,81,81,81,81,81,81,81,81,81,81,81,81,81,81,81,81,91,91,91,91,91,91,91,91,91,91,91,91,91,95,95,95,95,95,95,95],"card_choices":[{"not_picked":["Slimebound:ItLooksTasty","Slimebound:LeechEnergy"],"picked":"Slimebound:SplitLeeching","floor":2.0},{"not_picked":["Slimebound:PressTheAttack","Slimebound:Chomp"],"picked":"Slimebound:MegaLick","floor":5},{"not_picked":["Slimebound:HauntingLick","Slimebound:ItLooksTasty"],"picked":"Slimebound:SlimeSpikes","floor":8},{"not_picked":["Slimebound:Prepare","Slimebound:WasteNot"],"picked":"Slimebound:SplitMire","floor":9},{"not_picked":["Slimebound:SlimeSpikes","Slimebound:Dissolve"],"picked":"Slimebound:Nibble","floor":11},{"not_picked":["Slimebound:AcidTongue","Slimebound:PressTheAttack"],"picked":"Slimebound:SelfFormingGoo","floor":14},{"not_picked":["Slimebound:Replication","Slimebound:SplitLeeching"],"picked":"Slimebound:SplitMire","floor":15},{"not_picked":["Slimebound:SelfFormingGoo","Slimebound:RallyTheTroops"],"picked":"Slimebound:Overexert","floor":16},{"not_picked":["Slimebound:SplitMire","Slimebound:SplitAcid"],"picked":"Slimebound:ProtectTheBoss","floor":17},{"not_picked":["Slimebound:FlameTackle","Slimebound:Schlurp"],"picked":"Slimebound:ProtectTheBoss","floor":19},{"not_picked":["Slimebound:LeechingTouch+1","Slimebound:RainOfGoop+1"],"picked":"Slimebound:LeechEnergy","floor":20},{"not_picked":["Slimebound:MegaLick","Slimebound:LeechingTouch"],"picked":"Slimebound:ForwardTackle","floor":21},{"not_picked":["Slimebound:Teamwork","Slimebound:LeechEnergy"],"picked":"Slimebound:ItLooksTasty+1","floor":25},{"not_picked":["Slimebound:PressTheAttack","Slimebound:RainOfGoop+1"],"picked":"Slimebound:SplitLeeching","floor":26},{"not_picked":["Slimebound:Gluttony","Slimebound:LeechingTouch"],"picked":"Slimebound:LevelUp","floor":27},{"not_picked":["Slimebound:SlimeSpikes","Slimebound:Prepare"],"picked":"Slimebound:RollThrough+1","floor":28},{"not_picked":["Slimebound:FinishingTackle+1","Slimebound:ComboTackle+1"],"picked":"Slimebound:GrowthPunch+1","floor":30},{"not_picked":["Slimebound:SlimeSpikes","Slimebound:ComboTackle+1"],"picked":"Slimebound:GoopTackle+1","floor":31},{"not_picked":["Slimebound:TongueLash+1","Slimebound:GrowthPunch+1"],"picked":"Slimebound:Equalize+1","floor":32},{"not_picked":["Slimebound:MassRepurpose","Slimebound:OozeBath"],"picked":"Slimebound:MassFeed+1","floor":33},{"not_picked":["Slimebound:ComboTackle+1","Slimebound:SlimeSpikes"],"picked":"Slimebound:AcidTongue+1","floor":36},{"not_picked":["Slimebound:BestDefense","Slimebound:LivingWall+1"],"picked":"Slimebound:PressTheAttack+1","floor":37},{"not_picked":["Slimebound:LeechEnergy+1","Slimebound:SplitLeeching+1"],"picked":"Slimebound:LevelUp","floor":38},{"not_picked":["Slimebound:HauntingLick","Slimebound:LeechingTouch+1"],"picked":"Slimebound:SlimeBarrage+1","floor":39},{"not_picked":["Slimebound:SpikyOuterGoop","Slimebound:ItLooksTasty+1","Slimebound:ForwardTackle+1"],"picked":"SKIP","floor":40},{"not_picked":["Slimebound:Prepare","Slimebound:SplitLeeching+1","Slimebound:ComboTackle+1"],"picked":"SKIP","floor":42},{"not_picked":["Slimebound:ItLooksTasty+1","Slimebound:ComboTackle+1"],"picked":"Slimebound:Schlurp","floor":46},{"not_picked":["Slimebound:GrowthPunch+1","Slimebound:AcidTongue+1"],"picked":"Slimebound:SamplingLick","floor":48},{"not_picked":["Slimebound:GrowthPunch+1","Slimebound:BestDefense+1"],"picked":"Slimebound:RejuvenatingLick+1","floor":49}],"player_experience":3557,"relics_obtained":[{"floor":4.0,"key":"Bronze Scales"},{"floor":7,"key":"Lantern"},{"floor":8,"key":"Happy Flower"},{"floor":9,"key":"Odd Mushroom"},{"floor":11,"key":"Bag of Marbles"},{"floor":14,"key":"Potion Belt"},{"floor":28,"key":"Molten Egg 2"},{"floor":39,"key":"Ginger"},{"floor":41,"key":"Ancient Tea Set"}],"event_choices":[{"damage_healed":0,"gold_gain":0,"player_choice":"Fought Mushrooms","damage_taken":0,"max_hp_gain":0,"max_hp_loss":0,"event_name":"Mushrooms","floor":9,"gold_loss":0},{"damage_healed":0,"gold_gain":0,"player_choice":"Donut","damage_taken":0,"max_hp_gain":5,"max_hp_loss":0,"event_name":"Big Fish","floor":13,"gold_loss":0},{"damage_healed":0,"gold_gain":0,"player_choice":"Inject Mutagens","damage_taken":0,"relics_obtained":["MutagenicStrength"],"max_hp_gain":0,"max_hp_loss":0,"event_name":"Drug Dealer","floor":22,"gold_loss":0},{"damage_healed":0,"gold_gain":0,"player_choice":"Read","damage_taken":0,"max_hp_gain":0,"max_hp_loss":0,"event_name":"The Library","floor":23,"gold_loss":0,"cards_obtained":["Slimebound:SplitBruiser"]},{"damage_healed":0,"gold_gain":0,"player_choice":"Fight","damage_taken":0,"max_hp_gain":0,"max_hp_loss":0,"event_name":"Mysterious Sphere","floor":39,"gold_loss":0},{"cards_removed":["Slimebound:SplitMire"],"damage_healed":0,"gold_gain":0,"player_choice":"Removed Skill","damage_taken":0,"max_hp_gain":0,"max_hp_loss":0,"event_name":"Falling","floor":44,"gold_loss":0}],"is_beta":false,"boss_relics":[{"not_picked":["Cursed Key","Philosopher\u0027s Stone"],"picked":"Tiny House"},{"not_picked":["Slimebound:TarBlob","Fusion Hammer"],"picked":"Sozu"}],"items_purged_floors":[],"is_endless":false,"potions_floor_spawned":[2,9,11,15,21,28,30,32,33,39,40,42,46,49],"killed_by":"downfall:CharBossMerchant","ascension_level":0}}