{"host":"2c84cb4cp1emursg","time":1613971704,"event":{"mods":["Act Like it!","BaseMod","Better Third Choice","Bossed Relics","Hermit","Minty Spire (QoL Compilation)","Permanent Neow","Shapeshifter Mod","StSLib"],"gold_per_floor":[115,135,148,163,173,173,193,4,28,28,42,42,42,42,42],"floor_reached":14,"language":"ENG","playtime":660,"items_purged":[],"score":88,"play_id":"956385db-6f57-4c20-bf18-71aef457d4aa","local_time":"20210221222824","is_ascension_mode":true,"campfire_choices":[{"data":"StSShapeShifter:OwlForm","floor":6,"key":"SMITH"},{"data":"Secret Technique","floor":12,"key":"SMITH"}],"circlet_count":0,"master_deck":["StSShapeShifter:ShapeShifter_Strike","StSShapeShifter:ShapeShifter_Strike","StSShapeShifter:ShapeShifter_Strike","StSShapeShifter:ShapeShifter_Strike","StSShapeShifter:ShapeShifter_Defend","StSShapeShifter:ShapeShifter_Defend","StSShapeShifter:ShapeShifter_Defend","StSShapeShifter:ShapeShifter_Defend","StSShapeShifter:ShapeShifter_Defend","StSShapeShifter:Tortoise_Form","StSShapeShifter:Lynx_Form","StSShapeShifter:OwlForm+1","StSShapeShifter:FesteringBite","StSShapeShifter:RockSlide","StSShapeShifter:FesteringBite","StSShapeShifter:BaskInBloom","StSShapeShifter:AdaptiveStrikes","Secret Technique+1","StSShapeShifter:ClimbTree"],"relics":["StSShapeShifter:AnimalHeart","StSShapeShifter:TheShapeShiftersMagnolia","Pen Nib","Golden Idol"],"acts_visited":["Exordium"],"potions_floor_usage":[11,14,14,14],"damage_taken":[{"damage":0,"enemies":"Jaw Worm","floor":1,"turns":6},{"damage":5,"enemies":"Cultist","floor":2,"turns":4},{"damage":0,"enemies":"Small Slimes","floor":3,"turns":2},{"damage":14,"enemies":"Blue Slaver","floor":4,"turns":4},{"damage":7,"enemies":"Looter","floor":5,"turns":3},{"damage":3,"enemies":"3 Louse","floor":7,"turns":3},{"damage":9,"enemies":"2 Fungi Beasts","floor":11,"turns":6},{"damage":42,"enemies":"3 Sentries","floor":14,"turns":10}],"seed_played":"3441008802780575567","potions_obtained":[{"floor":3,"key":"SpeedPotion"},{"floor":4,"key":"Dexterity Potion"},{"floor":5,"key":"Regen Potion"},{"floor":11,"key":"ColorlessPotion"}],"is_trial":false,"path_per_floor":["M","M","M","M","M","R","M","$","T","?","M","R","?","E"],"character_chosen":"SHAPESHIFTER","items_purchased":["Secret Technique"],"campfire_rested":0,"item_purchase_floors":[8],"current_hp_per_floor":[78,73,73,59,52,52,49,49,49,49,55,55,36,0,0],"gold":42,"neow_bonus":"RANDOM_COMMON_RELIC","is_daily":false,"chose_seed":false,"campfire_upgraded":2,"win_rate":0.0,"timestamp":1613971704,"path_taken":["M","M","M","M","M","R","M","$","T","?","?","R","?","E"],"items_purchased_type":["Card"],"build_version":"2020-12-22","purchased_purges":0,"victory":false,"max_hp_per_floor":[78,78,78,78,78,78,78,78,78,78,78,78,78,78,78],"card_choices":[{"not_picked":["StSShapeShifter:Sapling","StSShapeShifter:ThornToss"],"picked":"StSShapeShifter:OwlForm","floor":1},{"not_picked":["StSShapeShifter:ForestFire","StSShapeShifter:Efflorescence"],"picked":"StSShapeShifter:FesteringBite","floor":2},{"not_picked":["StSShapeShifter:ThornToss","StSShapeShifter:OakBlade"],"picked":"StSShapeShifter:RockSlide","floor":3},{"not_picked":["StSShapeShifter:TopazSkin","StSShapeShifter:Evolution"],"picked":"StSShapeShifter:FesteringBite","floor":4},{"not_picked":["StSShapeShifter:ThornedSkin","StSShapeShifter:FlowerShield"],"picked":"StSShapeShifter:BaskInBloom","floor":5},{"not_picked":["StSShapeShifter:ThornToss","StSShapeShifter:Synchronicity"],"picked":"StSShapeShifter:AdaptiveStrikes","floor":7},{"not_picked":["StSShapeShifter:MonkeyForm","StSShapeShifter:Consume"],"picked":"StSShapeShifter:ClimbTree","floor":11}],"player_experience":584825,"relics_obtained":[],"event_choices":[{"cards_removed":["StSShapeShifter:ShapeShifter_Strike"],"damage_healed":0,"gold_gain":0,"player_choice":"Purged","damage_taken":0,"max_hp_gain":0,"max_hp_loss":0,"event_name":"Purifier","floor":10,"gold_loss":0},{"damage_healed":0,"gold_gain":0,"player_choice":"Take Damage","damage_taken":19,"relics_obtained":["Golden Idol"],"max_hp_gain":0,"max_hp_loss":0,"event_name":"Golden Idol","floor":13,"gold_loss":0}],"is_beta":false,"boss_relics":[],"items_purged_floors":[],"is_endless":false,"potions_floor_spawned":[3,4,5,11],"killed_by":"3 Sentries","ascension_level":1}}