{"host":"5ddwedapke4fsx0r","time":1613993700,"event":{"mods":["BaseMod","Minty Spire (QoL Compilation)","StSLib"],"gold_per_floor":[118,134,150,177,197,197,228,228,282,322,322,322,359,374,374,488,488,514,534,534,553,553,275,315,415,424,113,155,155,197,216,216,328,328,348,367,367,367,152,152,161,205,239,281,34,43,74,95,95,95],"floor_reached":51,"language":"ENG","playtime":2370,"items_purged":[],"score":1209,"play_id":"f971635b-c327-4304-a57a-90a6f264a7a0","local_time":"20210222123500","is_ascension_mode":true,"campfire_choices":[{"data":"Rage","floor":6.0,"key":"SMITH"},{"floor":8.0,"key":"REST"},{"floor":12.0,"key":"REST"},{"floor":15.0,"key":"REST"},{"floor":29.0,"key":"REST"},{"data":"Apotheosis","floor":32.0,"key":"SMITH"},{"data":"Strike_R","floor":40.0,"key":"PURGE"},{"floor":49.0,"key":"REST"}],"circlet_count":0,"master_deck":["Strike_R","Strike_R","Strike_R","Defend_R","Defend_R","Defend_R","Defend_R","Bash","Hemokinesis+1","Rage+1","Blood for Blood+1","Limit Break","Shrug It Off","Reaper","Pommel Strike","Feel No Pain+1","Havoc","Inflame+1","Infernal Blade","Parasite","Apotheosis+1","Inflame+1","Havoc+1","Warcry+1","Feed","Pommel Strike+1","Feel No Pain+1","Master of Strategy","Heavy Blade","Normality","Warcry","Normality","Cleave"],"relics":["Burning Blood","Strawberry","CeramicFish","Pen Nib","Frozen Egg 2","Incense Burner","Gremlin Horn","Cursed Key","Pear","Anchor","Pocketwatch","Blood Vial","StoneCalendar","Peace Pipe","SlaversCollar","Brimstone","Whetstone","Juzu Bracelet","Bag of Marbles","Kunai","Regal Pillow"],"acts_visited":["Exordium","TheCity","TheBeyond"],"potions_floor_usage":[],"damage_taken":[{"damage":6.0,"enemies":"Cultist","floor":1.0,"turns":4.0},{"damage":10.0,"enemies":"Small Slimes","floor":2.0,"turns":4.0},{"damage":8.0,"enemies":"Jaw Worm","floor":3.0,"turns":2.0},{"damage":14.0,"enemies":"Red Slaver","floor":5.0,"turns":4.0},{"damage":32.0,"enemies":"Gremlin Nob","floor":7.0,"turns":4.0},{"damage":29.0,"enemies":"Lagavulin","floor":10.0,"turns":7.0},{"damage":37.0,"enemies":"Gremlin Nob","floor":13.0,"turns":5.0},{"damage":4.0,"enemies":"2 Fungi Beasts","floor":14.0,"turns":3.0},{"damage":13.0,"enemies":"The Guardian","floor":16.0,"turns":8.0},{"damage":29.0,"enemies":"3 Byrds","floor":18.0,"turns":7.0},{"damage":27.0,"enemies":"Spheric Guardian","floor":19.0,"turns":5.0},{"damage":13.0,"enemies":"3 Cultists","floor":21.0,"turns":6.0},{"damage":32.0,"enemies":"Slavers","floor":24.0,"turns":4.0},{"damage":2.0,"enemies":"Gremlin Leader","floor":28.0,"turns":4.0},{"damage":53.0,"enemies":"Slavers","floor":30.0,"turns":5.0},{"damage":11.0,"enemies":"Centurion and Healer","floor":31.0,"turns":6.0},{"damage":81.0,"enemies":"Collector","floor":33.0,"turns":8.0},{"damage":24.0,"enemies":"Orb Walker","floor":35.0,"turns":4.0},{"damage":1.0,"enemies":"3 Darklings","floor":36.0,"turns":4.0},{"damage":43.0,"enemies":"Nemesis","floor":42.0,"turns":3.0},{"damage":54.0,"enemies":"Reptomancer","floor":44.0,"turns":5.0},{"damage":4.0,"enemies":"Giant Head","floor":47.0,"turns":5.0},{"damage":33.0,"enemies":"Maw","floor":48.0,"turns":5.0},{"damage":106,"enemies":"Donu and Deca","floor":50,"turns":9}],"seed_played":"8714322977290731574","potions_obtained":[{"floor":5.0,"key":"Weak Potion"},{"floor":10.0,"key":"SteroidPotion"},{"floor":14.0,"key":"AttackPotion"},{"floor":16.0,"key":"BloodPotion"},{"floor":19.0,"key":"Explosive Potion"},{"floor":21.0,"key":"Strength Potion"},{"floor":24.0,"key":"Regen Potion"},{"floor":31.0,"key":"ColorlessPotion"},{"floor":36.0,"key":"FearPotion"},{"floor":47.0,"key":"DistilledChaos"},{"floor":48.0,"key":"AttackPotion"}],"is_trial":false,"path_per_floor":["M","M","M","T","M","R","E","R","T","E","?","R","E","M","R","B",null,"M","M","?","M","?","$","E","?","T","$","E","R","E","M","R","B",null,"M","M","?","?","$","R","?","E","T","E","$","T","E","M","R","B",null],"character_chosen":"IRONCLAD","items_purchased":["Pear","Inflame+1","Blood Vial","Apotheosis","Brimstone","Feel No Pain+1","Kunai"],"campfire_rested":5,"item_purchase_floors":[23,23,27,27,39,39,45],"current_hp_per_floor":[67,63,61,68,60,60,34,64,64,41,38,68,37,39,69,62,93,79,58,58,65,44,54,38,38,38,38,44,79,77,96,96,58,103,87,106,106,106,106,106,106,71,71,46,46,46,76,51,101,22],"gold":95,"neow_bonus":"TWENTY_PERCENT_HP_BONUS","is_daily":false,"chose_seed":false,"campfire_upgraded":2,"win_rate":0.0,"timestamp":1613993700,"path_taken":["M","?","M","?","M","R","E","R","T","E","?","R","E","M","R","BOSS","M","M","?","?","?","$","E","?","T","$","E","R","E","M","R","BOSS","M","?","?","?","$","R","?","E","T","E","?","?","E","M","R","BOSS"],"items_purchased_type":["Relic","Card","Relic","Card","Relic","Card","Relic"],"build_version":"2020-12-22","purchased_purges":0,"victory":true,"max_hp_per_floor":[96,96,96,103,103,103,103,103,103,103,103,103,103,103,103,103,103,103,103,103,103,108,118,118,118,118,118,118,118,118,118,118,118,118,118,118,118,118,118,118,118,118,118,118,118,118,118,118,118,122],"card_choices":[{"not_picked":["Armaments","Sword Boomerang"],"picked":"Hemokinesis","floor":1.0},{"not_picked":["Perfected Strike","Heavy Blade"],"picked":"Rage","floor":2.0},{"not_picked":["Flame Barrier","Anger"],"picked":"Flex","floor":3.0},{"not_picked":["Intimidate","Hemokinesis"],"picked":"Blood for Blood","floor":5.0},{"not_picked":["Sever Soul","Headbutt","Combust"],"picked":"SKIP","floor":7.0},{"not_picked":["Disarm","Rage"],"picked":"Limit Break","floor":10.0},{"not_picked":["Searing Blow","Iron Wave"],"picked":"Shrug It Off","floor":13.0},{"not_picked":["Armaments","Clothesline","Ghostly Armor"],"picked":"SKIP","floor":14.0},{"not_picked":["Offering","Juggernaut+1"],"picked":"Reaper","floor":16.0},{"not_picked":["True Grit","Bloodletting"],"picked":"Pommel Strike","floor":18.0},{"not_picked":["Rampage","True Grit"],"picked":"Feel No Pain+1","floor":19.0},{"not_picked":["True Grit","Pommel Strike"],"picked":"Havoc","floor":21.0},{"not_picked":["Searing Blow","Perfected Strike"],"picked":"Infernal Blade","floor":24.0},{"not_picked":["Thunderclap+1","Rage"],"picked":"Inflame+1","floor":28.0},{"not_picked":["Evolve+1","Bludgeon"],"picked":"Havoc+1","floor":30.0},{"not_picked":["Wild Strike","Thunderclap"],"picked":"Warcry+1","floor":31.0},{"not_picked":["Immolate","Limit Break"],"picked":"Feed","floor":33.0},{"not_picked":["Armaments","Havoc+1"],"picked":"Pommel Strike+1","floor":35.0},{"not_picked":["Sentinel","Armaments+1","Body Slam"],"picked":"SKIP","floor":36.0},{"not_picked":["Mind Blast","Deep Breath"],"picked":"Master of Strategy","floor":41.0},{"not_picked":["Clothesline+1","Shrug It Off"],"picked":"Heavy Blade","floor":42.0},{"not_picked":["True Grit","Intimidate"],"picked":"Warcry","floor":44.0},{"not_picked":["Hemokinesis","Fire Breathing+1","Ghostly Armor+1"],"picked":"SKIP","floor":47.0},{"not_picked":["Warcry","Combust+1"],"picked":"Cleave","floor":48.0}],"player_experience":388515,"relics_obtained":[{"floor":4.0,"key":"Strawberry"},{"floor":7.0,"key":"CeramicFish"},{"floor":9.0,"key":"Pen Nib"},{"floor":10.0,"key":"Frozen Egg 2"},{"floor":13.0,"key":"Gremlin Horn"},{"floor":24.0,"key":"Anchor"},{"floor":26.0,"key":"Pocketwatch"},{"floor":28.0,"key":"StoneCalendar"},{"floor":30.0,"key":"Peace Pipe"},{"floor":42.0,"key":"Whetstone"},{"floor":43.0,"key":"Juzu Bracelet"},{"floor":44.0,"key":"Bag of Marbles"},{"floor":47.0,"key":"Regal Pillow"}],"event_choices":[{"damage_healed":0.0,"max_hp_gain":0.0,"max_hp_loss":0.0,"gold_gain":0.0,"event_name":"Scrap Ooze","player_choice":"Success","floor":11.0,"gold_loss":0.0,"damage_taken":3.0,"relics_obtained":["Incense Burner"]},{"cards_removed":["Strike_R"],"damage_healed":0.0,"max_hp_gain":0.0,"max_hp_loss":0.0,"gold_gain":0.0,"event_name":"Bonfire Elementals","player_choice":"Offered Basic","floor":20.0,"gold_loss":0.0,"damage_taken":0.0},{"damage_healed":0.0,"max_hp_gain":5.0,"max_hp_loss":0.0,"gold_gain":0.0,"event_name":"Forgotten Altar","player_choice":"Shed Blood","floor":22.0,"gold_loss":0.0,"damage_taken":26.0},{"damage_healed":0.0,"max_hp_gain":0.0,"max_hp_loss":0.0,"gold_gain":100.0,"event_name":"Golden Shrine","player_choice":"Pray","floor":25.0,"gold_loss":0.0,"damage_taken":0.0},{"damage_healed":0.0,"max_hp_gain":0.0,"max_hp_loss":0.0,"gold_gain":0.0,"event_name":"Tomb of Lord Red Mask","player_choice":"Ignored","floor":37.0,"gold_loss":0.0,"damage_taken":0.0},{"cards_removed":["Flex"],"damage_healed":0.0,"max_hp_gain":0.0,"max_hp_loss":0.0,"gold_gain":0.0,"event_name":"Falling","player_choice":"Removed Skill","floor":38.0,"gold_loss":0.0,"damage_taken":0.0},{"damage_healed":0.0,"max_hp_gain":0.0,"max_hp_loss":0.0,"gold_gain":0.0,"event_name":"SensoryStone","player_choice":"Memory 1","floor":41.0,"gold_loss":0.0,"damage_taken":0.0}],"is_beta":false,"boss_relics":[{"not_picked":["Sozu","Black Star"],"picked":"Cursed Key"},{"not_picked":["Runic Dome","Velvet Choker"],"picked":"SlaversCollar"}],"items_purged_floors":[],"is_endless":false,"potions_floor_spawned":[5,10,14,16,19,21,24,31,36,47,48],"ascension_level":6}}