{"host":"wshey5htrz8rni6u","time":1613987401,"event":{"mods":["2.2 Compatiblity","BaseMod","Block Reminder","Colored Map","Colored Powertips","Current Relic Mod","Curses Come First","Dark Map","Key Reminder","Keyboard Shortcuts","Minty Spire (QoL Compilation)","Potion Indicator Mod","Quick Restart","Random Character Button","Relic Sorter","Relic Stats","StSLib","SuperFastMode","Unceasing Turn Reminder","UnlockEverythingMod","Weighted Paths"],"gold_per_floor":[109,109,7,21,21,54,54,87,87,99,17,17,192,202,202,301,301,318,147,157,157,174,174,209,209,209,222,249,249,266,295,295,394,394,411,427,427,302,242,242,267,267,267,294,117,152,152,183,183,183,183,183,35,66,66,66],"floor_reached":55,"language":"ENG","playtime":3814,"items_purged":["Strike_G","Doubt","Pain","Strike_G"],"score":1380,"play_id":"7986a5e2-2fa1-415c-a664-ec57d782dd33","local_time":"20210222015001","is_ascension_mode":true,"campfire_choices":[{"data":"Neutralize","floor":7,"key":"SMITH"},{"floor":12,"key":"REST"},{"data":"Sucker Punch","floor":15,"key":"SMITH"},{"data":"Calculated Gamble","floor":23,"key":"SMITH"},{"data":"Wraith Form v2","floor":25,"key":"SMITH"},{"floor":29,"key":"REST"},{"floor":32,"key":"REST"},{"data":"Phantasmal Killer","floor":40,"key":"SMITH"},{"floor":42,"key":"RECALL"},{"data":"Calculated Gamble","floor":47,"key":"SMITH"},{"data":"Burst","floor":49,"key":"SMITH"},{"data":"Leg Sweep","floor":52,"key":"SMITH"}],"circlet_count":0,"master_deck":["AscendersBane","Defend_G","Defend_G","Defend_G","Defend_G","Defend_G","Survivor","Neutralize+1","PiercingWail","Poisoned Stab","Sucker Punch+1","Heel Hook","Bouncing Flask","Unload","Backflip","Heel Hook","Backstab","Corpse Explosion","Dagger Throw","Wraith Form v2+1","All Out Attack","Calculated Gamble+1","Backflip","Deflect+1","Dash","Cloak And Dagger","Outmaneuver","Phantasmal Killer+1","Dodge and Roll+1","Storm of Steel","Leg Sweep+1","Accuracy+1","PiercingWail","Calculated Gamble+1","Burst+1","Accuracy+1","Heel Hook+1","Adrenaline","Skewer","Calculated Gamble"],"relics":["Ring of the Snake","NeowsBlessing","Torii","Pantograph","Mercury Hourglass","Tingsha","Runic Pyramid","WarpedTongs","MealTicket","Singing Bowl","Frozen Egg 2","Unceasing Top","Sozu","Letter Opener","StrikeDummy","Smiling Mask","PreservedInsect","Orrery","Happy Flower"],"acts_visited":["Exordium","TheCity","TheBeyond","TheEnding"],"potions_floor_usage":[8,27,31,31,54],"damage_taken":[{"damage":0,"enemies":"Small Slimes","floor":1,"turns":1},{"damage":0,"enemies":"Jaw Worm","floor":4,"turns":1},{"damage":0,"enemies":"3 Sentries","floor":6,"turns":1},{"damage":22,"enemies":"Lagavulin","floor":8,"turns":9},{"damage":0,"enemies":"Cultist","floor":10,"turns":3},{"damage":1,"enemies":"Blue Slaver","floor":14,"turns":3},{"damage":41,"enemies":"Slime Boss","floor":16,"turns":9},{"damage":1,"enemies":"Spheric Guardian","floor":18,"turns":4},{"damage":6,"enemies":"3 Byrds","floor":20,"turns":3},{"damage":0,"enemies":"3 Cultists","floor":22,"turns":2},{"damage":17,"enemies":"Slavers","floor":24,"turns":4},{"damage":2,"enemies":"Centurion and Healer","floor":27,"turns":4},{"damage":7,"enemies":"Book of Stabbing","floor":28,"turns":6},{"damage":8,"enemies":"Snake Plant","floor":30,"turns":3},{"damage":28,"enemies":"Slavers","floor":31,"turns":4},{"damage":32,"enemies":"Automaton","floor":33,"turns":10},{"damage":5,"enemies":"Orb Walker","floor":35,"turns":3},{"damage":12,"enemies":"3 Darklings","floor":36,"turns":2},{"damage":1,"enemies":"Giant Head","floor":41,"turns":7},{"damage":11,"enemies":"Nemesis","floor":44,"turns":7},{"damage":1,"enemies":"Giant Head","floor":46,"turns":7},{"damage":2,"enemies":"Reptomancer","floor":48,"turns":4},{"damage":24,"enemies":"Donu and Deca","floor":50,"turns":8},{"damage":6,"enemies":"Shield and Spear","floor":54,"turns":5},{"damage":110,"enemies":"The Heart","floor":55,"turns":11}],"seed_played":"-1082838737428788319","potions_obtained":[{"floor":4,"key":"SpeedPotion"},{"floor":6,"key":"Block Potion"},{"floor":10,"key":"SmokeBomb"},{"floor":24,"key":"Explosive Potion"},{"floor":27,"key":"CunningPotion"},{"floor":31,"key":"AttackPotion"}],"is_trial":false,"path_per_floor":["M","?","$","M","?","E","R","E","T","M","$","R","?","M","R","B",null,"M","$","M","?","M","R","E","R","T","M","E","R","M","E","R","B",null,"M","M","?","$","?","R","E","R","T","E","$","E","R","E","R","B",null,"R","$","E","B"],"character_chosen":"THE_SILENT","items_purchased":["Poisoned Stab","Backflip","Heel Hook","Wraith Form v2","PiercingWail","Orrery"],"campfire_rested":3,"item_purchase_floors":[3,11,11,19,45,53],"current_hp_per_floor":[63,56,56,56,49,49,49,27,27,27,27,48,48,47,47,29,60,59,59,53,53,53,53,36,36,36,34,27,48,40,12,33,26,59,54,42,42,57,57,57,58,58,58,49,64,63,63,61,61,50,68,68,76,70,0,0],"gold":66,"neow_bonus":"THREE_ENEMY_KILL","is_daily":false,"chose_seed":false,"campfire_upgraded":8,"win_rate":0.0,"timestamp":1613987401,"path_taken":["M","?","$","M","?","E","R","E","T","M","$","R","?","M","R","BOSS","M","$","M","?","M","R","E","R","T","M","E","R","M","E","R","BOSS","M","?","?","?","?","R","E","R","T","E","$","E","R","E","R","BOSS","R","$","E","BOSS"],"items_purchased_type":["Card","Card","Card","Card","Card","Relic"],"build_version":"2020-12-13","purchased_purges":4,"victory":false,"max_hp_per_floor":[70,70,70,70,70,70,70,70,70,70,70,70,70,70,70,70,70,70,70,70,70,70,70,70,70,70,70,70,70,70,70,70,70,70,70,70,70,70,70,70,72,72,72,74,74,74,74,74,74,74,74,74,76,76,76,76],"relic_stats":{"Torii":78,"Singing Bowl":6,"Happy Flower":[3],"counters":[25,120],"Tingsha":[691],"PreservedInsect":77,"Letter Opener":[204],"Smiling Mask":0,"Mercury Hourglass":[423],"WarpedTongs":[87],"Sozu":2,"Pantograph":67,"MealTicket":36,"obtain_stats":[{"NeowsBlessing":0,"Torii":2,"Singing Bowl":26,"Happy Flower":54,"Tingsha":9,"PreservedInsect":48,"Letter Opener":41,"Frozen Egg 2":28,"Smiling Mask":46,"Mercury Hourglass":8,"WarpedTongs":21,"keyreminder:keyreminder":6,"Sozu":34,"Pantograph":6,"Orrery":53,"MealTicket":24,"StrikeDummy":44,"Unceasing Top":31,"Ring of the Snake":0,"Runic Pyramid":17},{"NeowsBlessing":0,"Torii":1,"Singing Bowl":11,"Happy Flower":24,"Tingsha":4,"PreservedInsect":22,"Letter Opener":19,"Frozen Egg 2":13,"Smiling Mask":21,"Mercury Hourglass":4,"WarpedTongs":9,"keyreminder:keyreminder":3,"Sozu":16,"Pantograph":3,"Orrery":23,"MealTicket":11,"StrikeDummy":20,"Unceasing Top":15,"Ring of the Snake":0,"Runic Pyramid":7},{"NeowsBlessing":0,"Torii":1,"Singing Bowl":39,"Happy Flower":109,"Tingsha":12,"PreservedInsect":96,"Letter Opener":78,"Frozen Egg 2":49,"Smiling Mask":92,"Mercury Hourglass":12,"WarpedTongs":33,"keyreminder:keyreminder":3,"Sozu":66,"Pantograph":3,"Orrery":104,"MealTicket":39,"StrikeDummy":85,"Unceasing Top":56,"Ring of the Snake":0,"Runic Pyramid":26}],"Unceasing Top":[21],"Ring of the Snake":[50]},"card_choices":[{"not_picked":["Prepared","Setup"],"picked":"PiercingWail","floor":1},{"not_picked":["Deadly Poison","Outmaneuver"],"picked":"Sucker Punch","floor":4},{"not_picked":["Riddle With Holes","Accuracy"],"picked":"Heel Hook","floor":6},{"not_picked":["Outmaneuver","Flying Knee"],"picked":"Bouncing Flask","floor":8},{"not_picked":["Skewer","Backflip"],"picked":"Unload","floor":10},{"not_picked":["Outmaneuver","Blade Dance"],"picked":"Backstab","floor":14},{"not_picked":["Malaise","Wraith Form v2"],"picked":"Corpse Explosion","floor":16},{"not_picked":["Underhanded Strike","Blade Dance"],"picked":"Dagger Throw","floor":18},{"not_picked":["Poisoned Stab","Flying Knee"],"picked":"All Out Attack","floor":20},{"not_picked":["Slice","Underhanded Strike+1"],"picked":"Calculated Gamble","floor":22},{"not_picked":["Accuracy","Reflex"],"picked":"Backflip","floor":24},{"not_picked":["Dash","Poisoned Stab"],"picked":"Deflect+1","floor":27},{"not_picked":["Flying Knee+1","Underhanded Strike"],"picked":"Dash","floor":28},{"not_picked":["Blade Dance","Prepared"],"picked":"Cloak And Dagger","floor":30},{"not_picked":["Poisoned Stab","Finisher"],"picked":"Outmaneuver","floor":31},{"not_picked":["Doppelganger","Corpse Explosion"],"picked":"Phantasmal Killer","floor":33},{"not_picked":["Tactician","Slice"],"picked":"Dodge and Roll+1","floor":35},{"not_picked":["Backstab","Dagger Spray"],"picked":"Storm of Steel","floor":36},{"not_picked":["Flying Knee","Poisoned Stab","Prepared"],"picked":"Singing Bowl","floor":41},{"not_picked":["Flying Knee+1","Backstab","Underhanded Strike"],"picked":"Singing Bowl","floor":44},{"not_picked":["Accuracy+1","Deadly Poison"],"picked":"Calculated Gamble","floor":46},{"not_picked":["Acrobatics","Cloak And Dagger"],"picked":"Burst","floor":48},{"not_picked":["Quick Slash","Leg Sweep"],"picked":"Accuracy+1","floor":53},{"not_picked":["Quick Slash","Poisoned Stab"],"picked":"Heel Hook+1","floor":53},{"not_picked":["PiercingWail","Bane"],"picked":"Adrenaline","floor":53},{"not_picked":["Infinite Blades+1","Deadly Poison+1","All Out Attack"],"picked":"Singing Bowl","floor":53},{"not_picked":["Quick Slash","Predator"],"picked":"Skewer","floor":53},{"not_picked":["Bouncing Flask","Blur"],"picked":"Calculated Gamble","floor":54}],"player_experience":178378,"relics_obtained":[{"floor":6,"key":"Pantograph"},{"floor":8,"key":"Mercury Hourglass"},{"floor":9,"key":"Tingsha"},{"floor":24,"key":"MealTicket"},{"floor":26,"key":"Singing Bowl"},{"floor":28,"key":"Frozen Egg 2"},{"floor":31,"key":"Unceasing Top"},{"floor":41,"key":"Letter Opener"},{"floor":44,"key":"StrikeDummy"},{"floor":46,"key":"Smiling Mask"},{"floor":48,"key":"PreservedInsect"},{"floor":54,"key":"Happy Flower"}],"event_choices":[{"damage_healed":0,"gold_gain":0,"player_choice":"Success","damage_taken":7,"relics_obtained":["Torii"],"max_hp_gain":0,"max_hp_loss":0,"event_name":"Scrap Ooze","floor":2,"gold_loss":0},{"cards_removed":["Strike_G"],"damage_healed":0,"gold_gain":0,"player_choice":"Card Removal","damage_taken":7,"max_hp_gain":0,"max_hp_loss":0,"event_name":"Golden Wing","floor":5,"gold_loss":0},{"damage_healed":0,"gold_gain":175,"player_choice":"AGREE","damage_taken":0,"max_hp_gain":0,"max_hp_loss":0,"event_name":"Liars Game","floor":13,"gold_loss":0,"cards_obtained":["Doubt"]},{"damage_healed":0,"gold_gain":0,"player_choice":"Rummage","damage_taken":0,"relics_obtained":["WarpedTongs"],"max_hp_gain":0,"max_hp_loss":0,"event_name":"Accursed Blacksmith","floor":21,"gold_loss":0,"cards_obtained":["Pain"]},{"damage_healed":0,"gold_gain":0,"player_choice":"Got Potions","damage_taken":0,"max_hp_gain":0,"max_hp_loss":0,"event_name":"Lab","floor":37,"gold_loss":0},{"damage_healed":0,"gold_gain":0,"cards_transformed":["Strike_G","Strike_G"],"player_choice":"Transformed Cards","damage_taken":0,"max_hp_gain":0,"max_hp_loss":0,"event_name":"Designer","floor":39,"gold_loss":60,"cards_obtained":["Leg Sweep","Accuracy"]}],"is_beta":false,"boss_relics":[{"not_picked":["Tiny House","Philosopher\u0027s Stone"],"picked":"Runic Pyramid"},{"not_picked":["SacredBark","SlaversCollar"],"picked":"Sozu"}],"items_purged_floors":[3,19,38,45],"is_endless":false,"potions_floor_spawned":[4,6,10,24,27,28,31,35,36],"killed_by":"The Heart","ascension_level":12}}