{"host":"2l3i55whvwk76mom","time":1613967979,"event":{"mods":["BaseMod","Googly Eyes","Hubris","Minty Spire (QoL Compilation)","Replay The Spire","StSLib"],"gold_per_floor":[119,138,149,230,230,230,258,258,258,258,258,221,255,281,281,379,379,394,406,417,273,284,284,295,323,348,364,3,3,0,18,18,115,115,133,147,47,47,60,78,78,78,78,78,0,15,49,49,49,49],"floor_reached":51,"language":"ENG","playtime":2075,"items_purged":["Strike_R","Cleave"],"score":1326,"play_id":"0cd1423c-1a6f-4e7f-be2e-e94d7a2917e4","local_time":"20210221202619","is_ascension_mode":true,"campfire_choices":[{"data":"Armaments","floor":6,"key":"SMITH"},{"floor":8,"key":"REST"},{"data":"Heavy Blade","floor":10,"key":"SMITH"},{"floor":15,"key":"REST"},{"floor":23,"key":"REST"},{"floor":29,"key":"REST"},{"floor":32,"key":"REST"},{"floor":41,"key":"REST"},{"floor":44,"key":"RECALL"},{"floor":49,"key":"REST"}],"circlet_count":0,"master_deck":["Strike_R","Strike_R","Defend_R","Defend_R","Defend_R","Defend_R","Bash+1","Iron Wave","Pommel Strike","Armaments+1","Blood for Blood","Heavy Blade+1","Disarm","Twin Strike+1","Headbutt","Impervious","Hemokinesis","Cleave+1","Shrug It Off+1","Sword Boomerang","Hemogenesis","Spot Weakness+1","Rampage+1","Whirlwind","Armaments","Impervious+1","Headbutt+1","Battle Trance","Parasite","Double Tap+1","Spot Weakness+1"],"relics":["Burning Blood","hubris:TenFootPole","Lantern","Pear","hubris:Towel","hubris:IronBody","Happy Flower","hubris:ScarierMask","Orrery","Golden Egg","Blood Vial","hubris:ChampionShield","Brimstone","Empty Cage","hubris:Icosahedron","PreservedInsect","Gremlin Horn"],"acts_visited":["Exordium","TheCity","TheBeyond"],"potions_floor_usage":[13,13,22,25,31,33,40,46],"damage_taken":[{"damage":7,"enemies":"Jaw Worm","floor":1,"turns":3},{"damage":7,"enemies":"Small Slimes","floor":2,"turns":3},{"damage":2,"enemies":"2 Louse","floor":3,"turns":3},{"damage":29,"enemies":"Gremlin Nob","floor":7,"turns":5},{"damage":37,"enemies":"Lagavulin","floor":13,"turns":7},{"damage":23,"enemies":"The Guardian","floor":16,"turns":15},{"damage":42,"enemies":"Spheric Guardian","floor":18,"turns":6},{"damage":7,"enemies":"Chosen","floor":19,"turns":4},{"damage":13,"enemies":"Centurion and Healer","floor":20,"turns":5},{"damage":38,"enemies":"Snake Plant","floor":22,"turns":5},{"damage":18,"enemies":"Shelled Parasite and Fungi","floor":24,"turns":6},{"damage":36,"enemies":"Gremlin Leader","floor":25,"turns":8},{"damage":27,"enemies":"3 Cultists","floor":27,"turns":6},{"damage":11,"enemies":"Snake Plant","floor":31,"turns":4},{"damage":51,"enemies":"Pondfish","floor":33,"turns":9},{"damage":3,"enemies":"Orb Walker","floor":35,"turns":3},{"damage":5,"enemies":"3 Darklings","floor":36,"turns":4},{"damage":6,"enemies":"Sphere and 2 Shapes","floor":39,"turns":2},{"damage":49,"enemies":"Writhing Mass","floor":40,"turns":7},{"damage":32,"enemies":"4 Shapes","floor":46,"turns":10},{"damage":76,"enemies":"Giant Head","floor":47,"turns":9},{"damage":60,"enemies":"Time Eater","floor":50,"turns":10}],"seed_played":"2120988194232663788","potions_obtained":[{"floor":1,"key":"Weak Potion"},{"floor":7,"key":"Toxic Potion"},{"floor":19,"key":"Swift Potion"},{"floor":20,"key":"Adrenaline Potion"},{"floor":24,"key":"BloodPotion"},{"floor":27,"key":"Weak Potion"},{"floor":36,"key":"Regen Potion"},{"floor":47,"key":"Energy Potion"}],"is_trial":false,"path_per_floor":["M","M","M","?","?","R","E","R","T","R","?","?","E","T","R","B",null,"M","M","M","$","M","R","M","E","T","M","$","R","?","M","R","B",null,"M","M","$","?","M","M","R","?","T","R","$","M","E","?","R","B",null],"character_chosen":"IRONCLAD","items_purchased":["Orrery","hubris:ChampionShield","Brimstone","EssenceOfSteel"],"campfire_rested":7,"item_purchase_floors":[21,28,28,45],"current_hp_per_floor":[71,70,74,54,54,54,31,55,65,65,65,65,34,34,61,44,79,43,42,35,35,10,37,32,25,25,11,11,38,38,35,62,28,75,85,90,90,90,90,57,84,84,84,84,84,64,28,28,55,13],"gold":49,"neow_bonus":"UPGRADE_CARD","is_daily":false,"chose_seed":false,"campfire_upgraded":2,"win_rate":0.0,"timestamp":1613967979,"path_taken":["M","M","M","?","?","R","E","R","T","R","?","?","E","?","R","BOSS","M","M","M","$","M","R","M","E","T","M","$","R","?","M","R","BOSS","M","M","$","?","M","M","R","?","T","R","$","M","E","?","R","BOSS"],"items_purchased_type":["Relic","Relic","Relic","Potion"],"build_version":"2020-12-22","purchased_purges":2,"victory":true,"max_hp_per_floor":[80,80,80,80,80,80,80,80,90,90,90,90,90,90,90,90,90,90,90,90,90,90,90,90,90,90,90,90,90,90,90,90,90,90,90,90,90,90,90,90,90,90,90,90,90,90,90,90,90,90],"card_choices":[{"not_picked":["Massacre","Heavy Blade"],"picked":"hubris:ReadiedAction","floor":1},{"not_picked":["True Grit","ReplayTheSpireMod:Strike From Hell"],"picked":"Iron Wave","floor":2},{"not_picked":["Perfected Strike","Wild Strike"],"picked":"Pommel Strike","floor":3},{"not_picked":["Rage","Heavy Blade"],"picked":"Armaments","floor":4},{"not_picked":["Second Wind","Infernal Blade"],"picked":"Blood for Blood","floor":4},{"not_picked":["Thunderclap","Perfected Strike"],"picked":"Heavy Blade","floor":7},{"not_picked":["Run Through","Dropkick"],"picked":"Disarm","floor":13},{"not_picked":["Berserk","Demonic Infusion"],"picked":"Brutality","floor":16},{"not_picked":["Feel No Pain","Shrug It Off+1"],"picked":"Twin Strike+1","floor":18},{"not_picked":["Abandon+1","Flex"],"picked":"Headbutt","floor":19},{"not_picked":["Cleave","Feel No Pain"],"picked":"Impervious","floor":20},{"not_picked":["Clothesline","hubris:ReadiedAction"],"picked":"Hemokinesis","floor":21},{"not_picked":["Warcry","Sentinel"],"picked":"Cleave+1","floor":21},{"not_picked":["ReplayTheSpireMod:Limb From Limb","Wild Strike"],"picked":"Shrug It Off+1","floor":21},{"not_picked":["hubris:SharpeningStone","hubris:CleavingFinish"],"picked":"Sword Boomerang","floor":21},{"not_picked":["Hemokinesis","Warcry"],"picked":"Hemogenesis","floor":21},{"not_picked":["Flex","Iron Wave"],"picked":"Spot Weakness+1","floor":22},{"not_picked":["Headbutt","Blood for Blood"],"picked":"Cleave","floor":24},{"not_picked":["Cleave","hubris:ReadiedAction"],"picked":"Rampage+1","floor":25},{"not_picked":["Impervious","Burning Pact+1"],"picked":"Whirlwind","floor":27},{"not_picked":["Clothesline","Reckless Charge"],"picked":"Armaments","floor":31},{"not_picked":["Demonic Infusion","Exhume"],"picked":"Impervious","floor":33},{"not_picked":["Abandon","Flex+1"],"picked":"Headbutt+1","floor":35},{"not_picked":["ReplayTheSpireMod:LeadingStrike","Havoc+1"],"picked":"Battle Trance","floor":36},{"not_picked":["Pommel Strike+1","Shrug It Off+1","Anger"],"picked":"SKIP","floor":39},{"not_picked":["Body Slam+1","Heavy Blade"],"picked":"Double Tap","floor":40},{"not_picked":["Headbutt+1","Anger"],"picked":"Spot Weakness+1","floor":46},{"not_picked":["Clash+1","Intimidate","Demonic Infusion"],"picked":"SKIP","floor":47}],"player_experience":389022,"relics_obtained":[{"floor":4,"key":"hubris:TenFootPole"},{"floor":7,"key":"Lantern"},{"floor":9,"key":"Pear"},{"floor":13,"key":"hubris:IronBody"},{"floor":14,"key":"Happy Flower"},{"floor":25,"key":"Golden Egg"},{"floor":26,"key":"Blood Vial"},{"floor":47,"key":"PreservedInsect"}],"event_choices":[{"cards_removed":["hubris:ReadiedAction"],"damage_healed":0,"gold_gain":0,"player_choice":"Forget","damage_taken":0,"max_hp_gain":0,"max_hp_loss":0,"event_name":"Living Wall","floor":5,"gold_loss":0},{"damage_healed":0,"gold_gain":0,"player_choice":"Left Gold","damage_taken":0,"max_hp_gain":0,"max_hp_loss":0,"event_name":"World of Goop","floor":12,"gold_loss":37},{"damage_healed":0,"gold_gain":0,"player_choice":"Paid Fearfully","damage_taken":0,"max_hp_gain":0,"max_hp_loss":0,"event_name":"Masked Bandits","floor":30,"gold_loss":3},{"cards_removed":["Brutality"],"damage_healed":0,"gold_gain":0,"player_choice":"Removed Power","damage_taken":0,"max_hp_gain":0,"max_hp_loss":0,"event_name":"Falling","floor":42,"gold_loss":0},{"damage_healed":0,"gold_gain":0,"player_choice":"Gave Potion","damage_taken":0,"relics_obtained":["Gremlin Horn"],"max_hp_gain":0,"max_hp_loss":0,"event_name":"WeMeetAgain","floor":48,"gold_loss":0}],"is_beta":false,"boss_relics":[{"not_picked":["hubris:VirtuousBlindfold","ChewingGum"],"picked":"hubris:ScarierMask"},{"not_picked":["Busted Crown","hubris:HollowSoul"],"picked":"Empty Cage"}],"items_purged_floors":[28,37],"is_endless":false,"potions_floor_spawned":[1,7,19,20,24,27,36,47],"ascension_level":9}}