{"host":"Tylorde","time":1613952686,"event":{"mods":["BaseMod","Minty Spire (QoL Compilation)","Weighted Paths"],"gold_per_floor":[116,41,60,70,70,70,101,101,128,128,142,172,187,43,43,117,117,134,134,134,59,59,59,94,94,119,119,119],"floor_reached":27,"language":"ENG","playtime":1609,"items_purged":["Decay"],"score":502,"play_id":"2c1f6a39-f891-4af9-8014-0d28d633e3bc","local_time":"20210221161126","is_ascension_mode":true,"campfire_choices":[{"data":"Armaments","floor":6.0,"key":"SMITH"},{"floor":8.0,"key":"REST"},{"data":"Brutality","floor":10.0,"key":"SMITH"},{"data":"Inflame","floor":15.0,"key":"SMITH"},{"data":"Shockwave","floor":23,"key":"SMITH"},{"floor":25,"key":"REST"}],"circlet_count":0,"master_deck":["AscendersBane","Strike_R","Strike_R","Strike_R","Strike_R+1","Defend_R+1","Defend_R","Defend_R","Defend_R","Bash","Twin Strike","True Grit","Armaments+1","Brutality+1","Hemokinesis","Carnage","Inflame+1","Impervious","Immolate","Disarm","Shockwave+1","Feed","Fire Breathing","Ghostly","Ghostly","Ghostly","Writhe","Shrug It Off"],"relics":["Sozu","Boot","Art of War","MealTicket","Orrery","SlaversCollar","Pocketwatch","Blue Candle","Smiling Mask"],"acts_visited":["Exordium","TheCity"],"potions_floor_usage":[],"damage_taken":[{"damage":0.0,"enemies":"2 Louse","floor":1.0,"turns":3.0},{"damage":3.0,"enemies":"Jaw Worm","floor":3.0,"turns":4.0},{"damage":0.0,"enemies":"Small Slimes","floor":4.0,"turns":3.0},{"damage":19.0,"enemies":"Gremlin Nob","floor":7.0,"turns":4.0},{"damage":3.0,"enemies":"Exordium Wildlife","floor":11.0,"turns":4.0},{"damage":14.0,"enemies":"Lagavulin","floor":12.0,"turns":5.0},{"damage":4.0,"enemies":"2 Fungi Beasts","floor":13.0,"turns":2.0},{"damage":9,"enemies":"Slime Boss","floor":16,"turns":6},{"damage":17,"enemies":"Spheric Guardian","floor":18,"turns":5},{"damage":35,"enemies":"Gremlin Leader","floor":24,"turns":6},{"damage":17,"enemies":"Slavers","floor":27,"turns":1}],"seed_played":"-6446332926978067856","potions_obtained":[],"is_trial":false,"path_per_floor":["M","?","M","M","?","R","E","R","T","R","M","E","M","$","R","B",null,"M","?","?","$","?","R","E","R","T","E"],"character_chosen":"IRONCLAD","items_purchased":["Orrery"],"campfire_rested":2,"item_purchase_floors":[14],"current_hp_per_floor":[68,68,65,65,42,42,23,45,45,45,42,28,24,39,39,30,64,51,51,39,39,39,39,4,15,15,0,0],"gold":119,"neow_bonus":"BOSS_RELIC","is_daily":false,"chose_seed":false,"campfire_upgraded":4,"win_rate":0.0,"timestamp":1613952686,"path_taken":["M","?","M","M","?","R","E","R","T","R","M","E","M","$","R","BOSS","M","?","?","$","?","R","E","R","T","E"],"items_purchased_type":["Relic"],"build_version":"2020-12-18","purchased_purges":1,"victory":false,"max_hp_per_floor":[75,75,75,75,75,75,75,75,75,75,75,75,75,75,75,75,75,79,79,39,39,39,39,39,39,39,39,39],"card_choices":[{"not_picked":["Fire Breathing","Inflame"],"picked":"Twin Strike","floor":1.0},{"not_picked":["Havoc","Clothesline"],"picked":"True Grit","floor":3.0},{"not_picked":["Warcry","Havoc"],"picked":"Armaments","floor":4.0},{"not_picked":["Armaments","Dual Wield"],"picked":"Brutality","floor":7.0},{"not_picked":["True Grit","Searing Blow"],"picked":"Hemokinesis","floor":11.0},{"not_picked":["Bloodletting","Anger"],"picked":"Carnage","floor":12.0},{"not_picked":["Sword Boomerang","Pummel"],"picked":"Inflame","floor":13.0},{"not_picked":["Twin Strike","Flame Barrier"],"picked":"Impervious","floor":14.0},{"not_picked":["Seeing Red","Feel No Pain"],"picked":"Immolate","floor":14.0},{"not_picked":["Iron Wave","Clash"],"picked":"Disarm","floor":14.0},{"not_picked":["Perfected Strike","Body Slam"],"picked":"Shockwave","floor":14.0},{"not_picked":["Juggernaut","Limit Break"],"picked":"Feed","floor":16},{"not_picked":["Blood for Blood","Havoc"],"picked":"Fire Breathing","floor":18},{"not_picked":["Clash","Anger"],"picked":"Shrug It Off","floor":24}],"player_experience":893897,"relics_obtained":[{"floor":7.0,"key":"Boot"},{"floor":9.0,"key":"Art of War"},{"floor":12.0,"key":"MealTicket"},{"floor":24,"key":"Blue Candle"},{"floor":26,"key":"Smiling Mask"}],"event_choices":[{"cards_removed":["Strike_R"],"damage_healed":0.0,"max_hp_gain":0.0,"max_hp_loss":0.0,"gold_gain":0.0,"event_name":"The Cleric","player_choice":"Card Removal","floor":2.0,"gold_loss":75.0,"damage_taken":0.0},{"damage_healed":0.0,"max_hp_gain":0.0,"max_hp_loss":0.0,"gold_gain":0.0,"event_name":"Shining Light","player_choice":"Entered Light","floor":5.0,"gold_loss":0.0,"damage_taken":23.0,"cards_upgraded":["Strike_R","Defend_R"]},{"damage_healed":0,"gold_gain":0,"player_choice":"Smashed Altar","damage_taken":0,"max_hp_gain":0,"max_hp_loss":0,"event_name":"Forgotten Altar","floor":19,"gold_loss":0,"cards_obtained":["Decay"]},{"damage_healed":0,"gold_gain":0,"player_choice":"Became a Ghost","damage_taken":0,"max_hp_gain":0,"max_hp_loss":40,"event_name":"Ghosts","floor":20,"gold_loss":0,"cards_obtained":["Ghostly","Ghostly","Ghostly"]},{"damage_healed":0,"gold_gain":0,"player_choice":"Opened","damage_taken":0,"relics_obtained":["Pocketwatch"],"max_hp_gain":0,"max_hp_loss":0,"event_name":"The Mausoleum","floor":22,"gold_loss":0,"cards_obtained":["Writhe"]}],"is_beta":true,"boss_relics":[{"not_picked":["Busted Crown","Coffee Dripper"],"picked":"SlaversCollar"}],"items_purged_floors":[21],"is_endless":false,"potions_floor_spawned":[1,3,12,18],"killed_by":"Slavers","ascension_level":15}}