{"host":"5dk97cf2ubw2v967","time":1613972713,"event":{"mods":["AlwaysNeverKeys","BaseMod","Better Altar","Better Vampires","Block Reminder","Card Filter","Colored Powertips","Downfall","Googly Eyes","Highlight Path","Minty Spire (QoL Compilation)","Permanent Neow","Potion Indicator Mod","Quick Restart","Relic Filter","Relic Stats","Say the Spire","Spicy Shops","StSLib","Waifu the Spire","everything is the same but u backflip on backflip"],"gold_per_floor":[118,138,28,40,59,59,87,87,87,87,87,87,117,129,129,206,206,221,146,146,146,181,213,213,245,245,245,263,0,28,43,43,117,117,128,3,3,22,22,22,39,65,65,115,115,132,354,385,385,385,385,385,385,53,79,79,79],"floor_reached":56,"language":"ENG","playtime":2066,"items_purged":["Strike_R","Strike_R+1","Strike_R+1"],"score":2013,"play_id":"11d2fc4a-0316-4d3a-a777-5c1d7567a339","local_time":"20210222054513","is_ascension_mode":true,"campfire_choices":[{"data":"1","floor":6,"key":"LIFT"},{"data":"2","floor":8,"key":"LIFT"},{"data":"3","floor":10,"key":"LIFT"},{"data":"Disarm","floor":15,"key":"SMITH"},{"floor":24,"key":"RECALL"},{"floor":32,"key":"REST"},{"floor":40,"key":"REST"},{"floor":45,"key":"DIG"},{"floor":49,"key":"DIG"},{"floor":53,"key":"DIG"}],"circlet_count":0,"master_deck":["AscendersBane","Strike_R+1","Defend_R+1","Defend_R+1","Defend_R+1","Defend_R+1","Bash+1","Carnage","Twin Strike","Headbutt","Reaper","Cleave","Battle Trance+1","Disarm+1","Heavy Blade","Reaper","Disarm+1","Inflame","RitualDagger+1","Inflame","Cleave","Feed+1","Shrug It Off","Metallicize+1","Demon Form","Disarm+1","Twin Strike+1","Seeing Red+1","Seeing Red+1","Dark Embrace","Pommel Strike+1","Inflame","Demon Form"],"relics":["Burning Blood","Girya","Prayer Wheel","Charon\u0027s Ashes","FaceOfCleric","Anchor","Fusion Hammer","Red Mask","Molten Egg 2","Matryoshka","Bronze Scales","Bottled Flame","Whetstone","Bottled Lightning","Snecko Eye","StoneCalendar","Potion Belt","Gremlin Horn","Shovel","StrikeDummy","Bottled Tornado","Pantograph","Ornamental Fan","DollysMirror","War Paint"],"acts_visited":["Exordium","TheCity","TheBeyond","TheEnding"],"potions_floor_usage":[13,16,33,35,38,42,42,50,56,56],"damage_taken":[{"damage":6,"enemies":"Cultist","floor":1,"turns":3},{"damage":14,"enemies":"Jaw Worm","floor":2,"turns":4},{"damage":0,"enemies":"Small Slimes","floor":4,"turns":3},{"damage":11,"enemies":"2 Fungi Beasts","floor":5,"turns":3},{"damage":40,"enemies":"Lagavulin","floor":7,"turns":6},{"damage":17,"enemies":"3 Sentries","floor":13,"turns":4},{"damage":0,"enemies":"Exordium Wildlife","floor":14,"turns":2},{"damage":37,"enemies":"The Guardian","floor":16,"turns":7},{"damage":23,"enemies":"Shell Parasite","floor":18,"turns":5},{"damage":14,"enemies":"Masked Bandits","floor":22,"turns":3},{"damage":0,"enemies":"Gremlin Leader","floor":23,"turns":6},{"damage":36,"enemies":"Slavers","floor":25,"turns":4},{"damage":6,"enemies":"2 Thieves","floor":28,"turns":2},{"damage":15,"enemies":"Book of Stabbing","floor":30,"turns":5},{"damage":10,"enemies":"Shelled Parasite and Fungi","floor":31,"turns":3},{"damage":94,"enemies":"Automaton","floor":33,"turns":9},{"damage":40,"enemies":"3 Shapes","floor":35,"turns":6},{"damage":0,"enemies":"Orb Walker","floor":38,"turns":1},{"damage":47,"enemies":"4 Shapes","floor":41,"turns":3},{"damage":34,"enemies":"Giant Head","floor":42,"turns":5},{"damage":2,"enemies":"2 Orb Walkers","floor":44,"turns":3},{"damage":4,"enemies":"3 Darklings","floor":46,"turns":3},{"damage":16,"enemies":"Reptomancer","floor":48,"turns":5},{"damage":66,"enemies":"Donu and Deca","floor":50,"turns":6},{"damage":30,"enemies":"Time Eater","floor":51,"turns":5},{"damage":92,"enemies":"Shield and Spear","floor":55,"turns":7},{"damage":124,"enemies":"The Heart","floor":56,"turns":5}],"seed_played":"-5542420717500540045","potions_obtained":[{"floor":7,"key":"bronze:BurnAndBuffPotion"},{"floor":13,"key":"BloodPotion"},{"floor":14,"key":"sneckomod:MuddlingPotion"},{"floor":22,"key":"BloodPotion"},{"floor":33,"key":"FearPotion"},{"floor":35,"key":"ColorlessPotion"},{"floor":41,"key":"SteroidPotion"},{"floor":46,"key":"Explosive Potion"},{"floor":48,"key":"Energy Potion"},{"floor":55,"key":"Energy Potion"}],"is_trial":false,"path_per_floor":["M","M","$","M","M","R","E","R","T","R","?","?","E","M","R","B",null,"M","?","?","?","?","E","R","E","T","?","M","$","E","M","R","B",null,"M","$","?","M","$","R","M","E","T","?","R","M","?","E","R","B","B",null,"R","$","E","B"],"character_chosen":"IRONCLAD","items_purchased":["Headbutt","Whetstone","Inflame","DollysMirror","bronze:BurnAndBuffPotion"],"campfire_rested":2,"item_purchase_floors":[3,29,54,54,54],"current_hp_per_floor":[68,60,60,66,67,67,33,33,33,33,33,33,50,70,70,47,65,63,63,57,57,69,74,74,66,66,66,80,80,72,69,82,38,72,88,88,88,89,89,89,76,77,77,82,82,97,97,92,92,78,80,101,101,101,56,0,0],"gold":79,"neow_bonus":"ONE_RARE_RELIC","is_daily":false,"chose_seed":false,"campfire_upgraded":1,"win_rate":0.0,"timestamp":1613972713,"path_taken":["M","M","?","M","M","R","E","R","T","R","?","?","E","?","R","BOSS","M","?","?","?","?","E","R","E","T","?","M","$","E","M","R","BOSS","M","$","?","M","?","R","M","E","T","?","R","?","?","E","R","BOSS","BOSS","R","$","E","BOSS"],"items_purchased_type":["Card","Relic","Card","Relic","Potion"],"build_version":"2020-12-22","purchased_purges":3,"victory":false,"max_hp_per_floor":[68,68,68,68,68,68,68,68,68,68,68,68,69,70,70,71,71,72,72,72,72,73,74,74,75,75,75,80,80,81,82,82,83,83,88,88,88,89,89,89,94,95,95,96,96,97,97,102,102,107,108,108,108,108,109,109,109],"relic_stats":{"Gremlin Horn":[8,11],"counters":[27,118],"StoneCalendar":[0],"Charon\u0027s Ashes":[482],"Whetstone":["Bash","RitualDagger"],"War Paint":["Disarm","Battle Trance"],"Burning Blood":141,"Shovel":3,"FaceOfCleric":21,"Ornamental Fan":[4],"Bronze Scales":[252],"Pantograph":60,"Snecko Eye":[100,79,88,93],"Prayer Wheel":8,"obtain_stats":[{"Gremlin Horn":43,"StoneCalendar":37,"Whetstone":29,"Bottled Tornado":48,"Burning Blood":0,"Matryoshka":25,"Shovel":44,"FaceOfCleric":12,"DollysMirror":54,"Pantograph":49,"Prayer Wheel":7,"Fusion Hammer":17,"Red Mask":22,"Potion Belt":42,"Girya":0,"Charon\u0027s Ashes":9,"War Paint":55,"Anchor":13,"Bottled Flame":26,"Ornamental Fan":53,"Bronze Scales":26,"Snecko Eye":34,"Molten Egg 2":23,"Bottled Lightning":30,"StrikeDummy":45},{"Gremlin Horn":20,"StoneCalendar":17,"Whetstone":13,"Bottled Tornado":23,"Burning Blood":0,"Matryoshka":12,"Shovel":21,"FaceOfCleric":5,"DollysMirror":25,"Pantograph":23,"Prayer Wheel":5,"Fusion Hammer":8,"Red Mask":10,"Potion Belt":20,"Girya":0,"Charon\u0027s Ashes":5,"War Paint":26,"Anchor":6,"Bottled Flame":12,"Ornamental Fan":25,"Bronze Scales":12,"Snecko Eye":16,"Molten Egg 2":11,"Bottled Lightning":14,"StrikeDummy":21},{"Gremlin Horn":84,"StoneCalendar":75,"Whetstone":52,"Bottled Tornado":95,"Burning Blood":0,"Matryoshka":50,"Shovel":87,"FaceOfCleric":19,"DollysMirror":106,"Pantograph":95,"Prayer Wheel":19,"Fusion Hammer":32,"Red Mask":40,"Potion Belt":84,"Girya":0,"Charon\u0027s Ashes":19,"War Paint":113,"Anchor":23,"Bottled Flame":50,"Ornamental Fan":106,"Bronze Scales":50,"Snecko Eye":69,"Molten Egg 2":46,"Bottled Lightning":57,"StrikeDummy":87}]},"card_choices":[{"not_picked":["Thunderclap","Body Slam"],"picked":"Carnage","floor":1},{"not_picked":["Pommel Strike","Armaments"],"picked":"Twin Strike","floor":2},{"not_picked":["Flex","Warcry"],"picked":"Reaper","floor":4},{"not_picked":["Hemokinesis","Heavy Blade"],"picked":"Cleave","floor":5},{"not_picked":["Armaments","Anger","Dark Embrace"],"picked":"SKIP","floor":7},{"not_picked":["Rupture","Evolve"],"picked":"Battle Trance","floor":13},{"not_picked":["Ghostly Armor","Sword Boomerang"],"picked":"Disarm","floor":14},{"not_picked":["Pommel Strike","Clash"],"picked":"Heavy Blade","floor":14},{"not_picked":["Offering","Bludgeon"],"picked":"Reaper","floor":16},{"not_picked":["Metallicize","Bloodletting"],"picked":"Disarm+1","floor":18},{"not_picked":["Clash","Bloodletting"],"picked":"Inflame","floor":18},{"not_picked":["Uppercut","Body Slam"],"picked":"Cleave","floor":22},{"not_picked":["Thunderclap+1","Warcry","Spot Weakness"],"picked":"SKIP","floor":23},{"not_picked":["Bludgeon+1","Combust+1"],"picked":"Feed+1","floor":25},{"not_picked":["Pommel Strike+1","Havoc","Spot Weakness"],"picked":"SKIP","floor":28},{"not_picked":["Anger+1","Iron Wave+1","Rampage+1"],"picked":"SKIP","floor":28},{"not_picked":["Armaments","Wild Strike+1"],"picked":"Shrug It Off","floor":30},{"not_picked":["Body Slam+1","Pummel+1"],"picked":"Metallicize+1","floor":31},{"not_picked":["Sentinel","Headbutt+1","Second Wind"],"picked":"SKIP","floor":31},{"not_picked":["Double Tap","Offering"],"picked":"Demon Form","floor":33},{"not_picked":["Clothesline+1","Carnage+1"],"picked":"Disarm","floor":35},{"not_picked":["True Grit","Havoc"],"picked":"Twin Strike+1","floor":35},{"not_picked":["Twin Strike+1","Headbutt+1","Thunderclap+1"],"picked":"SKIP","floor":38},{"not_picked":["Immolate+1","Body Slam+1","Headbutt+1"],"picked":"SKIP","floor":38},{"not_picked":["True Grit","Flex+1"],"picked":"Seeing Red+1","floor":41},{"not_picked":["Power Through","True Grit+1","Body Slam+1"],"picked":"SKIP","floor":41},{"not_picked":["True Grit+1","Body Slam+1"],"picked":"Seeing Red+1","floor":42},{"not_picked":["Havoc","Shrug It Off"],"picked":"Dark Embrace","floor":46},{"not_picked":["Thunderclap+1","True Grit+1","Flex+1"],"picked":"SKIP","floor":46},{"not_picked":["Rupture+1","Searing Blow+1"],"picked":"Pommel Strike+1","floor":48},{"not_picked":["Berserk","Second Wind","Body Slam+1"],"picked":"SKIP","floor":55}],"player_experience":1339259,"relics_obtained":[{"floor":7,"key":"Prayer Wheel"},{"floor":9,"key":"Charon\u0027s Ashes"},{"floor":13,"key":"Anchor"},{"floor":22,"key":"Red Mask"},{"floor":23,"key":"Molten Egg 2"},{"floor":25,"key":"Matryoshka"},{"floor":26,"key":"Bronze Scales"},{"floor":26,"key":"Bottled Flame"},{"floor":30,"key":"Bottled Lightning"},{"floor":37,"key":"StoneCalendar"},{"floor":42,"key":"Potion Belt"},{"floor":43,"key":"Gremlin Horn"},{"floor":44,"key":"Shovel"},{"floor":45,"key":"StrikeDummy"},{"floor":48,"key":"Bottled Tornado"},{"floor":49,"key":"Pantograph"},{"floor":53,"key":"Ornamental Fan"},{"floor":55,"key":"War Paint"}],"event_choices":[{"damage_healed":0,"gold_gain":0,"player_choice":"Searched \u00270\u0027 times","damage_taken":0,"max_hp_gain":0,"max_hp_loss":0,"event_name":"Dead Adventurer","floor":11,"gold_loss":0},{"damage_healed":0,"gold_gain":0,"player_choice":"Trade","damage_taken":0,"relics_obtained":["FaceOfCleric"],"max_hp_gain":0,"max_hp_loss":0,"event_name":"FaceTrader","floor":12,"gold_loss":0},{"cards_removed":["Strike_R"],"damage_healed":0,"gold_gain":0,"player_choice":"Gave Gold","damage_taken":0,"max_hp_gain":0,"max_hp_loss":0,"event_name":"Beggar","floor":19,"gold_loss":75},{"damage_healed":0,"gold_gain":0,"player_choice":"Joined the Cult","damage_taken":6,"max_hp_gain":0,"max_hp_loss":0,"event_name":"Nest","floor":20,"gold_loss":0,"cards_obtained":["RitualDagger"]},{"damage_healed":0,"gold_gain":0,"player_choice":"Read","damage_taken":0,"max_hp_gain":0,"max_hp_loss":0,"event_name":"The Library","floor":21,"gold_loss":0,"cards_obtained":["Inflame"]},{"damage_healed":0,"gold_gain":0,"player_choice":"Fought Bandits","damage_taken":0,"max_hp_gain":0,"max_hp_loss":0,"event_name":"Masked Bandits","floor":22,"gold_loss":0},{"damage_healed":0,"gold_gain":0,"player_choice":"Simplicity","damage_taken":0,"max_hp_gain":0,"max_hp_loss":0,"event_name":"Back to Basics","floor":27,"gold_loss":0,"cards_upgraded":["Strike_R","Strike_R","Strike_R","Defend_R","Defend_R","Defend_R","Defend_R"]},{"damage_healed":0,"gold_gain":0,"player_choice":"Relic","damage_taken":0,"max_hp_gain":0,"max_hp_loss":0,"event_name":"Wheel of Change","floor":37,"gold_loss":0},{"damage_healed":0,"gold_gain":0,"player_choice":"Fight","damage_taken":0,"max_hp_gain":0,"max_hp_loss":0,"event_name":"Mysterious Sphere","floor":44,"gold_loss":0},{"damage_healed":0,"gold_gain":222,"player_choice":"Wore Mask","damage_taken":0,"max_hp_gain":0,"max_hp_loss":0,"event_name":"Tomb of Lord Red Mask","floor":47,"gold_loss":0}],"is_beta":false,"boss_relics":[{"not_picked":["Runic Cube","Black Blood"],"picked":"Fusion Hammer"},{"not_picked":["SacredBark","Astrolabe"],"picked":"Snecko Eye"}],"items_purged_floors":[3,29,36],"is_endless":false,"potions_floor_spawned":[7,13,14,22,23,33,35,41,46,48,55],"killed_by":"The Heart","ascension_level":20}}