{"host":"nwjx7hbomubpmo86","time":1613952813,"event":{"mods":["AchievementEnabler","BaseMod","Better Note","Downfall","Hubris","Minty Spire (QoL Compilation)","Replay The Spire","StSLib","The Death Knight","slay the spire mod where everything is the same but ironclad has a cowboy hat"],"gold_per_floor":[112,132,0,0,100,135,135,24,24,24,24,50,66,66,66,194,194,219,269,269,269,269],"floor_reached":21,"language":"ENG","playtime":732,"items_purged":["hubris:Disease"],"score":342,"play_id":"161a7d1a-d69c-4035-b633-6f73b59febe1","local_time":"20210222011333","is_ascension_mode":true,"campfire_choices":[{"data":"DeathKnight:RuneTap","floor":7,"key":"SMITH"},{"data":"DeathKnight:RuneStrike","floor":11,"key":"SMITH"},{"data":"DeathKnight:BloodPact","floor":15,"key":"SMITH"}],"circlet_count":0,"master_deck":["DeathKnight:Strike_DeathKnight","DeathKnight:Strike_DeathKnight","DeathKnight:Strike_DeathKnight","DeathKnight:Defend_DeathKnight","DeathKnight:Defend_DeathKnight","DeathKnight:Defend_DeathKnight","DeathKnight:Defend_DeathKnight","DeathKnight:Defend_DeathKnight","DeathKnight:RuneTap+1","DeathKnight:RuneStrike+1","DeathKnight:BladedArmor","DeathKnight:BladedArmor","DeathKnight:Hysteria+1","DeathKnight:IceboundArmor","DeathKnight:DeathAndDecay","downfall:Haunted","downfall:Haunted","DeathKnight:ArmyOfTheDead","Sickly","hubris:Despair","DeathKnight:IceboundArmor","DeathKnight:MindFreeze+1","Parasite","DeathKnight:Parry","DeathKnight:HartStrike","DeathKnight:DeathAndDecay","DeathKnight:BloodPact+1","DeathKnight:VampiricBlood","DeathKnight:FrosPresence","DeathKnight:RuneStrike"],"relics":["DeathKnight:BrokenRuneblade","DeathKnight:CorpseWagon","hubris:Icosahedron","Darkstone Periapt","hubris:DeckOfHolding","Replay:PocketPolymizer","Simple Rune","Golden Idol","hubris:ScarierMask","Ring of Misfortune","Ring of Greed","The Courier","MealTicket"],"acts_visited":["Exordium","TheCity"],"potions_floor_usage":[18],"damage_taken":[{"damage":1,"enemies":"Cultist","floor":1,"turns":4},{"damage":6,"enemies":"Jaw Worm","floor":2,"turns":4},{"damage":37,"enemies":"Lagavulin","floor":6,"turns":8},{"damage":13,"enemies":"3 Sentries","floor":12,"turns":8},{"damage":2,"enemies":"Small Slimes","floor":13,"turns":4},{"damage":53,"enemies":"Hexaghost","floor":16,"turns":8},{"damage":90,"enemies":"Chosen","floor":18,"turns":12},{"damage":22,"enemies":"Shell Parasite","floor":21,"turns":2}],"seed_played":"-223487305222025202","potions_obtained":[{"floor":12,"key":"DeathKnight:VirulencePotion"},{"floor":16,"key":"Toxic Potion"}],"is_trial":false,"path_per_floor":["M","M","$","?","?","E","R","$","T","?","R","E","M","?","R","B",null,"M","?","?","M"],"character_chosen":"DEATH_KNIGHT","items_purchased":["DeathKnight:Hysteria+1","DeathKnight:IceboundArmor","DeathKnight:DeathAndDecay","DeathKnight:MindFreeze+1"],"campfire_rested":0,"item_purchase_floors":[3,3,3,8],"current_hp_per_floor":[74,68,68,68,103,66,66,66,66,99,99,86,84,84,84,31,107,17,17,17,0,0],"gold":269,"neow_bonus":"RANDOM_COMMON_RELIC","is_daily":false,"chose_seed":false,"campfire_upgraded":3,"win_rate":0.0,"timestamp":1613952813,"path_taken":["M","?","$","?","?","E","R","?","T","?","R","E","?","?","R","BOSS","M","?","?","?"],"items_purchased_type":["Card","Card","Card","Card"],"build_version":"2020-12-22","purchased_purges":1,"victory":false,"max_hp_per_floor":[75,75,75,75,110,110,110,110,110,116,116,116,116,107,107,107,107,107,107,107,107,107],"card_choices":[{"not_picked":["DeathKnight:HornOfWinter","DeathKnight:UnholyFrenzy"],"picked":"DeathKnight:BladedArmor","floor":1},{"not_picked":["DeathKnight:DeathGrip","DeathKnight:RunicCorruption"],"picked":"DeathKnight:BladedArmor","floor":2},{"not_picked":["DeathKnight:RuneShock","DeathKnight:DeathRune"],"picked":"DeathKnight:IceboundArmor","floor":6},{"not_picked":["DeathKnight:Parry","DeathKnight:HornOfWinter"],"picked":"DeathKnight:HartStrike","floor":12},{"not_picked":["DeathKnight:Pestilence","DeathKnight:ThirstingStrike"],"picked":"DeathKnight:DeathAndDecay","floor":13},{"not_picked":["DeathKnight:ReapingStrike","DeathKnight:SindragosasBreath"],"picked":"DeathKnight:VampiricBlood","floor":16},{"not_picked":["DeathKnight:DeathGrip","DeathKnight:IcyTouch+1"],"picked":"DeathKnight:FrosPresence","floor":18}],"player_experience":574075,"relics_obtained":[{"floor":6,"key":"hubris:DeckOfHolding"},{"floor":9,"key":"Replay:PocketPolymizer"},{"floor":12,"key":"Simple Rune"},{"floor":19,"key":"Ring of Misfortune"},{"floor":19,"key":"Ring of Greed"},{"floor":19,"key":"The Courier"},{"floor":19,"key":"MealTicket"}],"event_choices":[{"damage_healed":27,"gold_gain":0,"player_choice":"Healed and dodged fight","damage_taken":0,"max_hp_gain":0,"max_hp_loss":0,"event_name":"Mushrooms","floor":10,"gold_loss":0,"cards_obtained":["Parasite"]},{"damage_healed":0,"gold_gain":0,"player_choice":"Lose Max HP","damage_taken":0,"relics_obtained":["Golden Idol"],"max_hp_gain":0,"max_hp_loss":9,"event_name":"Golden Idol","floor":14,"gold_loss":0},{"damage_healed":0,"gold_gain":0,"player_choice":"1 cards matched","damage_taken":0,"max_hp_gain":0,"max_hp_loss":0,"event_name":"Match and Keep!","floor":20,"gold_loss":0,"cards_obtained":["DeathKnight:RuneStrike"]}],"is_beta":false,"boss_relics":[{"not_picked":["Busted Crown","hubris:VirtuousBlindfold"],"picked":"hubris:ScarierMask"}],"items_purged_floors":[8],"is_endless":false,"potions_floor_spawned":[12,16],"killed_by":"Shell Parasite","ascension_level":1}}