{"host":"dkr0dog13pegamnp","time":1613998886,"event":{"mods":["AchievementEnabler","BaseMod","Minty Spire (QoL Compilation)","Rare Cards Sparkle","StSLib","SuperFastMode","everything is the same but u backflip on backflip"],"gold_per_floor":[118,118,118,138,67,93,93,103,129,142,142,157,174,209,209,314,314,332,332,345,360,373,373,391,391,391,391,411,438,453,18,18,123,123,142,142,62,62,76,76,76],"floor_reached":40,"language":"KOR","playtime":2389,"items_purged":["Strike_G","Strike_G"],"score":752,"play_id":"15a37112-27a4-4864-a7fa-f8f535a66d1a","local_time":"20210222220126","is_ascension_mode":true,"campfire_choices":[{"data":"Dagger Spray","floor":7.0,"key":"SMITH"},{"data":"Noxious Fumes","floor":11.0,"key":"SMITH"},{"data":"Footwork","floor":15.0,"key":"SMITH"},{"data":"Caltrops","floor":23.0,"key":"SMITH"},{"data":"Venomology","floor":25.0,"key":"SMITH"},{"floor":32.0,"key":"REST"}],"circlet_count":0,"master_deck":["AscendersBane","Strike_G","Strike_G","Defend_G","Defend_G","Defend_G","Defend_G","Defend_G","Survivor","Neutralize","Dagger Spray+1","Caltrops+1","Noxious Fumes+1","Footwork+1","Burst","Venomology+1","Reflex+1","Footwork+1","Dagger Throw+1","Blur","After Image","Footwork"],"relics":["Ring of the Snake","NeowsBlessing","Lantern","Eternal Feather","Centennial Puzzle","Bottled Lightning","SacredBark","Enchiridion","Sundial","The Courier","Torii","MealTicket","Fusion Hammer"],"acts_visited":["Exordium","TheCity","TheBeyond"],"potions_floor_usage":[40,40,40],"damage_taken":[{"damage":0.0,"enemies":"2 Louse","floor":1.0,"turns":1.0},{"damage":0.0,"enemies":"Small Slimes","floor":4.0,"turns":1.0},{"damage":0.0,"enemies":"Lagavulin","floor":6.0,"turns":1.0},{"damage":0.0,"enemies":"Jaw Worm","floor":8.0,"turns":5.0},{"damage":8.0,"enemies":"Large Slime","floor":10.0,"turns":7.0},{"damage":10.0,"enemies":"Exordium Thugs","floor":12.0,"turns":4.0},{"damage":0.0,"enemies":"Exordium Wildlife","floor":13.0,"turns":3.0},{"damage":5.0,"enemies":"3 Sentries","floor":14.0,"turns":5.0},{"damage":35.0,"enemies":"The Guardian","floor":16.0,"turns":12.0},{"damage":4.0,"enemies":"Shell Parasite","floor":18.0,"turns":8.0},{"damage":4.0,"enemies":"Chosen","floor":20.0,"turns":6.0},{"damage":1.0,"enemies":"Snake Plant","floor":21.0,"turns":7.0},{"damage":2.0,"enemies":"Centurion and Healer","floor":22.0,"turns":7.0},{"damage":21.0,"enemies":"3 Cultists","floor":24.0,"turns":5.0},{"damage":2.0,"enemies":"Chosen and Byrds","floor":28.0,"turns":7.0},{"damage":0.0,"enemies":"Slavers","floor":29.0,"turns":5.0},{"damage":10.0,"enemies":"Snake Plant","floor":30.0,"turns":6.0},{"damage":16.0,"enemies":"Automaton","floor":33.0,"turns":14.0},{"damage":51.0,"enemies":"3 Shapes","floor":35.0,"turns":4.0},{"damage":1.0,"enemies":"Orb Walker","floor":39.0,"turns":4.0},{"damage":28,"enemies":"Reptomancer","floor":40,"turns":2}],"seed_played":"2130569499113173145","potions_obtained":[{"floor":10.0,"key":"DistilledChaos"},{"floor":13.0,"key":"LiquidMemories"},{"floor":20.0,"key":"SpeedPotion"},{"floor":21.0,"key":"Weak Potion"},{"floor":28.0,"key":"CunningPotion"},{"floor":33.0,"key":"SteroidPotion"},{"floor":35.0,"key":"Poison Potion"},{"floor":39.0,"key":"DuplicationPotion"}],"is_trial":false,"path_per_floor":["M","?","?","M","$","E","R","M","T","M","R","M","M","E","R","B",null,"M","?","M","M","M","R","M","R","T","?","M","E","M","$","R","B",null,"M","?","$","?","M","E"],"character_chosen":"THE_SILENT","items_purchased":["Caltrops","Torii","MealTicket"],"campfire_rested":1,"item_purchase_floors":[5,31,31],"current_hp_per_floor":[63,56,49,49,49,49,55,55,55,47,56,46,46,41,50,15,56,52,36,32,31,29,38,17,26,26,26,24,24,14,14,47,31,60,9,9,24,24,23,0,0],"gold":76,"neow_bonus":"THREE_ENEMY_KILL","is_daily":false,"chose_seed":false,"campfire_upgraded":5,"win_rate":0.0,"timestamp":1613998886,"path_taken":["M","?","?","M","$","E","R","M","T","M","R","M","M","E","R","BOSS","M","?","M","M","M","R","M","R","T","?","M","E","?","$","R","BOSS","M","?","$","?","M","E"],"items_purchased_type":["Card","Relic","Relic"],"build_version":"2020-12-22","purchased_purges":2,"victory":false,"max_hp_per_floor":[70,70,70,70,70,70,70,70,70,70,70,70,70,70,70,70,70,70,70,70,70,70,70,70,70,70,70,70,70,70,70,70,70,70,70,70,70,70,70,70,70],"card_choices":[{"not_picked":["Dodge and Roll","Bane","Dagger Throw"],"picked":"SKIP","floor":1.0},{"not_picked":["Acrobatics","Poisoned Stab"],"picked":"Dagger Spray","floor":4.0},{"not_picked":["Slice","Outmaneuver","Deflect"],"picked":"SKIP","floor":6.0},{"not_picked":["Masterful Stab","Prepared"],"picked":"Noxious Fumes","floor":8.0},{"not_picked":["Dash","Riddle With Holes","Dagger Throw"],"picked":"SKIP","floor":10.0},{"not_picked":["Concentrate","Predator"],"picked":"Footwork","floor":12.0},{"not_picked":["Dodge and Roll","Setup"],"picked":"Burst","floor":13.0},{"not_picked":["Sucker Punch","Expertise","Cloak And Dagger"],"picked":"SKIP","floor":14.0},{"not_picked":["Glass Knife","Tools of the Trade"],"picked":"Venomology","floor":16.0},{"not_picked":["Cloak And Dagger","Slice","Finisher"],"picked":"SKIP","floor":18.0},{"not_picked":["Flechettes","Bane+1","Blade Dance"],"picked":"SKIP","floor":20.0},{"not_picked":["Poisoned Stab","Deadly Poison","Setup"],"picked":"SKIP","floor":21.0},{"not_picked":["Noxious Fumes","Prepared","Deadly Poison"],"picked":"SKIP","floor":22.0},{"not_picked":["Deflect","PiercingWail"],"picked":"Reflex+1","floor":24.0},{"not_picked":["Flying Knee","Deadly Poison","Accuracy"],"picked":"SKIP","floor":28.0},{"not_picked":["Tools of the Trade","Bane"],"picked":"Dagger Throw+1","floor":29.0},{"not_picked":["Accuracy","PiercingWail"],"picked":"Blur","floor":30.0},{"not_picked":["Unload","Grand Finale"],"picked":"After Image","floor":33.0},{"not_picked":["Deflect","Bouncing Flask","Catalyst"],"picked":"SKIP","floor":35.0},{"not_picked":["Prepared","Terror"],"picked":"Footwork","floor":39.0}],"player_experience":85440,"relics_obtained":[{"floor":6.0,"key":"Eternal Feather"},{"floor":9.0,"key":"Centennial Puzzle"},{"floor":14.0,"key":"Bottled Lightning"},{"floor":19.0,"key":"Enchiridion"},{"floor":26.0,"key":"Sundial"},{"floor":29.0,"key":"The Courier"}],"event_choices":[{"cards_removed":["Strike_G"],"damage_healed":0.0,"max_hp_gain":0.0,"max_hp_loss":0.0,"gold_gain":0.0,"event_name":"Golden Wing","player_choice":"Card Removal","floor":2.0,"gold_loss":0.0,"damage_taken":7.0},{"damage_healed":0.0,"max_hp_gain":0.0,"max_hp_loss":0.0,"gold_gain":0.0,"event_name":"Scrap Ooze","player_choice":"Success","floor":3.0,"gold_loss":0.0,"damage_taken":7.0,"relics_obtained":["Lantern"]},{"damage_healed":0.0,"max_hp_gain":0.0,"max_hp_loss":0.0,"gold_gain":0.0,"event_name":"Cursed Tome","player_choice":"Obtained Book","floor":19.0,"gold_loss":0.0,"damage_taken":16.0},{"damage_healed":0.0,"max_hp_gain":0.0,"max_hp_loss":0.0,"gold_gain":0.0,"event_name":"Duplicator","player_choice":"Copied","floor":27.0,"gold_loss":0.0,"damage_taken":0.0,"cards_obtained":["Footwork"]},{"damage_healed":0.0,"max_hp_gain":0.0,"max_hp_loss":0.0,"gold_gain":0.0,"event_name":"SensoryStone","player_choice":"Memory 1","floor":36.0,"gold_loss":0.0,"damage_taken":0.0},{"damage_healed":0.0,"max_hp_gain":0.0,"max_hp_loss":0.0,"gold_gain":0.0,"event_name":"Tomb of Lord Red Mask","player_choice":"Ignored","floor":38.0,"gold_loss":0.0,"damage_taken":0.0}],"is_beta":false,"boss_relics":[{"not_picked":["Snecko Eye","Runic Dome"],"picked":"SacredBark"},{"not_picked":["Cursed Key","Runic Pyramid"],"picked":"Fusion Hammer"}],"items_purged_floors":[31,37],"is_endless":false,"potions_floor_spawned":[10,13,20,21,28,33,35,39],"killed_by":"Reptomancer","ascension_level":12}}