{"host":"tr0r177cvmpvg89h","time":1613991029,"event":{"mods":["BaseMod","Colored Map","DeckTracker","Minty Spire (QoL Compilation)","StSLib","SuperFastMode"],"gold_per_floor":[114,114,129,141,28,61,61,76,124,124,124,124,135,169,169,272,272,285,105,118,137,137,137,12,12,12,12,24,41,41,41],"floor_reached":30,"language":"KOR","playtime":1713,"items_purged":["Strike_G","Defend_G","Strike_G"],"score":265,"play_id":"6c8ad2b6-baec-4acc-ba8c-58c3e838c650","local_time":"20210222195029","is_ascension_mode":false,"campfire_choices":[{"data":"Noxious Fumes","floor":7,"key":"SMITH"},{"data":"Footwork","floor":10,"key":"SMITH"},{"data":"Neutralize","floor":15,"key":"SMITH"},{"data":"Bullet Time","floor":23,"key":"SMITH"},{"data":"Slice","floor":27,"key":"SMITH"}],"circlet_count":0,"master_deck":["Strike_G+1","Strike_G","Strike_G","Defend_G","Defend_G","Defend_G+1","Defend_G","Survivor","Neutralize+1","Noxious Fumes+1","Slice+1","Backflip+1","Sucker Punch","Footwork+1","Bane","Dagger Throw","Bouncing Flask","Bane","Bullet Time+1","Well Laid Plans","Escape Plan","Acrobatics","Calculated Gamble","Quick Slash+1"],"relics":["Ring of the Snake","Paper Crane","Snake Skull","Toy Ornithopter","Blood Vial","Philosopher\u0027s Stone","MutagenicStrength","Bottled Flame"],"acts_visited":["Exordium","TheCity"],"potions_floor_usage":[14,16,28,29],"damage_taken":[{"damage":0,"enemies":"Small Slimes","floor":1,"turns":4},{"damage":3,"enemies":"Jaw Worm","floor":3,"turns":3},{"damage":1,"enemies":"2 Louse","floor":4,"turns":3},{"damage":9,"enemies":"3 Sentries","floor":6,"turns":7},{"damage":0,"enemies":"Looter","floor":8,"turns":4},{"damage":0,"enemies":"Exordium Wildlife","floor":13,"turns":3},{"damage":0,"enemies":"Lagavulin","floor":14,"turns":6},{"damage":13,"enemies":"The Guardian","floor":16,"turns":8},{"damage":31,"enemies":"2 Thieves","floor":18,"turns":4},{"damage":0,"enemies":"Chosen","floor":20,"turns":4},{"damage":0,"enemies":"Snecko","floor":21,"turns":5},{"damage":11,"enemies":"Sentry and Sphere","floor":28,"turns":4},{"damage":16,"enemies":"Snake Plant","floor":29,"turns":3},{"damage":32,"enemies":"Gremlin Leader","floor":30,"turns":4}],"seed_played":"2403124156173498063","potions_obtained":[{"floor":1,"key":"SkillPotion"},{"floor":3,"key":"AttackPotion"},{"floor":4,"key":"PowerPotion"},{"floor":20,"key":"FearPotion"}],"is_trial":false,"path_per_floor":["M","?","M","M","$","E","R","M","T","R","?","?","M","E","R","B",null,"M","$","M","M","?","R","$","?","T","R","M","M","E"],"character_chosen":"THE_SILENT","items_purchased":["Footwork","Escape Plan"],"campfire_rested":0,"item_purchase_floors":[5,19],"current_hp_per_floor":[70,67,64,63,63,54,54,54,54,54,54,40,40,45,45,39,70,39,39,41,43,43,43,43,43,43,43,39,30,0,0],"gold":41,"neow_bonus":"THREE_CARDS","is_daily":false,"chose_seed":false,"campfire_upgraded":5,"win_rate":0.0,"timestamp":1613991029,"path_taken":["M","?","M","M","$","E","R","M","T","R","?","?","?","E","R","BOSS","M","$","M","M","?","R","$","?","T","R","M","M","E"],"items_purchased_type":["Card","Card"],"build_version":"2020-12-22","purchased_purges":3,"victory":false,"max_hp_per_floor":[70,70,70,70,70,70,70,70,70,70,70,70,70,70,70,70,70,70,70,70,70,70,70,70,70,70,70,70,70,70,70],"card_choices":[{"not_picked":["Cloak And Dagger","Endless Agony"],"picked":"Noxious Fumes","floor":0},{"not_picked":["Blur","Leg Sweep"],"picked":"Slice","floor":1},{"not_picked":["Noxious Fumes","Deflect"],"picked":"Backflip","floor":3},{"not_picked":["Dagger Throw","Blade Dance"],"picked":"Sucker Punch","floor":4},{"not_picked":["Caltrops","Infinite Blades"],"picked":"Bane","floor":6},{"not_picked":["Expertise","Terror"],"picked":"Dagger Throw","floor":8},{"not_picked":["Poisoned Stab","Expertise"],"picked":"Bouncing Flask","floor":13},{"not_picked":["Envenom","Underhanded Strike"],"picked":"Bane","floor":14},{"not_picked":["Glass Knife","Doppelganger"],"picked":"Bullet Time","floor":16},{"not_picked":["Blade Dance","Flying Knee"],"picked":"Well Laid Plans","floor":18},{"not_picked":["Deadly Poison+1","Dodge and Roll"],"picked":"Acrobatics","floor":20},{"not_picked":["Eviscerate","Backflip","Caltrops"],"picked":"SKIP","floor":21},{"not_picked":["Bouncing Flask","Dagger Throw"],"picked":"Calculated Gamble","floor":28},{"not_picked":["Slice","Backflip"],"picked":"Quick Slash+1","floor":29}],"player_experience":122375,"relics_obtained":[{"floor":6,"key":"Snake Skull"},{"floor":9,"key":"Toy Ornithopter"},{"floor":14,"key":"Blood Vial"},{"floor":26,"key":"Bottled Flame"}],"event_choices":[{"damage_healed":0,"gold_gain":0,"player_choice":"Success","damage_taken":3,"relics_obtained":["Paper Crane"],"max_hp_gain":0,"max_hp_loss":0,"event_name":"Scrap Ooze","floor":2,"gold_loss":0},{"damage_healed":0,"gold_gain":0,"player_choice":"Grow","damage_taken":0,"max_hp_gain":0,"max_hp_loss":0,"event_name":"Living Wall","floor":11,"gold_loss":0,"cards_upgraded":["Backflip"]},{"damage_healed":0,"gold_gain":0,"player_choice":"Entered Light","damage_taken":14,"max_hp_gain":0,"max_hp_loss":0,"event_name":"Shining Light","floor":12,"gold_loss":0,"cards_upgraded":["Strike_G","Defend_G"]},{"damage_healed":0,"gold_gain":0,"player_choice":"Inject Mutagens","damage_taken":0,"relics_obtained":["MutagenicStrength"],"max_hp_gain":0,"max_hp_loss":0,"event_name":"Drug Dealer","floor":22,"gold_loss":0},{"damage_healed":0,"gold_gain":0,"player_choice":"Ignored","damage_taken":0,"max_hp_gain":0,"max_hp_loss":0,"event_name":"Vampires","floor":25,"gold_loss":0}],"is_beta":false,"boss_relics":[{"not_picked":["Astrolabe","SlaversCollar"],"picked":"Philosopher\u0027s Stone"}],"items_purged_floors":[5,19,24],"is_endless":false,"potions_floor_spawned":[1,3,4,8,20],"killed_by":"Gremlin Leader","ascension_level":0}}