{"host":"7xbu8gt067z192g2","time":1613954788,"event":{"mods":["BaseMod","Better Note","BetterRewards","Colored Map","Colored Powertips","Downfall","Googly Eyes","Highlight Path","Minty Spire (QoL Compilation)","Rare Cards Sparkle","Replay The Spire","StSLib"],"gold_per_floor":[210,224,154,154,172,204,204,238,265,265,295,144,156,156,156,156,156],"floor_reached":16,"language":"ENG","playtime":544,"items_purged":["Strike_R"],"score":148,"play_id":"ad745cbb-0705-4c9e-8935-c42cb1fe96f0","local_time":"20210221194628","is_ascension_mode":true,"campfire_choices":[{"data":"Carnage","floor":7,"key":"SMITH"},{"floor":15,"key":"REST"}],"circlet_count":0,"master_deck":["Strike_R","Strike_R","Strike_R","Strike_R","Defend_R","Defend_R","Defend_R","Defend_R","Bash","Cleave","Thunderclap","Spot Weakness","Warcry","Carnage+1","Sword Boomerang","Inflame","Anger","Rupture","Combust"],"relics":["Replay:Wanted Poster","Red Skull","Nunchaku","Juzu Bracelet","Centennial Puzzle"],"acts_visited":["Exordium"],"potions_floor_usage":[6,6,11,16],"damage_taken":[{"damage":10,"enemies":"Jaw Worm","floor":1,"turns":4},{"damage":0,"enemies":"Cultist","floor":2,"turns":2},{"damage":4,"enemies":"Small Slimes","floor":5,"turns":3},{"damage":30,"enemies":"Lagavulin","floor":6,"turns":3},{"damage":14,"enemies":"3 Sentries","floor":8,"turns":4},{"damage":13,"enemies":"Replay:BlueRogue","floor":11,"turns":2},{"damage":14,"enemies":"Red Slaver","floor":13,"turns":2},{"damage":39,"enemies":"The Guardian","floor":16,"turns":5}],"seed_played":"6003084526068262515","potions_obtained":[{"floor":1,"key":"AttackPotion"},{"floor":5,"key":"Death Potion"},{"floor":6,"key":"sneckomod:MuddlingPotion"},{"floor":8,"key":"LiquidMemories"},{"floor":11,"key":"BlessingOfTheForge"}],"is_trial":false,"path_per_floor":["M","M","$","?","M","E","R","E","T","?","E","$","M","?","R","B"],"character_chosen":"IRONCLAD","items_purchased":["Spot Weakness","Rupture"],"campfire_rested":1,"item_purchase_floors":[3,12],"current_hp_per_floor":[70,70,70,70,66,36,36,22,22,42,29,29,15,15,38,0,0],"gold":156,"neow_bonus":"BOSS_RELIC","is_daily":false,"chose_seed":false,"campfire_upgraded":1,"win_rate":0.0,"timestamp":1613954788,"path_taken":["M","M","$","?","M","E","R","E","T","?","E","$","M","?","R","BOSS"],"items_purchased_type":["Card","Card"],"build_version":"2020-12-22","purchased_purges":1,"victory":false,"max_hp_per_floor":[80,80,80,80,80,80,80,80,80,80,80,80,80,77,77,77,77],"card_choices":[{"not_picked":["Massacre","Clash"],"picked":"Cleave","floor":1},{"not_picked":["Headbutt","Perfected Strike"],"picked":"Thunderclap","floor":2},{"not_picked":["Headbutt","Warcry"],"picked":"Carnage","floor":5},{"not_picked":["Warcry","Iron Wave"],"picked":"Sword Boomerang","floor":6},{"not_picked":["Clash","Bludgeon"],"picked":"Inflame","floor":8},{"not_picked":["Clash","Combust"],"picked":"Anger","floor":11},{"not_picked":["ReplayTheSpireMod:Strike From Hell","Iron Wave"],"picked":"Combust","floor":13}],"player_experience":229733,"relics_obtained":[{"floor":6,"key":"Red Skull"},{"floor":8,"key":"Nunchaku"},{"floor":9,"key":"Juzu Bracelet"},{"floor":11,"key":"Centennial Puzzle"}],"event_choices":[{"damage_healed":0,"gold_gain":0,"player_choice":"1 cards matched","damage_taken":0,"max_hp_gain":0,"max_hp_loss":0,"event_name":"Match and Keep!","floor":4,"gold_loss":0,"cards_obtained":["Warcry"]},{"damage_healed":20,"gold_gain":0,"player_choice":"Healed and dodged fight","damage_taken":0,"max_hp_gain":0,"max_hp_loss":0,"event_name":"Mushrooms","floor":10,"gold_loss":0,"cards_obtained":["Parasite"]},{"cards_removed":["Parasite"],"damage_healed":0,"gold_gain":0,"player_choice":"Removed Curses","damage_taken":0,"max_hp_gain":0,"max_hp_loss":0,"event_name":"Fountain of Cleansing","floor":14,"gold_loss":0}],"is_beta":false,"boss_relics":[],"items_purged_floors":[12],"is_endless":false,"potions_floor_spawned":[1,5,6,8,11],"killed_by":"The Guardian","ascension_level":5}}