{"host":"aa6fvbpmsafso8gw","time":1613961598,"event":{"mods":["2.2 Compatiblity","Act Like it!","Arknights","Aspiration","Bartender","BaseMod","Beaked The Cultist","Better Altar","Better Match","Better Note","Better Sensory Stone","Better Skull","Better Third Choice","BetterRewards","CatGirl Mod","ChefMod","Colored Map","Colored Powertips","Conspire","Curses Come First","Dio Mod","Downfall","Energized Spire","GifTheSpireLib","Halation","Hallownest","Hubris","Infinite Spire","JesterMod","Jorbs\u0027s Wanderer Trilogy","Minty Spire (QoL Compilation)","MostiFishMod","Quick Restart","Rare Cards Sparkle","Reliquary","Replay The Spire","Retaliation","Robot Space Explorer","Ruina","Shade Mod","Shapeshifter Mod","Shop Mod","Spicy Shops","Spire Arcade","StSLib","Stuff the Spire","SuperFastMode","The Bug Knight","The Cursed","The Disciple","The Dragonkin","The Gatherer","The Hayseed","The Hierophant","The IronCluck","The Mystic","The Poker Player","The Problem Sleuth","The Sage","The Wild Card","TheFirefly","slay the spire mod where everything is the same but ironclad has a cowboy hat","thorton"],"gold_per_floor":[115,115,115,129,7,38,38,38,64,64,74,74,93,93,93,192,192,210,210,170,181,181,181,217,217,217,217,217,32,56,56,56,56,56],"floor_reached":33,"language":"ENG","playtime":2018,"items_purged":["StSShapeShifter:ShapeShifter_Defend","StSShapeShifter:ShapeShifter_Defend"],"score":359,"play_id":"612c5dfa-15e7-4b0d-a9af-f91c0a237460","local_time":"20210221213958","is_ascension_mode":false,"campfire_choices":[{"floor":7.0,"key":"REST"},{"floor":10.0,"key":"REST"},{"floor":12.0,"key":"REST"},{"data":"StSShapeShifter:BarkSkin","floor":15.0,"key":"SMITH"},{"floor":23.0,"key":"REST"},{"floor":28.0,"key":"REST"},{"floor":32.0,"key":"REST"}],"circlet_count":0,"master_deck":["StSShapeShifter:ShapeShifter_Strike+1","StSShapeShifter:ShapeShifter_Strike+1","StSShapeShifter:ShapeShifter_Strike","StSShapeShifter:ShapeShifter_Defend+1","StSShapeShifter:ShapeShifter_Defend+1","StSShapeShifter:ShapeShifter_Defend","StSShapeShifter:Tortoise_Form+1","StSShapeShifter:Lynx_Form","StSShapeShifter:BloomingSlash","Backstab+1","StSShapeShifter:Rabid","StSShapeShifter:BarkSkin+1","StSShapeShifter:SquirrelForm+1","StSShapeShifter:FesteringBite","StSShapeShifter:FoxForm+1","StSShapeShifter:HummingbirdForm","StSShapeShifter:PhoenixForm","StSShapeShifter:HummingbirdForm+1","StSShapeShifter:DeerForm","ReplayTheSpireMod:Book of Names","StSShapeShifter:Synchronicity","StSShapeShifter:VineHandcuffs","StSShapeShifter:BulwarkOfDiscovery","StSShapeShifter:OakBlade+1","StSShapeShifter:MultiSpiritedStrike","StSShapeShifter:Guard+1"],"relics":["StSShapeShifter:AnimalHeart","StSShapeShifter:TheShapeShiftersMagnolia","DaveBox","The Courier","Gremlin Food","SynthV:TestCard","infinitespire:BottledMercury","MerchantsRug","MealTicket","xbg","Protect_Vest","ReplayTheSpireMod:TigerMarble","Chameleon Ring"],"acts_visited":["Exordium","TheCity"],"potions_floor_usage":[],"damage_taken":[{"damage":8.0,"enemies":"Jaw Worm","floor":1.0,"turns":3.0},{"damage":10.0,"enemies":"Small Slimes","floor":4.0,"turns":2.0},{"damage":24.0,"enemies":"3 Sentries","floor":6.0,"turns":6.0},{"damage":5.0,"enemies":"2 Louse","floor":11.0,"turns":2.0},{"damage":6.0,"enemies":"Large Slime","floor":13.0,"turns":2.0},{"damage":43.0,"enemies":"Fading Forest","floor":16.0,"turns":11.0},{"damage":15.0,"enemies":"Chosen","floor":18.0,"turns":4.0},{"damage":25.0,"enemies":"3 Byrds","floor":21.0,"turns":5.0},{"damage":18.0,"enemies":"Gremlin Leader","floor":24.0,"turns":5.0},{"damage":56.0,"enemies":"3 Cultists","floor":30.0,"turns":6.0},{"damage":54,"enemies":"Collector","floor":33,"turns":6}],"seed_played":"-6166741423430390870","potions_obtained":[{"floor":6.0,"key":"SpeedPotion"},{"floor":11.0,"key":"BlessingOfTheForge"},{"floor":18.0,"key":"Toxic Potion"},{"floor":30.0,"key":"Elixir"}],"is_trial":false,"path_per_floor":["M","?","?","M","$","E","R","?","T","R","M","R","M","?","R","B",null,"M","?","?","M","AVR","R","E","?","T","?","R","$","M","?","R","B"],"character_chosen":"SHAPESHIFTER","items_purchased":["Gremlin Food","MerchantsRug","StSShapeShifter:BarkSkin","StSShapeShifter:VineHandcuffs","StSShapeShifter:BulwarkOfDiscovery","StSShapeShifter:OakBlade+1","StSShapeShifter:MultiSpiritedStrike"],"campfire_rested":6,"item_purchase_floors":[0,5,5,29,29,29,29],"current_hp_per_floor":[70,46,46,36,36,12,35,35,35,58,53,76,70,75,75,42,83,68,68,68,43,43,67,49,57,57,57,81,83,27,27,51,0,0],"gold":56,"neow_bonus":"","is_daily":false,"chose_seed":false,"campfire_upgraded":1,"win_rate":0.0,"timestamp":1613961598,"path_taken":["M","?","?","M","$","E","R","?","T","R","M","R","?","?","R","BOSS","M","?","?","M","AVR","R","E","?","T","?","R","$","M","?","R","BOSS"],"items_purchased_type":["Relic","Relic","Card","Card","Card","Card","Card"],"build_version":"2020-12-22","purchased_purges":2,"victory":false,"max_hp_per_floor":[78,78,78,78,78,78,78,78,78,78,78,78,78,83,83,83,83,83,83,83,83,83,83,83,83,83,83,83,83,83,83,83,83,83],"card_choices":[{"not_picked":["StSShapeShifter:FesteringBite","StSShapeShifter:ShiftingStrike"],"picked":"StSShapeShifter:BloomingSlash","floor":1.0},{"not_picked":["StSShapeShifter:FesteringBite","StSShapeShifter:FoxForm","StSShapeShifter:BurstingSpore","StSShapeShifter:EntForm"],"picked":"StSShapeShifter:Rabid","floor":4.0},{"not_picked":["StSShapeShifter:ShiftingStrike","StSShapeShifter:DragonForm","StSShapeShifter:VileMushroom","StSShapeShifter:IntimidatingAura"],"picked":"StSShapeShifter:SquirrelForm","floor":6.0},{"not_picked":["StSShapeShifter:ThrashAbout","StSShapeShifter:PoisonIvy","StSShapeShifter:FallingLeaves","StSShapeShifter:FesteringBite"],"picked":"StSShapeShifter:FoxForm","floor":11.0},{"not_picked":["StSShapeShifter:Hunt","StSShapeShifter:MagicMushrooms","StSShapeShifter:Maul","StSShapeShifter:ThornToss"],"picked":"StSShapeShifter:HummingbirdForm","floor":13.0},{"not_picked":["StSShapeShifter:Pounce","StSShapeShifter:Winter","StSShapeShifter:Uproot_Redwood","StSShapeShifter:RitualOfTheExtinct"],"picked":"StSShapeShifter:PhoenixForm","floor":16.0},{"not_picked":["StSShapeShifter:VineHandcuffs","StSShapeShifter:BarkSkin","StSShapeShifter:WiltingWrath","StSShapeShifter:RockSlide"],"picked":"StSShapeShifter:HummingbirdForm","floor":18.0},{"not_picked":["StSShapeShifter:ShiftingStrike","StSShapeShifter:FallingLeaves","StSShapeShifter:Sapling","StSShapeShifter:Rest"],"picked":"StSShapeShifter:DeerForm","floor":21.0},{"not_picked":["StSShapeShifter:DeerForm","StSShapeShifter:Uproot_Redwood+1","StSShapeShifter:BearForm","StSShapeShifter:VineHandcuffs"],"picked":"StSShapeShifter:Synchronicity","floor":24.0},{"not_picked":["StSShapeShifter:BulwarkOfDiscovery","StSShapeShifter:SquirrelForm","StSShapeShifter:ForestFire","StSShapeShifter:SunflowerShuriken"],"picked":"StSShapeShifter:Guard+1","floor":30.0}],"player_experience":352517,"relics_obtained":[{"floor":1.0,"key":"SynthV:TestCard"},{"floor":6.0,"key":"MealTicket"},{"floor":24.0,"key":"Protect_Vest"},{"floor":26.0,"key":"ReplayTheSpireMod:TigerMarble"}],"event_choices":[{"damage_healed":0.0,"max_hp_gain":0.0,"max_hp_loss":0.0,"gold_gain":1.0,"event_name":"betterThird:BetterScrap","player_choice":"Relic Card Relic ","floor":2.0,"gold_loss":0.0,"damage_taken":24.0,"cards_obtained":["Backstab","MostiFishMod:Mania"]},{"damage_healed":0.0,"max_hp_gain":0.0,"max_hp_loss":0.0,"gold_gain":0.0,"cards_transformed":["StSShapeShifter:ShapeShifter_Strike"],"event_name":"Living Wall","player_choice":"Change","floor":8.0,"gold_loss":0.0,"damage_taken":0.0,"cards_obtained":["StSShapeShifter:FesteringBite"]},{"damage_healed":0.0,"max_hp_gain":5.0,"max_hp_loss":0.0,"gold_gain":0.0,"event_name":"Big Fish","player_choice":"Donut","floor":14.0,"gold_loss":0.0,"damage_taken":0.0},{"damage_healed":0.0,"max_hp_gain":0.0,"max_hp_loss":0.0,"gold_gain":0.0,"cards_transformed":["StSShapeShifter:ShapeShifter_Strike"],"event_name":"Transmorgrifier","player_choice":"Transformed","floor":19.0,"gold_loss":0.0,"damage_taken":0.0,"cards_obtained":["StSShapeShifter:EmbraceTheCycle"]},{"damage_healed":0.0,"max_hp_gain":0.0,"max_hp_loss":0.0,"gold_gain":0.0,"event_name":"Designer","player_choice":"Upgraded Two","floor":20.0,"gold_loss":40.0,"damage_taken":0.0,"cards_upgraded":["StSShapeShifter:SquirrelForm","StSShapeShifter:Tortoise_Form"]},{"cards_removed":["StSShapeShifter:EmbraceTheCycle"],"damage_healed":0.0,"max_hp_gain":0.0,"max_hp_loss":0.0,"gold_gain":0.0,"event_name":"WeMeetAgain","player_choice":"Gave Card","floor":31.0,"gold_loss":0.0,"damage_taken":0.0,"relics_obtained":["Chameleon Ring"]}],"is_beta":false,"boss_relics":[{"not_picked":["aspiration:RunicSpoon","aspiration:SilentSkillbook"],"picked":"xbg"}],"items_purged_floors":[22,29],"is_endless":false,"potions_floor_spawned":[6,11,18,30],"killed_by":"Collector","ascension_level":0}}