{"host":"7hek758ba7rrttw2","time":1613982578,"event":{"mods":["BaseMod","Minty Spire (QoL Compilation)","Weighted Paths"],"gold_per_floor":[113,127,127,127,127,127,159,159,159,190,41,68,84,48,48,151,151,161,179,179,197,197,197],"floor_reached":22,"language":"ENG","playtime":880,"items_purged":[],"score":319,"play_id":"48c43b38-edce-4c20-adfc-d98c7e0304d2","local_time":"20210222092938","is_ascension_mode":true,"campfire_choices":[{"data":"Eruption","floor":6.0,"key":"SMITH"},{"data":"SashWhip","floor":8.0,"key":"SMITH"},{"data":"LessonLearned","floor":15,"key":"SMITH"}],"circlet_count":0,"master_deck":["Strike_P","Strike_P","Strike_P","Defend_P+1","Defend_P+1","Defend_P","Defend_P+1","Eruption+1","Vigilance","Consecrate+1","SashWhip+1","LessonLearned+1","Wallop+1","Study","FlyingSleeves","Establishment","FearNoEvil+1","MasterReality","Protect","Indignation+1"],"relics":["PureWater","NeowsBlessing","Vajra","Eternal Feather","StrikeDummy","CloakClasp","SlaversCollar","MutagenicStrength"],"acts_visited":["Exordium","TheCity"],"potions_floor_usage":[16,19,22],"damage_taken":[{"damage":0.0,"enemies":"2 Louse","floor":1.0,"turns":2.0},{"damage":0.0,"enemies":"Small Slimes","floor":2.0,"turns":1.0},{"damage":0.0,"enemies":"3 Sentries","floor":7.0,"turns":1.0},{"damage":12.0,"enemies":"Gremlin Nob","floor":10.0,"turns":3.0},{"damage":25.0,"enemies":"3 Sentries","floor":12.0,"turns":6.0},{"damage":0,"enemies":"Jaw Worm","floor":13,"turns":3},{"damage":0,"enemies":"Slime Boss","floor":16,"turns":5},{"damage":0,"enemies":"Chosen","floor":18,"turns":3},{"damage":19,"enemies":"2 Thieves","floor":19,"turns":3},{"damage":18,"enemies":"Snake Plant","floor":21,"turns":6},{"damage":50,"enemies":"Masked Bandits","floor":22,"turns":3}],"seed_played":"7703896011983517885","potions_obtained":[{"floor":2.0,"key":"Fruit Juice"},{"floor":10.0,"key":"Explosive Potion"},{"floor":18,"key":"Swift Potion"}],"is_trial":false,"path_per_floor":["M","M","?","?","$","R","E","R","T","E","$","E","M","$","R","B",null,"M","M","?","M","?"],"character_chosen":"WATCHER","items_purchased":["Wallop","Study","FearNoEvil"],"campfire_rested":0,"item_purchase_floors":[11,11,14],"current_hp_per_floor":[72,72,72,72,72,72,72,72,72,60,60,35,35,35,44,44,72,72,53,53,35,0,0],"gold":197,"neow_bonus":"THREE_ENEMY_KILL","is_daily":false,"chose_seed":false,"campfire_upgraded":3,"win_rate":0.0,"timestamp":1613982578,"path_taken":["M","M","?","?","?","R","E","R","T","E","$","E","?","$","R","BOSS","M","M","?","M","?"],"items_purchased_type":["Card","Card","Card"],"build_version":"2020-12-22","purchased_purges":0,"victory":false,"max_hp_per_floor":[72,72,72,72,72,72,72,72,72,72,72,72,72,72,72,72,72,72,72,72,72,77,77],"card_choices":[{"not_picked":["Protect","FlyingSleeves","JustLucky"],"picked":"SKIP","floor":1.0},{"not_picked":["Vengeance","Swivel"],"picked":"Consecrate","floor":2.0},{"not_picked":["PathToVictory","BowlingBash","DeceiveReality"],"picked":"SKIP","floor":7.0},{"not_picked":["TalkToTheHand","SashWhip"],"picked":"LessonLearned","floor":10.0},{"not_picked":["Sanctity","CutThroughFate","FlyingSleeves"],"picked":"SKIP","floor":12.0},{"not_picked":["Sanctity","CutThroughFate"],"picked":"FlyingSleeves","floor":12.0},{"not_picked":["FlyingSleeves","Prostrate"],"picked":"Establishment","floor":13},{"not_picked":["Establishment","SpiritShield"],"picked":"MasterReality","floor":16},{"not_picked":["JustLucky","ForeignInfluence"],"picked":"Protect","floor":18},{"not_picked":["CrushJoints","FlurryOfBlows+1","InnerPeace"],"picked":"SKIP","floor":19},{"not_picked":["CrushJoints","ClearTheMind"],"picked":"Indignation+1","floor":21}],"player_experience":378753,"relics_obtained":[{"floor":7.0,"key":"Vajra"},{"floor":9.0,"key":"Eternal Feather"},{"floor":10.0,"key":"StrikeDummy"},{"floor":12.0,"key":"CloakClasp"}],"event_choices":[{"damage_healed":0.0,"max_hp_gain":0.0,"max_hp_loss":0.0,"gold_gain":0.0,"cards_transformed":["Strike_P"],"event_name":"Living Wall","player_choice":"Change","floor":3.0,"gold_loss":0.0,"damage_taken":0.0,"cards_obtained":["SashWhip"]},{"damage_healed":0.0,"max_hp_gain":0.0,"max_hp_loss":0.0,"gold_gain":0.0,"event_name":"Liars Game","player_choice":"Ignored","floor":4.0,"gold_loss":0.0,"damage_taken":0.0},{"damage_healed":0,"gold_gain":0,"player_choice":"Inject Mutagens","damage_taken":0,"relics_obtained":["MutagenicStrength"],"max_hp_gain":0,"max_hp_loss":0,"event_name":"Drug Dealer","floor":20,"gold_loss":0},{"damage_healed":0,"gold_gain":0,"player_choice":"Fought Bandits","damage_taken":0,"max_hp_gain":0,"max_hp_loss":0,"event_name":"Masked Bandits","floor":22,"gold_loss":0}],"is_beta":false,"boss_relics":[{"not_picked":["Pandora\u0027s Box","Snecko Eye"],"picked":"SlaversCollar"}],"items_purged_floors":[],"is_endless":false,"potions_floor_spawned":[2,10,18],"killed_by":"Masked Bandits","ascension_level":3}}