{"host":"18wi9kpcl4eah7pe","time":1613961972,"event":{"mods":["BaseMod","Colored Powertips","Downfall","Minty Spire (QoL Compilation)","StSLib"],"gold_per_floor":[99,110,110,110,20,33,79,90,75,93,93,93,93],"floor_reached":11,"language":"ENG","playtime":417,"items_purged":["Pain"],"score":85,"play_id":"caf7b0ec-3ba3-4bd1-bcf9-8d605f565b24","local_time":"20210221204612","is_ascension_mode":true,"campfire_choices":[{"floor":1,"key":"RECALL"}],"circlet_count":0,"master_deck":["bronze:Strike","bronze:Strike","bronze:Strike","bronze:Strike","bronze:Defend","bronze:Defend","bronze:Defend","bronze:Defend","bronze:Replicate","bronze:Goto","bronze:Separator","bronze:Explode","bronze:Branch","bronze:Overheat","bronze:Philosophize","bronze:BronzeOrb","bronze:WhirlingStrike","bronze:DelayedGuard"],"relics":["bronze:BronzeCore","WarpedTongs","Strawberry"],"acts_visited":["Exordium"],"potions_floor_usage":[10],"damage_taken":[{"damage":7,"enemies":"Jaw Worm","floor":2,"turns":4},{"damage":27,"enemies":"Jaw Worm","floor":3,"turns":3},{"damage":5,"enemies":"downfall:FleeingMerchant","floor":5,"turns":4},{"damage":0,"enemies":"Cultist","floor":6,"turns":2},{"damage":7,"enemies":"Small Slimes","floor":8,"turns":2},{"damage":1,"enemies":"downfall:FleeingMerchant","floor":9,"turns":4},{"damage":8,"enemies":"Red Slaver","floor":10,"turns":4},{"damage":22,"enemies":"Lagavulin","floor":11,"turns":5}],"seed_played":"-5133589397434098151","potions_obtained":[{"floor":6,"key":"DistilledChaos"}],"is_trial":false,"path_per_floor":["R","M","?","?","$","M","T","M","$","M","E"],"character_chosen":"THE_AUTOMATON","items_purchased":[],"campfire_rested":0,"item_purchase_floors":[],"current_hp_per_floor":[70,63,36,36,31,31,38,31,30,22,0,0,0],"gold":93,"neow_bonus":"TEN_PERCENT_HP_BONUS","is_daily":false,"chose_seed":false,"campfire_upgraded":0,"win_rate":0.0,"timestamp":1613961972,"path_taken":["R","M","?","?","$","M","T","M","$","M","E"],"items_purchased_type":[],"build_version":"2020-12-22","purchased_purges":1,"victory":false,"max_hp_per_floor":[77,77,77,77,77,77,84,84,84,84,84,84,84],"card_choices":[{"not_picked":["bronze:Shield","bronze:Overload"],"picked":"bronze:Separator","floor":2},{"not_picked":[],"picked":"bronze:Explode","floor":3},{"not_picked":["bronze:BugBarrage","bronze:BitShift"],"picked":"bronze:Branch","floor":3},{"not_picked":["bronze:CloningBeam","bronze:Separator"],"picked":"bronze:Overheat","floor":5},{"not_picked":["bronze:FineTuning","bronze:WildBeam"],"picked":"bronze:Philosophize","floor":6},{"not_picked":["bronze:BronzeArmor","bronze:DelayedSlice"],"picked":"bronze:BronzeOrb","floor":8},{"not_picked":["bronze:DelayedSlice","bronze:CloningBeam"],"picked":"bronze:WhirlingStrike","floor":9},{"not_picked":["bronze:Refactor","bronze:Invalidate"],"picked":"bronze:DelayedGuard","floor":10}],"player_experience":1041814,"relics_obtained":[{"floor":7,"key":"Strawberry"}],"event_choices":[],"is_beta":false,"boss_relics":[],"items_purged_floors":[5],"is_endless":false,"potions_floor_spawned":[6],"killed_by":"Lagavulin","ascension_level":7}}