{"host":"dv29tre2e7vje47n","time":1613990372,"event":{"mods":["AchievementEnabler","BaseMod","Colored Map","Colored Powertips","DeckTracker","Displayed Cursed Tome","Downfall","Friendly Minions","Googly Eyes","Highlight Path","Key Reminder","Minty Spire (QoL Compilation)","Quick Restart","Random Character Button","Rare Cards Sparkle","Relic Sorter","Relic Stats","Spire Arcade","Spire Birthday Party","StSLib","SuperFastMode","Unceasing Turn Reminder"],"gold_per_floor":[117,117,23,40,40,70,70,98,98,111,136,136,136,152,152,247,247,265,265,265,276,276,306,306,336,360,360,53,86,86,46,46,146,146,156,10,110,123,123,155,155,121,197,197,197,197],"floor_reached":44,"language":"ENG","playtime":1924,"items_purged":[],"score":635,"play_id":"bbf5be6d-97ff-49f0-b69e-2f69d141052e","local_time":"20210222113932","is_ascension_mode":true,"campfire_choices":[{"data":"sneckomod:WideSting","floor":7,"key":"SMITH"},{"data":"sneckomod:UnknownStrength","floor":12,"key":"SMITH"},{"data":"sneckomod:PureSnecko","floor":15,"key":"SMITH"},{"floor":24,"key":"REST"},{"floor":32,"key":"REST"}],"circlet_count":0,"master_deck":["sneckomod:TailWhip","sneckomod:SnekBite+1","sneckomod:Unknown+1","sneckomod:Unknown","sneckomod:QuickBite+1","sneckomod:WideSting+1","sneckomod:UnknownStrength+1","sneckomod:UnendingSupply","sneckomod:SerpentIdol+1","sneckomod:PureSnecko+1","downfall:Haunted","Demon Form","sneckomod:UnknownClassRED","sneckomod:UnknownRareAttack+1","sneckomod:UnknownRareAttack+1","sneckomod:UnknownClassGREEN","sneckomod:UnknownClassRED","sneckomod:UnknownBlock","sneckomod:Unknown3Cost","Reinforced Body+1","sneckomod:ImprovisedAttack+1","downfall:Haunted"],"relics":["sneckomod:SneckoSoul","NeowsBlessing","Shuriken","Incense Burner","Molten Egg 2","Darkstone Periapt","War Paint","Cursed Key","Nilry\u0027s Codex","sneckomod:ConfusingCodex","Toy Ornithopter","sneckomod:BlankCard","Strawberry","Chemical X","sneckomod:SneckoCommon","Peace Pipe","sneckomod:SneckoTalon","sneckomod:LoadedDie","Happy Flower","hexamod:CandleOfCauterizing"],"acts_visited":["Exordium","TheCity","TheBeyond"],"potions_floor_usage":[8],"damage_taken":[{"damage":0,"enemies":"Small Slimes","floor":1,"turns":1},{"damage":0,"enemies":"Cultist","floor":4,"turns":1},{"damage":0,"enemies":"Gremlin Nob","floor":6,"turns":1},{"damage":18,"enemies":"3 Sentries","floor":8,"turns":4},{"damage":0,"enemies":"2 Louse","floor":10,"turns":5},{"damage":12,"enemies":"Lagavulin","floor":11,"turns":8},{"damage":0,"enemies":"Looter","floor":14,"turns":1},{"damage":0,"enemies":"Hexaghost","floor":16,"turns":8},{"damage":1,"enemies":"Spheric Guardian","floor":18,"turns":3},{"damage":1,"enemies":"Chosen","floor":21,"turns":4},{"damage":40,"enemies":"Book of Stabbing","floor":23,"turns":4},{"damage":10,"enemies":"Gremlin Leader","floor":25,"turns":6},{"damage":26,"enemies":"Slavers","floor":29,"turns":4},{"damage":51,"enemies":"Automaton","floor":33,"turns":7},{"damage":0,"enemies":"Orb Walker","floor":35,"turns":2},{"damage":17,"enemies":"3 Shapes","floor":38,"turns":3},{"damage":81,"enemies":"Nemesis","floor":40,"turns":5},{"damage":53,"enemies":"Giant Head","floor":44,"turns":7}],"seed_played":"-2475127062904417140","potions_obtained":[{"floor":6,"key":"LiquidMemories"},{"floor":8,"key":"Swift Potion"},{"floor":10,"key":"SneckoOil"},{"floor":16,"key":"SteroidPotion"}],"is_trial":false,"path_per_floor":["M","?","$","M","?","E","R","E","T","M","E","R","?","M","R","B",null,"M","?","?","M","?","E","R","E","T","R","$","E","?","?","R","B",null,"M","$","?","M","$","E","R","$","T","E"],"character_chosen":"THE_SNECKO","items_purchased":["sneckomod:QuickBite","Explosive Potion","Chemical X","sneckomod:SneckoCommon","sneckomod:LoadedDie","sneckomod:ImprovisedAttack+1"],"campfire_rested":2,"item_purchase_floors":[3,3,28,28,36,42],"current_hp_per_floor":[90,90,90,90,72,72,72,54,54,57,45,45,38,38,38,38,90,89,73,73,72,72,32,59,49,62,62,62,36,36,36,66,15,103,103,103,103,86,86,19,19,19,25,0,0,0],"gold":197,"neow_bonus":"THREE_ENEMY_KILL","is_daily":false,"chose_seed":false,"campfire_upgraded":3,"win_rate":0.0,"timestamp":1613990372,"path_taken":["M","?","$","?","?","E","R","E","T","M","E","R","?","M","R","BOSS","M","?","?","M","?","E","R","E","T","R","?","E","?","?","R","BOSS","M","?","?","?","$","E","R","?","T","E"],"items_purchased_type":["Card","Potion","Relic","Relic","Relic","Card"],"build_version":"2020-12-22","purchased_purges":0,"victory":false,"max_hp_per_floor":[90,90,90,90,90,90,90,90,90,90,90,90,90,90,90,90,90,90,90,90,90,90,90,90,90,103,103,103,103,103,103,103,103,103,103,103,103,103,103,103,103,103,109,109,109,109],"relic_stats":{"Darkstone Periapt":12,"Peace Pipe":0,"Happy Flower":[2],"counters":[18,74],"Shuriken":[32],"Chemical X":[4],"War Paint":["sneckomod:SerpentIdol","sneckomod:Unknown"],"Cursed Key":2,"obtain_stats":[{"Darkstone Periapt":11,"hexamod:CandleOfCauterizing":43,"sneckomod:SneckoCommon":28,"NeowsBlessing":0,"sneckomod:LoadedDie":36,"Happy Flower":40,"Nilry\u0027s Codex":19,"sneckomod:BlankCard":25,"Incense Burner":8,"War Paint":13,"sneckomod:SneckoSoul":0,"Cursed Key":17,"sneckomod:SneckoTalon":34,"Peace Pipe":29,"Shuriken":6,"sneckomod:ConfusingCodex":20,"Strawberry":26,"Molten Egg 2":9,"Chemical X":28,"Toy Ornithopter":23},{"Darkstone Periapt":6,"hexamod:CandleOfCauterizing":17,"sneckomod:SneckoCommon":12,"NeowsBlessing":0,"sneckomod:LoadedDie":15,"Happy Flower":17,"Nilry\u0027s Codex":9,"sneckomod:BlankCard":12,"Incense Burner":4,"War Paint":6,"sneckomod:SneckoSoul":0,"Cursed Key":8,"sneckomod:SneckoTalon":14,"Peace Pipe":13,"Shuriken":3,"sneckomod:ConfusingCodex":9,"Strawberry":12,"Molten Egg 2":4,"Chemical X":12,"Toy Ornithopter":11},{"Darkstone Periapt":20,"hexamod:CandleOfCauterizing":67,"sneckomod:SneckoCommon":46,"NeowsBlessing":0,"sneckomod:LoadedDie":59,"Happy Flower":67,"Nilry\u0027s Codex":32,"sneckomod:BlankCard":46,"Incense Burner":7,"War Paint":20,"sneckomod:SneckoSoul":0,"Cursed Key":29,"sneckomod:SneckoTalon":57,"Peace Pipe":50,"Shuriken":3,"sneckomod:ConfusingCodex":32,"Strawberry":46,"Molten Egg 2":7,"Chemical X":46,"Toy Ornithopter":40}],"Toy Ornithopter":0},"card_choices":[{"not_picked":["sneckomod:MasterEye","sneckomod:QuickBite","sneckomod:DiceBlock"],"picked":"SKIP","floor":1},{"not_picked":["sneckomod:DiceCrush","sneckomod:SoulDraw"],"picked":"sneckomod:WideSting","floor":4},{"not_picked":["sneckomod:TrashToTreasure","sneckomod:DiceCrush"],"picked":"sneckomod:UnknownStrength","floor":6},{"not_picked":["sneckomod:SoulRoll","sneckomod:UnlimitedRolls"],"picked":"sneckomod:UnendingSupply","floor":8},{"not_picked":["sneckomod:TrashToTreasure","sneckomod:RainOfDice+1"],"picked":"sneckomod:SerpentIdol","floor":10},{"not_picked":["sneckomod:WideSting+1","sneckomod:UnknownCommonAttack+1","sneckomod:UnknownColorless"],"picked":"SKIP","floor":11},{"not_picked":["sneckomod:MasterEye","sneckomod:UnknownExhaust"],"picked":"sneckomod:PureSnecko","floor":14},{"not_picked":["sneckomod:UnknownBoss","sneckomod:SoulExchange"],"picked":"sneckomod:Unknown3Cost","floor":16},{"not_picked":["sneckomod:MasterEye+1","sneckomod:UnknownUncommonPower+1","sneckomod:UnknownClassGREEN"],"picked":"SKIP","floor":18},{"not_picked":["sneckomod:QuickBite+1","sneckomod:Nope+1","sneckomod:UnknownStrike+1"],"picked":"SKIP","floor":21},{"not_picked":["sneckomod:WideSting+1","sneckomod:UnknownClassBLUE","sneckomod:UnknownDraw"],"picked":"SKIP","floor":23},{"not_picked":["sneckomod:MixItUp+1","sneckomod:QuickBite+1","sneckomod:UnknownClassGREEN"],"picked":"SKIP","floor":25},{"not_picked":["sneckomod:Nope","sneckomod:UnknownCommonSkill+1"],"picked":"sneckomod:UnknownX","floor":29},{"not_picked":["sneckomod:Cheat","sneckomod:UnknownRareSkill"],"picked":"sneckomod:Unknown3Cost","floor":33},{"not_picked":["sneckomod:Unknown1Cost+1","sneckomod:SoulDraw+1","sneckomod:UnknownClassRED"],"picked":"SKIP","floor":35},{"not_picked":["sneckomod:TrashToTreasure","sneckomod:UnknownExhaust","sneckomod:UnknownStrike+1"],"picked":"SKIP","floor":38},{"not_picked":["sneckomod:DiceBlock","sneckomod:WideSting+1","sneckomod:UnknownUncommonPower+1"],"picked":"SKIP","floor":40}],"player_experience":152357,"relics_obtained":[{"floor":6,"key":"Shuriken"},{"floor":8,"key":"Incense Burner"},{"floor":9,"key":"Molten Egg 2"},{"floor":11,"key":"Darkstone Periapt"},{"floor":23,"key":"Toy Ornithopter"},{"floor":25,"key":"sneckomod:BlankCard"},{"floor":26,"key":"Strawberry"},{"floor":29,"key":"Peace Pipe"},{"floor":40,"key":"Happy Flower"},{"floor":43,"key":"hexamod:CandleOfCauterizing"}],"event_choices":[{"cards_removed":["sneckomod:Strike"],"damage_healed":0,"gold_gain":0,"player_choice":"Purged","damage_taken":0,"max_hp_gain":0,"max_hp_loss":0,"event_name":"Purifier","floor":2,"gold_loss":0},{"damage_healed":0,"gold_gain":0,"player_choice":"Entered Light","damage_taken":18,"max_hp_gain":0,"max_hp_loss":0,"event_name":"Shining Light","floor":5,"gold_loss":0,"cards_upgraded":["sneckomod:QuickBite","sneckomod:SnekBite"]},{"damage_healed":0,"gold_gain":0,"player_choice":"Success","damage_taken":7,"relics_obtained":["War Paint"],"max_hp_gain":0,"max_hp_loss":0,"event_name":"Scrap Ooze","floor":13,"gold_loss":0},{"damage_healed":0,"gold_gain":0,"player_choice":"Obtained Book","damage_taken":16,"max_hp_gain":0,"max_hp_loss":0,"event_name":"Cursed Tome","floor":19,"gold_loss":0},{"damage_healed":0,"gold_gain":0,"player_choice":"Opened","damage_taken":0,"relics_obtained":["sneckomod:ConfusingCodex"],"max_hp_gain":0,"max_hp_loss":0,"event_name":"The Mausoleum","floor":20,"gold_loss":0},{"damage_healed":0,"gold_gain":0,"player_choice":"Upgrade","damage_taken":0,"max_hp_gain":0,"max_hp_loss":0,"event_name":"Designer","floor":31,"gold_loss":40,"cards_upgraded":["sneckomod:UnknownX"]},{"damage_healed":0,"gold_gain":100,"player_choice":"Pray","damage_taken":0,"max_hp_gain":0,"max_hp_loss":0,"event_name":"Golden Shrine","floor":37,"gold_loss":0}],"is_beta":false,"boss_relics":[{"not_picked":["Philosopher\u0027s Stone","Black Star"],"picked":"Cursed Key"},{"not_picked":["SlaversCollar","Tiny House"],"picked":"sneckomod:SneckoTalon"}],"items_purged_floors":[],"is_endless":false,"potions_floor_spawned":[6,8,10,16,21,23,29,35,38],"killed_by":"Giant Head","ascension_level":1}}