{"host":"sz8c8ni79nvzjmmg","time":1613986294,"event":{"mods":["AchievementEnabler","BaseMod","DeckTracker","Keyboard Shortcuts","Minty Spire (QoL Compilation)","SuperFastMode"],"gold_per_floor":[114,39,52,72,87,122,139,139,139],"floor_reached":8,"language":"KOR","playtime":219,"items_purged":[],"score":120,"play_id":"ab012094-f827-4c73-ae6c-e995bab8bc7a","local_time":"20210222183134","is_ascension_mode":true,"campfire_choices":[],"circlet_count":0,"master_deck":["AscendersBane","Strike_B","Strike_B","Strike_B","Defend_B","Defend_B","Defend_B","Defend_B","Zap","Dualcast","Hyperbeam","Leap","Turbo","Hologram","Fusion"],"relics":["Cracked Core","White Beast Statue"],"acts_visited":["Exordium"],"potions_floor_usage":[6,8],"damage_taken":[{"damage":0,"enemies":"2 Louse","floor":1,"turns":1},{"damage":3,"enemies":"Small Slimes","floor":3,"turns":2},{"damage":0,"enemies":"Cultist","floor":4,"turns":3},{"damage":0,"enemies":"3 Louse","floor":5,"turns":3},{"damage":8,"enemies":"Gremlin Nob","floor":6,"turns":3},{"damage":12,"enemies":"Exordium Wildlife","floor":7,"turns":5},{"damage":37,"enemies":"Lagavulin","floor":8,"turns":8}],"seed_played":"7212547137686677440","potions_obtained":[{"floor":3,"key":"DuplicationPotion"},{"floor":6,"key":"GamblersBrew"},{"floor":7,"key":"ColorlessPotion"}],"is_trial":false,"path_per_floor":["M","?","M","M","M","E","M","E"],"character_chosen":"DEFECT","items_purchased":[],"campfire_rested":0,"item_purchase_floors":[],"current_hp_per_floor":[64,64,61,61,61,53,41,4,4],"gold":139,"neow_bonus":"THREE_RARE_CARDS","is_daily":false,"chose_seed":false,"campfire_upgraded":0,"win_rate":0.0,"timestamp":1613986294,"path_taken":["M","?","M","M","M","E","M","E"],"items_purchased_type":[],"build_version":"2020-12-22","purchased_purges":0,"victory":false,"max_hp_per_floor":[64,64,64,64,64,64,64,64,64],"card_choices":[{"not_picked":["Amplify","All For One"],"picked":"Hyperbeam","floor":0},{"not_picked":["Coolheaded","Redo"],"picked":"Leap","floor":1},{"not_picked":["Rebound","Reprogram"],"picked":"Turbo","floor":3},{"not_picked":["Heatsinks","Barrage","Turbo"],"picked":"SKIP","floor":4},{"not_picked":["Melter","Cold Snap","Lockon"],"picked":"SKIP","floor":5},{"not_picked":["Consume","Biased Cognition"],"picked":"Hologram","floor":6},{"not_picked":["Stack","Glacier"],"picked":"Fusion","floor":7}],"player_experience":1254119,"relics_obtained":[{"floor":6,"key":"White Beast Statue"}],"event_choices":[{"cards_removed":["Strike_B"],"damage_healed":0,"gold_gain":0,"player_choice":"Card Removal","damage_taken":0,"max_hp_gain":0,"max_hp_loss":0,"event_name":"The Cleric","floor":2,"gold_loss":75}],"is_beta":false,"boss_relics":[],"items_purged_floors":[],"is_endless":false,"potions_floor_spawned":[3,6,7],"killed_by":"Lagavulin","ascension_level":20}}