{"host":"nuu0xlk1bpqu5s2n","time":1613957918,"event":{"mods":["AchievementEnabler","BaseMod","Minty Spire (QoL Compilation)","StSLib"],"gold_per_floor":[367,367,529,541,77,77,105,128,128,128,139,139,167,177,177,254,254,272,284,300,32,32,32,64,83,107,142,142,170,170,500,500,579,579,595,606,624,637,656,690,745,478,526,526,526,544,217,228,228,228,228,228,228,8,37,37],"floor_reached":57,"language":"ENG","playtime":4732,"items_purged":["Regret","Strike_G"],"score":3146,"play_id":"358fbbab-398d-4bae-8f15-a9973da70012","local_time":"20210222033838","is_ascension_mode":true,"campfire_choices":[{"data":"Neutralize","floor":6.0,"key":"SMITH"},{"floor":10.0,"key":"REST"},{"floor":15.0,"key":"REST"},{"floor":23,"key":"REST"},{"floor":28,"key":"REST"},{"floor":32,"key":"RECALL"}],"circlet_count":0,"master_deck":["AscendersBane","Strike_G","Strike_G","Strike_G","Defend_G","Defend_G","Defend_G+1","Defend_G+1","Defend_G","Survivor","Neutralize+1","Terror","Blade Dance","Slice","Blade Dance","Flying Knee","Crippling Poison","Adrenaline","Footwork+1","Terror+1","Accuracy","Blade Dance","Wraith Form v2+1","Concentrate+1","Endless Agony","PiercingWail+1","PiercingWail+1","Blade Dance"],"relics":["Ring of the Snake","MawBank","Nunchaku","Dead Branch","Vajra","Odd Mushroom","Akabeko","FossilizedHelix","Fusion Hammer","Ornamental Fan","Gambling Chip","Red Mask","War Paint","Frozen Egg 2","Lizard Tail","Old Coin","Coffee Dripper","Snake Skull","Ginger","Toy Ornithopter","Happy Flower","OrangePellets","Oddly Smooth Stone","Centennial Puzzle"],"acts_visited":["Exordium","TheCity","TheBeyond","TheEnding"],"potions_floor_usage":[50,56,56,56],"damage_taken":[{"damage":0.0,"enemies":"Small Slimes","floor":1.0,"turns":6.0},{"damage":1.0,"enemies":"Lagavulin","floor":7.0,"turns":6.0},{"damage":23.0,"enemies":"The Mushroom Lair","floor":8.0,"turns":5.0},{"damage":1.0,"enemies":"Jaw Worm","floor":11.0,"turns":3.0},{"damage":6.0,"enemies":"Gremlin Nob","floor":13.0,"turns":3.0},{"damage":0.0,"enemies":"2 Louse","floor":14.0,"turns":2.0},{"damage":0.0,"enemies":"Slime Boss","floor":16.0,"turns":6.0},{"damage":0,"enemies":"Spheric Guardian","floor":18,"turns":2},{"damage":0,"enemies":"3 Byrds","floor":19,"turns":4},{"damage":6,"enemies":"3 Cultists","floor":20,"turns":4},{"damage":0,"enemies":"Masked Bandits","floor":24,"turns":2},{"damage":0,"enemies":"Snecko","floor":25,"turns":2},{"damage":6,"enemies":"Book of Stabbing","floor":27,"turns":4},{"damage":0,"enemies":"Slavers","floor":29,"turns":1},{"damage":0,"enemies":"Gremlin Leader","floor":31,"turns":2},{"damage":0,"enemies":"Automaton","floor":33,"turns":5},{"damage":0,"enemies":"3 Darklings","floor":35,"turns":1},{"damage":0,"enemies":"3 Shapes","floor":36,"turns":4},{"damage":0,"enemies":"Jaw Worm Horde","floor":37,"turns":3},{"damage":0,"enemies":"3 Darklings","floor":38,"turns":3},{"damage":0,"enemies":"Maw","floor":39,"turns":4},{"damage":0,"enemies":"Reptomancer","floor":40,"turns":2},{"damage":0,"enemies":"2 Orb Walkers","floor":41,"turns":3},{"damage":0,"enemies":"Transient","floor":46,"turns":6},{"damage":0,"enemies":"Writhing Mass","floor":48,"turns":4},{"damage":22,"enemies":"Awakened One","floor":50,"turns":8},{"damage":30,"enemies":"Time Eater","floor":51,"turns":13},{"damage":0,"enemies":"Shield and Spear","floor":55,"turns":5},{"damage":90,"enemies":"The Heart","floor":56,"turns":6}],"seed_played":"-8528510910566411446","potions_obtained":[{"floor":1.0,"key":"AttackPotion"},{"floor":8.0,"key":"PowerPotion"},{"floor":16.0,"key":"Block Potion"},{"floor":19,"key":"Regen Potion"},{"floor":25,"key":"Regen Potion"},{"floor":29,"key":"EntropicBrew"}],"is_trial":false,"path_per_floor":["M","?","?","?","$","R","E","?","T","R","M","?","E","M","R","B",null,"M","M","M","$","T","R","?","M","T","E","R","E","?","E","R","B",null,"M","M","M","M","M","E","?","$","T","R","?","M","$","M","R","B","B",null,"R","$","E","B",null],"character_chosen":"THE_SILENT","items_purchased":["Dead Branch","Terror","Ornamental Fan","Toy Ornithopter","Happy Flower","OrangePellets","Oddly Smooth Stone","Poison Potion"],"campfire_rested":4,"item_purchase_floors":[5,5,21,42,47,47,54,54],"current_hp_per_floor":[59,59,59,41,41,41,40,17,17,35,34,25,19,19,37,37,54,54,54,48,48,48,60,60,60,60,54,60,60,60,60,60,60,60,60,60,60,60,60,60,60,60,60,60,60,60,60,60,60,58,28,52,52,52,52,14],"gold":37,"neow_bonus":"TWO_FIFTY_GOLD","is_daily":false,"chose_seed":false,"campfire_upgraded":1,"win_rate":0.0,"timestamp":1613957918,"path_taken":["M","?","?","?","$","R","E","?","T","R","?","?","E","M","R","BOSS","M","M","M","$","?","R","?","M","T","E","R","E","?","E","R","BOSS","M","M","M","?","M","E","?","$","T","R","?","M","$","?","R","BOSS","BOSS","R","$","E","BOSS"],"items_purchased_type":["Relic","Card","Relic","Relic","Relic","Relic","Relic","Potion"],"build_version":"2020-12-22","purchased_purges":2,"victory":true,"max_hp_per_floor":[60,60,60,60,60,60,60,60,60,60,60,60,60,60,60,60,60,60,60,60,60,60,60,60,60,60,60,60,60,60,60,60,60,60,60,60,60,60,60,60,60,60,60,60,60,60,60,60,60,60,60,60,60,60,60,60],"card_choices":[{"not_picked":["Tactician","Concentrate","Deadly Poison"],"picked":"SKIP","floor":1.0},{"not_picked":["Tactician","Dodge and Roll"],"picked":"Blade Dance","floor":7.0},{"not_picked":["Masterful Stab","Poisoned Stab"],"picked":"Slice","floor":8.0},{"not_picked":["Dagger Throw","Deadly Poison"],"picked":"Blade Dance","floor":11.0},{"not_picked":["Sucker Punch","Dagger Throw"],"picked":"Flying Knee","floor":13.0},{"not_picked":["Flechettes","Deadly Poison"],"picked":"Crippling Poison","floor":14.0},{"not_picked":["Malaise","Wraith Form v2"],"picked":"Adrenaline","floor":16.0},{"not_picked":["Flying Knee","Cloak And Dagger"],"picked":"Footwork+1","floor":18},{"not_picked":["Riddle With Holes","Dagger Throw"],"picked":"Terror+1","floor":19},{"not_picked":["Riddle With Holes","Skewer","Slice"],"picked":"SKIP","floor":20},{"not_picked":["Deflect","Flechettes"],"picked":"Accuracy","floor":25},{"not_picked":["Doppelganger","Bullet Time"],"picked":"Blade Dance","floor":27},{"not_picked":["Heel Hook","Underhanded Strike","Quick Slash"],"picked":"SKIP","floor":29},{"not_picked":["Slice","Backflip+1","Deadly Poison"],"picked":"SKIP","floor":31},{"not_picked":["Night Terror","Die Die Die"],"picked":"Wraith Form v2+1","floor":33},{"not_picked":["Skewer","Heel Hook","Setup+1"],"picked":"SKIP","floor":35},{"not_picked":["Terror","Flechettes"],"picked":"Concentrate+1","floor":36},{"not_picked":["Bane","Deflect+1","Sucker Punch"],"picked":"SKIP","floor":37},{"not_picked":["Eviscerate","Quick Slash+1"],"picked":"Endless Agony","floor":38},{"not_picked":["Outmaneuver","Poisoned Stab"],"picked":"PiercingWail+1","floor":39},{"not_picked":["Poisoned Stab","Footwork+1","Underhanded Strike"],"picked":"SKIP","floor":40},{"not_picked":["Blade Dance","Dagger Throw"],"picked":"PiercingWail+1","floor":46},{"not_picked":["Envenom+1","PiercingWail+1"],"picked":"Blade Dance","floor":48},{"not_picked":["Concentrate","Slice+1","Setup"],"picked":"SKIP","floor":55}],"player_experience":562537,"relics_obtained":[{"floor":7.0,"key":"Vajra"},{"floor":8.0,"key":"Odd Mushroom"},{"floor":9.0,"key":"Akabeko"},{"floor":13.0,"key":"FossilizedHelix"},{"floor":22,"key":"Gambling Chip"},{"floor":24,"key":"Red Mask"},{"floor":26,"key":"War Paint"},{"floor":27,"key":"Frozen Egg 2"},{"floor":29,"key":"Lizard Tail"},{"floor":31,"key":"Old Coin"},{"floor":40,"key":"Snake Skull"},{"floor":41,"key":"Ginger"},{"floor":55,"key":"Centennial Puzzle"}],"event_choices":[{"damage_healed":0.0,"max_hp_gain":0.0,"max_hp_loss":0.0,"gold_gain":0.0,"event_name":"Big Fish","player_choice":"Box","floor":2.0,"gold_loss":0.0,"damage_taken":0.0,"relics_obtained":["MawBank"],"cards_obtained":["Regret"]},{"damage_healed":0.0,"max_hp_gain":0.0,"max_hp_loss":0.0,"gold_gain":150.0,"event_name":"Liars Game","player_choice":"AGREE","floor":3.0,"gold_loss":0.0,"damage_taken":0.0,"cards_obtained":["Doubt"]},{"damage_healed":0.0,"max_hp_gain":0.0,"max_hp_loss":0.0,"gold_gain":0.0,"event_name":"Scrap Ooze","player_choice":"Success","floor":4.0,"gold_loss":0.0,"damage_taken":18.0,"relics_obtained":["Nunchaku"]},{"damage_healed":0.0,"max_hp_gain":0.0,"max_hp_loss":0.0,"gold_gain":0.0,"event_name":"Mushrooms","player_choice":"Fought Mushrooms","floor":8.0,"gold_loss":0.0,"damage_taken":0.0},{"damage_healed":0.0,"max_hp_gain":0.0,"max_hp_loss":0.0,"gold_gain":0.0,"event_name":"Wheel of Change","player_choice":"Damaged","floor":12.0,"gold_loss":0.0,"damage_taken":9.0},{"damage_healed":0,"gold_gain":0,"player_choice":"Fought Bandits","damage_taken":0,"max_hp_gain":0,"max_hp_loss":0,"event_name":"Masked Bandits","floor":24,"gold_loss":0},{"cards_removed":["Doubt"],"damage_healed":0,"gold_gain":0,"player_choice":"Removed Curses","damage_taken":0,"max_hp_gain":0,"max_hp_loss":0,"event_name":"Fountain of Cleansing","floor":30,"gold_loss":0},{"damage_healed":0,"gold_gain":0,"player_choice":"Fight","damage_taken":0,"max_hp_gain":0,"max_hp_loss":0,"event_name":"Mysterious Sphere","floor":41,"gold_loss":0},{"cards_removed":["Strike_G"],"damage_healed":0,"gold_gain":0,"player_choice":"Purged","damage_taken":0,"max_hp_gain":0,"max_hp_loss":0,"event_name":"Purifier","floor":45,"gold_loss":0}],"is_beta":false,"boss_relics":[{"not_picked":["Velvet Choker","SacredBark"],"picked":"Fusion Hammer"},{"not_picked":["Ring of the Serpent","Sozu"],"picked":"Coffee Dripper"}],"items_purged_floors":[5,42],"is_endless":false,"potions_floor_spawned":[1,8,16,19,25,27,29,31,36,37,40,46],"ascension_level":20}}