{"host":"4gkev1dtxxhiue3x","time":1613985405,"event":{"mods":["AchievementEnabler","BaseMod","Better Altar","Better Match","Better Note","Better Sensory Stone","Better Skull","Better Third Choice","Colored Powertips","Friendly Minions","Hermit","Minty Spire (QoL Compilation)","Relic Stats","Robot Space Explorer","Shop Mod","StSLib","The Disciple","The Hierophant"],"gold_per_floor":[113,132,148,163,173,173,208,224,224,224,111,111,134,165,165,291,291,305,320,320,357,369,381,414,453,465,477,489,489],"floor_reached":28,"language":"ENG","playtime":2872,"items_purged":["Injury"],"score":267,"play_id":"2473caf1-a40d-47bf-9bf7-9fcd1c82d636","local_time":"20210222101645","is_ascension_mode":true,"campfire_choices":[{"floor":6,"key":"REST"},{"floor":12,"key":"DIG"},{"floor":15,"key":"DIG"},{"floor":23,"key":"DIG"},{"floor":27,"key":"DIG"}],"circlet_count":0,"master_deck":["Strike_B","Strike_B","Defend_B","Defend_B+1","Defend_B","Defend_B","Zap","Dualcast","Glacier","Genetic Algorithm","Genetic Algorithm","Machine Learning","Conserve Battery","Buffer","Redo","Defragment","Compile Driver","Core Surge","Creative AI","Blizzard","Coolheaded","Self Repair","Undo","Streamline","Chill"],"relics":["Cracked Core","Pocketwatch","Shovel","Eternal Feather","Golden Idol","Ice Cream","Blood Vial","Thread and Needle","Fusion Hammer","MawBank","White Beast Statue","Oddly Smooth Stone","InkBottle","HornCleat"],"acts_visited":["Exordium","TheCity"],"potions_floor_usage":[14,16,18],"damage_taken":[{"damage":0,"enemies":"2 Louse","floor":1,"turns":2},{"damage":2,"enemies":"Jaw Worm","floor":2,"turns":5},{"damage":1,"enemies":"Cultist","floor":3,"turns":4},{"damage":13,"enemies":"Large Slime","floor":4,"turns":7},{"damage":17,"enemies":"Exordium Wildlife","floor":5,"turns":5},{"damage":7,"enemies":"Lagavulin","floor":7,"turns":10},{"damage":0,"enemies":"3 Louse","floor":8,"turns":4},{"damage":1,"enemies":"2 Fungi Beasts","floor":13,"turns":3},{"damage":1,"enemies":"3 Sentries","floor":14,"turns":9},{"damage":42,"enemies":"Hexaghost","floor":16,"turns":17},{"damage":1,"enemies":"3 Byrds","floor":18,"turns":3},{"damage":0,"enemies":"Spheric Guardian","floor":19,"turns":6},{"damage":18,"enemies":"Snake Plant","floor":21,"turns":7},{"damage":2,"enemies":"Chosen and Byrds","floor":24,"turns":8},{"damage":75,"enemies":"Book of Stabbing","floor":28,"turns":11}],"seed_played":"5389186051624348282","potions_obtained":[{"floor":3,"key":"Strength Potion"},{"floor":4,"key":"EssenceOfDarkness"},{"floor":8,"key":"Dexterity Potion"},{"floor":14,"key":"PowerPotion"},{"floor":24,"key":"EssenceOfSteel"}],"is_trial":false,"path_per_floor":["M","M","M","M","M","R","E","M","T","?","$","R","M","E","R","B",null,"M","M","?","M","?","R","M","T","T","R","E"],"character_chosen":"DEFECT","items_purchased":["Defragment"],"campfire_rested":1,"item_purchase_floors":[11],"current_hp_per_floor":[54,52,51,38,21,43,36,36,36,36,36,45,44,43,55,15,75,74,75,49,33,33,45,52,52,52,67,0,0],"gold":489,"neow_bonus":"ONE_RARE_RELIC","is_daily":false,"chose_seed":false,"campfire_upgraded":0,"win_rate":0.0,"timestamp":1613985405,"path_taken":["M","M","M","M","M","R","E","M","T","?","$","R","M","E","R","BOSS","M","M","?","?","?","R","M","?","T","R","E"],"items_purchased_type":["Card"],"build_version":"2020-12-22","purchased_purges":1,"victory":false,"max_hp_per_floor":[75,75,75,75,75,75,75,75,75,75,75,75,75,75,75,75,75,75,75,75,75,75,75,75,75,75,75,75,75],"relic_stats":{"Blood Vial":9,"Shovel":4,"counters":[15,101],"Golden Idol":51,"Eternal Feather":48,"MawBank":96,"obtain_stats":[{"Ice Cream":12,"Golden Idol":10,"Oddly Smooth Stone":25,"Eternal Feather":9,"Thread and Needle":15,"MawBank":20,"White Beast Statue":23,"Blood Vial":14,"Shovel":7,"HornCleat":27,"Fusion Hammer":17,"Cracked Core":0,"InkBottle":26,"Pocketwatch":0},{"Ice Cream":7,"Golden Idol":7,"Oddly Smooth Stone":14,"Eternal Feather":7,"Thread and Needle":9,"MawBank":12,"White Beast Statue":13,"Blood Vial":9,"Shovel":6,"HornCleat":14,"Fusion Hammer":10,"Cracked Core":0,"InkBottle":14,"Pocketwatch":0},{"Ice Cream":37,"Golden Idol":37,"Oddly Smooth Stone":90,"Eternal Feather":37,"Thread and Needle":49,"MawBank":75,"White Beast Statue":82,"Blood Vial":49,"Shovel":33,"HornCleat":90,"Fusion Hammer":66,"Cracked Core":0,"InkBottle":90,"Pocketwatch":0}],"InkBottle":[3],"Pocketwatch":[183]},"card_choices":[{"not_picked":["Leap","Hologram"],"picked":"Glacier","floor":1},{"not_picked":["Turbo","Barrage"],"picked":"Genetic Algorithm","floor":2},{"not_picked":["Steam","Gash"],"picked":"Genetic Algorithm","floor":3},{"not_picked":["Cold Snap","Sweeping Beam"],"picked":"Machine Learning","floor":4},{"not_picked":["Gash","Rip and Tear"],"picked":"Conserve Battery","floor":5},{"not_picked":["Streamline","Turbo"],"picked":"Buffer","floor":7},{"not_picked":["Rebound","Turbo"],"picked":"Redo","floor":8},{"not_picked":["Hello World","Scrape"],"picked":"Compile Driver","floor":13},{"not_picked":["Compile Driver","Darkness"],"picked":"Core Surge","floor":14},{"not_picked":["Core Surge","All For One"],"picked":"Creative AI","floor":16},{"not_picked":["Redo","Storm+1"],"picked":"Blizzard","floor":18},{"not_picked":["Go for the Eyes","Ball Lightning"],"picked":"Coolheaded","floor":19},{"not_picked":["Cold Snap","Turbo+1"],"picked":"Self Repair","floor":21},{"not_picked":["Compile Driver","Chaos"],"picked":"Chill","floor":24}],"player_experience":239319,"relics_obtained":[{"floor":7,"key":"Shovel"},{"floor":9,"key":"Eternal Feather"},{"floor":12,"key":"Ice Cream"},{"floor":14,"key":"Blood Vial"},{"floor":15,"key":"Thread and Needle"},{"floor":23,"key":"White Beast Statue"},{"floor":25,"key":"Oddly Smooth Stone"},{"floor":26,"key":"InkBottle"},{"floor":27,"key":"HornCleat"}],"event_choices":[{"damage_healed":0,"gold_gain":0,"player_choice":"Take Wound","damage_taken":0,"relics_obtained":["Golden Idol"],"max_hp_gain":0,"max_hp_loss":0,"event_name":"Golden Idol","floor":10,"gold_loss":0,"cards_obtained":["Injury"]},{"damage_healed":0,"gold_gain":0,"player_choice":"RE UP ","damage_taken":30,"relics_obtained":["MawBank"],"max_hp_gain":0,"max_hp_loss":0,"event_name":"betterSkull:BetterSkull","floor":20,"gold_loss":0,"cards_upgraded":["Defend_B"]},{"damage_healed":0,"gold_gain":0,"cards_transformed":["Strike_B","Strike_B"],"player_choice":"Became Test Subject","damage_taken":0,"max_hp_gain":0,"max_hp_loss":0,"event_name":"Drug Dealer","floor":22,"gold_loss":0,"cards_obtained":["Undo","Streamline"]}],"is_beta":false,"boss_relics":[{"not_picked":["Astrolabe","Snecko Eye"],"picked":"Fusion Hammer"}],"items_purged_floors":[11],"is_endless":false,"potions_floor_spawned":[3,4,8,14,24],"killed_by":"Book of Stabbing","ascension_level":3}}