{"host":"7qjyzxi5zjrbio0h","time":1613959658,"event":{"mods":["AchievementEnabler","BaseMod","Colored Powertips","Downfall","Minty Spire (QoL Compilation)","StSLib"],"gold_per_floor":[110,110,127,142,142,142,159,159,159,170,183,203,168,193,193,290,290,302,302,302,314,327,360,360,360,360],"floor_reached":25,"language":"ENG","playtime":1495,"items_purged":[],"score":225,"play_id":"75142bbc-55a3-4d99-9891-c2537706f5f9","local_time":"20210221210738","is_ascension_mode":false,"campfire_choices":[{"data":"Bash","floor":6,"key":"SMITH"},{"data":"Defend_R","floor":8,"key":"SMITH"},{"floor":15,"key":"REST"}],"circlet_count":0,"master_deck":["Strike_R+1","Strike_R+1","Strike_R","Defend_R","Defend_R","Defend_R","Defend_R+1","Bash+1","Inflame+1","Demon Form","Flex","Pummel"],"relics":["Burning Blood","Whetstone","Sozu","Bag of Preparation","Strawberry"],"acts_visited":["Exordium","TheCity"],"potions_floor_usage":[16,16,18,22],"damage_taken":[{"damage":1,"enemies":"Jaw Worm","floor":1,"turns":5},{"damage":2,"enemies":"Cultist","floor":3,"turns":5},{"damage":8,"enemies":"Small Slimes","floor":4,"turns":3},{"damage":9,"enemies":"Red Slaver","floor":7,"turns":8},{"damage":2,"enemies":"Blue Slaver","floor":10,"turns":5},{"damage":3,"enemies":"3 Louse","floor":11,"turns":5},{"damage":23,"enemies":"Large Slime","floor":12,"turns":6},{"damage":28,"enemies":"Gremlin Nob","floor":14,"turns":4},{"damage":26,"enemies":"Slime Boss","floor":16,"turns":8},{"damage":2,"enemies":"Shell Parasite","floor":18,"turns":7},{"damage":2,"enemies":"Chosen","floor":21,"turns":4},{"damage":12,"enemies":"Snake Plant","floor":22,"turns":4},{"damage":46,"enemies":"Gremlin Leader","floor":23,"turns":6},{"damage":44,"enemies":"Shelled Parasite and Fungi","floor":25,"turns":5}],"seed_played":"-3769116383127879607","potions_obtained":[{"floor":1,"key":"Weak Potion"},{"floor":7,"key":"SteroidPotion"},{"floor":12,"key":"SkillPotion"},{"floor":16,"key":"Block Potion"}],"is_trial":false,"path_per_floor":["M","?","M","M","?","R","M","R","T","M","M","M","?","E","R","B",null,"M","?","?","M","M","E","?","M"],"character_chosen":"IRONCLAD","items_purchased":[],"campfire_rested":1,"item_purchase_floors":[],"current_hp_per_floor":[80,80,80,78,78,78,75,75,75,79,80,63,80,58,80,60,80,80,80,80,80,74,34,41,0,0],"gold":360,"neow_bonus":"TRANSFORM_CARD","is_daily":false,"chose_seed":false,"campfire_upgraded":2,"win_rate":0.0,"timestamp":1613959658,"path_taken":["M","?","?","M","?","R","M","R","T","M","M","?","?","E","R","BOSS","M","?","?","M","M","E","?","M"],"items_purchased_type":[],"build_version":"2020-12-22","purchased_purges":0,"victory":false,"max_hp_per_floor":[80,80,80,80,80,80,80,80,80,80,80,80,80,80,80,80,80,80,80,80,80,80,80,87,87,87],"card_choices":[{"not_picked":["Power Through","Anger","Second Wind"],"picked":"SKIP","floor":1},{"not_picked":["Anger","Armaments","Wild Strike"],"picked":"SKIP","floor":3},{"not_picked":["Anger","Cleave","Clothesline"],"picked":"SKIP","floor":4},{"not_picked":["Entrench","Havoc","Body Slam"],"picked":"SKIP","floor":7},{"not_picked":["Warcry","Infernal Blade","Havoc"],"picked":"SKIP","floor":10},{"not_picked":["Burning Pact","Battle Trance"],"picked":"Demon Form","floor":11},{"not_picked":["Sword Boomerang","Dark Embrace","Pommel Strike"],"picked":"SKIP","floor":12},{"not_picked":["Burning Pact","Dark Embrace","Pommel Strike"],"picked":"SKIP","floor":14},{"not_picked":["Body Slam+1","Headbutt","Ghostly Armor+1"],"picked":"SKIP","floor":18},{"not_picked":["Shockwave","Combust"],"picked":"Flex","floor":21},{"not_picked":["Blood for Blood","Iron Wave","Havoc+1"],"picked":"SKIP","floor":22},{"not_picked":["Power Through","Rupture"],"picked":"Pummel","floor":23}],"player_experience":62445,"relics_obtained":[{"floor":9,"key":"Whetstone"},{"floor":23,"key":"Bag of Preparation"}],"event_choices":[{"cards_removed":["Strike_R"],"damage_healed":0,"gold_gain":0,"player_choice":"Offered Basic","damage_taken":0,"max_hp_gain":0,"max_hp_loss":0,"event_name":"Bonfire Elementals","floor":2,"gold_loss":0},{"damage_healed":0,"gold_gain":0,"player_choice":"Upgraded","damage_taken":0,"max_hp_gain":0,"max_hp_loss":0,"event_name":"Upgrade Shrine","floor":5,"gold_loss":0,"cards_upgraded":["Inflame"]},{"damage_healed":20,"gold_gain":0,"player_choice":"Healed","damage_taken":0,"max_hp_gain":0,"max_hp_loss":0,"event_name":"The Cleric","floor":13,"gold_loss":35},{"damage_healed":0,"gold_gain":0,"player_choice":"Ignored","damage_taken":0,"max_hp_gain":0,"max_hp_loss":0,"event_name":"Vampires","floor":19,"gold_loss":0},{"damage_healed":0,"gold_gain":0,"player_choice":"Opened","damage_taken":0,"relics_obtained":["Strawberry"],"max_hp_gain":0,"max_hp_loss":0,"event_name":"The Mausoleum","floor":24,"gold_loss":0}],"is_beta":false,"boss_relics":[{"not_picked":["Cursed Key","Velvet Choker"],"picked":"Sozu"}],"items_purged_floors":[],"is_endless":false,"potions_floor_spawned":[1,7,12,16,21],"killed_by":"Shelled Parasite and Fungi","ascension_level":0}}