{"host":"g200jza2br9hmesm","time":1613974852,"event":{"mods":["AchievementEnabler","BaseMod","Colored Map","Downfall","Minty Spire (QoL Compilation)","Quick Restart","Relic Stats","StSLib"],"gold_per_floor":[119,119,135,60,60,90,150,170,170,170,189,189,189,264,264,366,366,386,396,396,296,313,313,343,343,343,343,354,354,354,453,453,549,549,566,289,300,320,27,52,52,52,79,98,114,142,142,0,0,0],"floor_reached":51,"language":"ENG","playtime":2378,"items_purged":["Strike_P","Defend_P","Eruption+1","Crescendo+1"],"score":821,"play_id":"cb7a6877-117f-4b61-b54b-e2f314b39dd3","local_time":"20210222012052","is_ascension_mode":false,"campfire_choices":[{"data":"Regret","floor":10,"key":"PURGE"},{"data":"Strike_P","floor":12,"key":"PURGE"},{"data":"Strike_P","floor":15,"key":"PURGE"},{"data":"Defend_P","floor":23,"key":"PURGE"},{"data":"LessonLearned","floor":25,"key":"PURGE"},{"data":"Defend_P","floor":29,"key":"PURGE"},{"floor":32,"key":"REST"},{"data":"ClearTheMind","floor":41,"key":"PURGE"},{"data":"Blasphemy","floor":47,"key":"PURGE"},{"data":"Alpha","floor":49,"key":"SMITH"}],"circlet_count":0,"master_deck":["Defend_P+1","Vigilance+1","Alpha+1","LikeWater","Ghostly","Ghostly","Ghostly","Ghostly","Ghostly","Wish","EmptyBody","EmptyFist+1"],"relics":["HolyWater","NeowsBlessing","Lizard Tail","MealTicket","Peace Pipe","Meat on the Bone","Ancient Tea Set","Pen Nib","Blue Candle","Empty Cage","Oddly Smooth Stone","Vajra","FossilizedHelix","Omamori","StoneCalendar","Red Mask"],"acts_visited":["Exordium","TheCity","TheBeyond"],"potions_floor_usage":[16,16,28,28,46,46,46],"damage_taken":[{"damage":0,"enemies":"Small Slimes","floor":1,"turns":1},{"damage":0,"enemies":"2 Louse","floor":3,"turns":1},{"damage":0,"enemies":"Gremlin Nob","floor":6,"turns":1},{"damage":25,"enemies":"3 Sentries","floor":7,"turns":5},{"damage":5,"enemies":"Jaw Worm","floor":8,"turns":3},{"damage":2,"enemies":"Blue Slaver","floor":11,"turns":3},{"damage":11,"enemies":"Hexaghost","floor":16,"turns":9},{"damage":13,"enemies":"3 Byrds","floor":18,"turns":6},{"damage":18,"enemies":"Spheric Guardian","floor":19,"turns":5},{"damage":10,"enemies":"Snecko","floor":22,"turns":3},{"damage":38,"enemies":"Gremlin Leader","floor":24,"turns":4},{"damage":10,"enemies":"Centurion and Healer","floor":28,"turns":4},{"damage":1,"enemies":"Collector","floor":33,"turns":7},{"damage":0,"enemies":"3 Darklings","floor":35,"turns":5},{"damage":2,"enemies":"Orb Walker","floor":37,"turns":5},{"damage":2,"enemies":"Spire Growth","floor":38,"turns":8},{"damage":9,"enemies":"Reptomancer","floor":40,"turns":6},{"damage":0,"enemies":"Jaw Worm Horde","floor":44,"turns":4},{"damage":0,"enemies":"Writhing Mass","floor":45,"turns":6},{"damage":54,"enemies":"Nemesis","floor":46,"turns":9},{"damage":1,"enemies":"Awakened One","floor":50,"turns":14}],"seed_played":"5893703217002414388","potions_obtained":[{"floor":7,"key":"EssenceOfSteel"},{"floor":11,"key":"Ancient Potion"},{"floor":22,"key":"bronze:BurnAndBuffPotion"},{"floor":24,"key":"EssenceOfSteel"},{"floor":33,"key":"Slimebound:ThreeZeroPotion"},{"floor":38,"key":"champ:CounterPotion"},{"floor":45,"key":"GamblersBrew"}],"is_trial":false,"path_per_floor":["M","?","M","$","?","E","?","M","T","R","M","R","?","?","R","B",null,"M","M","?","$","M","R","E","R","T","?","M","R","?","?","R","B",null,"M","$","M","M","$","E","R","?","T","M","M","E","R","?","R","B",null],"character_chosen":"WATCHER","items_purchased":["Oddly Smooth Stone","Vajra"],"campfire_rested":1,"item_purchase_floors":[36,39],"current_hp_per_floor":[72,72,72,72,72,72,47,42,42,42,40,40,33,22,22,23,72,59,41,41,56,46,46,20,20,20,20,22,22,22,22,32,31,36,36,36,34,32,36,27,27,27,27,27,27,29,29,29,29,28],"gold":0,"neow_bonus":"THREE_ENEMY_KILL","is_daily":false,"chose_seed":false,"campfire_upgraded":1,"win_rate":0.0,"timestamp":1613974852,"path_taken":["M","?","M","$","?","E","?","M","T","R","M","R","?","?","R","BOSS","M","M","?","$","M","R","E","R","T","?","M","R","?","?","R","BOSS","M","$","M","M","$","E","R","?","T","M","M","E","R","?","R","BOSS"],"items_purchased_type":["Relic","Relic"],"build_version":"2020-12-22","purchased_purges":4,"victory":true,"max_hp_per_floor":[72,72,72,72,72,72,72,72,72,72,72,72,72,72,72,72,72,72,72,72,72,72,72,72,72,72,72,72,72,36,36,36,36,36,36,36,36,36,36,36,36,34,34,34,34,34,34,34,34,34],"relic_stats":{"Peace Pipe":8,"Lizard Tail":17,"counters":[21,109],"Blue Candle":[2],"MealTicket":19,"StoneCalendar":[52],"Pen Nib":[2],"obtain_stats":[{"NeowsBlessing":0,"Blue Candle":26,"Oddly Smooth Stone":36,"Vajra":39,"StoneCalendar":46,"Pen Nib":24,"Omamori":43,"Ancient Tea Set":13,"Empty Cage":34,"Peace Pipe":7,"Lizard Tail":5,"HolyWater":17,"MealTicket":6,"Red Mask":48,"PureWater":0,"FossilizedHelix":40,"Meat on the Bone":9},{"NeowsBlessing":0,"Blue Candle":11,"Oddly Smooth Stone":14,"Vajra":16,"StoneCalendar":20,"Pen Nib":11,"Omamori":17,"Ancient Tea Set":6,"Empty Cage":13,"Peace Pipe":4,"Lizard Tail":2,"HolyWater":7,"MealTicket":3,"Red Mask":20,"PureWater":0,"FossilizedHelix":17,"Meat on the Bone":5},{"NeowsBlessing":0,"Blue Candle":41,"Oddly Smooth Stone":57,"Vajra":70,"StoneCalendar":95,"Pen Nib":41,"Omamori":76,"Ancient Tea Set":14,"Empty Cage":52,"Peace Pipe":8,"Lizard Tail":2,"HolyWater":23,"MealTicket":3,"Red Mask":95,"PureWater":0,"FossilizedHelix":76,"Meat on the Bone":11}],"Meat on the Bone":48},"card_choices":[{"not_picked":["Protect","InnerPeace"],"picked":"SignatureMove","floor":1},{"not_picked":["Collect","Evaluate","FollowUp"],"picked":"SKIP","floor":3},{"not_picked":["WaveOfTheHand","WheelKick"],"picked":"LessonLearned","floor":6},{"not_picked":["Worship","EmptyBody"],"picked":"ClearTheMind","floor":7},{"not_picked":["CutThroughFate","ClearTheMind","FollowUp"],"picked":"SKIP","floor":8},{"not_picked":["SandsOfTime","CutThroughFate","Fasting2"],"picked":"SKIP","floor":11},{"not_picked":["Devotion","Scrawl"],"picked":"Alpha","floor":16},{"not_picked":["FlurryOfBlows","ReachHeaven","PathToVictory"],"picked":"SKIP","floor":18},{"not_picked":["FollowUp","Adaptation"],"picked":"Crescendo+1","floor":19},{"not_picked":["ThirdEye+1","Indignation","Crescendo+1"],"picked":"SKIP","floor":22},{"not_picked":["Evaluate","Halt"],"picked":"LikeWater","floor":24},{"not_picked":["WreathOfFlame+1","WheelKick","JustLucky+1"],"picked":"SKIP","floor":28},{"not_picked":["Alpha","Vault"],"picked":"Wish","floor":33},{"not_picked":["Evaluate","ThirdEye"],"picked":"EmptyBody","floor":35},{"not_picked":["Evaluate+1","CarveReality+1","Halt+1"],"picked":"SKIP","floor":37},{"not_picked":["JustLucky","Tantrum","Wish"],"picked":"SKIP","floor":38},{"not_picked":["Crescendo+1","Protect+1"],"picked":"EmptyFist+1","floor":40},{"not_picked":["FlyingSleeves","Prostrate+1","JustLucky+1"],"picked":"SKIP","floor":44},{"not_picked":["Consecrate","WheelKick"],"picked":"Blasphemy","floor":45},{"not_picked":["CrushJoints","Halt","Consecrate"],"picked":"SKIP","floor":46}],"player_experience":333034,"relics_obtained":[{"floor":6,"key":"MealTicket"},{"floor":7,"key":"Peace Pipe"},{"floor":9,"key":"Meat on the Bone"},{"floor":24,"key":"Pen Nib"},{"floor":26,"key":"Blue Candle"},{"floor":40,"key":"FossilizedHelix"},{"floor":43,"key":"Omamori"},{"floor":46,"key":"StoneCalendar"}],"event_choices":[{"damage_healed":0,"gold_gain":0,"player_choice":"Grow","damage_taken":0,"max_hp_gain":0,"max_hp_loss":0,"event_name":"Living Wall","floor":2,"gold_loss":0,"cards_upgraded":["Eruption"]},{"damage_healed":0,"gold_gain":0,"player_choice":"Box","damage_taken":0,"relics_obtained":["Lizard Tail"],"max_hp_gain":0,"max_hp_loss":0,"event_name":"Big Fish","floor":5,"gold_loss":0,"cards_obtained":["Regret"]},{"damage_healed":0,"gold_gain":30,"player_choice":"Searched \u00273\u0027 times","damage_taken":0,"max_hp_gain":0,"max_hp_loss":0,"event_name":"Dead Adventurer","floor":7,"gold_loss":0},{"damage_healed":0,"gold_gain":0,"player_choice":"Success","damage_taken":7,"relics_obtained":["Ancient Tea Set"],"max_hp_gain":0,"max_hp_loss":0,"event_name":"Scrap Ooze","floor":13,"gold_loss":0},{"damage_healed":0,"gold_gain":75,"player_choice":"Gather Gold","damage_taken":11,"max_hp_gain":0,"max_hp_loss":0,"event_name":"World of Goop","floor":14,"gold_loss":0},{"cards_removed":["Strike_P"],"damage_healed":0,"gold_gain":0,"player_choice":"Elegance","damage_taken":0,"max_hp_gain":0,"max_hp_loss":0,"event_name":"Back to Basics","floor":20,"gold_loss":0},{"damage_healed":0,"gold_gain":0,"player_choice":"Smashed Altar","damage_taken":0,"max_hp_gain":0,"max_hp_loss":0,"event_name":"Forgotten Altar","floor":27,"gold_loss":0,"cards_obtained":["Decay"]},{"damage_healed":0,"gold_gain":0,"player_choice":"Became a Ghost","damage_taken":0,"max_hp_gain":0,"max_hp_loss":36,"event_name":"Ghosts","floor":30,"gold_loss":0,"cards_obtained":["Ghostly","Ghostly","Ghostly","Ghostly","Ghostly"]},{"damage_healed":0,"gold_gain":99,"player_choice":"Stole From Cult","damage_taken":0,"max_hp_gain":0,"max_hp_loss":0,"event_name":"Nest","floor":31,"gold_loss":0},{"damage_healed":0,"gold_gain":0,"player_choice":"Max HP","damage_taken":0,"max_hp_gain":0,"max_hp_loss":2,"event_name":"Winding Halls","floor":42,"gold_loss":0},{"damage_healed":0,"gold_gain":0,"player_choice":"Paid","damage_taken":0,"relics_obtained":["Red Mask"],"max_hp_gain":0,"max_hp_loss":0,"event_name":"Tomb of Lord Red Mask","floor":48,"gold_loss":142}],"is_beta":false,"boss_relics":[{"not_picked":["Tiny House","Snecko Eye"],"picked":"HolyWater"},{"not_picked":["Busted Crown","Philosopher\u0027s Stone"],"picked":"Empty Cage"}],"items_purged_floors":[4,21,36,39],"is_endless":false,"potions_floor_spawned":[7,11,22,24,33,38,45],"ascension_level":0}}