{"host":"y0i0tbisecj7yjyn","time":1613955761,"event":{"mods":["2.2 Compatiblity","AchievementEnabler","AlwaysNeverKeys","BaseMod","Better Third Choice","BetterRewards","Colored Map","Colored Powertips","Curses Come First","Disable Question Mark Monsters","Displayed Cursed Tome","Highlight Path","Keyboard Shortcuts","Minty Spire (QoL Compilation)","Quick Restart","Random Character Button","Rare Cards Sparkle","Relic Stats","Reliquary","Smile Girya","StSLib","SuperFastMode","The Marked","Transform Curses","Weighted Paths"],"gold_per_floor":[110,127,127,92,111,142,142,142,142,142,166,166,189,228,228,228,228],"floor_reached":16,"language":"ENG","playtime":636,"items_purged":[],"score":110,"play_id":"b674c26d-950a-4fbd-b5cb-618936625a5a","local_time":"20210221190241","is_ascension_mode":false,"campfire_choices":[{"floor":7,"key":"REST"},{"data":"Vigilance","floor":10,"key":"SMITH"},{"data":"ClearTheMind","floor":12,"key":"SMITH"},{"floor":15,"key":"REST"}],"circlet_count":0,"master_deck":["Strike_P","Strike_P","Strike_P","Strike_P","Defend_P","Defend_P","Defend_P","Defend_P","Eruption+1","Vigilance+1","SashWhip","Prostrate","Perseverance","Prostrate","ClearTheMind+1","Halt","BattleHymn"],"relics":["PureWater","NeowsBlessing","Golden Idol","reliquary:QuartzCube","reliquary:GummyVitamins","reliquary:TridentHead"],"acts_visited":["Exordium"],"potions_floor_usage":[6,14,16],"damage_taken":[{"damage":0,"enemies":"Jaw Worm","floor":1,"turns":1},{"damage":0,"enemies":"Small Slimes","floor":2,"turns":1},{"damage":0,"enemies":"2 Louse","floor":5,"turns":2},{"damage":26,"enemies":"Lagavulin","floor":6,"turns":7},{"damage":9,"enemies":"Red Slaver","floor":11,"turns":4},{"damage":5,"enemies":"Looter","floor":13,"turns":3},{"damage":24,"enemies":"Gremlin Nob","floor":14,"turns":5},{"damage":60,"enemies":"The Guardian","floor":16,"turns":5}],"seed_played":"1385268869608012408","potions_obtained":[{"floor":1,"key":"Energy Potion"},{"floor":11,"key":"Explosive Potion"},{"floor":13,"key":"Energy Potion"},{"floor":14,"key":"PowerPotion"}],"is_trial":false,"path_per_floor":["M","M","?","?","M","E","R","?","T","R","M","R","M","E","R","B"],"character_chosen":"WATCHER","items_purchased":[],"campfire_rested":2,"item_purchase_floors":[],"current_hp_per_floor":[72,72,54,72,72,46,67,67,67,67,58,58,53,29,50,0,0],"gold":228,"neow_bonus":"THREE_ENEMY_KILL","is_daily":false,"chose_seed":false,"campfire_upgraded":2,"win_rate":0.0,"timestamp":1613955761,"path_taken":["M","M","?","?","M","E","R","?","T","R","M","R","?","E","R","BOSS"],"items_purchased_type":[],"build_version":"2020-12-22","purchased_purges":0,"victory":false,"max_hp_per_floor":[72,72,72,72,72,72,72,72,72,72,72,72,72,72,72,72,72],"relic_stats":{"counters":[58,257],"Golden Idol":80,"obtain_stats":[{"Lantern":29,"reliquary:Boomerang":6,"Gremlin Horn":11,"Singing Bowl":26,"reliquary:PartyBalloon":9,"Black Blood":34,"Vajra":46,"reliquary:BigHammer":17,"Mango":42,"reliquary:RedCape":17,"Bottled Tornado":13,"Ancient Tea Set":8,"reliquary:QuartzCube":10,"Burning Blood":0,"Blood Vial":30,"reliquary:TridentHead":14,"Sundial":31,"reliquary:Buckler":4,"WingedGreaves":28,"reliquary:Vitrine":47,"InkBottle":26,"Potion Belt":21,"Girya":7,"NeowsBlessing":0,"Golden Idol":5,"The Courier":43,"War Paint":46,"reliquary:IridiumChain":41,"WarpedTongs":2,"Bottled Flame":22,"Anchor":6,"reliquary:PorcupineQuills":10,"Bloody Idol":19,"Bronze Scales":24,"reliquary:GummyVitamins":9,"reliquary:TuningFork":9,"Toy Ornithopter":24},{"Lantern":15,"reliquary:Boomerang":46,"Gremlin Horn":25,"Singing Bowl":31,"reliquary:PartyBalloon":3,"Black Blood":34,"Vajra":41,"reliquary:BigHammer":28,"Mango":40,"reliquary:RedCape":7,"Bottled Tornado":26,"Ancient Tea Set":23,"reliquary:QuartzCube":23,"Burning Blood":0,"Blood Vial":32,"reliquary:TridentHead":57,"Sundial":33,"reliquary:Buckler":44,"WingedGreaves":32,"reliquary:Vitrine":42,"InkBottle":12,"Potion Belt":30,"Girya":3,"NeowsBlessing":0,"Golden Idol":2,"The Courier":40,"War Paint":41,"reliquary:IridiumChain":39,"WarpedTongs":18,"Bottled Flame":10,"Anchor":21,"reliquary:PorcupineQuills":48,"Bloody Idol":8,"Bronze Scales":31,"reliquary:GummyVitamins":54,"reliquary:TuningFork":47,"Toy Ornithopter":11},{"Lantern":43,"reliquary:Boomerang":215,"Gremlin Horn":97,"Singing Bowl":137,"reliquary:PartyBalloon":3,"Black Blood":157,"Vajra":192,"reliquary:BigHammer":119,"Mango":188,"reliquary:RedCape":15,"Bottled Tornado":104,"Ancient Tea Set":85,"reliquary:QuartzCube":85,"Burning Blood":0,"Blood Vial":142,"reliquary:TridentHead":252,"Sundial":148,"reliquary:Buckler":209,"WingedGreaves":142,"reliquary:Vitrine":200,"InkBottle":32,"Potion Belt":131,"Girya":3,"NeowsBlessing":0,"Golden Idol":2,"The Courier":188,"War Paint":192,"reliquary:IridiumChain":181,"WarpedTongs":57,"Bottled Flame":25,"Anchor":77,"reliquary:PorcupineQuills":225,"Bloody Idol":18,"Bronze Scales":137,"reliquary:GummyVitamins":240,"reliquary:TuningFork":216,"Toy Ornithopter":30}]},"card_choices":[{"not_picked":["Conclude","FollowUp"],"picked":"SashWhip","floor":1},{"not_picked":["SashWhip","Meditate"],"picked":"Prostrate","floor":2},{"not_picked":["EmptyBody","BowlingBash"],"picked":"Perseverance","floor":5},{"not_picked":["Ragnarok","Worship"],"picked":"Prostrate","floor":6},{"not_picked":["Collect","Wireheading"],"picked":"ClearTheMind","floor":11},{"not_picked":["ClearTheMind","BowlingBash"],"picked":"Halt","floor":13},{"not_picked":["EmptyFist","SignatureMove"],"picked":"BattleHymn","floor":14}],"player_experience":532560,"relics_obtained":[{"floor":6,"key":"reliquary:QuartzCube"},{"floor":9,"key":"reliquary:GummyVitamins"},{"floor":14,"key":"reliquary:TridentHead"}],"event_choices":[{"damage_healed":0,"gold_gain":0,"player_choice":"Take Damage","damage_taken":18,"relics_obtained":["Golden Idol"],"max_hp_gain":0,"max_hp_loss":0,"event_name":"Golden Idol","floor":3,"gold_loss":0},{"damage_healed":18,"gold_gain":0,"player_choice":"Healed","damage_taken":0,"max_hp_gain":0,"max_hp_loss":0,"event_name":"The Cleric","floor":4,"gold_loss":35},{"damage_healed":0,"gold_gain":0,"player_choice":"Grow","damage_taken":0,"max_hp_gain":0,"max_hp_loss":0,"event_name":"Living Wall","floor":8,"gold_loss":0,"cards_upgraded":["Eruption"]}],"is_beta":false,"boss_relics":[],"items_purged_floors":[],"is_endless":false,"potions_floor_spawned":[1,11,13,14],"killed_by":"The Guardian","ascension_level":0}}