{"host":"ptk1shuto3uimndw","time":1613978674,"event":{"mods":["AchievementEnabler","BaseMod","Bestiary","Colored Map","Colored Powertips","Curses Come First","Minty Spire (QoL Compilation)","Quick Restart","Rare Cards Sparkle","Relic Stats","StSLib","Uncapped"],"gold_per_floor":[117,117,131,131,19,63,63,78,132,132,172,65,65,86,86,182,182,203,228,228,228,327,327,327,327],"floor_reached":24,"language":"ENG","playtime":497,"items_purged":["Strike_P"],"score":333,"play_id":"67b20562-1c0f-4c36-b9d7-126a76824759","local_time":"20210222082434","is_ascension_mode":true,"campfire_choices":[{"data":"MentalFortress","floor":7,"key":"SMITH"},{"data":"MentalFortress","floor":15,"key":"SMITH"},{"data":"Scrawl","floor":23,"key":"SMITH"}],"circlet_count":0,"master_deck":["AscendersBane","Strike_P","Strike_P","Strike_P","Defend_P","Defend_P+1","Defend_P","Defend_P+1","Eruption","Vigilance","The Bomb+1","EmptyFist","WheelKick","MentalFortress+1","FlurryOfBlows","Conclude","Wallop","MentalFortress+1","Scrawl+1"],"relics":["HolyWater","Golden Idol","Damaru","Tiny Chest","Pantograph","Anchor","Nilry\u0027s Codex","StrikeDummy"],"acts_visited":["Exordium","TheCity"],"potions_floor_usage":[],"damage_taken":[{"damage":0,"enemies":"2 Louse","floor":1,"turns":4},{"damage":0,"enemies":"Small Slimes","floor":3,"turns":3},{"damage":12,"enemies":"3 Sentries","floor":6,"turns":3},{"damage":4,"enemies":"Jaw Worm","floor":8,"turns":3},{"damage":11,"enemies":"Gremlin Nob","floor":11,"turns":4},{"damage":0,"enemies":"2 Fungi Beasts","floor":14,"turns":1},{"damage":17,"enemies":"Slime Boss","floor":16,"turns":9},{"damage":9,"enemies":"2 Thieves","floor":18,"turns":3},{"damage":4,"enemies":"Spheric Guardian","floor":19,"turns":4},{"damage":26,"enemies":"Gremlin Leader","floor":24,"turns":3}],"seed_played":"-8491498384960902175","potions_obtained":[{"floor":1,"key":"LiquidBronze"},{"floor":11,"key":"BottledMiracle"},{"floor":16,"key":"Strength Potion"}],"is_trial":false,"path_per_floor":["M","?","M","?","$","E","R","M","T","?","E","$","?","M","R","B",null,"M","M","?","T","?","R","E"],"character_chosen":"WATCHER","items_purchased":["WheelKick","Wallop","MentalFortress"],"campfire_rested":0,"item_purchase_floors":[5,12,12],"current_hp_per_floor":[65,65,65,60,60,48,48,44,44,41,30,30,18,18,18,26,52,43,39,23,23,23,23,0,0],"gold":327,"neow_bonus":"RANDOM_COLORLESS_2","is_daily":false,"chose_seed":false,"campfire_upgraded":3,"win_rate":0.0,"timestamp":1613978674,"path_taken":["M","?","M","?","$","E","R","M","T","?","E","$","?","M","R","BOSS","M","M","?","?","?","R","E"],"items_purchased_type":["Card","Card","Card"],"build_version":"2020-12-22","purchased_purges":1,"victory":false,"max_hp_per_floor":[65,65,65,60,60,60,60,60,60,60,60,60,60,60,60,60,60,60,60,60,60,60,60,60,60],"relic_stats":{"counters":[10,37],"Golden Idol":52,"Pantograph":25,"Tiny Chest":1,"obtain_stats":[{"Anchor":11,"Golden Idol":4,"Nilry\u0027s Codex":20,"Pantograph":10,"Damaru":6,"HolyWater":17,"Tiny Chest":9,"PureWater":0,"StrikeDummy":21},{"Anchor":5,"Golden Idol":2,"Nilry\u0027s Codex":9,"Pantograph":4,"Damaru":3,"HolyWater":7,"Tiny Chest":4,"PureWater":0,"StrikeDummy":9},{"Anchor":17,"Golden Idol":7,"Nilry\u0027s Codex":34,"Pantograph":13,"Damaru":10,"HolyWater":27,"Tiny Chest":13,"PureWater":0,"StrikeDummy":34}]},"card_choices":[{"not_picked":["Violence","Magnetism"],"picked":"The Bomb","floor":0},{"not_picked":["EmptyBody","FearNoEvil"],"picked":"EmptyFist","floor":1},{"not_picked":["ThirdEye","FlyingSleeves","Protect"],"picked":"SKIP","floor":3},{"not_picked":["Wireheading","Vengeance"],"picked":"MentalFortress","floor":6},{"not_picked":["CutThroughFate","BattleHymn"],"picked":"FlurryOfBlows","floor":8},{"not_picked":["ThirdEye","Protect"],"picked":"Conclude","floor":11},{"not_picked":["Prostrate","FlyingSleeves","SashWhip"],"picked":"SKIP","floor":14},{"not_picked":["Establishment","Devotion"],"picked":"Scrawl","floor":16},{"not_picked":["Consecrate+1","ForeignInfluence","CutThroughFate"],"picked":"SKIP","floor":18},{"not_picked":["FlyingSleeves","Wireheading+1","ThirdEye"],"picked":"SKIP","floor":19}],"player_experience":283582,"relics_obtained":[{"floor":6,"key":"Damaru"},{"floor":9,"key":"Tiny Chest"},{"floor":11,"key":"Anchor"},{"floor":20,"key":"Nilry\u0027s Codex"},{"floor":21,"key":"StrikeDummy"}],"event_choices":[{"damage_healed":0,"gold_gain":0,"player_choice":"Grow","damage_taken":0,"max_hp_gain":0,"max_hp_loss":0,"event_name":"Living Wall","floor":2,"gold_loss":0,"cards_upgraded":["The Bomb"]},{"damage_healed":0,"gold_gain":0,"player_choice":"Lose Max HP","damage_taken":0,"relics_obtained":["Golden Idol"],"max_hp_gain":0,"max_hp_loss":5,"event_name":"Golden Idol","floor":4,"gold_loss":0},{"damage_healed":0,"gold_gain":0,"player_choice":"Success","damage_taken":3,"relics_obtained":["Pantograph"],"max_hp_gain":0,"max_hp_loss":0,"event_name":"Scrap Ooze","floor":10,"gold_loss":0},{"damage_healed":0,"gold_gain":0,"player_choice":"Entered Light","damage_taken":12,"max_hp_gain":0,"max_hp_loss":0,"event_name":"Shining Light","floor":13,"gold_loss":0,"cards_upgraded":["Defend_P","Defend_P"]},{"damage_healed":0,"gold_gain":0,"player_choice":"Obtained Book","damage_taken":16,"max_hp_gain":0,"max_hp_loss":0,"event_name":"Cursed Tome","floor":20,"gold_loss":0},{"damage_healed":0,"gold_gain":99,"player_choice":"Stole From Cult","damage_taken":0,"max_hp_gain":0,"max_hp_loss":0,"event_name":"Nest","floor":22,"gold_loss":0}],"is_beta":false,"boss_relics":[{"not_picked":["Runic Dome","SacredBark"],"picked":"HolyWater"}],"items_purged_floors":[5],"is_endless":false,"potions_floor_spawned":[1,11,16],"killed_by":"Gremlin Leader","ascension_level":13}}