{"host":"Tylorde","time":1613957851,"event":{"mods":["BaseMod","Minty Spire (QoL Compilation)","Weighted Paths"],"gold_per_floor":[212,212,223,240,205,205,8,8,63,63,77,77,77,108,108,184,184,195,43,55,0,19,19,45,45,70,95,95,195,214,214,214,286,286,303,26,0,51,51,82,93,119,119,138,138,50,50,75,75,75,75,75,26,52,52],"floor_reached":56,"language":"ENG","playtime":4588,"items_purged":["Defend_B","White Noise"],"score":2176,"play_id":"9d3df4ee-e9a1-48cc-927f-c82331c3ad6d","local_time":"20210221173731","is_ascension_mode":true,"campfire_choices":[{"data":"Zap","floor":6.0,"key":"SMITH"},{"data":"Steam","floor":10.0,"key":"SMITH"},{"data":"Sweeping Beam","floor":13.0,"key":"SMITH"},{"data":"White Noise","floor":15.0,"key":"SMITH"},{"data":"Genetic Algorithm","floor":23.0,"key":"SMITH"},{"data":"Biased Cognition","floor":25.0,"key":"SMITH"},{"floor":28.0,"key":"REST"},{"floor":32,"key":"REST"},{"floor":45,"key":"RECALL"},{"data":"Heatsinks","floor":47,"key":"SMITH"},{"data":"Defragment","floor":49,"key":"SMITH"},{"data":"Redo","floor":52,"key":"SMITH"}],"circlet_count":0,"master_deck":["AscendersBane","Defend_B","Defend_B","Zap+1","Dualcast","Ball Lightning","Ball Lightning","Sweeping Beam+1","Steam+1","Chill+1","White Noise+1","Biased Cognition+1","Beam Cell+1","Beam Cell+1","Lockon+1","Capacitor","Steam Power","Genetic Algorithm+1","Steam Power+1","Glacier","Scrape","White Noise","Core Surge","Capacitor+1","Heatsinks+1","Double Energy","Reinforced Body","Redo+1","Dark Shackles","Defragment+1","Echo Form"],"relics":["Cracked Core","Art of War","Mummified Hand","Nunchaku","Singing Bowl","Astrolabe","Smiling Mask","Happy Flower","CaptainsWheel","FossilizedHelix","InkBottle","SlaversCollar","Runic Capacitor","Red Mask","Incense Burner","Centennial Puzzle","Symbiotic Virus","HornCleat","Vajra","Orichalcum"],"acts_visited":["Exordium","TheCity","TheBeyond","TheEnding"],"potions_floor_usage":[33,38,40,50,55],"damage_taken":[{"damage":0.0,"enemies":"2 Louse","floor":1.0,"turns":3.0},{"damage":4.0,"enemies":"Small Slimes","floor":3.0,"turns":3.0},{"damage":0.0,"enemies":"Jaw Worm","floor":4.0,"turns":3.0},{"damage":0.0,"enemies":"Large Slime","floor":11.0,"turns":3.0},{"damage":0.0,"enemies":"Lagavulin","floor":14.0,"turns":4.0},{"damage":9.0,"enemies":"The Guardian","floor":16.0,"turns":12.0},{"damage":8.0,"enemies":"Chosen","floor":18.0,"turns":4.0},{"damage":9.0,"enemies":"Spheric Guardian","floor":20.0,"turns":3.0},{"damage":9.0,"enemies":"Shelled Parasite and Fungi","floor":22.0,"turns":3.0},{"damage":26.0,"enemies":"Book of Stabbing","floor":24.0,"turns":4.0},{"damage":15.0,"enemies":"Slavers","floor":27.0,"turns":4.0},{"damage":5.0,"enemies":"Colosseum Slavers","floor":29.0,"turns":3.0},{"damage":6.0,"enemies":"Colosseum Nobs","floor":29.0,"turns":5.0},{"damage":8,"enemies":"Snake Plant","floor":30,"turns":3},{"damage":0,"enemies":"Collector","floor":33,"turns":4},{"damage":0,"enemies":"3 Darklings","floor":35,"turns":3},{"damage":31,"enemies":"2 Orb Walkers","floor":38,"turns":4},{"damage":0,"enemies":"Reptomancer","floor":40,"turns":6},{"damage":0,"enemies":"3 Shapes","floor":41,"turns":3},{"damage":0,"enemies":"Giant Head","floor":42,"turns":6},{"damage":0,"enemies":"Jaw Worm Horde","floor":44,"turns":4},{"damage":0,"enemies":"Reptomancer","floor":48,"turns":4},{"damage":0,"enemies":"Donu and Deca","floor":50,"turns":9},{"damage":0,"enemies":"Shield and Spear","floor":54,"turns":3},{"damage":10,"enemies":"The Heart","floor":55,"turns":6}],"seed_played":"2887955967725410247","potions_obtained":[{"floor":3.0,"key":"EssenceOfSteel"},{"floor":4.0,"key":"AttackPotion"},{"floor":16.0,"key":"DistilledChaos"},{"floor":24.0,"key":"BlessingOfTheForge"},{"floor":27.0,"key":"PotionOfCapacity"},{"floor":29.0,"key":"Swift Potion"},{"floor":30,"key":"FocusPotion"},{"floor":35,"key":"Swift Potion"},{"floor":38,"key":"FocusPotion"},{"floor":42,"key":"EssenceOfSteel"}],"is_trial":false,"path_per_floor":["M","?","M","M","?","R","$","T","T","R","M","?","R","E","R","B",null,"M","$","M","?","M","R","E","R","T","E","R","?","M","?","R","B",null,"M","$","?","?","T","E","M","E","T","M","R","$","R","E","R","B",null,"R","$","E","B",null],"character_chosen":"DEFECT","items_purchased":["Art of War","Steam","Steam Power","Runic Capacitor","Heatsinks","Dark Shackles","Swift Potion"],"campfire_rested":2,"item_purchase_floors":[7,7,19,36,36,46,53],"current_hp_per_floor":[68,53,49,49,67,67,67,67,67,67,67,67,67,67,67,58,71,63,63,54,54,47,47,21,21,21,6,29,20,12,12,35,35,68,68,68,68,37,37,39,39,41,41,41,41,41,41,41,41,41,73,73,73,73,63],"gold":52,"neow_bonus":"HUNDRED_GOLD","is_daily":false,"chose_seed":false,"campfire_upgraded":9,"win_rate":0.0,"timestamp":1613957851,"path_taken":["M","?","M","M","?","R","$","?","T","R","M","?","R","E","R","BOSS","M","$","M","?","M","R","E","R","T","E","R","?","M","?","R","BOSS","M","$","?","?","?","E","M","E","T","M","R","$","R","E","R","BOSS","R","$","E","BOSS"],"items_purchased_type":["Relic","Card","Card","Relic","Card","Card","Potion"],"build_version":"2020-12-18","purchased_purges":2,"victory":true,"max_hp_per_floor":[75,75,75,75,75,75,75,75,75,75,75,75,75,75,75,75,75,75,75,75,75,77,77,77,77,77,77,77,79,79,79,79,79,79,79,79,79,79,79,81,81,83,83,83,83,83,83,83,83,83,83,83,83,83,83],"card_choices":[{"not_picked":["Barrage","Leap"],"picked":"Ball Lightning","floor":1.0},{"not_picked":["Beam Cell","Consume"],"picked":"Ball Lightning","floor":3.0},{"not_picked":["Beam Cell","Rebound"],"picked":"Sweeping Beam","floor":4.0},{"not_picked":["Melter","Streamline"],"picked":"Chill","floor":11.0},{"not_picked":["Barrage","Redo"],"picked":"White Noise","floor":14.0},{"not_picked":["Creative AI","Echo Form"],"picked":"Biased Cognition","floor":16.0},{"not_picked":["Reprogram","Rebound"],"picked":"Capacitor","floor":18.0},{"not_picked":["Stack","Beam Cell"],"picked":"Genetic Algorithm","floor":20.0},{"not_picked":["Chill","Ball Lightning","Rip and Tear"],"picked":"Singing Bowl","floor":22.0},{"not_picked":["Hologram","Beam Cell+1"],"picked":"Steam Power+1","floor":24.0},{"not_picked":["Cold Snap","Thunder Strike"],"picked":"Glacier","floor":27.0},{"not_picked":["Consume","Steam","Recycle"],"picked":"Singing Bowl","floor":29.0},{"not_picked":["Self Repair","Steam Power"],"picked":"Scrape","floor":30},{"not_picked":["Fission","Hyperbeam"],"picked":"Core Surge","floor":33},{"not_picked":["Coolheaded+1","Stack"],"picked":"Capacitor+1","floor":35},{"not_picked":["Tempest","Lockon"],"picked":"Double Energy","floor":38},{"not_picked":["Rip and Tear+1","Rebound","Coolheaded"],"picked":"Singing Bowl","floor":40},{"not_picked":["Auto Shields","Leap"],"picked":"Reinforced Body","floor":41},{"not_picked":["Double Energy","Gash","Barrage"],"picked":"Singing Bowl","floor":42},{"not_picked":["Streamline","Genetic Algorithm"],"picked":"Redo","floor":44},{"not_picked":["Glacier","BootSequence+1"],"picked":"Defragment","floor":48},{"not_picked":["Electrodynamics","Stack+1"],"picked":"Echo Form","floor":54}],"player_experience":895963,"relics_obtained":[{"floor":8.0,"key":"Mummified Hand"},{"floor":9.0,"key":"Nunchaku"},{"floor":14.0,"key":"Singing Bowl"},{"floor":24.0,"key":"Smiling Mask"},{"floor":26.0,"key":"Happy Flower"},{"floor":27.0,"key":"CaptainsWheel"},{"floor":29.0,"key":"FossilizedHelix"},{"floor":29.0,"key":"InkBottle"},{"floor":38,"key":"Incense Burner"},{"floor":40,"key":"Centennial Puzzle"},{"floor":42,"key":"Symbiotic Virus"},{"floor":43,"key":"HornCleat"},{"floor":48,"key":"Vajra"},{"floor":54,"key":"Orichalcum"}],"event_choices":[{"damage_healed":0.0,"max_hp_gain":0.0,"max_hp_loss":0.0,"gold_gain":0.0,"event_name":"Shining Light","player_choice":"Entered Light","floor":2.0,"gold_loss":0.0,"damage_taken":15.0,"cards_upgraded":["Strike_B","Strike_B"]},{"damage_healed":18.0,"max_hp_gain":0.0,"max_hp_loss":0.0,"gold_gain":0.0,"event_name":"The Cleric","player_choice":"Healed","floor":5.0,"gold_loss":35.0,"damage_taken":0.0},{"damage_healed":0.0,"max_hp_gain":0.0,"max_hp_loss":0.0,"gold_gain":0.0,"event_name":"Living Wall","player_choice":"Grow","floor":12.0,"gold_loss":0.0,"damage_taken":0.0,"cards_upgraded":["Chill"]},{"damage_healed":0.0,"max_hp_gain":0.0,"max_hp_loss":0.0,"gold_gain":0.0,"event_name":"Masked Bandits","player_choice":"Paid Fearfully","floor":21.0,"gold_loss":55.0,"damage_taken":0.0},{"damage_healed":0.0,"max_hp_gain":0.0,"max_hp_loss":0.0,"gold_gain":0.0,"event_name":"Colosseum","player_choice":"Fight","floor":29.0,"gold_loss":0.0,"damage_taken":0.0},{"damage_healed":0.0,"max_hp_gain":0.0,"max_hp_loss":0.0,"gold_gain":0.0,"event_name":"Colosseum","player_choice":"Fought Nobs","floor":29.0,"gold_loss":0.0,"damage_taken":0.0},{"damage_healed":0,"gold_gain":0,"cards_transformed":["Strike_B","Strike_B"],"player_choice":"Became Test Subject","damage_taken":0,"max_hp_gain":0,"max_hp_loss":0,"event_name":"Drug Dealer","floor":31,"gold_loss":0,"cards_obtained":["White Noise","White Noise"]},{"damage_healed":0,"gold_gain":0,"player_choice":"Paid","damage_taken":0,"relics_obtained":["Red Mask"],"max_hp_gain":0,"max_hp_loss":0,"event_name":"Tomb of Lord Red Mask","floor":37,"gold_loss":26},{"damage_healed":0,"gold_gain":0,"player_choice":"Fight","damage_taken":0,"max_hp_gain":0,"max_hp_loss":0,"event_name":"Mysterious Sphere","floor":38,"gold_loss":0}],"is_beta":true,"boss_relics":[{"not_picked":["Runic Pyramid","Empty Cage"],"picked":"Astrolabe"},{"not_picked":["Runic Dome","Fusion Hammer"],"picked":"SlaversCollar"}],"items_purged_floors":[19,36],"is_endless":false,"potions_floor_spawned":[3,4,16,24,27,29,29,30,35,38,42,44],"ascension_level":13}}