{"host":"Tylorde","time":1613953169,"event":{"mods":["BaseMod","Minty Spire (QoL Compilation)","Weighted Paths"],"gold_per_floor":[112,112,129,129,94,94,121,131,156,174,174,174],"floor_reached":11,"language":"ENG","playtime":457,"items_purged":[],"score":157,"play_id":"2b596643-8dd2-4629-9c03-12060f7f6a03","local_time":"20210221161929","is_ascension_mode":true,"campfire_choices":[{"data":"Footwork","floor":6,"key":"SMITH"}],"circlet_count":0,"master_deck":["AscendersBane","Strike_G","Strike_G","Strike_G","Strike_G","Defend_G","Defend_G","Defend_G","Defend_G","Defend_G","Survivor","Neutralize","Footwork+1","Dagger Spray","Skewer","Sucker Punch"],"relics":["Ring of the Snake","NeowsBlessing","Bag of Preparation","Singing Bowl"],"acts_visited":["Exordium"],"potions_floor_usage":[10,11],"damage_taken":[{"damage":0,"enemies":"Small Slimes","floor":1,"turns":1},{"damage":0,"enemies":"2 Louse","floor":3,"turns":1},{"damage":0,"enemies":"Lagavulin","floor":7,"turns":1},{"damage":1,"enemies":"Jaw Worm","floor":8,"turns":3},{"damage":16,"enemies":"Lots of Slimes","floor":10,"turns":3},{"damage":54,"enemies":"Gremlin Nob","floor":11,"turns":5}],"seed_played":"3467687331993985604","potions_obtained":[{"floor":1,"key":"Weak Potion"},{"floor":3,"key":"DistilledChaos"}],"is_trial":false,"path_per_floor":["M","?","M","?","?","R","E","M","T","M","E"],"character_chosen":"THE_SILENT","items_purchased":[],"campfire_rested":0,"item_purchase_floors":[],"current_hp_per_floor":[63,56,56,44,61,61,61,62,62,46,0,0],"gold":174,"neow_bonus":"THREE_ENEMY_KILL","is_daily":false,"chose_seed":false,"campfire_upgraded":1,"win_rate":0.0,"timestamp":1613953169,"path_taken":["M","?","M","?","?","R","E","M","T","M","E"],"items_purchased_type":[],"build_version":"2020-12-18","purchased_purges":0,"victory":false,"max_hp_per_floor":[70,70,70,70,70,70,70,72,72,72,72,72],"card_choices":[{"not_picked":["PiercingWail","Dagger Throw"],"picked":"Footwork","floor":1},{"not_picked":["Blade Dance","Flying Knee"],"picked":"Dagger Spray","floor":3},{"not_picked":["Dodge and Roll","Poisoned Stab"],"picked":"Skewer","floor":7},{"not_picked":["Concentrate","Tactician","Flechettes"],"picked":"Singing Bowl","floor":8},{"not_picked":["Deadly Poison","Skewer"],"picked":"Sucker Punch","floor":10}],"player_experience":895506,"relics_obtained":[{"floor":7,"key":"Singing Bowl"}],"event_choices":[{"cards_removed":["Strike_G"],"damage_healed":0,"gold_gain":0,"player_choice":"Card Removal","damage_taken":7,"max_hp_gain":0,"max_hp_loss":0,"event_name":"Golden Wing","floor":2,"gold_loss":0},{"damage_healed":0,"gold_gain":0,"player_choice":"Success","damage_taken":12,"relics_obtained":["Bag of Preparation"],"max_hp_gain":0,"max_hp_loss":0,"event_name":"Scrap Ooze","floor":4,"gold_loss":0},{"damage_healed":17,"gold_gain":0,"player_choice":"Healed","damage_taken":0,"max_hp_gain":0,"max_hp_loss":0,"event_name":"The Cleric","floor":5,"gold_loss":35}],"is_beta":true,"boss_relics":[],"items_purged_floors":[],"is_endless":false,"potions_floor_spawned":[1,3,7],"killed_by":"Gremlin Nob","ascension_level":12}}