{"host":"xltl1aroowo69o4n","time":1613957643,"event":{"mods":["BaseMod","Colored Map","Colored Powertips","Downfall","Koishi","Marisa????????","Minty Spire (QoL Compilation)","Replay The Spire","StSLib","The Cursed","The Hierophant","The Mystic","The Necromancer","The Servant 0.9.4"],"gold_per_floor":[99,99,99,99,84,95,122,134,158,258,269,4,4,19,30,130,130,130,150,165,265,276,308,308,308,308,342,362,377,477,477,491,594,594,594,606,683,683,696,476,476,490,490,508,26,26,26,77,88,88],"floor_reached":51,"language":"ENG","playtime":3373,"items_purged":["CommonCold"],"score":808,"play_id":"44d21f8e-7efa-462f-956a-13692431d55b","local_time":"20210221203403","is_ascension_mode":true,"campfire_choices":[{"floor":18.0,"key":"RECALL"},{"data":"Pride","floor":30,"key":"PURGE"},{"floor":35,"key":"DIG"},{"data":"expansioncontent:StudyTheSpire","floor":46,"key":"SMITH"}],"circlet_count":0,"master_deck":["Defend_W","Defend_W","Defend_W","Defend_W","Negative_Energy_Arrows","Bone_Wall","Necrotic_Claws","Pandemic","Blood_Whip","Hellfire+1","Negative_Energy_Shield","Siphon_Strength","Negative_Energy_Burst","Corrupt","Finger_Of_Death","expansioncontent:StudyTheSpire+1","Death_March_Dance+1","Negative_Energy_Shield","Death_Knell","Bone_Prison","Summon_Death_Knight","Finger_Of_Death","Finger_Of_Death+1","Summon_Lich","Life_Drain","Strike_from_Beyond","Slimebound:Tackle+1","Slimebound:Tackle+1","Slimebound:Tackle+1","Hellfire+1","Stop_Heart+1","Spectral_Walk+1","Spectral_Armor+1","Summon_Vampire_Lady","Shackles_Of_Pain+1","Blood_for_Blood+1","Flesh_Made_Foul","Epidemic+1","Acid_Javelin+1","Summon_Undead_Army","Pot Of Greed","Pot Of Greed","Pot Of Greed","Magnetism","Metamorphosis","Enlightenment","Summon_Vampire_Lady","Acid_Javelin+1","Flesh_Made_Foul+1","Requiem","Requiem","Pot Of Greed","Enlightenment","expansioncontent:GuardianWhirl","Replay:SS_fish_1","Toxic_Smoke_Screen+1","Negative_Energy_Sphere"],"relics":["Vampire_Amulet","downfall:HeartsMalice","ReplayTheSpireMod:Lightbulb","Odd Mushroom","downfall:GremlinWheel","Snecko Eye","Replay:PocketPolymizer","Eternal Feather","Du-Vu Doll","ReplayTheSpireMod:Shallot","Peace Pipe","Oddly Smooth Stone","downfall:HeartBlessingRed","SlaversCollar","Vajra","ReplayTheSpireMod:ShopPack","Replay:Rubber Ducky","Grinning Jar","Replay:Baseball","Potion Belt","Guide Book","CatCart"],"acts_visited":["Exordium","TheCity","TheBeyond"],"potions_floor_usage":[23,27,27,29,33,48,48,49,50,50],"damage_taken":[{"damage":0.0,"enemies":"2 Louse","floor":2.0,"turns":1.0},{"damage":0.0,"enemies":"Jaw Worm","floor":3.0,"turns":1.0},{"damage":0.0,"enemies":"Cultist","floor":4.0,"turns":1.0},{"damage":12.0,"enemies":"downfall:FleeingMerchant","floor":5.0,"turns":4.0},{"damage":13.0,"enemies":"2 Fungi Beasts","floor":6.0,"turns":3.0},{"damage":13.0,"enemies":"Lots of Slimes","floor":8.0,"turns":5.0},{"damage":23.0,"enemies":"The Mushroom Lair","floor":9.0,"turns":5.0},{"damage":8.0,"enemies":"The Mushroom Lair","floor":10.0,"turns":5.0},{"damage":20.0,"enemies":"Exordium Thugs","floor":11.0,"turns":4.0},{"damage":2.0,"enemies":"downfall:FleeingMerchant","floor":12.0,"turns":4.0},{"damage":7.0,"enemies":"Blue Slaver","floor":14.0,"turns":3.0},{"damage":2.0,"enemies":"Large Slime","floor":15.0,"turns":6.0},{"damage":35.0,"enemies":"WA_ARCHETYPE_RETAIN","floor":16.0,"turns":11.0},{"damage":0.0,"enemies":"3 Byrds","floor":19.0,"turns":4.0},{"damage":4.0,"enemies":"Shell Parasite","floor":20.0,"turns":4.0},{"damage":2.0,"enemies":"SI_SHIV_ARCHETYPE","floor":21.0,"turns":5.0},{"damage":11.0,"enemies":"Chosen and Byrds","floor":22.0,"turns":7.0},{"damage":18,"enemies":"Slavers","floor":23,"turns":5},{"damage":46,"enemies":"Gremlin Leader","floor":27,"turns":6},{"damage":15,"enemies":"Snake Plant","floor":28,"turns":4},{"damage":3,"enemies":"3 Cultists","floor":29,"turns":3},{"damage":18,"enemies":"Centurion and Healer","floor":32,"turns":4},{"damage":46,"enemies":"DF_ARCHETYPE_CLAW","floor":33,"turns":11},{"damage":13,"enemies":"3 Shapes","floor":36,"turns":5},{"damage":7,"enemies":"Orb Walker","floor":39,"turns":3},{"damage":2,"enemies":"downfall:FleeingMerchant","floor":40,"turns":4},{"damage":9,"enemies":"Transient","floor":42,"turns":5},{"damage":5,"enemies":"Sphere and 2 Shapes","floor":44,"turns":3},{"damage":5,"enemies":"Orin","floor":48,"turns":8},{"damage":31,"enemies":"Spire Growth","floor":49,"turns":4},{"damage":99,"enemies":"IC_BLOCK_ARCHETYPE","floor":50,"turns":11}],"seed_played":"713526321146418550","potions_obtained":[{"floor":1.0,"key":"FairyPotion"},{"floor":1.0,"key":"Milkshake"},{"floor":6.0,"key":"EssenceOfSteel"},{"floor":10.0,"key":"Fire Potion"},{"floor":14.0,"key":"BlessingOfTheForge"},{"floor":16.0,"key":"champ:CounterPotion"},{"floor":19.0,"key":"PowerPotion"},{"floor":21.0,"key":"SteroidPotion"},{"floor":27,"key":"SteroidPotion"},{"floor":28,"key":"AttackPotion"},{"floor":29,"key":"BlessingOfTheForge"},{"floor":33,"key":"Energy Potion"},{"floor":36,"key":"Swift Potion"},{"floor":37,"key":"LifebloodPotion"},{"floor":37,"key":"Block Potion"},{"floor":48,"key":"AttackPotion"},{"floor":49,"key":"Explosive Potion"}],"is_trial":false,"path_per_floor":["R_BF","M","M","M","$","M","T","M","?","?","M","$","?","M","M","B",null,"R_BF","M","M","?","M","E","T","?","?","E","M","M","R","?","M","B",null,"R_BF","M","?","?","M","$","T","M","?","M","$","R","?","?","M","B",null],"character_chosen":"NECROMANCER","items_purchased":["expansioncontent:StudyTheSpire","Death_March_Dance+1","Negative_Energy_Shield","Acid_Javelin+1","Summon_Undead_Army","ReplayTheSpireMod:ShopPack","Replay:Rubber Ducky","Grinning Jar","Potion Belt","Guide Book","Requiem"],"campfire_rested":0,"item_purchase_floors":[12,12,12,40,40,40,40,40,45,45,45],"current_hp_per_floor":[75,75,75,75,63,54,54,51,34,30,14,12,12,7,9,9,75,75,75,73,73,66,54,54,54,54,28,21,24,42,67,59,25,75,75,68,68,68,69,75,75,74,74,74,74,75,70,74,60,13],"gold":88,"neow_bonus":"THREE_ENEMY_KILL","is_daily":false,"chose_seed":false,"campfire_upgraded":1,"win_rate":0.0,"timestamp":1613957643,"path_taken":["R_BF","M","M","M","$","M","T","M","?","?","?","$","?","?","M","BOSS","R_BF","M","M","?","M","E","T","?","?","E","M","M","R","?","M","BOSS","R_BF","M","?","?","M","$","T","M","?","?","$","R","?","?","M","BOSS"],"items_purchased_type":["Card","Card","Card","Card","Card","Relic","Relic","Relic","Relic","Relic","Card"],"build_version":"2020-12-13","purchased_purges":1,"victory":true,"max_hp_per_floor":[75,75,75,75,75,75,75,75,75,75,75,75,75,75,75,75,75,75,75,75,75,75,75,75,75,75,75,75,75,75,75,75,75,75,75,75,75,75,75,75,75,75,75,75,75,75,75,75,75,75],"card_choices":[{"not_picked":["Bone_Spikes","Toxic_Smoke_Screen"],"picked":"Necrotic_Claws","floor":2.0},{"not_picked":["Bone_Bullets","Shackles_Of_Pain"],"picked":"Pandemic","floor":3.0},{"not_picked":["Whirlwind_of_Bones","Bone_Armory"],"picked":"Blood_Whip","floor":4.0},{"not_picked":["Blood_Curse","Toxic_Smoke_Screen"],"picked":"Hellfire","floor":5.0},{"not_picked":["Shade_Step","Bone_Armory"],"picked":"Negative_Energy_Shield","floor":6.0},{"not_picked":["Bone_Shift","Scare"],"picked":"Siphon_Strength","floor":8.0},{"not_picked":["Finger_Of_Death","Blood_Shield"],"picked":"Negative_Energy_Burst","floor":9.0},{"not_picked":["Negative_Energy_Javelin","Toxic_Smoke_Screen"],"picked":"Corrupt","floor":11.0},{"not_picked":["Death_Coil","Negative_Energy_Sphere"],"picked":"Finger_Of_Death","floor":12.0},{"not_picked":["Exploit","Death_March_Dance"],"picked":"Bone_Prison","floor":14.0},{"not_picked":["Negative_Energy_Sphere","Finger_Of_Death"],"picked":"Blood_Curse","floor":15.0},{"not_picked":["Requiem","Hellfire"],"picked":"Summon_Death_Knight","floor":16.0},{"not_picked":["Bone_Shift","Bone_Spikes"],"picked":"Finger_Of_Death","floor":19.0},{"not_picked":["Shackles_Of_Pain","Bone_Bullets+1"],"picked":"Finger_Of_Death+1","floor":20.0},{"not_picked":["Scare","Life_Drain"],"picked":"Summon_Lich","floor":21.0},{"not_picked":["Bone_Spikes+1","Vampiric_Strike"],"picked":"Life_Drain","floor":22},{"not_picked":["Bone_Bullets","Bone_Shift"],"picked":"Strike_from_Beyond","floor":23},{"not_picked":["Pandemic","Death_Coil"],"picked":"Hellfire","floor":27},{"not_picked":["Uncharnel","Bone_Armor"],"picked":"Stop_Heart+1","floor":28},{"not_picked":["Strike_from_Beyond+1","Negative_Energy_Shield"],"picked":"Spectral_Walk+1","floor":29},{"not_picked":["Death_March_Dance","Blood_Whip"],"picked":"Spectral_Armor+1","floor":32},{"not_picked":["Blood_Magic","Requiem"],"picked":"Summon_Vampire_Lady","floor":33},{"not_picked":["Death_Coil","Necromantic_Selection"],"picked":"Shackles_Of_Pain+1","floor":36},{"not_picked":["Blood_Whip+1","Scare"],"picked":"Blood_for_Blood+1","floor":37},{"not_picked":["Bone_Armor","Negative_Energy_Sphere+1"],"picked":"Flesh_Made_Foul","floor":39},{"not_picked":["Negative_Energy_Mist","Blood_Magic"],"picked":"Epidemic+1","floor":40},{"not_picked":["Sadistic Nature","Panache"],"picked":"Magnetism","floor":40},{"not_picked":["Replay:Sssssssssstrike","Impatience"],"picked":"Metamorphosis","floor":40},{"not_picked":["Swift Strike","ReplayUltimateDefense"],"picked":"Enlightenment","floor":40},{"not_picked":["Bone_Bullets+1","Scare","Bone_Spikes"],"picked":"SKIP","floor":42},{"not_picked":["Death_March_Dance","Blood_Curse+1"],"picked":"Flesh_Made_Foul+1","floor":44},{"not_picked":["expansioncontent:PolyBeam","expansioncontent:InvincibleStrength"],"picked":"expansioncontent:GuardianWhirl","floor":47},{"not_picked":["expansioncontent:PrepareCrush","expansioncontent:GuardianWhirl"],"picked":"Replay:SS_fish_1","floor":47},{"not_picked":["Epidemic+1","Hellfire"],"picked":"Toxic_Smoke_Screen+1","floor":48},{"not_picked":["Chill_Blood","Negative_Energy_Burst"],"picked":"Negative_Energy_Sphere","floor":49}],"player_experience":257089,"relics_obtained":[{"floor":7.0,"key":"ReplayTheSpireMod:Lightbulb"},{"floor":9.0,"key":"Odd Mushroom"},{"floor":10.0,"key":"downfall:GremlinWheel"},{"floor":21.0,"key":"Replay:PocketPolymizer"},{"floor":21.0,"key":"Eternal Feather"},{"floor":23,"key":"Du-Vu Doll"},{"floor":24,"key":"ReplayTheSpireMod:Shallot"},{"floor":27,"key":"Oddly Smooth Stone"},{"floor":35,"key":"Vajra"},{"floor":41,"key":"Replay:Baseball"},{"floor":48,"key":"CatCart"}],"event_choices":[{"damage_healed":0.0,"max_hp_gain":0.0,"max_hp_loss":0.0,"gold_gain":0.0,"event_name":"Mushrooms","player_choice":"Fought Mushrooms","floor":9.0,"gold_loss":0.0,"damage_taken":0.0},{"damage_healed":0,"gold_gain":0,"player_choice":"Stole Relic","damage_taken":0,"relics_obtained":["Peace Pipe"],"max_hp_gain":0,"max_hp_loss":0,"event_name":"Addict","floor":26,"gold_loss":0,"cards_obtained":["Pride"]},{"damage_healed":0,"gold_gain":200,"player_choice":"Gold","damage_taken":0,"max_hp_gain":0,"max_hp_loss":0,"event_name":"Wheel of Change","floor":30,"gold_loss":0},{"damage_healed":25,"gold_gain":0,"player_choice":"Heal","damage_taken":0,"max_hp_gain":0,"max_hp_loss":0,"event_name":"The Library","floor":31,"gold_loss":0},{"cards_removed":["Blood_Curse"],"damage_healed":0,"gold_gain":0,"player_choice":"Removed Attack","damage_taken":0,"max_hp_gain":0,"max_hp_loss":0,"event_name":"Falling","floor":38,"gold_loss":0},{"damage_healed":0,"gold_gain":0,"player_choice":"Fight","damage_taken":0,"max_hp_gain":0,"max_hp_loss":0,"event_name":"OrinTheCat","floor":48,"gold_loss":0}],"is_beta":false,"boss_relics":[{"not_picked":["ReplayTheSpireMod:DimensionalGlitch","Empty Cage"],"picked":"Snecko Eye"},{"not_picked":["Replay:Wanted Poster","ChewingGum"],"picked":"SlaversCollar"}],"items_purged_floors":[45],"is_endless":false,"potions_floor_spawned":[6,9,10,14,16,19,21,27,28,29,33,36,42,44,48,49],"ascension_level":1}}