{"host":"w8xisjf5mgmfjvmt","time":1613959560,"event":{"mods":["BaseMod","BetterRewards","Challenge The Spire","Conspire","Energized Spire","Filter the Spire","Minty Spire (QoL Compilation)","Quarter Circle Forward PUNCH!","Quick Restart","Relic Filter Mod","Relic Stats","Reliquary","Replay The Spire","Say the Spire","Shop Mod","Spicy Shops","StSLib","¡¾ÒÅÎï¿¨ÅÆ¡¿REMEMod","óô»ðÖ¸ÄÏ"],"gold_per_floor":[112,112,130,147,46,79,79,106,106,132,132,148,148,160,160,239,239,252,252,22,39,49,75,89,124,124,138,149,149,183,200,200,279,279,295,360,376,427,442,470,470,504,504,535,535,551,337,356,84,84,84,84,84,34,69,69],"floor_reached":57,"language":"ZHS","playtime":2501,"items_purged":["Strike_R","Regret","Strike_R","Strike_R","Armaments+1","ReplayTheSpireMod:Splinters","Bash+1"],"score":3623,"play_id":"b65fdda0-2110-4d5b-9f32-cde7f79d937d","local_time":"20210222100600","is_ascension_mode":true,"campfire_choices":[{"data":"Armaments","floor":7.0,"key":"SMITH"},{"data":"Evolve","floor":11.0,"key":"SMITH"},{"data":"Abandon","floor":15.0,"key":"SMITH"},{"data":"Disarm","floor":29.0,"key":"SMITH"},{"data":"Strike_R","floor":32.0,"key":"PURGE"},{"floor":41.0,"key":"RECALL"},{"data":"Intimidate","floor":53.0,"key":"SMITH"}],"circlet_count":0,"master_deck":["AscendersBane","Defend_R","Defend_R","Defend_R+1","Impervious+1","Bludgeon+1","Body Slam+1","Evolve+1","Power Through+1","Barricade+1","Impervious+1","Abandon+1","Fiend Fire+1","Intimidate+1","Disarm+1","Ghostly Armor+1","Entrench+1","Body Slam","Shrug It Off+1","Demon Form+1","Feel No Pain+1","Dark Embrace","Impervious+1"],"relics":["Burning Blood","REME_ComplimentaryCards","Torii","The Courier","qcfpunch:Fighting_Gloves","Pet Ghost","Snecko Eye","Replay:Baseball","Strange Spoon","Chameleon Ring","Replay:Towering Pillar of Hats","Ornamental Fan","Busted Crown","Matryoshka","FossilizedHelix","Potion Belt","Lantern","Orichalcum","Kunai","Smiling Mask","DollysMirror","ReplayTheSpireMod:CursedCoin","Replay:Rubber Ducky","Mummified Hand","reliquary:BoilingFlask"],"acts_visited":["Exordium","TheCity","TheBeyond","TheEnding"],"potions_floor_usage":[56,56,56,56],"damage_taken":[{"damage":5.0,"enemies":"Small Slimes","floor":1.0,"turns":2.0},{"damage":0.0,"enemies":"Cultist","floor":3.0,"turns":2.0},{"damage":2.0,"enemies":"Jaw Worm","floor":4.0,"turns":2.0},{"damage":10.0,"enemies":"3 Sentries","floor":6.0,"turns":7.0},{"damage":15.0,"enemies":"Lagavulin","floor":8.0,"turns":5.0},{"damage":32.0,"enemies":"Gremlin Nob","floor":10.0,"turns":4.0},{"damage":0.0,"enemies":"Red Slaver","floor":12.0,"turns":2.0},{"damage":0.0,"enemies":"Looter","floor":14.0,"turns":3.0},{"damage":0.0,"enemies":"Fading Forest","floor":16.0,"turns":13.0},{"damage":0.0,"enemies":"Chosen","floor":18.0,"turns":2.0},{"damage":6.0,"enemies":"Spheric Guardian","floor":21.0,"turns":4.0},{"damage":0.0,"enemies":"3 Cultists","floor":22.0,"turns":5.0},{"damage":0.0,"enemies":"Gremlin Leader","floor":23.0,"turns":4.0},{"damage":8.0,"enemies":"Snake Plant","floor":24.0,"turns":6.0},{"damage":1.0,"enemies":"conspire:SneckoGhost","floor":25.0,"turns":7.0},{"damage":0.0,"enemies":"Cultist and Chosen","floor":27.0,"turns":3.0},{"damage":0.0,"enemies":"Snecko","floor":28.0,"turns":5.0},{"damage":0.0,"enemies":"Slavers","floor":30.0,"turns":4.0},{"damage":0.0,"enemies":"Snake Plant","floor":31.0,"turns":1.0},{"damage":11.0,"enemies":"Pondfish","floor":33.0,"turns":9.0},{"damage":0.0,"enemies":"3 Shapes","floor":35.0,"turns":6.0},{"damage":0.0,"enemies":"conspire:MimicChest","floor":36.0,"turns":14.0},{"damage":0.0,"enemies":"Orb Walker","floor":37.0,"turns":2.0},{"damage":0.0,"enemies":"2 Orb Walkers","floor":38.0,"turns":5.0},{"damage":0.0,"enemies":"3 Darklings","floor":39.0,"turns":7.0},{"damage":0.0,"enemies":"Nemesis","floor":40.0,"turns":5.0},{"damage":0.0,"enemies":"Giant Head","floor":42.0,"turns":5.0},{"damage":0.0,"enemies":"Nemesis","floor":44.0,"turns":5.0},{"damage":0.0,"enemies":"4 Shapes","floor":46.0,"turns":4.0},{"damage":0.0,"enemies":"Maw","floor":48.0,"turns":3.0},{"damage":0.0,"enemies":"Replay:Hell Engine","floor":50.0,"turns":5.0},{"damage":0.0,"enemies":"conspire:OrnateMirror","floor":51.0,"turns":4.0},{"damage":0,"enemies":"Shield and Spear","floor":55,"turns":5},{"damage":0,"enemies":"The Heart","floor":56,"turns":6}],"seed_played":"-2220304710525600106","potions_obtained":[{"floor":3.0,"key":"SmokeBomb"},{"floor":4.0,"key":"AttackPotion"},{"floor":10.0,"key":"Swift Potion"},{"floor":25.0,"key":"Strength Potion"},{"floor":27.0,"key":"Cursed Concoction"},{"floor":40.0,"key":"EssenceOfSteel"},{"floor":42.0,"key":"Elixir"}],"is_trial":false,"path_per_floor":["M","?","M","M","$","E","R","E","T","E","R","M","?","M","R","B",null,"M","?","$","M","M","E","M","E","T","M","M","R","E","M","R","B",null,"M","?","M","?","M","E","R","E","T","E","?","M","R","M","R","B","B",null,"R","$","E","B",null],"character_chosen":"IRONCLAD","items_purchased":["Armaments","Strange Spoon","DollysMirror","ReplayTheSpireMod:CursedCoin","Replay:Rubber Ducky","Mummified Hand"],"campfire_rested":0,"item_purchase_floors":[5,20,47,47,47,49],"current_hp_per_floor":[68,68,68,68,68,64,64,55,55,29,29,35,35,41,41,47,63,68,68,68,68,68,68,66,68,68,68,68,68,68,68,68,63,67,68,68,68,68,68,68,68,68,68,68,68,68,68,68,68,68,68,68,68,68,68,68],"gold":69,"neow_bonus":"TRANSFORM_TWO_CARDS","is_daily":false,"chose_seed":false,"campfire_upgraded":5,"win_rate":0.0,"timestamp":1613959560,"path_taken":["M","?","M","?","$","E","R","E","T","E","R","M","?","M","R","BOSS","M","?","$","M","M","E","?","E","T","M","M","R","E","M","R","BOSS","M","?","M","?","M","E","R","E","T","E","?","M","R","M","R","BOSS","BOSS","R","$","E","BOSS"],"items_purchased_type":["Card","Relic","Relic","Relic","Relic","Relic"],"build_version":"2020-12-22","purchased_purges":7,"victory":true,"max_hp_per_floor":[68,68,68,68,68,68,68,68,68,68,68,68,68,68,68,68,68,68,68,68,68,68,68,68,68,68,68,68,68,68,68,68,68,68,68,68,68,68,68,68,68,68,68,68,68,68,68,68,68,68,68,68,68,68,68,68],"relic_stats":{"Strange Spoon":[76],"Busted Crown":24,"Torii":6,"counters":[34,166],"Ornamental Fan":[8],"Mummified Hand":[36],"Snecko Eye":[249,264,223,224],"Kunai":[1],"Orichalcum":[6],"Smiling Mask":400,"obtain_stats":[{"Lantern":42,"Torii":6,"reliquary:BoilingFlask":55,"Smiling Mask":44,"Burning Blood":0,"Pet Ghost":10,"Replay:Rubber Ducky":47,"Chameleon Ring":23,"Matryoshka":36,"DollysMirror":47,"Mummified Hand":49,"Kunai":43,"Potion Belt":40,"Replay:Towering Pillar of Hats":25,"ReplayTheSpireMod:CursedCoin":47,"The Courier":8,"Orichalcum":43,"Strange Spoon":20,"Replay:Baseball":19,"Busted Crown":34,"Ornamental Fan":30,"qcfpunch:Fighting_Gloves":9,"Snecko Eye":17,"FossilizedHelix":38,"REME_ComplimentaryCards":0},{"Lantern":27,"Torii":4,"reliquary:BoilingFlask":33,"Smiling Mask":28,"Burning Blood":0,"Pet Ghost":6,"Replay:Rubber Ducky":29,"Chameleon Ring":13,"Matryoshka":22,"DollysMirror":29,"Mummified Hand":30,"Kunai":27,"Potion Belt":26,"Replay:Towering Pillar of Hats":15,"ReplayTheSpireMod:CursedCoin":29,"The Courier":5,"Orichalcum":27,"Strange Spoon":10,"Replay:Baseball":10,"Busted Crown":20,"Ornamental Fan":18,"qcfpunch:Fighting_Gloves":5,"Snecko Eye":9,"FossilizedHelix":24,"REME_ComplimentaryCards":0},{"Lantern":134,"Torii":13,"reliquary:BoilingFlask":160,"Smiling Mask":139,"Burning Blood":0,"Pet Ghost":22,"Replay:Rubber Ducky":143,"Chameleon Ring":55,"Matryoshka":110,"DollysMirror":143,"Mummified Hand":146,"Kunai":134,"Potion Belt":129,"Replay:Towering Pillar of Hats":68,"ReplayTheSpireMod:CursedCoin":143,"The Courier":18,"Orichalcum":134,"Strange Spoon":42,"Replay:Baseball":42,"Busted Crown":90,"Ornamental Fan":80,"qcfpunch:Fighting_Gloves":18,"Snecko Eye":40,"FossilizedHelix":117,"REME_ComplimentaryCards":0}],"Burning Blood":70},"card_choices":[{"not_picked":["Anger","Intimidate"],"picked":"Body Slam","floor":1.0},{"not_picked":["Heavy Blade","Cleave","Twin Strike"],"picked":"SKIP","floor":3.0},{"not_picked":["Heavy Blade","Cleave","Twin Strike"],"picked":"SKIP","floor":3.0},{"not_picked":["ReplayTheSpireMod:Limb From Limb","Clash"],"picked":"Evolve","floor":4.0},{"not_picked":["Defy Death","ReplayTheSpireMod:Stacked"],"picked":"Power Through","floor":6.0},{"not_picked":["Dual Wield","Cleave"],"picked":"Barricade","floor":8.0},{"not_picked":["Twin Strike","True Grit"],"picked":"Impervious","floor":10.0},{"not_picked":["Perfected Strike","Clothesline"],"picked":"Abandon","floor":12.0},{"not_picked":["Wild Strike","Havoc","Dual Wield"],"picked":"SKIP","floor":14.0},{"not_picked":["Bludgeon","Limit Break"],"picked":"Fiend Fire","floor":16.0},{"not_picked":["True Grit","Pommel Strike"],"picked":"Intimidate","floor":18.0},{"not_picked":["Perfected Strike","Pommel Strike"],"picked":"Disarm","floor":21.0},{"not_picked":["Clothesline","Flex","ReplayTheSpireMod:LeadingStrike"],"picked":"SKIP","floor":22.0},{"not_picked":["Cleave","Pummel+1"],"picked":"Ghostly Armor","floor":23.0},{"not_picked":["Wild Strike","Power Through"],"picked":"Entrench+1","floor":24.0},{"not_picked":["Pommel Strike","Feed"],"picked":"Body Slam","floor":25.0},{"not_picked":["Wild Strike","Headbutt","Pommel Strike"],"picked":"SKIP","floor":27.0},{"not_picked":["Armaments","True Grit+1"],"picked":"Shrug It Off","floor":28.0},{"not_picked":["Flame Barrier","Sword Boomerang","Clash"],"picked":"SKIP","floor":30.0},{"not_picked":["Armaments","Cleave","Wild Strike"],"picked":"SKIP","floor":31.0},{"not_picked":["Immolate","Brutality"],"picked":"Demon Form","floor":33.0},{"not_picked":["Cleave"],"picked":"SKIP","floor":35.0},{"not_picked":["Reckless Charge"],"picked":"SKIP","floor":37.0},{"not_picked":[],"picked":"Feel No Pain","floor":38.0},{"not_picked":["Sword Boomerang"],"picked":"SKIP","floor":39.0},{"not_picked":["Wild Strike"],"picked":"SKIP","floor":40.0},{"not_picked":["Clash"],"picked":"SKIP","floor":42.0},{"not_picked":["True Grit+1"],"picked":"SKIP","floor":44.0},{"not_picked":[],"picked":"Dark Embrace","floor":46.0},{"not_picked":["Heavy Blade+1"],"picked":"SKIP","floor":48.0},{"not_picked":["Reaper"],"picked":"SKIP","floor":55}],"player_experience":1381819,"relics_obtained":[{"floor":6.0,"key":"Torii"},{"floor":8.0,"key":"The Courier"},{"floor":9.0,"key":"qcfpunch:Fighting_Gloves"},{"floor":10.0,"key":"Pet Ghost"},{"floor":23.0,"key":"Chameleon Ring"},{"floor":25.0,"key":"Replay:Towering Pillar of Hats"},{"floor":30.0,"key":"Ornamental Fan"},{"floor":36.0,"key":"Matryoshka"},{"floor":38.0,"key":"FossilizedHelix"},{"floor":40.0,"key":"Potion Belt"},{"floor":42.0,"key":"Lantern"},{"floor":43.0,"key":"Orichalcum"},{"floor":43.0,"key":"Kunai"},{"floor":44.0,"key":"Smiling Mask"},{"floor":55,"key":"reliquary:BoilingFlask"}],"event_choices":[{"damage_healed":0.0,"max_hp_gain":0.0,"max_hp_loss":0.0,"gold_gain":0.0,"event_name":"Upgrade Shrine","player_choice":"Upgraded","floor":2.0,"gold_loss":0.0,"damage_taken":0.0,"cards_upgraded":["Bludgeon"]},{"damage_healed":0.0,"max_hp_gain":0.0,"max_hp_loss":0.0,"gold_gain":0.0,"event_name":"Liars Game","player_choice":"Ignored","floor":13.0,"gold_loss":0.0,"damage_taken":0.0},{"cards_removed":["Sword Boomerang"],"damage_healed":0.0,"max_hp_gain":0.0,"max_hp_loss":0.0,"gold_gain":0.0,"event_name":"WeMeetAgain","player_choice":"Gave Card","floor":19.0,"gold_loss":0.0,"damage_taken":0.0,"relics_obtained":["Replay:Baseball"]},{"damage_healed":0.0,"max_hp_gain":0.0,"max_hp_loss":0.0,"gold_gain":0.0,"event_name":"Mysterious Sphere","player_choice":"Fight","floor":38.0,"gold_loss":0.0,"damage_taken":0.0},{"damage_healed":0.0,"max_hp_gain":0.0,"max_hp_loss":0.0,"gold_gain":0.0,"event_name":"SensoryStone","player_choice":"Memory 1","floor":45.0,"gold_loss":0.0,"damage_taken":0.0}],"is_beta":false,"boss_relics":[{"not_picked":["Velvet Choker","SlaversCollar"],"picked":"Snecko Eye"},{"not_picked":["Tiny House","Honey Jar"],"picked":"Busted Crown"}],"items_purged_floors":[5,20,20,47,47,49,54],"is_endless":false,"potions_floor_spawned":[3,4,10,18,25,27,28,33,38,39,40,42,44,48],"ascension_level":20}}