{"host":"1poy056mauca3bbh","time":1613958804,"event":{"mods":["Ascension Unlocker","BaseMod","Bestiary","Block Reminder","Colored Map","Colored Powertips","Curses Come First","Highlight Path","Minty Spire (QoL Compilation)","Permanent Neow","Quick Restart","Rare Cards Sparkle","Relic Stats","Smile Girya","StSLib","UnlockEverythingMod"],"gold_per_floor":[11,11,27,44,61,95,107,125,125,46,46,46,16,30,30,106,106,119,130,145,61,61,93,93,43,69,81,171,184,199,211,211,211,211],"floor_reached":33,"language":"ENG","playtime":4642,"items_purged":[],"score":696,"play_id":"597ac895-9aa8-4175-99f3-f626455de9c8","local_time":"20210221205324","is_ascension_mode":true,"campfire_choices":[{"floor":12.0,"key":"REST"},{"data":"Infinite Blades","floor":15.0,"key":"SMITH"},{"floor":24.0,"key":"REST"},{"floor":32,"key":"REST"}],"circlet_count":0,"master_deck":["AscendersBane","Strike_G+1","Strike_G","Strike_G+1","Defend_G","Defend_G","Defend_G","Defend_G","Survivor","Neutralize","PiercingWail","Slice","PiercingWail","Blade Dance","Storm of Steel","Acrobatics","Footwork","Infinite Blades+1","Deflect","Caltrops","Corpse Explosion","Backflip","Distraction","Infinite Blades","Calculated Gamble+1","Dagger Throw+1","Setup","Endless Agony+1","Bouncing Flask"],"relics":["Ring of the Snake","Dead Branch","Tough Bandages","HornCleat","Empty Cage","PreservedInsect","Whetstone"],"acts_visited":["Exordium","TheCity"],"potions_floor_usage":[29,33],"damage_taken":[{"damage":1.0,"enemies":"Small Slimes","floor":1.0,"turns":3.0},{"damage":1.0,"enemies":"Cultist","floor":3.0,"turns":5.0},{"damage":0.0,"enemies":"2 Louse","floor":4.0,"turns":3.0},{"damage":0.0,"enemies":"Exordium Wildlife","floor":5.0,"turns":4.0},{"damage":25.0,"enemies":"Lagavulin","floor":6.0,"turns":7.0},{"damage":1.0,"enemies":"Large Slime","floor":7.0,"turns":4.0},{"damage":7.0,"enemies":"Lots of Slimes","floor":8.0,"turns":5.0},{"damage":0.0,"enemies":"Gremlin Gang","floor":14.0,"turns":2.0},{"damage":0.0,"enemies":"Hexaghost","floor":16.0,"turns":5.0},{"damage":0.0,"enemies":"3 Byrds","floor":18.0,"turns":4.0},{"damage":10.0,"enemies":"Chosen","floor":19.0,"turns":5.0},{"damage":2.0,"enemies":"Snake Plant","floor":20.0,"turns":7.0},{"damage":25.0,"enemies":"Gremlin Leader","floor":23.0,"turns":7.0},{"damage":0.0,"enemies":"Centurion and Healer","floor":27.0,"turns":3.0},{"damage":0,"enemies":"3 Cultists","floor":29,"turns":2},{"damage":22,"enemies":"Sentry and Sphere","floor":30,"turns":4},{"damage":0,"enemies":"Centurion and Healer","floor":31,"turns":3},{"damage":50,"enemies":"Automaton","floor":33,"turns":10}],"seed_played":"-737759878706910994","potions_obtained":[{"floor":4.0,"key":"Ancient Potion"},{"floor":6.0,"key":"Dexterity Potion"},{"floor":14.0,"key":"DuplicationPotion"},{"floor":18.0,"key":"Regen Potion"},{"floor":19.0,"key":"CunningPotion"},{"floor":27.0,"key":"CunningPotion"},{"floor":31,"key":"DistilledChaos"}],"is_trial":false,"path_per_floor":["M","?","M","M","M","E","M","M","T","$","?","R","$","M","R","B",null,"M","M","M","$","?","E","R","?","T","M","?","M","M","M","R","B"],"character_chosen":"THE_SILENT","items_purchased":["Infinite Blades","Deflect","Calculated Gamble"],"campfire_rested":3,"item_purchase_floors":[10,13,21],"current_hp_per_floor":[58,58,57,57,57,32,31,24,24,24,24,43,43,43,43,43,60,60,50,63,63,63,38,57,57,57,57,45,45,23,23,42,0,0],"gold":211,"neow_bonus":"ONE_RARE_RELIC","is_daily":false,"chose_seed":false,"campfire_upgraded":1,"win_rate":0.0,"timestamp":1613958804,"path_taken":["M","?","M","M","?","E","M","M","T","?","?","R","?","M","R","BOSS","M","M","M","$","?","E","R","?","T","?","?","M","M","M","R","BOSS"],"items_purchased_type":["Card","Card","Card"],"build_version":"2020-12-22","purchased_purges":0,"victory":false,"max_hp_per_floor":[66,66,66,66,66,66,66,66,66,66,66,66,66,66,66,66,66,66,66,66,66,66,66,66,66,66,66,66,66,66,66,66,66,66],"relic_stats":{"Tough Bandages":[441],"counters":[18,83],"Dead Branch":[251],"PreservedInsect":0,"Whetstone":["Strike_G","Strike_G"],"obtain_stats":[{"Tough Bandages":6,"HornCleat":9,"Dead Branch":0,"PreservedInsect":23,"Whetstone":26,"Empty Cage":17,"Ring of the Snake":0},{"Tough Bandages":5,"HornCleat":7,"Dead Branch":0,"PreservedInsect":13,"Whetstone":13,"Empty Cage":9,"Ring of the Snake":0},{"Tough Bandages":22,"HornCleat":31,"Dead Branch":0,"PreservedInsect":61,"Whetstone":61,"Empty Cage":38,"Ring of the Snake":0}],"Ring of the Snake":[36]},"card_choices":[{"not_picked":["Backflip","Catalyst"],"picked":"PiercingWail","floor":1.0},{"not_picked":["Bane","Heel Hook"],"picked":"Slice","floor":3.0},{"not_picked":["Masterful Stab","Flying Knee"],"picked":"PiercingWail","floor":4.0},{"not_picked":["Bouncing Flask","PiercingWail"],"picked":"Blade Dance","floor":5.0},{"not_picked":["Endless Agony","Acrobatics"],"picked":"Storm of Steel","floor":6.0},{"not_picked":["Slice","Choke"],"picked":"Acrobatics","floor":7.0},{"not_picked":["Heel Hook","Sucker Punch"],"picked":"Footwork","floor":8.0},{"not_picked":["Underhanded Strike","Poisoned Stab"],"picked":"Caltrops","floor":14.0},{"not_picked":["Tools of the Trade","Burst"],"picked":"Corpse Explosion","floor":16.0},{"not_picked":["Skewer","Bouncing Flask"],"picked":"Backflip","floor":18.0},{"not_picked":["Prepared","Dagger Throw"],"picked":"Distraction","floor":19.0},{"not_picked":["Predator","Dagger Spray"],"picked":"Infinite Blades","floor":20.0},{"not_picked":["Dagger Spray","Bane"],"picked":"Dagger Throw+1","floor":23.0},{"not_picked":["Expertise","Sucker Punch"],"picked":"Setup","floor":27.0},{"not_picked":["Acrobatics","Slice"],"picked":"Endless Agony+1","floor":29},{"not_picked":["Bane","Underhanded Strike","Dagger Throw"],"picked":"SKIP","floor":30},{"not_picked":["Dagger Throw","Doppelganger"],"picked":"Bouncing Flask","floor":31}],"player_experience":168775,"relics_obtained":[{"floor":6.0,"key":"Tough Bandages"},{"floor":9.0,"key":"HornCleat"},{"floor":23.0,"key":"PreservedInsect"},{"floor":26.0,"key":"Whetstone"}],"event_choices":[{"cards_removed":["Defend_G"],"damage_healed":0.0,"max_hp_gain":0.0,"max_hp_loss":0.0,"gold_gain":0.0,"event_name":"Bonfire Elementals","player_choice":"Offered Basic","floor":2.0,"gold_loss":0.0,"damage_taken":0.0},{"damage_healed":0.0,"max_hp_gain":0.0,"max_hp_loss":0.0,"gold_gain":0.0,"event_name":"Dead Adventurer","player_choice":"Searched \u00271\u0027 times","floor":11.0,"gold_loss":0.0,"damage_taken":0.0},{"damage_healed":0.0,"max_hp_gain":0.0,"max_hp_loss":0.0,"gold_gain":0.0,"event_name":"Vampires","player_choice":"Ignored","floor":22.0,"gold_loss":0.0,"damage_taken":0.0},{"damage_healed":0.0,"max_hp_gain":0.0,"max_hp_loss":0.0,"gold_gain":0.0,"event_name":"Designer","player_choice":"Upgrade","floor":25.0,"gold_loss":50.0,"damage_taken":0.0,"cards_upgraded":["Calculated Gamble"]},{"damage_healed":0.0,"max_hp_gain":0.0,"max_hp_loss":0.0,"gold_gain":90.0,"event_name":"Knowing Skull","player_choice":"GOLD ","floor":28.0,"potions_obtained":[],"gold_loss":0.0,"damage_taken":12.0,"cards_obtained":[]}],"is_beta":false,"boss_relics":[{"not_picked":["Ectoplasm","Velvet Choker"],"picked":"Empty Cage"}],"items_purged_floors":[],"is_endless":false,"potions_floor_spawned":[4,6,8,14,18,19,27,31],"killed_by":"Automaton","ascension_level":20}}