{"host":"ilhhjx796p2x2wmd","time":1613987563,"event":{"mods":["AchievementEnabler","BaseMod","BetterRewards","Colored Map","Colored Powertips","DeckTracker","Highlight Path","Minty Spire (QoL Compilation)","Permanent Neow","Rare Cards Sparkle","Shop Mod"],"gold_per_floor":[361,379,379,394,110,110,143,143,143,169,169,169,169,169,169,169,169],"floor_reached":16,"language":"KOR","playtime":732,"items_purged":["Defend_R"],"score":159,"play_id":"ba60aae8-cf8b-45b4-82a2-f9addaa5b036","local_time":"20210222185243","is_ascension_mode":true,"campfire_choices":[{"data":"Searing Blow","floor":6.0,"key":"SMITH"},{"data":"Searing Blow+1","floor":8,"key":"SMITH"},{"floor":11,"key":"REST"},{"data":"Searing Blow+2","floor":15,"key":"SMITH"}],"circlet_count":0,"master_deck":["AscendersBane","Strike_R","Strike_R","Strike_R","Strike_R+1","Strike_R","Defend_R+1","Defend_R","Defend_R","Bash","Searing Blow+3","Battle Trance","Body Slam","Carnage","Double Tap","Cleave","Flex","Perfected Strike","Dual Wield"],"relics":["Burning Blood","Orrery","Dead Branch","Du-Vu Doll","Paper Frog","Sundial"],"acts_visited":["Exordium"],"potions_floor_usage":[10],"damage_taken":[{"damage":4.0,"enemies":"2 Louse","floor":1.0,"turns":4.0},{"damage":7.0,"enemies":"Jaw Worm","floor":2.0,"turns":3.0},{"damage":0.0,"enemies":"Small Slimes","floor":4.0,"turns":3.0},{"damage":22,"enemies":"3 Sentries","floor":7,"turns":5},{"damage":20,"enemies":"Lagavulin","floor":10,"turns":4},{"damage":30,"enemies":"Hexaghost","floor":16,"turns":4}],"seed_played":"2484019477116908111","potions_obtained":[{"floor":1.0,"key":"Energy Potion"},{"floor":10,"key":"Energy Potion"}],"is_trial":false,"path_per_floor":["M","M","?","M","$","R","E","R","T","E","R","?","?","?","R","B"],"character_chosen":"IRONCLAD","items_purchased":["Orrery","Flex"],"campfire_rested":1,"item_purchase_floors":[5,5],"current_hp_per_floor":[53,52,36,42,42,42,26,26,26,12,36,33,38,30,30,0,0],"gold":169,"neow_bonus":"TWO_FIFTY_GOLD","is_daily":false,"chose_seed":false,"campfire_upgraded":3,"win_rate":0.0,"timestamp":1613987563,"path_taken":["M","M","?","M","$","R","E","R","T","E","R","?","?","?","R","BOSS"],"items_purchased_type":["Relic","Card"],"build_version":"2020-12-22","purchased_purges":1,"victory":false,"max_hp_per_floor":[80,80,80,80,80,80,80,80,80,80,80,80,85,85,85,85,85],"card_choices":[{"not_picked":["Sword Boomerang","Heavy Blade"],"picked":"Searing Blow","floor":1.0},{"not_picked":["Rage","Havoc","Infernal Blade"],"picked":"SKIP","floor":2.0},{"not_picked":["Pummel","Armaments"],"picked":"Battle Trance","floor":4.0},{"not_picked":["Thunderclap","Anger"],"picked":"Body Slam","floor":5.0},{"not_picked":["Fire Breathing","Heavy Blade"],"picked":"Carnage","floor":5.0},{"not_picked":["Warcry","Seeing Red"],"picked":"Double Tap","floor":5.0},{"not_picked":["Twin Strike","Thunderclap"],"picked":"Cleave","floor":5.0},{"not_picked":["Entrench","Searing Blow"],"picked":"Perfected Strike","floor":7},{"not_picked":["Barricade","Ghostly Armor"],"picked":"Dual Wield","floor":10}],"player_experience":355402,"relics_obtained":[{"floor":7,"key":"Dead Branch"},{"floor":9,"key":"Du-Vu Doll"},{"floor":10,"key":"Paper Frog"}],"event_choices":[{"damage_healed":0.0,"max_hp_gain":0.0,"max_hp_loss":0.0,"gold_gain":0.0,"event_name":"Shining Light","player_choice":"Entered Light","floor":3.0,"gold_loss":0.0,"damage_taken":16.0,"cards_upgraded":["Defend_R","Strike_R"]},{"damage_healed":0,"gold_gain":0,"player_choice":"Success","damage_taken":3,"relics_obtained":["Sundial"],"max_hp_gain":0,"max_hp_loss":0,"event_name":"Scrap Ooze","floor":12,"gold_loss":0},{"damage_healed":0,"gold_gain":0,"player_choice":"Donut","damage_taken":0,"max_hp_gain":5,"max_hp_loss":0,"event_name":"Big Fish","floor":13,"gold_loss":0},{"damage_healed":0,"gold_gain":0,"player_choice":"Damaged","damage_taken":8,"max_hp_gain":0,"max_hp_loss":0,"event_name":"Wheel of Change","floor":14,"gold_loss":0}],"is_beta":false,"boss_relics":[],"items_purged_floors":[5],"is_endless":false,"potions_floor_spawned":[1,10],"killed_by":"Hexaghost","ascension_level":10}}