{"host":"8a72fthmlk1o8pdb","time":1613968041,"event":{"mods":["AchievementEnabler","Aspiration","Astrologer","Bard","BaseMod","Beaked The Cultist","Better Altar","Better Match","Better Note","Better Sensory Stone","Better Skull","Better Third Choice","ChefMod","Colored Map","Colored Powertips","Dark Map","Downfall","Friendly Minions","GifTheSpireLib","Googly Eyes","Gremlin Mod","Hermit","Hubris","JesterMod","Jorbs\u0027s Wanderer Trilogy","Marisa????????","Melee Mod","Minty Spire (QoL Compilation)","Monster B Gone","Permanent Neow","Pikachu Mod","Random Character Button","Rare Cards Sparkle","Relic Filter Mod","Relic Stats","Reliquary","Robot Space Explorer","Shade Mod","Shop Mod","Smile Girya","Somnambulant","Spire Arcade","Spire Birthday Party","StSLib","The Animator","The Blue Laboratory","The Construct","The Cursed","The Disciple","The Edgeheg","The Hayseed","The Hierophant","The Juggle","The Jungle","The Marked","The Mystic","The Necromancer","The Poker Player","The Problem Sleuth","The Runesmith","The Showman","TheBandit","TheFirefly","TheVacant","everything is the same but u backflip on backflip","thorton"],"gold_per_floor":[112,129,17,31,51,51,63,63,63,63,93,93,93,104,104,201,201,220,220,230,230,230,230,41,59,59,89,89,105,134,134,134,230,280,291,301,312,312,113,113,132,144,144,156,156,156],"floor_reached":45,"language":"ENG","playtime":2254,"items_purged":["Runesmith:Strike_RS","Runesmith:Strike_RS","Runesmith:Strike_RS"],"score":457,"play_id":"c7963563-bf74-424a-a572-37998cc8b701","local_time":"20210221202721","is_ascension_mode":false,"campfire_choices":[{"data":"Runesmith:Repurpose","floor":6,"key":"SMITH"},{"floor":13,"key":"REST"},{"data":"Runesmith:ArcReactor","floor":15,"key":"SMITH"},{"data":"Runesmith:BackupBattery","floor":23,"key":"SMITH"},{"floor":28,"key":"REST"},{"data":"Runesmith:BackupBattery+1","floor":32,"key":"SMITH"},{"data":"Runesmith:BackupBattery+2","floor":40,"key":"SMITH"}],"circlet_count":0,"master_deck":["Runesmith:Strike_RS","Runesmith:Defend_RS","Runesmith:Defend_RS","Runesmith:Defend_RS","Runesmith:Defend_RS","Runesmith:CraftFirestone+1","Runesmith:Fortify","Runesmith:Supernova","Runesmith:PerfectChisel","Runesmith:Repurpose+1","Runesmith:OneForEveryone","Runesmith:HeatExchange","Runesmith:HeatedChisel","Runesmith:ArcReactor+1","Runesmith:PerfectChisel","Runesmith:HammerThrow","Runesmith:LightningRod","Runesmith:Repurpose+1","Runesmith:BackupBattery+3","Runesmith:RuneHurl","Runesmith:Firestorm","Runesmith:Repurpose","Runesmith:FrozenChisel","Runesmith:CraftSpiculum","Runesmith:CraftIndustria","Runesmith:CraftObretio","Runesmith:CraftObretio","Runesmith:RunicBlueprint+1","Runesmith:HammerAndChisel+1","Runesmith:CraftProtectio","Runesmith:ChiselStab","Runesmith:Superposition","Runesmith:FrozenChisel+1"],"relics":["Runesmith:BrokenRuby","aspiration:AnachronicSnailShell","Bottled Lightning","hubris:Icosahedron","TungstenRod","hubris:ScarierMask","Blood Vial","StoneCalendar","Runesmith:Locket","Mummified Hand","Tiny House","hubris:Towel"],"acts_visited":["Exordium","TheCity","TheBeyond"],"potions_floor_usage":[16,16,30,30,41],"damage_taken":[{"damage":1,"enemies":"Jaw Worm","floor":1,"turns":4},{"damage":0,"enemies":"Small Slimes","floor":2,"turns":2},{"damage":5,"enemies":"2 Louse","floor":4,"turns":3},{"damage":10,"enemies":"Red Slaver","floor":5,"turns":3},{"damage":5,"enemies":"Looter","floor":7,"turns":3},{"damage":14,"enemies":"3 Sentries","floor":11,"turns":5},{"damage":0,"enemies":"2 Fungi Beasts","floor":14,"turns":2},{"damage":14,"enemies":"Hexaghost","floor":16,"turns":8},{"damage":6,"enemies":"3 Byrds","floor":18,"turns":6},{"damage":6,"enemies":"2 Thieves","floor":20,"turns":3},{"damage":11,"enemies":"Snake Plant","floor":25,"turns":6},{"damage":13,"enemies":"Slavers","floor":27,"turns":6},{"damage":6,"enemies":"3 Cultists","floor":29,"turns":5},{"damage":22,"enemies":"Gremlin Leader","floor":30,"turns":7},{"damage":29,"enemies":"hubris:MusketHawk","floor":33,"turns":9},{"damage":10,"enemies":"3 Darklings","floor":35,"turns":5},{"damage":7,"enemies":"3 Shapes","floor":36,"turns":4},{"damage":14,"enemies":"Jaw Worm Horde","floor":37,"turns":6},{"damage":8,"enemies":"Spire Growth","floor":41,"turns":6},{"damage":12,"enemies":"Writhing Mass","floor":42,"turns":7},{"damage":1,"enemies":"3 Darklings","floor":44,"turns":4},{"damage":54,"enemies":"Transient","floor":45,"turns":5}],"seed_played":"-725670903002122398","potions_obtained":[{"floor":5,"key":"EssenceOfSteel"},{"floor":7,"key":"blueLaboratory:NullPotion"},{"floor":11,"key":"blueLaboratory:PolymorphPotion"},{"floor":14,"key":"BlessingOfTheForge"},{"floor":18,"key":"blueLaboratory:FruitPreserves"},{"floor":27,"key":"blueLaboratory:SavagePotion"},{"floor":33,"key":"Block Potion"},{"floor":34,"key":"Fire Potion"}],"is_trial":false,"path_per_floor":["M","M","$","M","M","R","M","?","T","?","E","?","R","M","R","B",null,"M","?","M","?","?","R","$","M","T","E","R","M","E","?","R","B",null,"M","M","M","?","$","R","M","M","T","M","M"],"character_chosen":"RUNESMITH_CLASS","items_purchased":["Runesmith:OneForEveryone","Runesmith:RuneHurl","Runesmith:Firestorm","Runesmith:CraftProtectio","Runesmith:ChiselStab"],"campfire_rested":2,"item_purchase_floors":[3,24,24,39,39],"current_hp_per_floor":[69,69,69,64,54,54,49,37,37,37,23,23,44,44,44,30,70,64,64,58,41,41,41,41,32,32,21,42,38,35,33,33,6,75,65,60,48,48,48,48,42,32,32,33,0,0],"gold":156,"neow_bonus":"ONE_RANDOM_RARE_CARD","is_daily":false,"chose_seed":false,"campfire_upgraded":5,"win_rate":0.0,"timestamp":1613968041,"path_taken":["M","M","$","M","M","R","M","?","T","?","E","?","R","M","R","BOSS","M","?","M","?","?","R","$","M","T","E","R","M","E","?","R","BOSS","M","?","M","?","$","R","M","M","T","M","M"],"items_purchased_type":["Card","Card","Card","Card","Card"],"build_version":"2020-12-22","purchased_purges":3,"victory":false,"max_hp_per_floor":[70,70,70,70,70,70,70,70,70,70,70,70,70,70,70,70,70,70,70,70,70,70,70,70,70,70,70,70,70,70,70,70,70,75,75,75,75,75,75,75,75,75,75,75,75,75],"relic_stats":{"Blood Vial":22,"counters":[22,109],"Mummified Hand":[13],"StoneCalendar":[103],"obtain_stats":[{"Blood Vial":21,"Runesmith:BrokenRuby":0,"hubris:Icosahedron":10,"Tiny House":34,"Mummified Hand":30,"aspiration:AnachronicSnailShell":8,"hubris:ScarierMask":17,"Runesmith:Locket":27,"StoneCalendar":26,"Bottled Lightning":9,"hubris:Towel":38,"TungstenRod":11},{"Blood Vial":10,"Runesmith:BrokenRuby":0,"hubris:Icosahedron":5,"Tiny House":15,"Mummified Hand":14,"aspiration:AnachronicSnailShell":5,"hubris:ScarierMask":8,"Runesmith:Locket":12,"StoneCalendar":11,"Bottled Lightning":5,"hubris:Towel":18,"TungstenRod":6},{"Blood Vial":39,"Runesmith:BrokenRuby":0,"hubris:Icosahedron":15,"Tiny House":72,"Mummified Hand":63,"aspiration:AnachronicSnailShell":15,"hubris:ScarierMask":30,"Runesmith:Locket":51,"StoneCalendar":45,"Bottled Lightning":15,"hubris:Towel":87,"TungstenRod":20}],"TungstenRod":93},"card_choices":[{"not_picked":["Runesmith:CraftProtectio","Runesmith:HammerThrow"],"picked":"Runesmith:PerfectChisel","floor":1},{"not_picked":["aspiration:UnbridledHammer","Runesmith:Overpower"],"picked":"Runesmith:Repurpose","floor":2},{"not_picked":["Runesmith:Overpower","Runesmith:MakeshiftArmor"],"picked":"Runesmith:HeatExchange","floor":4},{"not_picked":["Runesmith:HeatExchange","Runesmith:StaticCage"],"picked":"Runesmith:HeatedChisel","floor":5},{"not_picked":["Runesmith:EarthShield","Runesmith:HeatExchange"],"picked":"Runesmith:ArcReactor","floor":7},{"not_picked":["Runesmith:ChargedHammer","Runesmith:StaticCage"],"picked":"Runesmith:PerfectChisel","floor":11},{"not_picked":["aspiration:UnbridledHammer","Runesmith:MakeshiftArmor"],"picked":"Runesmith:HammerThrow","floor":14},{"not_picked":["Runesmith:DuctTape","Runesmith:GrandSlam"],"picked":"Runesmith:LightningRod","floor":16},{"not_picked":["Runesmith:PerfectChisel","Runesmith:Electrocute"],"picked":"Runesmith:Repurpose+1","floor":18},{"not_picked":["Runesmith:WhiteBalance","Runesmith:UnstableHammer"],"picked":"Runesmith:BackupBattery","floor":20},{"not_picked":["Runesmith:Malloc","Runesmith:GoWithTheFlow","Runesmith:Overpower"],"picked":"SKIP","floor":25},{"not_picked":["Runesmith:MakeshiftArmor","aspiration:UnbridledHammer"],"picked":"Runesmith:Repurpose","floor":27},{"not_picked":["Runesmith:WhiteBalance","Runesmith:Firestorm+1"],"picked":"Runesmith:FrozenChisel","floor":29},{"not_picked":["Runesmith:Supernova","Runesmith:Empowerment"],"picked":"Runesmith:CraftSpiculum","floor":30},{"not_picked":["Runesmith:Duplicate","Runesmith:CreatorForm"],"picked":"Runesmith:CraftIndustria","floor":33},{"not_picked":["Runesmith:MakeshiftArmor","Runesmith:OneForEveryone"],"picked":"Runesmith:CraftObretio","floor":34},{"not_picked":["Runesmith:Overpower","Runesmith:Repurpose+1"],"picked":"Runesmith:CraftObretio","floor":35},{"not_picked":["Runesmith:Accelerate","Runesmith:Prism"],"picked":"Runesmith:RunicBlueprint+1","floor":36},{"not_picked":["Runesmith:WhiteBalance","Runesmith:PerfectChisel"],"picked":"Runesmith:HammerAndChisel+1","floor":37},{"not_picked":["Runesmith:Retool","Runesmith:RuneHurl"],"picked":"Runesmith:Superposition","floor":41},{"not_picked":["Runesmith:Firestorm","Runesmith:ChiselStab+1","Runesmith:NanitesCloud+1"],"picked":"SKIP","floor":42},{"not_picked":["Runesmith:EarthShield+1","Runesmith:Repurpose+1"],"picked":"Runesmith:FrozenChisel+1","floor":44}],"player_experience":257959,"relics_obtained":[{"floor":9,"key":"Bottled Lightning"},{"floor":11,"key":"TungstenRod"},{"floor":26,"key":"StoneCalendar"},{"floor":27,"key":"Runesmith:Locket"},{"floor":30,"key":"Mummified Hand"}],"event_choices":[{"damage_healed":0,"gold_gain":0,"player_choice":"Relic ","damage_taken":12,"max_hp_gain":0,"max_hp_loss":0,"event_name":"betterThird:BetterScrap","floor":8,"gold_loss":0,"cards_obtained":["Juggernaut"]},{"damage_healed":0,"gold_gain":1,"player_choice":"1","damage_taken":0,"max_hp_gain":0,"max_hp_loss":0,"event_name":"betterStone:BetterStone","floor":12,"gold_loss":0},{"cards_removed":["Runesmith:Defend_RS"],"damage_healed":0,"gold_gain":0,"player_choice":"Give","damage_taken":0,"max_hp_gain":0,"max_hp_loss":0,"event_name":"betterNote:BetterNote","floor":19,"gold_loss":0,"cards_obtained":["None"]},{"damage_healed":0,"gold_gain":0,"player_choice":" Vial ","damage_taken":18,"relics_obtained":["Blood Vial"],"max_hp_gain":58,"max_hp_loss":41,"event_name":"betterAltar:BetterAltar","floor":21,"potions_obtained":[],"relics_lost":[],"gold_loss":0},{"damage_healed":0,"gold_gain":0,"player_choice":"Ignored","damage_taken":0,"max_hp_gain":0,"max_hp_loss":0,"event_name":"Ghosts","floor":22,"gold_loss":0},{"damage_healed":0,"gold_gain":0,"player_choice":"Punched","damage_taken":3,"max_hp_gain":0,"max_hp_loss":0,"event_name":"Designer","floor":31,"gold_loss":0}],"is_beta":false,"boss_relics":[{"not_picked":["SlaversCollar","Sozu"],"picked":"hubris:ScarierMask"},{"not_picked":["aspiration:MarisaSkillbook","theSleuth:MegatonKey"],"picked":"Tiny House"}],"items_purged_floors":[3,24,39],"is_endless":false,"potions_floor_spawned":[5,7,11,14,18,27,33,36,37],"killed_by":"Transient","ascension_level":0}}