{"host":"szp1d6dso4pv7ddl","time":1613964097,"event":{"mods":["AchievementEnabler","Alarm Clock","BaseMod","Bestiary","Block Reminder","Colored Map","Colored Powertips","Curses Come First","Dark Map","Displayed Cursed Tome","Highlight Path","Minty Spire (QoL Compilation)","Permanent Neow","Quick Restart","Relic Sorter","Relic Stats","StSLib","Synergy Search"],"gold_per_floor":[114,131,131,131,150,178,189,189,215,230,260,260,276,276,276,402,402,416,441,110,110,110],"floor_reached":21,"language":"ENG","playtime":820,"items_purged":["Strike_B"],"score":181,"play_id":"d45f1258-5e9f-4b4c-b6f8-e68c2c13c807","local_time":"20210221192137","is_ascension_mode":false,"campfire_choices":[{"data":"Zap","floor":8,"key":"SMITH"},{"floor":12,"key":"REST"},{"floor":15,"key":"REST"}],"circlet_count":0,"master_deck":["Strike_B","Strike_B","Strike_B","Defend_B+1","Defend_B+1","Defend_B","Defend_B","Zap+1","Genetic Algorithm","Beam Cell","Gash","Gash"],"relics":["Runic Dome","Nunchaku","Pen Nib","Odd Mushroom","Golden Idol","Nuclear Battery","Cables"],"acts_visited":["Exordium","TheCity"],"potions_floor_usage":[11,16,21],"damage_taken":[{"damage":10,"enemies":"Jaw Worm","floor":1,"turns":4},{"damage":1,"enemies":"2 Louse","floor":2,"turns":4},{"damage":1,"enemies":"Cultist","floor":5,"turns":4},{"damage":29,"enemies":"3 Sentries","floor":6,"turns":10},{"damage":0,"enemies":"Blue Slaver","floor":7,"turns":4},{"damage":0,"enemies":"Large Slime","floor":10,"turns":5},{"damage":2,"enemies":"The Mushroom Lair","floor":11,"turns":3},{"damage":2,"enemies":"3 Louse","floor":13,"turns":3},{"damage":40,"enemies":"Slime Boss","floor":16,"turns":11},{"damage":31,"enemies":"Chosen","floor":18,"turns":6},{"damage":11,"enemies":"3 Byrds","floor":19,"turns":6},{"damage":31,"enemies":"Shelled Parasite and Fungi","floor":21,"turns":4}],"seed_played":"-7474126646558109169","potions_obtained":[{"floor":1,"key":"Block Potion"},{"floor":2,"key":"AttackPotion"},{"floor":7,"key":"SneckoOil"},{"floor":16,"key":"EssenceOfSteel"},{"floor":18,"key":"LiquidMemories"}],"is_trial":false,"path_per_floor":["M","M","?","?","M","E","M","R","T","M","?","R","M","?","R","B",null,"M","M","$","M"],"character_chosen":"DEFECT","items_purchased":["Cables"],"campfire_rested":2,"item_purchase_floors":[20],"current_hp_per_floor":[65,64,49,49,48,19,19,19,19,19,17,39,37,37,57,17,69,38,27,27,0,0],"gold":110,"neow_bonus":"BOSS_RELIC","is_daily":false,"chose_seed":false,"campfire_upgraded":1,"win_rate":0.0,"timestamp":1613964097,"path_taken":["M","M","?","?","M","E","M","R","T","?","?","R","M","?","R","BOSS","M","M","$","M"],"items_purchased_type":["Relic"],"build_version":"2020-12-22","purchased_purges":1,"victory":false,"max_hp_per_floor":[75,75,75,75,75,75,75,75,75,75,75,75,75,69,69,69,69,69,69,69,69,69],"relic_stats":{"Nunchaku":[10],"counters":[12,64],"Golden Idol":33,"Pen Nib":[9],"obtain_stats":[{"Runic Dome":0,"Nunchaku":6,"Golden Idol":14,"Pen Nib":9,"Odd Mushroom":11,"Cracked Core":0,"Nuclear Battery":17,"Cables":20},{"Runic Dome":0,"Nunchaku":4,"Golden Idol":8,"Pen Nib":5,"Odd Mushroom":7,"Cracked Core":0,"Nuclear Battery":9,"Cables":11},{"Runic Dome":0,"Nunchaku":22,"Golden Idol":37,"Pen Nib":26,"Odd Mushroom":34,"Cracked Core":0,"Nuclear Battery":48,"Cables":60}],"Cables":[4,0,0,0,4]},"card_choices":[{"not_picked":["Capacitor","Double Energy"],"picked":"Genetic Algorithm","floor":1},{"not_picked":["Fusion","Steam"],"picked":"Beam Cell","floor":2},{"not_picked":["Redo","BootSequence","Self Repair"],"picked":"SKIP","floor":5},{"not_picked":["Streamline","Fusion"],"picked":"Gash","floor":6},{"not_picked":["Lockon","Rebound","Leap"],"picked":"SKIP","floor":7},{"not_picked":["Ball Lightning","Capacitor"],"picked":"Gash","floor":10},{"not_picked":["Ball Lightning","Darkness","Double Energy"],"picked":"SKIP","floor":13},{"not_picked":["Ball Lightning","Rebound","Darkness"],"picked":"SKIP","floor":18},{"not_picked":["Steam","Cold Snap+1","Stack"],"picked":"SKIP","floor":19}],"player_experience":1628213,"relics_obtained":[{"floor":6,"key":"Nunchaku"},{"floor":9,"key":"Pen Nib"},{"floor":11,"key":"Odd Mushroom"}],"event_choices":[{"damage_healed":0,"gold_gain":0,"player_choice":"Entered Light","damage_taken":15,"max_hp_gain":0,"max_hp_loss":0,"event_name":"Shining Light","floor":3,"gold_loss":0,"cards_upgraded":["Defend_B","Defend_B"]},{"cards_removed":["Dualcast"],"damage_healed":0,"gold_gain":0,"player_choice":"Offered Basic","damage_taken":0,"max_hp_gain":0,"max_hp_loss":0,"event_name":"Bonfire Elementals","floor":4,"gold_loss":0},{"damage_healed":0,"gold_gain":0,"player_choice":"Fought Mushrooms","damage_taken":0,"max_hp_gain":0,"max_hp_loss":0,"event_name":"Mushrooms","floor":11,"gold_loss":0},{"damage_healed":0,"gold_gain":0,"player_choice":"Lose Max HP","damage_taken":0,"relics_obtained":["Golden Idol"],"max_hp_gain":0,"max_hp_loss":6,"event_name":"Golden Idol","floor":14,"gold_loss":0}],"is_beta":false,"boss_relics":[{"not_picked":["Cursed Key","Snecko Eye"],"picked":"Nuclear Battery"}],"items_purged_floors":[20],"is_endless":false,"potions_floor_spawned":[1,2,7,16,18],"killed_by":"Shelled Parasite and Fungi","ascension_level":0}}