{"host":"72n3jwtrlpjobydj","time":1613986970,"event":{"mods":["AchievementEnabler","Act Like it!","Arknights","BaseMod","CapriCore","DeckTracker","Hermit","Koishi","Lobotomy","Marisa£¨Ùöéë¡¡Øª×âÞÞ£©","Minty Spire (QoL Compilation)","Permanent Neow","StSLib","SuperFastMode","The Cursed","The Gatherer","The Hierophant","The Immortal"],"gold_per_floor":[115,115,132,142,45,45,57,57,83,83,43,57,67,86,86,86,86],"floor_reached":16,"language":"KOR","playtime":627,"items_purged":["ats:Defend"],"score":94,"play_id":"f05a81d3-18f4-487e-b17b-68f055ff0e4f","local_time":"20210222184250","is_ascension_mode":false,"campfire_choices":[{"floor":6,"key":"REST"},{"floor":8,"key":"RECALL"},{"data":"ats:Magnetic Hammer","floor":10,"key":"SMITH"},{"floor":15,"key":"REST"}],"circlet_count":0,"master_deck":["ats:Strike C","ats:Strike G","ats:Strike S","ats:Strike V","ats:Armor Crushing Shot","ats:Defend","ats:Defend","ats:Defend","ats:Emotion Absorption","ats:Magnetic Hammer+1","ats:Shell Defense","ats:Charging Defense","ats:Thorns"],"relics":["ats:Sanity","FaceOfCleric"],"acts_visited":["Exordium"],"potions_floor_usage":[16,16],"damage_taken":[{"damage":6,"enemies":"Jaw Worm","floor":1,"turns":5},{"damage":5,"enemies":"Cultist","floor":3,"turns":5},{"damage":10,"enemies":"2 Louse","floor":4,"turns":3},{"damage":6,"enemies":"Looter","floor":7,"turns":5},{"damage":13,"enemies":"Blue Slaver","floor":12,"turns":6},{"damage":3,"enemies":"Red Slaver","floor":13,"turns":4},{"damage":0,"enemies":"Large Slime","floor":14,"turns":6},{"damage":102,"enemies":"Hexaghost","floor":16,"turns":15}],"seed_played":"3016891311109631176","potions_obtained":[{"floor":12,"key":"Energy Potion"},{"floor":13,"key":"Swift Potion"}],"is_trial":false,"path_per_floor":["M","?","M","M","$","R","M","R","T","R","$","M","M","M","R","B"],"character_chosen":"DOCTOR_CLASS","items_purchased":["ats:Shell Defense","ats:Charging Defense"],"campfire_rested":2,"item_purchase_floors":[5,11],"current_hp_per_floor":[73,73,69,60,60,81,79,79,79,79,79,67,65,66,85,0,0],"gold":86,"neow_bonus":"TEN_PERCENT_HP_BONUS","is_daily":false,"chose_seed":false,"campfire_upgraded":1,"win_rate":0.0,"timestamp":1613986970,"path_taken":["M","?","M","M","$","R","M","R","T","R","$","?","M","M","R","BOSS"],"items_purchased_type":["Card","Card"],"build_version":"2020-12-22","purchased_purges":1,"victory":false,"max_hp_per_floor":[79,79,80,81,81,81,82,82,82,82,82,83,84,85,85,85,85],"card_choices":[{"not_picked":["ats:Cat Scratch","ats:Very Hot Blade"],"picked":"ats:Magnetic Hammer","floor":1},{"not_picked":["ats:Absolute Focus","ats:Very Hot Blade","ats:Curse Doll"],"picked":"SKIP","floor":3},{"not_picked":["ats:Revitalization","ats:Absolute Focus","ats:Curse Doll"],"picked":"SKIP","floor":4},{"not_picked":["ats:Very Hot Blade","ats:True Silver Slash","ats:Blood Oath"],"picked":"SKIP","floor":7},{"not_picked":["ats:Explosion Area Strengthen","ats:Defend Order","ats:Soul Absorption"],"picked":"SKIP","floor":12},{"not_picked":["ats:Ignite","ats:Literary Storm"],"picked":"ats:Thorns","floor":13},{"not_picked":["ats:Apocalypse","ats:Consecutive Shot Auto","ats:Powerful Strike"],"picked":"SKIP","floor":14}],"player_experience":124200,"relics_obtained":[],"event_choices":[{"damage_healed":0,"gold_gain":0,"player_choice":"Trade","damage_taken":0,"relics_obtained":["FaceOfCleric"],"max_hp_gain":0,"max_hp_loss":0,"event_name":"FaceTrader","floor":2,"gold_loss":0}],"is_beta":false,"boss_relics":[],"items_purged_floors":[5],"is_endless":false,"potions_floor_spawned":[12,13],"killed_by":"Hexaghost","ascension_level":0}}