{"host":"doky","time":1613989312,"event":{"mods":["100% Spire Juice","Act Like it!","BaseMod","Gensokyo","KinomotoSakuraMod(ƒæ÷Æ±æ”£)","Marisa£®ÏF”Í°°ƒß¿Ì…≥£©","Minty Spire (QoL Compilation)","Railgun Mod","Reimu£®≤©¿ˆ¡È√Œ£©","Remilia£®¿Ÿ√◊¿Ú—«£©","StSLib","The Alterego","Yakumo Yukari mod","Youmu£®ªÍ∆«—˝√Œ£©","Yuri Mod"],"gold_per_floor":[114,133,0,0,0,35,47,59,116,143,468,505,533,562,574,687,699,730,39,57,137,137,137],"floor_reached":22,"language":"ZHS","playtime":2660,"items_purged":["ClowCardTheSword"],"score":246,"play_id":"e24f8991-7f59-443d-8dd7-932cfedeea31","local_time":"20210222182152","is_ascension_mode":false,"campfire_choices":[{"data":"ClowCardTheRain","floor":8,"key":"SMITH"},{"data":"ClowCardTheBubbles","floor":15,"key":"SMITH"}],"circlet_count":0,"master_deck":["SakuraCardTheWatery+","ClowCardTheSword","ClowCardTheSword","ClowCardTheSword","ClowCardTheShield","ClowCardTheShield","ClowCardTheShield","ClowCardTheShield","SpellCardSeal","SpellCardRelease","ClowCardThePower","ClowCardTheRain+1","ClowCardTheDash","ClowCardTheErase","ClowCardTheBubbles+1","ClowCardTheTwin","ClowCardTheDream","Apotheosis","ClowCardTheFreeze"],"relics":["KSMOD_SealedBook","KSMOD_SealedWand","NeowsBlessing","Gensokyo:Mercy","MawBank","Happy Flower","KSMOD_SwordJade","Art of War","Fusion Hammer","KSMOD_Cerberus","ClockworkSouvenir","Question Card"],"acts_visited":["Exordium","Gensokyo:Gensokyo"],"potions_floor_usage":[11],"damage_taken":[{"damage":0,"enemies":"Gensokyo:Python","floor":1,"turns":1},{"damage":0,"enemies":"Gensokyo:Gryphon","floor":2,"turns":1},{"damage":0,"enemies":"Gensokyo:Cirno","floor":6,"turns":2},{"damage":3,"enemies":"Gensokyo:2_Kodama","floor":10,"turns":7},{"damage":15,"enemies":"Gensokyo:5_Fairies","floor":11,"turns":7},{"damage":5,"enemies":"Gensokyo:Mamizou","floor":12,"turns":8},{"damage":1,"enemies":"Gensokyo:3_Kodama","floor":13,"turns":4},{"damage":0,"enemies":"Gensokyo:Kitsune","floor":14,"turns":2},{"damage":46,"enemies":"Gensokyo:Reimu","floor":16,"turns":12},{"damage":0,"enemies":"Gensokyo:2_Gloops","floor":18,"turns":4},{"damage":3,"enemies":"Gensokyo:CosmicMonolith","floor":20,"turns":2},{"damage":0,"enemies":"Gensokyo:Wraith","floor":22,"turns":1}],"seed_played":"-739566393568832750","potions_obtained":[{"floor":10,"key":"Energy Potion"},{"floor":13,"key":"Regen Potion"},{"floor":14,"key":"Strength Potion"},{"floor":16,"key":"SpeedPotion"},{"floor":18,"key":"EssenceOfSteel"}],"is_trial":false,"path_per_floor":["M","M","COS","?","?","E","$","R","T","M","M","E","M","M","R","B",null,"M","$","M","T","M"],"character_chosen":"KINOMOTOSAKURA","items_purchased":["Apotheosis","KSMOD_Cerberus","ClockworkSouvenir"],"campfire_rested":0,"item_purchase_floors":[19,19,19],"current_hp_per_floor":[70,70,70,70,70,70,70,70,70,67,52,47,46,46,46,44,70,70,70,67,67,67,67],"gold":137,"neow_bonus":"THREE_ENEMY_KILL","is_daily":false,"chose_seed":false,"campfire_upgraded":2,"win_rate":0.0,"timestamp":1613989312,"path_taken":["M","M","COS","?","?","E","?","R","T","?","M","E","M","M","R","BOSS","M","?","?","?","M"],"items_purchased_type":["Card","Relic","Relic"],"build_version":"2020-12-18","purchased_purges":1,"victory":false,"max_hp_per_floor":[70,70,70,70,70,70,70,70,70,70,70,70,70,70,70,70,70,70,70,70,70,70,70],"card_choices":[{"not_picked":["ClowCardTheMaze","ClowCardTheGlow"],"picked":"ClowCardThePower","floor":1},{"not_picked":["ClowCardTheMist","ClowCardTheVoice"],"picked":"ClowCardTheShot","floor":2},{"not_picked":["ClowCardTheSand","ClowCardThePower"],"picked":"ClowCardTheRain","floor":5},{"not_picked":["ClowCardTheWindy","ClowCardTheSand"],"picked":"ClowCardTheDash","floor":5},{"not_picked":["ClowCardTheShot","ClowCardTheFly"],"picked":"ClowCardTheWatery","floor":6},{"not_picked":["ClowCardTheFly","ClowCardTheCloud"],"picked":"ClowCardTheErase","floor":10},{"not_picked":["ClowCardThePower","ClowCardTheShadow","ClowCardTheShot"],"picked":"SKIP","floor":11},{"not_picked":["ClowCardTheShot","ClowCardTheSnow"],"picked":"ClowCardTheBubbles","floor":12},{"not_picked":["ClowCardTheMist","ClowCardTheFight","ClowCardThePower"],"picked":"SKIP","floor":13},{"not_picked":["ClowCardTheFirey","ClowCardTheFly","ClowCardTheLibra"],"picked":"SKIP","floor":14},{"not_picked":["ClowCardTheDash","ClowCardTheThunder"],"picked":"ClowCardTheTwin","floor":16},{"not_picked":["ClowCardTheLoop","ClowCardTheErase+1"],"picked":"ClowCardTheDream","floor":18},{"not_picked":["ClowCardTheVoice","ClowCardTheDream"],"picked":"ClowCardTheFreeze","floor":20}],"player_experience":414237,"relics_obtained":[{"floor":6,"key":"MawBank"},{"floor":9,"key":"Happy Flower"},{"floor":12,"key":"Art of War"},{"floor":21,"key":"Question Card"}],"event_choices":[],"is_beta":true,"boss_relics":[{"not_picked":["Velvet Choker","RedLine:ReiMu"],"picked":"Fusion Hammer"}],"items_purged_floors":[19],"is_endless":false,"potions_floor_spawned":[10,13,14,16,18],"killed_by":"Gensokyo:Wraith","ascension_level":0}}