{"host":"v86vpwf004p2esb7","time":1613975633,"event":{"mods":["AchievementEnabler","BaseMod","BetterRewards","Colored Powertips","Minty Spire (QoL Compilation)","Quick Restart","StSLib","Transform Curses"],"gold_per_floor":[117,117,292,306,381,407,407,417,417,417,60,60,60,85,85,210,210,225,150,165,183,203,234,234,234,234],"floor_reached":25,"language":"ENG","playtime":906,"items_purged":[],"score":320,"play_id":"57c0bb60-fa7e-4b6d-9a71-c02081633b8c","local_time":"20210221223353","is_ascension_mode":true,"campfire_choices":[{"floor":7,"key":"REST"},{"data":"Envenom","floor":13,"key":"SMITH"},{"data":"Cloak And Dagger","floor":15,"key":"SMITH"},{"floor":24,"key":"REST"}],"circlet_count":0,"master_deck":["Strike_G","Strike_G","Strike_G","Strike_G","Strike_G","Defend_G","Defend_G","Defend_G","Defend_G","Defend_G","Survivor","Neutralize","Backstab","Bouncing Flask","Backstab","Bandage Up","Caltrops","Cloak And Dagger+1","Envenom+1","Blur","Skewer","Bane","After Image","Infinite Blades","Dodge and Roll","Acrobatics+1","Cloak And Dagger","Dodge and Roll"],"relics":["Ring of the Snake","Question Card","Blood Vial","Omamori","Tingsha","The Specimen","Bronze Scales","Strawberry","Golden Idol","Cursed Key","InkBottle"],"acts_visited":["Exordium","TheCity"],"potions_floor_usage":[23,23,25],"damage_taken":[{"damage":0,"enemies":"Cultist","floor":1,"turns":3},{"damage":0,"enemies":"Jaw Worm","floor":4,"turns":3},{"damage":47,"enemies":"Lagavulin","floor":6,"turns":7},{"damage":0,"enemies":"2 Louse","floor":8,"turns":2},{"damage":12,"enemies":"Exordium Wildlife","floor":14,"turns":3},{"damage":28,"enemies":"Hexaghost","floor":16,"turns":9},{"damage":16,"enemies":"Spheric Guardian","floor":18,"turns":5},{"damage":12,"enemies":"Chosen","floor":20,"turns":3},{"damage":34,"enemies":"3 Cultists","floor":21,"turns":6},{"damage":25,"enemies":"Chosen and Byrds","floor":22,"turns":6},{"damage":4,"enemies":"Book of Stabbing","floor":23,"turns":6},{"damage":31,"enemies":"Slavers","floor":25,"turns":2}],"seed_played":"1704295316478512275","potions_obtained":[{"floor":4,"key":"Ancient Potion"},{"floor":8,"key":"GamblersBrew"},{"floor":16,"key":"Swift Potion"},{"floor":20,"key":"CultistPotion"},{"floor":22,"key":"DistilledChaos"}],"is_trial":false,"path_per_floor":["M","?","?","M","?","E","R","M","T","?","$","?","R","M","R","B",null,"M","?","M","M","M","E","R","E"],"character_chosen":"THE_SILENT","items_purchased":["Question Card","Backstab","Blood Vial","Omamori","Bouncing Flask","Backstab","Bandage Up","Caltrops","Bronze Scales","Strawberry","Skewer"],"campfire_rested":2,"item_purchase_floors":[0,0,0,0,0,0,0,0,11,11,11],"current_hp_per_floor":[37,60,60,66,55,14,35,41,41,58,65,65,65,59,59,37,67,57,57,51,23,4,6,29,0,0],"gold":234,"neow_bonus":"","is_daily":false,"chose_seed":false,"campfire_upgraded":2,"win_rate":0.0,"timestamp":1613975633,"path_taken":["M","?","?","M","?","E","R","?","T","?","?","?","R","M","R","BOSS","M","?","M","M","M","E","R","E"],"items_purchased_type":["Relic","Card","Relic","Relic","Card","Card","Card","Card","Relic","Relic","Card"],"build_version":"2020-12-22","purchased_purges":0,"victory":false,"max_hp_per_floor":[70,70,70,70,70,70,70,70,70,70,77,77,77,77,77,77,77,77,77,77,77,77,77,77,77,77],"card_choices":[{"not_picked":["Riddle With Holes","Reflex","Dagger Spray","Quick Slash"],"picked":"SKIP","floor":1},{"not_picked":["Blade Dance","Underhanded Strike","Slice"],"picked":"Cloak And Dagger","floor":4},{"not_picked":["Deadly Poison","Flying Knee","Adrenaline"],"picked":"Envenom","floor":6},{"not_picked":["Heel Hook","Concentrate","All Out Attack"],"picked":"Blur","floor":8},{"not_picked":["Reflex","Prepared","Flying Knee"],"picked":"Bane","floor":14},{"not_picked":["Envenom","A Thousand Cuts","Burst"],"picked":"After Image","floor":16},{"not_picked":["Dodge and Roll","Acrobatics","Outmaneuver+1"],"picked":"Infinite Blades","floor":18},{"not_picked":["Reflex","Endless Agony","Flechettes+1"],"picked":"Dodge and Roll","floor":20},{"not_picked":["All Out Attack","Deflect","Venomology"],"picked":"Acrobatics+1","floor":21},{"not_picked":["Poisoned Stab","Footwork","Noxious Fumes"],"picked":"Cloak And Dagger","floor":22},{"not_picked":["Quick Slash+1","Bouncing Flask","Poisoned Stab"],"picked":"Dodge and Roll","floor":23}],"player_experience":202577,"relics_obtained":[{"floor":6,"key":"Tingsha"},{"floor":9,"key":"The Specimen"},{"floor":23,"key":"InkBottle"}],"event_choices":[{"damage_healed":23,"gold_gain":0,"player_choice":"Banana","damage_taken":0,"max_hp_gain":0,"max_hp_loss":0,"event_name":"Big Fish","floor":2,"gold_loss":0},{"damage_healed":0,"gold_gain":175,"player_choice":"AGREE","damage_taken":0,"max_hp_gain":0,"max_hp_loss":0,"event_name":"Liars Game","floor":3,"gold_loss":0,"cards_obtained":["Doubt"]},{"damage_healed":0,"gold_gain":75,"player_choice":"Gather Gold","damage_taken":11,"max_hp_gain":0,"max_hp_loss":0,"event_name":"World of Goop","floor":5,"gold_loss":0},{"damage_healed":17,"gold_gain":0,"player_choice":"Healed and dodged fight","damage_taken":0,"max_hp_gain":0,"max_hp_loss":0,"event_name":"Mushrooms","floor":10,"gold_loss":0,"cards_obtained":["Parasite"]},{"damage_healed":0,"gold_gain":0,"player_choice":"Take Wound","damage_taken":0,"relics_obtained":["Golden Idol"],"max_hp_gain":0,"max_hp_loss":0,"event_name":"Golden Idol","floor":12,"gold_loss":0,"cards_obtained":["Injury"]},{"cards_removed":["Injury"],"damage_healed":0,"gold_gain":0,"player_choice":"Gave Gold","damage_taken":0,"max_hp_gain":0,"max_hp_loss":0,"event_name":"Beggar","floor":19,"gold_loss":75}],"is_beta":false,"boss_relics":[{"not_picked":["Velvet Choker","Runic Dome"],"picked":"Cursed Key"}],"items_purged_floors":[],"is_endless":false,"potions_floor_spawned":[4,8,16,20,21,22],"killed_by":"Slavers","ascension_level":9}}