{"host":"bplbr8uekuotory4","time":1613967007,"event":{"mods":["Act Like it!","BaseMod","GungeonMod","Hermit","KinomotoSakuraMod(木之本樱)","Marisa（F雨　魔理沙）","Minty Spire (QoL Compilation)","Prisma Mod","Quick Restart","Reimu（博丽灵梦）","SOS（斯巴达之子）","Spicy Shops","StSLib","TestMod","The Blackbeard","The Cursed","The Mystic","The Saiyan","The Senshi","The Servant 0.9.4","Yuri Mod","[IsaacMod]以撒尖塔"],"gold_per_floor":[232,251,201,29,428,428,508,555,555,575,612,273,297,308,308,403,403,423,449,45,45,45,45,57,57,136,154,7,34,49,59,59,160,160,170,221,234,288,334,334,361,361,361,76,95,95,95,105,105,105,105,105,17,50,50],"floor_reached":56,"language":"ZHS","playtime":1270,"items_purged":["theSenshi:SailorBlock","theSenshi:SailorKick","theSenshi:SailorBlock","theSenshi:SailorKick+1","theSenshi:SailorBlock+1","theSenshi:MoonPrincessHalation+1","theSenshi:SailorKick+1"],"score":2128,"play_id":"f6404b81-aff4-4cbd-8e08-bf95b8554c74","local_time":"20210222121007","is_ascension_mode":true,"campfire_choices":[{"data":"theSenshi:MoonPrincessHalation","floor":6,"key":"SMITH"},{"data":"theSenshi:MoonPrincessHalation","floor":15,"key":"SMITH"},{"data":"theSenshi:MoonCrystalPowerMakeUp","floor":23,"key":"SMITH"},{"data":"theSenshi:MoonCrisisMakeUp","floor":25,"key":"SMITH"},{"data":"theSenshi:RoseThrow","floor":32,"key":"SMITH"},{"data":"theSenshi:MoonGorgeousMeditation","floor":40,"key":"SMITH"},{"data":"theSenshi:MoonPrismPowerMakeUp","floor":42,"key":"SMITH"},{"floor":49,"key":"RECALL"},{"data":"theSenshi:SailorStarHealerAssists","floor":52,"key":"SMITH"}],"circlet_count":0,"master_deck":["theSenshi:SailorBlock+1","theSenshi:RoseThrow+1","theSenshi:MoonPrismPowerMakeUp+1","theSenshi:MoonPrincessHalation+1","theSenshi:MoonCrystalPowerMakeUp+1","theSenshi:SailorStarHealerAssists+1","theSenshi:MoonCrisisMakeUp+1","theSenshi:MoonGorgeousMeditation+1"],"relics":["theSenshi:TransformationBroochRelic","HushsDoor","SalivaCoin","testmod-Charity","Membership Card","BelialBook","Odd Mushroom","RuthlessExorcism:ReiMu","testmod-IntensifyImprint","Black Star","GuppysCollar","GuppysTail","DeathBook","Sling","TentaclePot:ReiMu","Ornamental Fan","Anchor","theSenshi:TransformationPenRelic","testmod-ObsoleteBoomerang","testmod-RainbowHikingShoes","DemoMod:DecoyRelic","DemoMod:GlassGuonStoneRelic","Busted Crown","RottenBaby","SatanicBible","DemoMod:Orange","InkBottle","Akabeko","CatCart","theSenshi:CrisisMoonCompactRelic","Leech","Mummified Hand","Calipers","SteamSale","HowToJump"],"acts_visited":["Exordium","TheCity","TheBeyond","TheEnding"],"potions_floor_usage":[8,16,16,29,55,55,55,55],"damage_taken":[{"damage":14,"enemies":"2 Louse","floor":1,"turns":3},{"damage":6,"enemies":"Jaw Worm","floor":2,"turns":3},{"damage":34,"enemies":"Gremlin Nob","floor":8,"turns":5},{"damage":6,"enemies":"Small Slimes","floor":10,"turns":3},{"damage":14,"enemies":"The Mushroom Lair","floor":11,"turns":6},{"damage":1,"enemies":"Looter","floor":13,"turns":2},{"damage":0,"enemies":"2 Fungi Beasts","floor":14,"turns":2},{"damage":0,"enemies":"Slime Boss","floor":16,"turns":2},{"damage":4,"enemies":"Spheric Guardian","floor":18,"turns":3},{"damage":26,"enemies":"2 Thieves","floor":19,"turns":3},{"damage":0,"enemies":"Snake Plant","floor":24,"turns":2},{"damage":1,"enemies":"Centurion and Healer","floor":27,"turns":3},{"damage":0,"enemies":"Book of Stabbing","floor":29,"turns":1},{"damage":0,"enemies":"Cultist and Chosen","floor":30,"turns":2},{"damage":0,"enemies":"Chosen and Byrds","floor":31,"turns":1},{"damage":0,"enemies":"Collector","floor":33,"turns":2},{"damage":0,"enemies":"Orb Walker","floor":35,"turns":1},{"damage":0,"enemies":"2 Orb Walkers","floor":36,"turns":1},{"damage":0,"enemies":"3 Shapes","floor":37,"turns":1},{"damage":0,"enemies":"Hiden Room Battle","floor":38,"turns":2},{"damage":0,"enemies":"Orin","floor":39,"turns":2},{"damage":0,"enemies":"Reptomancer","floor":41,"turns":1},{"damage":0,"enemies":"3 Darklings","floor":45,"turns":1},{"damage":0,"enemies":"Jaw Worm Horde","floor":48,"turns":1},{"damage":0,"enemies":"Awakened One","floor":50,"turns":3},{"damage":0,"enemies":"Shield and Spear","floor":54,"turns":1},{"damage":0,"enemies":"The Heart","floor":55,"turns":3}],"seed_played":"1255844319574897765","potions_obtained":[{"floor":2,"key":"LiquidMemories"},{"floor":13,"key":"EssenceOfSteel"},{"floor":14,"key":"Swift Potion"},{"floor":18,"key":"Regen Potion"},{"floor":19,"key":"Strength Potion"},{"floor":29,"key":"testmod-SpacePotion"},{"floor":31,"key":"SkillPotion"},{"floor":37,"key":"testmod-TestPotion"}],"is_trial":false,"path_per_floor":["M","M","?","$","?","R","?","E","T","M","?","$","M","M","R","B",null,"M","M","$","?","?","R","M","R","T","M","$","E","M","M","R","B",null,"M","?","M","?","?","R","E","R","T","$","M","?","?","M","R","B",null,"R","$","E","B",null],"character_chosen":"THE_SENSHI","items_purchased":["Membership Card","theSenshi:MoonPrincessHalation","RuthlessExorcism:ReiMu","testmod-IntensifyImprint","testmod-TestPotion","GuppysCollar","GuppysTail","DeathBook","Sling","TentaclePot:ReiMu","Ornamental Fan","Anchor","testmod-ObsoleteBoomerang","RottenBaby","SatanicBible","Calipers"],"campfire_rested":0,"item_purchase_floors":[4,4,12,12,12,17,17,17,20,20,20,20,28,34,34,44],"current_hp_per_floor":[59,55,55,55,56,56,47,17,17,13,2,2,4,5,5,6,47,50,34,34,34,34,34,40,40,41,47,47,48,54,55,55,61,43,44,57,58,51,57,57,63,63,63,63,64,128,128,129,129,129,129,129,129,130,130],"gold":50,"neow_bonus":"HUNDRED_GOLD","is_daily":false,"chose_seed":false,"campfire_upgraded":8,"win_rate":0.0,"timestamp":1613967007,"path_taken":["M","M","?","$","?","R","?","E","T","M","?","$","?","M","R","BOSS","M","M","$","?","?","R","M","R","T","M","$","E","M","M","R","BOSS","M","?","?","?","?","R","E","R","T","$","?","?","?","M","R","BOSS","R","$","E","BOSS"],"items_purchased_type":["Relic","Card","Relic","Relic","Potion","Relic","Relic","Relic","Relic","Relic","Relic","Relic","Relic","Relic","Relic","Relic"],"build_version":"2020-12-22","purchased_purges":7,"victory":true,"max_hp_per_floor":[80,82,82,82,83,83,85,89,89,91,94,94,97,98,98,99,61,63,68,68,68,68,68,69,69,70,72,72,73,74,75,75,76,43,44,57,58,61,62,62,63,63,63,63,64,128,128,129,129,129,129,129,129,130,130],"card_choices":[{"not_picked":["theSenshi:MoonPunch","theSenshi:KlutzyLuck","theSenshi:MoonKick"],"picked":"SKIP","floor":1},{"not_picked":["theSenshi:TallSilhouette","theSenshi:SailorMercuryAssists","theSenshi:SupersonicWaves"],"picked":"SKIP","floor":2},{"not_picked":["theSenshi:LunasBite","theSenshi:MoonTwilightFlash","theSenshi:LateForSchool"],"picked":"SKIP","floor":8},{"not_picked":["theSenshi:SailorPlanetAttack","theSenshi:SailorMarsAssists","theSenshi:SailorChibiMoonAssists"],"picked":"SKIP","floor":10},{"not_picked":["theSenshi:SailorMarsAssists","theSenshi:IWillPunishYou"],"picked":"theSenshi:MoonPrincessHalation","floor":13},{"not_picked":["theSenshi:MoonPunch","theSenshi:SchoolBag"],"picked":"theSenshi:MoonCrystalPowerMakeUp","floor":14},{"not_picked":["theSenshi:ChibiMoonsLove","theSenshi:StarlightHoneymoonTherapyKiss"],"picked":"theSenshi:SailorStarHealerAssists","floor":16},{"not_picked":["theSenshi:MoonKick","theSenshi:EncouragingSpeech","theSenshi:MoonHealingEscalation"],"picked":"SKIP","floor":18},{"not_picked":["theSenshi:InTheNickOfTime","theSenshi:MoonSpiralHeartAttack+1","theSenshi:VenusGlamour+1"],"picked":"SKIP","floor":19},{"not_picked":["theSenshi:SailorMercuryAssists","theSenshi:Sidestep"],"picked":"theSenshi:MoonCrisisMakeUp","floor":24},{"not_picked":["theSenshi:ChibiMoonsLove","theSenshi:TuxedoMaskAssists+1","theSenshi:Sidestep+1"],"picked":"SKIP","floor":27},{"not_picked":["theSenshi:SailorVenusAssists","theSenshi:SailorPlanetPower","theSenshi:MoonHealingEscalation"],"picked":"SKIP","floor":29},{"not_picked":["theSenshi:KlutzyLuck","theSenshi:MoonsReflection+1","theSenshi:TuxedoSmokingBomber"],"picked":"SKIP","floor":30},{"not_picked":["theSenshi:TuxedoSmokingBomber","theSenshi:SailorMarsAssists","theSenshi:JupitersPower"],"picked":"SKIP","floor":31},{"not_picked":["theSenshi:SailorPlutoAssists","theSenshi:SailorCosmosAssists"],"picked":"theSenshi:MoonGorgeousMeditation","floor":33},{"not_picked":["theSenshi:DramaticEntrance"],"picked":"SKIP","floor":35},{"not_picked":["theSenshi:SailorUranusAssists+1"],"picked":"SKIP","floor":37},{"not_picked":["theSenshi:SailorChibiMoonAssists"],"picked":"SKIP","floor":41},{"not_picked":["theSenshi:SaturnsMystery+1"],"picked":"SKIP","floor":45},{"not_picked":["theSenshi:InTheNickOfTime+1"],"picked":"SKIP","floor":48},{"not_picked":["theSenshi:TuxedoSmokingBomber"],"picked":"SKIP","floor":54}],"player_experience":1173629,"relics_obtained":[{"floor":8,"key":"BelialBook"},{"floor":11,"key":"Odd Mushroom"},{"floor":26,"key":"theSenshi:TransformationPenRelic"},{"floor":29,"key":"testmod-RainbowHikingShoes"},{"floor":29,"key":"DemoMod:DecoyRelic"},{"floor":36,"key":"DemoMod:Orange"},{"floor":38,"key":"InkBottle"},{"floor":38,"key":"Akabeko"},{"floor":39,"key":"CatCart"},{"floor":41,"key":"theSenshi:CrisisMoonCompactRelic"},{"floor":41,"key":"Leech"},{"floor":43,"key":"Mummified Hand"},{"floor":54,"key":"SteamSale"},{"floor":54,"key":"HowToJump"}],"event_choices":[{"cards_removed":["theSenshi:SailorKick"],"damage_healed":0,"gold_gain":0,"player_choice":"Card Removal","damage_taken":0,"max_hp_gain":0,"max_hp_loss":0,"event_name":"The Cleric","floor":3,"gold_loss":50},{"damage_healed":0,"gold_gain":400,"player_choice":"Sell","damage_taken":0,"max_hp_gain":0,"max_hp_loss":0,"event_name":"恩洛斯的盘子","floor":5,"relics_lost":["testmod-TestBox"],"gold_loss":0},{"damage_healed":0,"gold_gain":75,"player_choice":"Gather Gold","damage_taken":11,"max_hp_gain":0,"max_hp_loss":0,"event_name":"World of Goop","floor":7,"gold_loss":0},{"damage_healed":0,"gold_gain":0,"player_choice":"Fought Mushrooms","damage_taken":0,"max_hp_gain":0,"max_hp_loss":0,"event_name":"Mushrooms","floor":11,"gold_loss":0},{"damage_healed":0,"gold_gain":0,"player_choice":"Simplicity","damage_taken":0,"max_hp_gain":0,"max_hp_loss":0,"event_name":"Back to Basics","floor":21,"gold_loss":0,"cards_upgraded":["theSenshi:SailorKick","theSenshi:SailorKick","theSenshi:SailorBlock","theSenshi:SailorBlock"]},{"damage_healed":0,"gold_gain":0,"player_choice":"Ignored","damage_taken":0,"max_hp_gain":0,"max_hp_loss":0,"event_name":"Vampires","floor":22,"gold_loss":0},{"damage_healed":0,"gold_gain":0,"player_choice":"Fight","damage_taken":0,"max_hp_gain":0,"max_hp_loss":0,"event_name":"Mysterious Sphere","floor":36,"gold_loss":0},{"damage_healed":0,"gold_gain":0,"player_choice":"Fight","damage_taken":0,"max_hp_gain":0,"max_hp_loss":0,"event_name":"HidenRoomEvent","floor":38,"gold_loss":0},{"damage_healed":0,"gold_gain":0,"player_choice":"Fight","damage_taken":0,"max_hp_gain":0,"max_hp_loss":0,"event_name":"OrinTheCat","floor":39,"gold_loss":0},{"damage_healed":0,"gold_gain":0,"player_choice":"Swap Relic","damage_taken":0,"relics_obtained":["testmod-HarvestTotem"],"max_hp_gain":0,"max_hp_loss":0,"event_name":"给自己的盒子","floor":46,"relics_lost":["testmod-HarvestTotem"],"gold_loss":0},{"damage_healed":0,"gold_gain":0,"player_choice":"Memory 1","damage_taken":0,"max_hp_gain":0,"max_hp_loss":0,"event_name":"SensoryStone","floor":47,"gold_loss":0}],"is_beta":false,"boss_relics":[{"not_picked":["testmod-Nine","Astrolabe"],"picked":"Black Star"},{"not_picked":[]},{"not_picked":["Tiny House","testmod-Prudence"],"picked":"Busted Crown"},{"not_picked":[]}],"items_purged_floors":[12,17,20,34,44,44,53],"is_endless":false,"potions_floor_spawned":[2,13,14,18,19,29,31,37,39,45],"ascension_level":8}}