{"host":"yhhyog5h1q67ienp","time":1613958560,"event":{"mods":["AchievementEnabler","BaseMod","Block Reminder","Colored Map","Colored Powertips","Minty Spire (QoL Compilation)","Quick Restart","Relic Stats","StSLib","ojb\u0027s Better Paths Mod","ojb\u0027s Info Mod"],"gold_per_floor":[111,36,36,55,70,104,104,134,158,189,189,208,220,240,240,240,240],"floor_reached":16,"language":"ENG","playtime":1393,"items_purged":["Body Slam"],"score":244,"play_id":"f490102d-d89c-41a9-99c9-9d2516e55cd5","local_time":"20210221224920","is_ascension_mode":true,"campfire_choices":[{"data":"Feel No Pain","floor":7,"key":"SMITH"},{"floor":11,"key":"REST"},{"floor":15,"key":"REST"}],"circlet_count":0,"master_deck":["AscendersBane","Bash","Combust","Pommel Strike","Barricade","Hemokinesis","Thunderclap","Shrug It Off","Uppercut","Feel No Pain+1","Pommel Strike","Pommel Strike","Combust","True Grit","Shrug It Off","Iron Wave+1","Shrug It Off","Clash+1"],"relics":["Pandora\u0027s Box","Strawberry","Bronze Scales","Juzu Bracelet","Molten Egg 2"],"acts_visited":["Exordium"],"potions_floor_usage":[6,8,13,16],"damage_taken":[{"damage":6,"enemies":"Small Slimes","floor":1,"turns":2},{"damage":3,"enemies":"Jaw Worm","floor":4,"turns":2},{"damage":3,"enemies":"2 Louse","floor":5,"turns":2},{"damage":24,"enemies":"Lagavulin","floor":6,"turns":5},{"damage":17,"enemies":"3 Sentries","floor":8,"turns":4},{"damage":14,"enemies":"Gremlin Nob","floor":10,"turns":3},{"damage":5,"enemies":"Red Slaver","floor":12,"turns":3},{"damage":0,"enemies":"Lots of Slimes","floor":13,"turns":1},{"damage":7,"enemies":"2 Fungi Beasts","floor":14,"turns":2},{"damage":38,"enemies":"Hexaghost","floor":16,"turns":9}],"seed_played":"-790725359339457542","potions_obtained":[{"floor":1,"key":"SteroidPotion"},{"floor":5,"key":"Explosive Potion"},{"floor":6,"key":"SkillPotion"},{"floor":14,"key":"Dexterity Potion"}],"is_trial":false,"path_per_floor":["M","$","?","M","M","E","R","E","T","E","R","M","M","M","R","B"],"character_chosen":"IRONCLAD","items_purchased":[],"campfire_rested":2,"item_purchase_floors":[],"current_hp_per_floor":[62,62,55,52,49,32,32,15,15,1,25,20,20,13,37,0,0],"gold":240,"neow_bonus":"BOSS_RELIC","is_daily":false,"chose_seed":false,"campfire_upgraded":1,"win_rate":0.0,"timestamp":1613958560,"path_taken":["M","$","?","M","M","E","R","E","T","E","R","M","M","M","R","BOSS"],"items_purchased_type":[],"build_version":"2020-12-22","purchased_purges":1,"victory":false,"max_hp_per_floor":[75,75,75,75,75,82,82,82,82,82,82,82,82,82,82,82,82],"relic_stats":{"counters":[10,33],"Bronze Scales":[54],"Pandora\u0027s Box":["Combust","Pommel Strike","Barricade","Hemokinesis","Thunderclap","Clash","Shrug It Off","Uppercut","Body Slam"],"Juzu Bracelet":0,"obtain_stats":[{"Strawberry":6,"Bronze Scales":8,"Pandora\u0027s Box":0,"Molten Egg 2":10,"Juzu Bracelet":9,"Burning Blood":0},{"Strawberry":4,"Bronze Scales":5,"Pandora\u0027s Box":0,"Molten Egg 2":6,"Juzu Bracelet":5,"Burning Blood":0},{"Strawberry":11,"Bronze Scales":15,"Pandora\u0027s Box":0,"Molten Egg 2":18,"Juzu Bracelet":15,"Burning Blood":0}]},"card_choices":[{"not_picked":["Burning Pact","Thunderclap"],"picked":"Feel No Pain","floor":1},{"not_picked":["Perfected Strike","Havoc"],"picked":"Pommel Strike","floor":4},{"not_picked":["Seeing Red","Wild Strike"],"picked":"Pommel Strike","floor":5},{"not_picked":["Intimidate","Cleave"],"picked":"Combust","floor":6},{"not_picked":["Headbutt","Exhume"],"picked":"True Grit","floor":8},{"not_picked":["Rampage+1","Flex"],"picked":"Shrug It Off","floor":10},{"not_picked":["Rampage+1","Clothesline+1"],"picked":"Iron Wave+1","floor":12},{"not_picked":["Metallicize","Corruption"],"picked":"Shrug It Off","floor":13},{"not_picked":["Havoc","Thunderclap+1"],"picked":"Clash+1","floor":14}],"player_experience":1514144,"relics_obtained":[{"floor":6,"key":"Strawberry"},{"floor":8,"key":"Bronze Scales"},{"floor":9,"key":"Juzu Bracelet"},{"floor":10,"key":"Molten Egg 2"}],"event_choices":[{"cards_removed":["Clash"],"damage_healed":0,"gold_gain":0,"player_choice":"Card Removal","damage_taken":7,"max_hp_gain":0,"max_hp_loss":0,"event_name":"Golden Wing","floor":3,"gold_loss":0}],"is_beta":false,"boss_relics":[],"items_purged_floors":[2],"is_endless":false,"potions_floor_spawned":[1,5,6,14],"killed_by":"Hexaghost","ascension_level":20}}