{"host":"w14xfy17z3c5mpoi","time":1613963008,"event":{"mods":["AchievementEnabler","BaseMod","Minty Spire (QoL Compilation)","Relic Stats"],"gold_per_floor":[111,121,121,121,139,173,253,272,272,7,26,45,45,55,55,128,128,147,163,180,180,180,180,190,190,262,29,48,75,75,75,75,75,75],"floor_reached":33,"language":"ENG","playtime":1427,"items_purged":[],"score":469,"play_id":"24c67983-3345-437d-8647-3666e5e5e198","local_time":"20210221220328","is_ascension_mode":true,"campfire_choices":[{"data":"Terror","floor":13,"key":"SMITH"},{"floor":15,"key":"REST"},{"floor":23,"key":"REST"},{"data":"Well Laid Plans","floor":30,"key":"SMITH"},{"data":"Phantasmal Killer","floor":32,"key":"SMITH"}],"circlet_count":0,"master_deck":["AscendersBane","Strike_G","Strike_G","Strike_G+1","Defend_G","Defend_G","Defend_G","Defend_G","Defend_G","Survivor","Neutralize+1","Dash","All Out Attack","Slice","Dagger Throw","Crippling Poison","Terror+1","Endless Agony","Leg Sweep","Phantasmal Killer+1","PiercingWail+1","Outmaneuver+1","Eviscerate","Writhe","Underhanded Strike+1","Deadly Poison","Underhanded Strike","Well Laid Plans+1","Die Die Die","Blade Dance"],"relics":["Ring of the Snake","NeowsBlessing","Singing Bowl","Mummified Hand","Pear","Toy Ornithopter","Philosopher\u0027s Stone","CaptainsWheel","Kunai","Whetstone","Strawberry"],"acts_visited":["Exordium","TheCity"],"potions_floor_usage":[6,11,16,20,29,29,32],"damage_taken":[{"damage":0,"enemies":"Small Slimes","floor":1,"turns":1},{"damage":0,"enemies":"2 Louse","floor":2,"turns":1},{"damage":0,"enemies":"Jaw Worm","floor":5,"turns":1},{"damage":51,"enemies":"Lagavulin","floor":6,"turns":8},{"damage":6,"enemies":"Blue Slaver","floor":8,"turns":4},{"damage":1,"enemies":"Large Slime","floor":11,"turns":4},{"damage":3,"enemies":"3 Louse","floor":12,"turns":2},{"damage":10,"enemies":"Blue Slaver","floor":14,"turns":3},{"damage":31,"enemies":"The Guardian","floor":16,"turns":16},{"damage":15,"enemies":"3 Byrds","floor":18,"turns":5},{"damage":12,"enemies":"Shell Parasite","floor":19,"turns":5},{"damage":26,"enemies":"Shelled Parasite and Fungi","floor":20,"turns":5},{"damage":0,"enemies":"Snake Plant","floor":24,"turns":4},{"damage":5,"enemies":"3 Cultists","floor":28,"turns":4},{"damage":5,"enemies":"Book of Stabbing","floor":29,"turns":6},{"damage":68,"enemies":"Champ","floor":33,"turns":16}],"seed_played":"-5922506373603755765","potions_obtained":[{"floor":1,"key":"Regen Potion"},{"floor":8,"key":"SmokeBomb"},{"floor":11,"key":"CunningPotion"},{"floor":18,"key":"Strength Potion"},{"floor":24,"key":"LiquidMemories"},{"floor":28,"key":"GhostInAJar"},{"floor":29,"key":"EntropicBrew"}],"is_trial":false,"path_per_floor":["M","M","?","?","M","E","?","M","T","$","M","M","R","M","R","B",null,"M","M","M","?","?","R","M","?","T","$","M","E","R","?","R","B"],"character_chosen":"THE_SILENT","items_purchased":["Toy Ornithopter","Crippling Poison","Fire Potion","Whetstone","Well Laid Plans"],"campfire_rested":2,"item_purchase_floors":[10,10,10,27,27],"current_hp_per_floor":[63,63,56,56,58,22,22,16,26,26,30,27,27,17,41,15,65,50,38,17,17,17,41,41,41,41,41,38,50,50,50,55,0,0],"gold":75,"neow_bonus":"THREE_ENEMY_KILL","is_daily":false,"chose_seed":false,"campfire_upgraded":3,"win_rate":0.0,"timestamp":1613963008,"path_taken":["M","M","?","?","M","E","?","M","T","$","M","M","R","M","R","BOSS","M","M","M","?","?","R","M","?","T","$","M","E","R","?","R","BOSS"],"items_purchased_type":["Relic","Card","Potion","Relic","Card"],"build_version":"2020-12-22","purchased_purges":0,"victory":false,"max_hp_per_floor":[70,70,70,70,72,72,72,72,82,82,82,82,82,82,82,82,82,82,82,82,82,82,82,82,82,82,82,84,91,91,91,91,91,91],"relic_stats":{"Singing Bowl":4,"counters":[16,85],"Mummified Hand":[1],"Kunai":[16],"Whetstone":["Strike_G","Neutralize"],"obtain_stats":[{"CaptainsWheel":21,"Pear":9,"NeowsBlessing":0,"Singing Bowl":3,"Mummified Hand":6,"Strawberry":29,"Philosopher\u0027s Stone":17,"Kunai":26,"Whetstone":27,"Toy Ornithopter":10,"Ring of the Snake":0},{"CaptainsWheel":12,"Pear":5,"NeowsBlessing":0,"Singing Bowl":2,"Mummified Hand":4,"Strawberry":15,"Philosopher\u0027s Stone":9,"Kunai":13,"Whetstone":13,"Toy Ornithopter":5,"Ring of the Snake":0},{"CaptainsWheel":55,"Pear":15,"NeowsBlessing":0,"Singing Bowl":2,"Mummified Hand":11,"Strawberry":69,"Philosopher\u0027s Stone":40,"Kunai":59,"Whetstone":59,"Toy Ornithopter":15,"Ring of the Snake":0}],"Toy Ornithopter":30,"Ring of the Snake":[33]},"card_choices":[{"not_picked":["Cloak And Dagger","Prepared"],"picked":"Dash","floor":1},{"not_picked":["Blur","Prepared"],"picked":"All Out Attack","floor":2},{"not_picked":["Caltrops","Accuracy","Storm of Steel"],"picked":"Singing Bowl","floor":5},{"not_picked":["All Out Attack","Acrobatics"],"picked":"Slice","floor":6},{"not_picked":["Backflip","Deadly Poison"],"picked":"Dagger Throw","floor":8},{"not_picked":["Outmaneuver","Blade Dance"],"picked":"Terror","floor":11},{"not_picked":["Deflect","Terror"],"picked":"Endless Agony","floor":12},{"not_picked":["Acrobatics","Choke"],"picked":"Leg Sweep","floor":14},{"not_picked":["Glass Knife","Envenom"],"picked":"Phantasmal Killer","floor":16},{"not_picked":["Deflect","Dodge and Roll"],"picked":"PiercingWail+1","floor":18},{"not_picked":["Deflect","Distraction"],"picked":"Outmaneuver+1","floor":19},{"not_picked":["All Out Attack+1","Dagger Spray"],"picked":"Eviscerate","floor":20},{"not_picked":["Masterful Stab","Sucker Punch"],"picked":"Underhanded Strike+1","floor":24},{"not_picked":["Dagger Spray","Crippling Poison","Expertise"],"picked":"Singing Bowl","floor":28},{"not_picked":["Outmaneuver","Catalyst"],"picked":"Die Die Die","floor":29}],"player_experience":761500,"relics_obtained":[{"floor":6,"key":"Mummified Hand"},{"floor":9,"key":"Pear"},{"floor":26,"key":"Kunai"},{"floor":29,"key":"Strawberry"}],"event_choices":[{"damage_healed":0,"gold_gain":0,"player_choice":"Success","damage_taken":7,"relics_obtained":["Singing Bowl"],"max_hp_gain":0,"max_hp_loss":0,"event_name":"Scrap Ooze","floor":3,"gold_loss":0},{"damage_healed":0,"gold_gain":0,"player_choice":"Ignored","damage_taken":0,"max_hp_gain":0,"max_hp_loss":0,"event_name":"Liars Game","floor":4,"gold_loss":0},{"damage_healed":0,"gold_gain":80,"player_choice":"Gained Gold","damage_taken":0,"max_hp_gain":0,"max_hp_loss":0,"event_name":"Golden Wing","floor":7,"gold_loss":0},{"damage_healed":0,"gold_gain":0,"player_choice":"Opened","damage_taken":0,"relics_obtained":["CaptainsWheel"],"max_hp_gain":0,"max_hp_loss":0,"event_name":"The Mausoleum","floor":21,"gold_loss":0,"cards_obtained":["Writhe"]},{"damage_healed":0,"gold_gain":0,"player_choice":"Ignored","damage_taken":0,"max_hp_gain":0,"max_hp_loss":0,"event_name":"Ghosts","floor":22,"gold_loss":0},{"damage_healed":0,"gold_gain":0,"cards_transformed":["Strike_G","Strike_G"],"player_choice":"Became Test Subject","damage_taken":0,"max_hp_gain":0,"max_hp_loss":0,"event_name":"Drug Dealer","floor":25,"gold_loss":0,"cards_obtained":["Deadly Poison","Underhanded Strike"]},{"damage_healed":0,"gold_gain":0,"player_choice":"Read","damage_taken":0,"max_hp_gain":0,"max_hp_loss":0,"event_name":"The Library","floor":31,"gold_loss":0,"cards_obtained":["Blade Dance"]}],"is_beta":false,"boss_relics":[{"not_picked":["Cursed Key","Empty Cage"],"picked":"Philosopher\u0027s Stone"}],"items_purged_floors":[],"is_endless":false,"potions_floor_spawned":[1,8,11,12,18,24,28,29],"killed_by":"Champ","ascension_level":13}}