{"host":"bcfh1ntqgeyvyogo","time":1613985597,"event":{"mods":["BaseMod","Downfall","Minty Spire (QoL Compilation)","Quick Restart","StSLib"],"gold_per_floor":[116,291,291,10,10,36,36,65,65,65,15,15,33,108,108,212,212,227,242,256,256,256,256,271,271,271,271,284,73,73,85,85,184,184,203,203,218,232,121,121,134,152,178,198,15,15,33,68,68,68],"floor_reached":51,"language":"ZHS","playtime":1814,"items_purged":["Slimebound:Strike_Slimebound"],"score":685,"play_id":"fde77204-2ad6-4c4d-b2a1-bc20dda36c72","local_time":"20210222171957","is_ascension_mode":false,"campfire_choices":[{"data":"Apotheosis","floor":7.0,"key":"SMITH"},{"floor":10.0,"key":"REST"},{"floor":15.0,"key":"REST"},{"floor":23.0,"key":"REST"},{"floor":25.0,"key":"REST"},{"floor":32.0,"key":"REST"},{"floor":40.0,"key":"REST"},{"floor":49.0,"key":"REST"}],"circlet_count":0,"master_deck":["Slimebound:Strike_Slimebound","Slimebound:Tackle","Slimebound:Defend_Slimebound","Slimebound:Defend_Slimebound","Slimebound:Defend_Slimebound","Slimebound:Split","Slimebound:CorrosiveSpit","Slimebound:Schlurp","Slimebound:LeadByExample","Apotheosis+1","Slimebound:LeechEnergy","Slimebound:ComboTackle","Slimebound:FlameTackle","Slimebound:SplitMire+1","Slimebound:MassFeed","Slimebound:LevelUp+1","Slimebound:LeadByExample","Slimebound:SpikyOuterGoop","Slimebound:GrowthPunch","Slimebound:Prepare+1","Slimebound:Gluttony+1","Slimebound:LeechLife","Slimebound:SlimeSlap","Slimebound:GoopSpray+1","Slimebound:SplitAcid+1","Slimebound:SplitMire","Slimebound:FormOfPuddle+1","Slimebound:Nibble+1","Slimebound:SlimeBarrage","Sadistic Nature+1","Slimebound:SlimeTap","Slimebound:AcidTongue+1"],"relics":["Empty Cage","Slimebound:AggressiveSlimeRelic","Lizard Tail","Regal Pillow","Slimebound:MaxSlimesRelic","bronze:MakeshiftBattery","PreservedInsect","Oddly Smooth Stone","Frozen Egg 2","Cursed Key","Centennial Puzzle","War Paint"],"acts_visited":["Exordium","TheCity","TheBeyond"],"potions_floor_usage":[50,50],"damage_taken":[{"damage":2.0,"enemies":"2 Louse","floor":1.0,"turns":3.0},{"damage":12.0,"enemies":"Gremlin Nob","floor":6.0,"turns":3.0},{"damage":29.0,"enemies":"3 Sentries","floor":8.0,"turns":6.0},{"damage":5.0,"enemies":"Small Slimes","floor":13.0,"turns":3.0},{"damage":3.0,"enemies":"Slime Boss","floor":16.0,"turns":5.0},{"damage":3.0,"enemies":"Chosen","floor":18.0,"turns":3.0},{"damage":16.0,"enemies":"2 Thieves","floor":19.0,"turns":3.0},{"damage":22.0,"enemies":"Snecko","floor":20.0,"turns":4.0},{"damage":44.0,"enemies":"Shelled Parasite and Fungi","floor":24.0,"turns":6.0},{"damage":15.0,"enemies":"Snake Plant","floor":28.0,"turns":5.0},{"damage":5.0,"enemies":"Sentry and Sphere","floor":31.0,"turns":5.0},{"damage":29.0,"enemies":"Automaton","floor":33.0,"turns":9.0},{"damage":18.0,"enemies":"3 Darklings","floor":35.0,"turns":6.0},{"damage":21.0,"enemies":"3 Shapes","floor":37.0,"turns":5.0},{"damage":26.0,"enemies":"Jaw Worm Horde","floor":38.0,"turns":4.0},{"damage":30.0,"enemies":"4 Shapes","floor":41.0,"turns":5.0},{"damage":39.0,"enemies":"Writhing Mass","floor":42.0,"turns":6.0},{"damage":23.0,"enemies":"Transient","floor":44.0,"turns":5.0},{"damage":8.0,"enemies":"3 Darklings","floor":47.0,"turns":4.0},{"damage":15.0,"enemies":"Nemesis","floor":48.0,"turns":3.0},{"damage":52,"enemies":"Awakened One","floor":50,"turns":8}],"seed_played":"3462746230468186662","potions_obtained":[{"floor":6.0,"key":"LiquidBronze"},{"floor":13.0,"key":"Fire Potion"},{"floor":24.0,"key":"Fire Potion"},{"floor":28.0,"key":"Ancient Potion"},{"floor":37.0,"key":"champ:CounterPotion"}],"is_trial":false,"path_per_floor":["M","?","?","$","?","E","R","E","T","R","?","$","M","?","R","B",null,"M","M","M","?","?","R","M","R","T","?","M","$","$","M","R","B",null,"M","?","M","M","$","R","M","M","T","M","$","?","M","E","R","B",null],"character_chosen":"SLIMEBOUND","items_purchased":["Slimebound:LeadByExample","Apotheosis","Slimebound:LeechEnergy","Slimebound:Gluttony+1","Slimebound:LeechLife","Slimebound:FormOfPuddle","Sadistic Nature+1"],"campfire_rested":7,"item_purchase_floors":[4,4,4,29,29,39,45],"current_hp_per_floor":[63,63,56,56,56,44,44,15,15,49,49,49,44,44,65,62,65,66,53,31,31,31,67,23,59,59,59,44,44,44,39,72,71,72,54,54,37,23,23,59,35,10,10,5,5,5,46,49,72,61],"gold":68,"neow_bonus":"BOSS_RELIC","is_daily":false,"chose_seed":false,"campfire_upgraded":1,"win_rate":0.0,"timestamp":1613985597,"path_taken":["M","?","?","$","?","E","R","E","T","R","?","$","M","?","R","BOSS","M","M","M","?","?","R","M","R","T","?","?","?","$","M","R","BOSS","M","?","M","M","$","R","M","M","T","M","$","?","M","E","R","BOSS"],"items_purchased_type":["Card","Card","Card","Card","Card","Card","Card"],"build_version":"2020-12-22","purchased_purges":1,"victory":true,"max_hp_per_floor":[65,65,65,65,65,65,65,65,65,65,65,65,65,65,65,65,65,69,72,72,72,72,72,72,72,72,72,72,72,72,72,72,72,72,72,72,72,72,72,72,72,72,72,72,72,72,72,72,72,72],"card_choices":[{"not_picked":["Slimebound:RainOfGoop","Slimebound:HauntingLick"],"picked":"Slimebound:Schlurp","floor":1.0},{"not_picked":["Slimebound:SamplingLick","Slimebound:SlimeBrawl"],"picked":"Slimebound:ComboTackle","floor":6.0},{"not_picked":["Slimebound:PressTheAttack","Slimebound:SplitAcid"],"picked":"Slimebound:FlameTackle","floor":8.0},{"not_picked":["Slimebound:PressTheAttack","Slimebound:LeechEnergy"],"picked":"Slimebound:SplitMire","floor":13.0},{"not_picked":["Slimebound:OozeBath","Slimebound:Teamwork"],"picked":"Slimebound:MassFeed","floor":16.0},{"not_picked":["Slimebound:LeadByExample","Slimebound:SlimeBrawl"],"picked":"Slimebound:LevelUp+1","floor":18.0},{"not_picked":["Slimebound:SplitMire","Slimebound:SlimeSpikes"],"picked":"Slimebound:LeadByExample","floor":19.0},{"not_picked":["Slimebound:Chomp","Slimebound:AcidTongue"],"picked":"Slimebound:SpikyOuterGoop","floor":20.0},{"not_picked":["Slimebound:SplitMire","Slimebound:SlimeBrawl"],"picked":"Slimebound:GrowthPunch","floor":24.0},{"not_picked":["Slimebound:GoopTackle","Slimebound:SpikyOuterGoop+1"],"picked":"Slimebound:Prepare+1","floor":28.0},{"not_picked":["Slimebound:LeechEnergy","Slimebound:LivingWall","Slimebound:RainOfGoop"],"picked":"SKIP","floor":31.0},{"not_picked":["Slimebound:MassFeed","Slimebound:RallyTheTroops"],"picked":"Slimebound:SlimeSlap","floor":33.0},{"not_picked":["Slimebound:ComboTackle","Slimebound:SlimeSpikes"],"picked":"Slimebound:GoopSpray+1","floor":35.0},{"not_picked":["Slimebound:SlimeSpikes+1","Slimebound:RainOfGoop"],"picked":"Slimebound:SplitAcid+1","floor":37.0},{"not_picked":["Slimebound:GoopSpray+1","Slimebound:GoopTackle+1"],"picked":"Slimebound:SplitMire","floor":38.0},{"not_picked":["Slimebound:ViciousTackle","Slimebound:LeechEnergy+1","Slimebound:GoopTackle"],"picked":"SKIP","floor":41.0},{"not_picked":["Slimebound:RainOfGoop+1","Slimebound:SplitMire"],"picked":"Slimebound:Nibble+1","floor":42.0},{"not_picked":["Slimebound:ComboTackle+1","Slimebound:SlimeSpikes+1"],"picked":"Slimebound:SlimeBarrage","floor":44.0},{"not_picked":["Slimebound:SplitAcid+1","Slimebound:SplitBruiser+1"],"picked":"Slimebound:SlimeTap","floor":47.0},{"not_picked":["Slimebound:Equalize","Slimebound:SplitLeeching"],"picked":"Slimebound:AcidTongue+1","floor":48.0}],"player_experience":8632,"relics_obtained":[{"floor":6.0,"key":"Lizard Tail"},{"floor":8.0,"key":"Regal Pillow"},{"floor":9.0,"key":"Slimebound:MaxSlimesRelic"},{"floor":26.0,"key":"Oddly Smooth Stone"},{"floor":43.0,"key":"Centennial Puzzle"},{"floor":48.0,"key":"War Paint"}],"event_choices":[{"damage_healed":0.0,"max_hp_gain":0.0,"max_hp_loss":0.0,"gold_gain":175.0,"event_name":"Liars Game","player_choice":"AGREE","floor":2.0,"gold_loss":0.0,"damage_taken":0.0,"cards_obtained":["Doubt"]},{"cards_removed":["Doubt"],"damage_healed":0.0,"max_hp_gain":0.0,"max_hp_loss":0.0,"gold_gain":0.0,"event_name":"Golden Wing","player_choice":"Card Removal","floor":3.0,"gold_loss":0.0,"damage_taken":7.0},{"damage_healed":0.0,"max_hp_gain":0.0,"max_hp_loss":0.0,"gold_gain":0.0,"event_name":"Big Fish","player_choice":"Box","floor":5.0,"gold_loss":0.0,"damage_taken":0.0,"relics_obtained":["Slimebound:AggressiveSlimeRelic"],"cards_obtained":["Regret"]},{"cards_removed":["Regret"],"damage_healed":0.0,"max_hp_gain":0.0,"max_hp_loss":0.0,"gold_gain":0.0,"event_name":"The Cleric","player_choice":"Card Removal","floor":11.0,"gold_loss":50.0,"damage_taken":0.0},{"damage_healed":0.0,"max_hp_gain":0.0,"max_hp_loss":0.0,"gold_gain":0.0,"event_name":"The Mausoleum","player_choice":"Opened","floor":21.0,"gold_loss":0.0,"damage_taken":0.0,"relics_obtained":["PreservedInsect"]},{"damage_healed":0.0,"max_hp_gain":0.0,"max_hp_loss":0.0,"gold_gain":0.0,"event_name":"Ghosts","player_choice":"Ignored","floor":22.0,"gold_loss":0.0,"damage_taken":0.0},{"damage_healed":0.0,"max_hp_gain":0.0,"max_hp_loss":0.0,"gold_gain":0.0,"event_name":"WeMeetAgain","player_choice":"Gave Potion","floor":27.0,"gold_loss":0.0,"damage_taken":0.0,"relics_obtained":["Frozen Egg 2"]},{"damage_healed":0.0,"max_hp_gain":0.0,"max_hp_loss":0.0,"gold_gain":0.0,"event_name":"Tomb of Lord Red Mask","player_choice":"Ignored","floor":36.0,"gold_loss":0.0,"damage_taken":0.0},{"cards_removed":["Decay"],"damage_healed":0.0,"max_hp_gain":0.0,"max_hp_loss":0.0,"gold_gain":0.0,"event_name":"Purifier","player_choice":"Purged","floor":46.0,"gold_loss":0.0,"damage_taken":0.0}],"is_beta":false,"boss_relics":[{"not_picked":["Busted Crown","SlaversCollar"],"picked":"bronze:MakeshiftBattery"},{"not_picked":["Slimebound:TarBlob","Runic Dome"],"picked":"Cursed Key"}],"items_purged_floors":[39],"is_endless":false,"potions_floor_spawned":[6,13,24,28,37,42,44,47],"ascension_level":0}}