{"host":"f76wcztdlwlduum6","time":1613979802,"event":{"mods":["BaseMod","BetterRewards","Colored Powertips","Minty Spire (QoL Compilation)","Quick Restart","Rare Cards Sparkle","Relic Stats","StSLib","SuperFastMode","everything is the same but u backflip on backflip"],"gold_per_floor":[118,136,55,69,79,112,128,128,128,128,147,157,191,221,221,299,299,316,316,326,57,57,57,82,82,82,111,122,153,170,202,202,279,279,298,316,329,339,364,398,417,417,417,79,110,110,143,161,161,161,161,161,161,82,107,107],"floor_reached":57,"language":"ENG","playtime":1954,"items_purged":["Strike_G","Strike_G","Defend_G","Strike_G","Defend_G","Defend_G","Strike_G+1"],"score":4268,"play_id":"6f3180f9-1002-4e1b-9ec8-c88ca5c47c98","local_time":"20210222014322","is_ascension_mode":true,"campfire_choices":[{"data":"Noxious Fumes","floor":8,"key":"SMITH"},{"data":"Noxious Fumes","floor":15,"key":"SMITH"},{"data":"Noxious Fumes","floor":23,"key":"SMITH"},{"data":"Tools of the Trade","floor":25,"key":"SMITH"},{"data":"Adrenaline","floor":32,"key":"SMITH"},{"floor":49,"key":"RECALL"},{"floor":53,"key":"DIG"}],"circlet_count":0,"master_deck":["AscendersBane","Defend_G","Defend_G","Survivor","Neutralize+1","Escape Plan","Skewer+1","Finesse","Flash of Steel+1","Escape Plan","Noxious Fumes+1","Finesse","Noxious Fumes+1","Skewer+1","Tools of the Trade+1","Noxious Fumes+1","Noxious Fumes+1","Adrenaline+1","Adrenaline","Footwork","Well Laid Plans","Phantasmal Killer+1","After Image","Flash of Steel+1","Flash of Steel+1","Backflip","After Image+1","After Image+1","Adrenaline+1","Flash of Steel+1","Flash of Steel+1","Burst+1"],"relics":["Ring of the Serpent","Paper Crane","CaptainsWheel","Mummified Hand","Oddly Smooth Stone","TwistedFunnel","Membership Card","Chemical X","Bag of Marbles","InkBottle","Toy Ornithopter","Odd Mushroom","Coffee Dripper","TungstenRod","Omamori","Happy Flower","MutagenicStrength","Bottled Lightning","Shuriken","Incense Burner","Strawberry","Pantograph","Pocketwatch","Whetstone","Shovel","Darkstone Periapt","Medical Kit","Kunai","DollysMirror","Eternal Feather","Dream Catcher","Bag of Preparation","Ninja Scroll","Lee\u0027s Waffle","Gremlin Horn","Whetstone","War Paint"],"acts_visited":["Exordium","TheCity","TheBeyond","TheEnding"],"potions_floor_usage":[14,14,16,16],"damage_taken":[{"damage":0,"enemies":"Cultist","floor":1,"turns":3},{"damage":0,"enemies":"Jaw Worm","floor":2,"turns":1},{"damage":0,"enemies":"2 Louse","floor":4,"turns":1},{"damage":0,"enemies":"Red Slaver","floor":5,"turns":1},{"damage":0,"enemies":"Gremlin Nob","floor":6,"turns":1},{"damage":0,"enemies":"Large Slime","floor":7,"turns":1},{"damage":0,"enemies":"Exordium Thugs","floor":11,"turns":1},{"damage":0,"enemies":"Blue Slaver","floor":12,"turns":1},{"damage":6,"enemies":"Lagavulin","floor":13,"turns":3},{"damage":4,"enemies":"The Mushroom Lair","floor":14,"turns":3},{"damage":9,"enemies":"Hexaghost","floor":16,"turns":4},{"damage":0,"enemies":"3 Byrds","floor":18,"turns":3},{"damage":0,"enemies":"2 Thieves","floor":20,"turns":2},{"damage":0,"enemies":"Slavers","floor":24,"turns":3},{"damage":0,"enemies":"Book of Stabbing","floor":27,"turns":2},{"damage":0,"enemies":"Snake Plant","floor":28,"turns":1},{"damage":20,"enemies":"Gremlin Leader","floor":29,"turns":3},{"damage":0,"enemies":"Chosen and Byrds","floor":30,"turns":3},{"damage":0,"enemies":"Slavers","floor":31,"turns":3},{"damage":0,"enemies":"Champ","floor":33,"turns":5},{"damage":1,"enemies":"3 Shapes","floor":35,"turns":4},{"damage":0,"enemies":"Orb Walker","floor":36,"turns":3},{"damage":0,"enemies":"Maw","floor":37,"turns":4},{"damage":3,"enemies":"Sphere and 2 Shapes","floor":38,"turns":3},{"damage":8,"enemies":"Mind Bloom Boss Battle","floor":39,"turns":3},{"damage":10,"enemies":"Reptomancer","floor":40,"turns":5},{"damage":0,"enemies":"Spire Growth","floor":41,"turns":1},{"damage":0,"enemies":"Nemesis","floor":45,"turns":3},{"damage":23,"enemies":"Reptomancer","floor":47,"turns":3},{"damage":0,"enemies":"4 Shapes","floor":48,"turns":3},{"damage":0,"enemies":"Time Eater","floor":50,"turns":5},{"damage":0,"enemies":"Donu and Deca","floor":51,"turns":4},{"damage":0,"enemies":"Shield and Spear","floor":55,"turns":3},{"damage":0,"enemies":"The Heart","floor":56,"turns":5}],"seed_played":"-4225703847488371689","potions_obtained":[{"floor":2,"key":"EntropicBrew"},{"floor":5,"key":"Ancient Potion"},{"floor":7,"key":"EntropicBrew"},{"floor":27,"key":"FairyPotion"}],"is_trial":false,"path_per_floor":["M","M","$","M","M","E","M","R","T","?","M","M","E","?","R","B",null,"M","?","M","$","?","R","E","R","T","E","M","E","M","E","R","B",null,"M","M","M","M","?","E","M","T","T","$","E","?","E","M","R","B","B",null,"R","$","E","B",null],"character_chosen":"THE_SILENT","items_purchased":["Paper Crane","Escape Plan","CaptainsWheel","Skewer","Mummified Hand","Finesse","Oddly Smooth Stone","Flash of Steel","TwistedFunnel","Membership Card","Escape Plan","Noxious Fumes","Finesse","DollysMirror","Bag of Marbles","Omamori","Happy Flower","Medical Kit","Kunai","Lee\u0027s Waffle"],"campfire_rested":0,"item_purchase_floors":[0,0,0,0,0,0,0,0,0,0,0,0,0,0,3,21,21,44,44,54],"current_hp_per_floor":[59,59,59,59,59,59,59,59,59,52,52,52,46,52,52,53,63,63,63,63,63,63,63,63,63,63,63,63,50,50,50,50,73,73,72,72,72,69,65,55,55,55,55,55,55,55,32,32,47,72,73,73,73,80,80,80],"gold":107,"neow_bonus":"","is_daily":false,"chose_seed":false,"campfire_upgraded":5,"win_rate":0.0,"timestamp":1613979802,"path_taken":["M","M","$","M","M","E","M","R","T","?","M","M","E","?","R","BOSS","M","?","?","$","?","R","E","R","T","E","M","E","M","E","R","BOSS","M","M","M","M","?","E","M","?","T","$","E","?","E","M","R","BOSS","BOSS","R","$","E","BOSS"],"items_purchased_type":["Relic","Card","Relic","Card","Relic","Card","Relic","Card","Relic","Relic","Card","Card","Card","Relic","Relic","Relic","Relic","Relic","Relic","Relic"],"build_version":"2020-12-22","purchased_purges":7,"victory":true,"max_hp_per_floor":[66,66,66,66,66,66,66,66,66,66,66,66,66,66,66,66,66,66,66,66,66,66,66,66,66,66,66,66,73,73,73,73,73,73,73,73,73,73,73,73,73,73,73,73,73,73,73,73,73,73,73,73,73,80,80,80],"relic_stats":{"Darkstone Periapt":0,"Lee\u0027s Waffle":7,"Happy Flower":[25],"Gremlin Horn":[0,0],"counters":[64,201],"Eternal Feather":15,"Bag of Preparation":[6],"Whetstone":["Strike_G","Skewer","Flash of Steel","Skewer","Neutralize","Flash of Steel"],"War Paint":["Phantasmal Killer","Burst"],"Medical Kit":[24],"Dream Catcher":0,"Shovel":1,"Mummified Hand":[131],"Shuriken":[75],"Pantograph":53,"Chemical X":[124],"Kunai":[224],"obtain_stats":[{"TwistedFunnel":0,"Gremlin Horn":55,"CeramicFish":24,"Vajra":0,"Whetstone":0,"Ginger":0,"Centennial Puzzle":14,"DollysMirror":0,"Strawberry":29,"Fusion Hammer":17,"Kunai":0,"Girya":0,"Happy Flower":55,"Oddly Smooth Stone":0,"Eternal Feather":45,"War Paint":0,"Paper Crane":0,"Akabeko":34,"Shuriken":26,"Bronze Scales":26,"MutagenicStrength":22,"Pandora\u0027s Box":0,"Molten Egg 2":48,"Ring of the Serpent":34,"Meat on the Bone":40,"Pocketwatch":39,"Darkstone Periapt":43,"SacredBark":0,"Incense Burner":27,"Bag of Preparation":48,"ClockworkSouvenir":48,"Nunchaku":6,"Dream Catcher":47,"Matryoshka":9,"Shovel":42,"Mummified Hand":0,"Ninja Scroll":53,"Pantograph":31,"Chemical X":11,"InkBottle":20,"Ring of the Snake":0,"Lee\u0027s Waffle":54,"Omamori":34,"Odd Mushroom":14,"Medical Kit":22,"White Beast Statue":34,"Calling Bell":34,"Peace Pipe":37,"Anchor":0,"CaptainsWheel":34,"Orrery":0,"Turnip":26,"Art of War":47,"Bag of Marbles":3,"Coffee Dripper":17,"Membership Card":0,"Bottled Lightning":24,"Toy Ornithopter":43,"TungstenRod":17},{"TwistedFunnel":30,"Gremlin Horn":63,"CeramicFish":15,"Vajra":0,"Whetstone":0,"Ginger":0,"Centennial Puzzle":10,"DollysMirror":30,"Strawberry":47,"Fusion Hammer":11,"Kunai":0,"Girya":0,"Happy Flower":29,"Oddly Smooth Stone":30,"Eternal Feather":58,"War Paint":0,"Paper Crane":30,"Akabeko":18,"Shuriken":44,"Bronze Scales":15,"MutagenicStrength":43,"Pandora\u0027s Box":0,"Molten Egg 2":26,"Ring of the Serpent":50,"Meat on the Bone":23,"Pocketwatch":55,"Darkstone Periapt":57,"SacredBark":0,"Incense Burner":45,"Bag of Preparation":60,"ClockworkSouvenir":26,"Nunchaku":6,"Dream Catcher":59,"Matryoshka":7,"Shovel":57,"Mummified Hand":30,"Ninja Scroll":62,"Pantograph":49,"Chemical X":8,"InkBottle":13,"Ring of the Snake":0,"Lee\u0027s Waffle":62,"Omamori":18,"Odd Mushroom":40,"Medical Kit":14,"White Beast Statue":18,"Calling Bell":18,"Peace Pipe":20,"Anchor":0,"CaptainsWheel":18,"Orrery":0,"Turnip":15,"Art of War":26,"Bag of Marbles":32,"Coffee Dripper":41,"Membership Card":30,"Bottled Lightning":44,"Toy Ornithopter":23,"TungstenRod":41},{"TwistedFunnel":107,"Gremlin Horn":196,"CeramicFish":48,"Vajra":0,"Whetstone":0,"Ginger":0,"Centennial Puzzle":30,"DollysMirror":107,"Strawberry":141,"Fusion Hammer":37,"Kunai":0,"Girya":0,"Happy Flower":99,"Oddly Smooth Stone":107,"Eternal Feather":178,"War Paint":0,"Paper Crane":107,"Akabeko":58,"Shuriken":135,"Bronze Scales":48,"MutagenicStrength":132,"Pandora\u0027s Box":0,"Molten Egg 2":85,"Ring of the Serpent":152,"Meat on the Bone":76,"Pocketwatch":169,"Darkstone Periapt":175,"SacredBark":0,"Incense Burner":137,"Bag of Preparation":182,"ClockworkSouvenir":85,"Nunchaku":21,"Dream Catcher":181,"Matryoshka":24,"Shovel":175,"Mummified Hand":107,"Ninja Scroll":193,"Pantograph":147,"Chemical X":25,"InkBottle":40,"Ring of the Snake":0,"Lee\u0027s Waffle":193,"Omamori":58,"Odd Mushroom":123,"Medical Kit":44,"White Beast Statue":58,"Calling Bell":58,"Peace Pipe":66,"Anchor":0,"CaptainsWheel":58,"Orrery":0,"Turnip":48,"Art of War":85,"Bag of Marbles":111,"Coffee Dripper":127,"Membership Card":107,"Bottled Lightning":135,"Toy Ornithopter":76,"TungstenRod":127}],"InkBottle":[151],"Toy Ornithopter":35,"TungstenRod":12,"Pocketwatch":[3]},"card_choices":[{"not_picked":["Sucker Punch","Flechettes"],"picked":"Skewer","floor":1},{"not_picked":["Deadly Poison","Bouncing Flask","Acrobatics"],"picked":"SKIP","floor":2},{"not_picked":["Riddle With Holes","Skewer","Infinite Blades"],"picked":"SKIP","floor":4},{"not_picked":["Flying Knee","Deadly Poison","Poisoned Stab"],"picked":"SKIP","floor":5},{"not_picked":["Finisher","Underhanded Strike"],"picked":"Tools of the Trade","floor":6},{"not_picked":["Backstab","Accuracy"],"picked":"Noxious Fumes","floor":7},{"not_picked":["Predator","Dagger Spray","Eviscerate"],"picked":"SKIP","floor":11},{"not_picked":["Sucker Punch","All Out Attack","Endless Agony"],"picked":"SKIP","floor":12},{"not_picked":["Acrobatics","Prepared","Deflect"],"picked":"SKIP","floor":13},{"not_picked":["Acrobatics","Flying Knee"],"picked":"Noxious Fumes","floor":14},{"not_picked":["Glass Knife","Tools of the Trade"],"picked":"Adrenaline","floor":16},{"not_picked":["Dodge and Roll","Deflect","Underhanded Strike"],"picked":"SKIP","floor":18},{"not_picked":["Poisoned Stab","Grand Finale","Sucker Punch"],"picked":"SKIP","floor":20},{"not_picked":["Terror","Dagger Spray","Backstab"],"picked":"SKIP","floor":24},{"not_picked":["Blade Dance","Quick Slash"],"picked":"Adrenaline","floor":27},{"not_picked":["Acrobatics","Dodge and Roll"],"picked":"Footwork","floor":28},{"not_picked":["Glass Knife","Prepared","Riddle With Holes"],"picked":"SKIP","floor":29},{"not_picked":["Slice","Flying Knee"],"picked":"Well Laid Plans","floor":30},{"not_picked":["Sucker Punch","Expertise","Dagger Spray+1"],"picked":"SKIP","floor":31},{"not_picked":["Storm of Steel","Venomology"],"picked":"Phantasmal Killer","floor":33},{"not_picked":["Flying Knee+1","Acrobatics","Blade Dance"],"picked":"SKIP","floor":35},{"not_picked":["Sucker Punch+1","Dodge and Roll","PiercingWail"],"picked":"SKIP","floor":36},{"not_picked":["Deadly Poison+1","Terror","Blur"],"picked":"SKIP","floor":37},{"not_picked":["Dagger Spray","Slice","Flying Knee"],"picked":"SKIP","floor":38},{"not_picked":["Underhanded Strike","Eviscerate+1"],"picked":"After Image","floor":40},{"not_picked":["Dagger Throw","Underhanded Strike","Quick Slash+1"],"picked":"SKIP","floor":41},{"not_picked":["Wraith Form v2","PiercingWail","Slice"],"picked":"SKIP","floor":45},{"not_picked":["Calculated Gamble","Flying Knee+1"],"picked":"Backflip","floor":47},{"not_picked":["Poisoned Stab","Concentrate+1","Dagger Throw"],"picked":"SKIP","floor":48},{"not_picked":["Backflip","Underhanded Strike"],"picked":"Burst","floor":55}],"player_experience":372095,"relics_obtained":[{"floor":6,"key":"InkBottle"},{"floor":13,"key":"Toy Ornithopter"},{"floor":14,"key":"Odd Mushroom"},{"floor":24,"key":"Bottled Lightning"},{"floor":26,"key":"Shuriken"},{"floor":27,"key":"Incense Burner"},{"floor":29,"key":"Strawberry"},{"floor":31,"key":"Pantograph"},{"floor":39,"key":"Pocketwatch"},{"floor":40,"key":"Whetstone"},{"floor":42,"key":"Shovel"},{"floor":43,"key":"Darkstone Periapt"},{"floor":45,"key":"Eternal Feather"},{"floor":47,"key":"Dream Catcher"},{"floor":53,"key":"Ninja Scroll"},{"floor":55,"key":"Gremlin Horn"}],"event_choices":[{"cards_removed":["Strike_G"],"damage_healed":0,"gold_gain":0,"player_choice":"Card Removal","damage_taken":7,"max_hp_gain":0,"max_hp_loss":0,"event_name":"Golden Wing","floor":10,"gold_loss":0},{"damage_healed":0,"gold_gain":0,"player_choice":"Fought Mushrooms","damage_taken":0,"max_hp_gain":0,"max_hp_loss":0,"event_name":"Mushrooms","floor":14,"gold_loss":0},{"damage_healed":0,"gold_gain":0,"player_choice":"Forge","damage_taken":0,"max_hp_gain":0,"max_hp_loss":0,"event_name":"Accursed Blacksmith","floor":19,"gold_loss":0,"cards_upgraded":["Noxious Fumes"]},{"damage_healed":0,"gold_gain":0,"player_choice":"Inject Mutagens","damage_taken":0,"relics_obtained":["MutagenicStrength"],"max_hp_gain":0,"max_hp_loss":0,"event_name":"Drug Dealer","floor":22,"gold_loss":0},{"damage_healed":0,"gold_gain":0,"player_choice":"Fight","damage_taken":0,"max_hp_gain":0,"max_hp_loss":0,"event_name":"MindBloom","floor":39,"gold_loss":0},{"damage_healed":0,"gold_gain":0,"player_choice":"Ignored","damage_taken":0,"max_hp_gain":0,"max_hp_loss":0,"event_name":"Transmorgrifier","floor":46,"gold_loss":0}],"is_beta":false,"boss_relics":[{"not_picked":["Runic Pyramid","Tiny House"],"picked":"Coffee Dripper"},{"not_picked":["Runic Dome","Fusion Hammer"],"picked":"Ring of the Serpent"}],"items_purged_floors":[0,0,0,0,0,21,44],"is_endless":false,"potions_floor_spawned":[2,5,6,7,11,27,28,30,31,36,37,38,40,45,55],"ascension_level":20}}