{"host":"m1hrbr0uwda4cktq","time":1613955379,"event":{"mods":["BaseMod","BetterRewards","Colored Map","Colored Powertips","Highlight Path","Minty Spire (QoL Compilation)","Shop Mod","SuperFastMode"],"gold_per_floor":[113,127,140,153,166,195,229,239,239,256,272,178,209,244,244,342,342,358,369,64,83,97,128,157,188,188,33,33,33,33,33,33,137,137,153,1164,543,7,0,26,26,55,81,81,116,116,116,132,132,132],"floor_reached":51,"language":"ENG","playtime":2478,"items_purged":["Storm","Normality","Normality"],"score":948,"play_id":"f766196b-71b6-4083-8a1c-59c8f54c1c17","local_time":"20210221215619","daily_mods":["Draft","Vintage","Blue Cards","Heirloom","Time Dilation","Flight"],"is_ascension_mode":false,"campfire_choices":[{"data":"Echo Form","floor":15,"key":"SMITH"},{"floor":29,"key":"REST"},{"data":"Defragment","floor":30,"key":"SMITH"},{"data":"Conserve Battery","floor":32,"key":"SMITH"},{"data":"Electrodynamics","floor":41,"key":"SMITH"},{"data":"DevaForm","floor":44,"key":"SMITH"},{"data":"Genetic Algorithm","floor":47,"key":"SMITH"},{"data":"Wraith Form v2","floor":49,"key":"SMITH"}],"circlet_count":0,"master_deck":["Demon Form","Wraith Form v2+1","Echo Form+1","DevaForm+1","Genetic Algorithm+1","Cold Snap","Rip and Tear","Sweeping Beam","Go for the Eyes","Compile Driver+1","Sweeping Beam+1","Darkness","Skim","Cold Snap","Hologram","Cold Snap","Ball Lightning","Recycle","Steam","Core Surge+1","Conserve Battery+1","Conserve Battery","White Noise","Go for the Eyes+1","Electrodynamics+1","Defragment+1","Steam","Hologram+1","Decay","Reboot","Loop+1","Conserve Battery+1"],"relics":["Cracked Core","Shovel","Molten Egg 2","Du-Vu Doll","Bronze Scales","Letter Opener","Bottled Flame","Mango","Boot","Question Card","White Beast Statue","Matryoshka","Eternal Feather","StoneCalendar","Inserter","Bottled Tornado","Bag of Marbles","DataDisk","Emotion Chip","Strawberry","Mercury Hourglass","Anchor","Bird Faced Urn","PreservedInsect","Frozen Egg 2","Lantern","Nilry\u0027s Codex","Philosopher\u0027s Stone","MawBank","Dream Catcher","Sling","Pen Nib","Cables","Ancient Tea Set","Red Mask","Centennial Puzzle","Whetstone","Oddly Smooth Stone","CeramicFish","Orichalcum","Potion Belt"],"acts_visited":["Exordium","TheCity","TheBeyond"],"potions_floor_usage":[],"damage_taken":[{"damage":8,"enemies":"Jaw Worm","floor":1,"turns":2},{"damage":0,"enemies":"Small Slimes","floor":2,"turns":3},{"damage":7,"enemies":"2 Louse","floor":3,"turns":3},{"damage":4,"enemies":"Lots of Slimes","floor":4,"turns":3},{"damage":0,"enemies":"Exordium Wildlife","floor":5,"turns":2},{"damage":19,"enemies":"3 Sentries","floor":6,"turns":4},{"damage":19,"enemies":"Lagavulin","floor":7,"turns":6},{"damage":0,"enemies":"2 Fungi Beasts","floor":8,"turns":3},{"damage":7,"enemies":"Blue Slaver","floor":10,"turns":2},{"damage":0,"enemies":"Red Slaver","floor":11,"turns":2},{"damage":5,"enemies":"Gremlin Nob","floor":13,"turns":4},{"damage":5,"enemies":"3 Sentries","floor":14,"turns":5},{"damage":3,"enemies":"The Guardian","floor":16,"turns":8},{"damage":0,"enemies":"3 Byrds","floor":18,"turns":2},{"damage":0,"enemies":"2 Thieves","floor":19,"turns":3},{"damage":24,"enemies":"Snake Plant","floor":21,"turns":3},{"damage":0,"enemies":"3 Cultists","floor":22,"turns":2},{"damage":32,"enemies":"Slavers","floor":23,"turns":2},{"damage":7,"enemies":"Gremlin Leader","floor":24,"turns":4},{"damage":24,"enemies":"Slavers","floor":25,"turns":2},{"damage":3,"enemies":"Collector","floor":33,"turns":7},{"damage":0,"enemies":"Orb Walker","floor":35,"turns":2},{"damage":22,"enemies":"Reptomancer","floor":40,"turns":3},{"damage":3,"enemies":"Giant Head","floor":42,"turns":5},{"damage":0,"enemies":"Nemesis","floor":45,"turns":3},{"damage":0,"enemies":"3 Shapes","floor":48,"turns":3},{"damage":29,"enemies":"Awakened One","floor":50,"turns":8}],"seed_played":"3753137056606834284","potions_obtained":[{"floor":1,"key":"PowerPotion"},{"floor":6,"key":"Explosive Potion"},{"floor":10,"key":"LiquidMemories"},{"floor":11,"key":"PotionOfCapacity"},{"floor":48,"key":"SneckoOil"}],"is_trial":true,"path_per_floor":["M","M","M","M","M","E","E","M","T","M","M","$","E","E","R","B",null,"M","M","$","M","M","E","E","E","T","$","?","R","R","?","R","B",null,"M","?","$","$","?","E","R","E","T","R","E","$","R","M","R","B",null],"character_chosen":"DEFECT","items_purchased":["Conserve Battery","Storm","Defragment","DataDisk","Lantern","Loop+1","Dream Catcher","Sling","Pen Nib","Cables","Ancient Tea Set"],"campfire_rested":1,"item_purchase_floors":[12,12,20,20,27,37,37,37,37,38,38],"current_hp_per_floor":[67,67,60,56,56,51,32,32,32,25,25,25,20,15,30,27,89,89,89,89,65,72,40,33,9,9,9,9,52,67,51,66,85,96,96,96,96,96,96,78,96,95,95,96,96,96,96,96,96,83],"gold":132,"neow_bonus":"","is_daily":false,"chose_seed":false,"campfire_upgraded":7,"win_rate":0.0,"timestamp":1613955379,"path_taken":["M","M","M","M","M","E","E","M","T","M","M","$","E","E","R","BOSS","M","M","$","M","M","E","E","E","T","$","?","R","R","?","R","BOSS","M","?","$","$","?","E","R","E","T","R","E","$","R","M","R","BOSS"],"items_purchased_type":["Card","Card","Card","Relic","Relic","Card","Relic","Relic","Relic","Relic","Relic"],"build_version":"2020-12-22","purchased_purges":3,"victory":true,"max_hp_per_floor":[75,75,75,75,75,89,89,89,89,89,89,89,89,89,89,89,89,89,89,89,89,96,96,96,96,96,96,96,96,96,96,96,96,96,96,96,96,96,96,96,96,96,96,96,96,96,96,96,96,96],"card_choices":[{"not_picked":["Steam","Conserve Battery"],"picked":"Genetic Algorithm","floor":0},{"not_picked":["Compile Driver","Stack"],"picked":"Cold Snap","floor":0},{"not_picked":["Streamline","Beam Cell"],"picked":"Rip and Tear","floor":0},{"not_picked":["Stack","Sunder"],"picked":"Sweeping Beam","floor":0},{"not_picked":["Rebound","Beam Cell"],"picked":"Go for the Eyes","floor":0},{"not_picked":["Conserve Battery","Tempest"],"picked":"Compile Driver","floor":0},{"not_picked":["Go for the Eyes","Compile Driver"],"picked":"Sweeping Beam","floor":0},{"not_picked":["Stack","Rebound"],"picked":"Darkness","floor":0},{"not_picked":["Consume","Force Field"],"picked":"Skim","floor":0},{"not_picked":["Scrape","Coolheaded"],"picked":"Cold Snap","floor":0},{"not_picked":["FTL","Reinforced Body"],"picked":"Hologram","floor":0},{"not_picked":["FTL","Streamline"],"picked":"Cold Snap","floor":0},{"not_picked":["Go for the Eyes","Compile Driver"],"picked":"Ball Lightning","floor":0},{"not_picked":["Sunder","Steam Power"],"picked":"Recycle","floor":0},{"not_picked":["Hello World","Barrage"],"picked":"Steam","floor":0},{"not_picked":["Heatsinks","Glacier"],"picked":"Core Surge+1","floor":6},{"not_picked":["Recycle","Force Field"],"picked":"Conserve Battery","floor":7},{"not_picked":["Coolheaded","Stack","Hologram"],"picked":"White Noise","floor":13},{"not_picked":["Redo","Tempest","Turbo"],"picked":"Go for the Eyes+1","floor":14},{"not_picked":["Seek","Thunder Strike+1","Amplify"],"picked":"Electrodynamics","floor":16},{"not_picked":["Turbo+1","Heatsinks","Barrage+1","Stack"],"picked":"SKIP","floor":23},{"not_picked":["Compile Driver+1","Barrage+1","Rip and Tear+1"],"picked":"Steam","floor":24},{"not_picked":["Heatsinks","Undo","Storm"],"picked":"Hologram+1","floor":25},{"not_picked":["Buffer+1","Machine Learning+1","Seek"],"picked":"Reboot","floor":33},{"not_picked":["Scrape+1","Streamline+1","Compile Driver+1","Coolheaded+1"],"picked":"SKIP","floor":40},{"not_picked":["Blizzard+1","FTL+1","Biased Cognition+1"],"picked":"Conserve Battery+1","floor":42},{"not_picked":["Go for the Eyes+1","Rebound+1","Beam Cell+1","Static Discharge+1"],"picked":"SKIP","floor":45}],"player_experience":179734,"relics_obtained":[{"floor":1,"key":"Molten Egg 2"},{"floor":2,"key":"Du-Vu Doll"},{"floor":3,"key":"Bronze Scales"},{"floor":4,"key":"Letter Opener"},{"floor":5,"key":"Bottled Flame"},{"floor":6,"key":"Mango"},{"floor":7,"key":"Boot"},{"floor":8,"key":"Question Card"},{"floor":9,"key":"White Beast Statue"},{"floor":10,"key":"Matryoshka"},{"floor":13,"key":"Eternal Feather"},{"floor":14,"key":"StoneCalendar"},{"floor":18,"key":"Bottled Tornado"},{"floor":19,"key":"Bag of Marbles"},{"floor":21,"key":"Emotion Chip"},{"floor":22,"key":"Strawberry"},{"floor":23,"key":"Mercury Hourglass"},{"floor":24,"key":"Anchor"},{"floor":25,"key":"Bird Faced Urn"},{"floor":26,"key":"PreservedInsect"},{"floor":26,"key":"Frozen Egg 2"},{"floor":31,"key":"Nilry\u0027s Codex"},{"floor":35,"key":"MawBank"},{"floor":40,"key":"Centennial Puzzle"},{"floor":42,"key":"Whetstone"},{"floor":43,"key":"Oddly Smooth Stone"},{"floor":43,"key":"CeramicFish"},{"floor":45,"key":"Orichalcum"},{"floor":48,"key":"Potion Belt"}],"event_choices":[{"damage_healed":0,"gold_gain":0,"player_choice":"Smashed Altar","damage_taken":0,"max_hp_gain":0,"max_hp_loss":0,"event_name":"Forgotten Altar","floor":28,"gold_loss":0,"cards_obtained":["Decay"]},{"damage_healed":0,"gold_gain":0,"player_choice":"Obtained Book","damage_taken":16,"max_hp_gain":0,"max_hp_loss":0,"event_name":"Cursed Tome","floor":31,"gold_loss":0},{"damage_healed":0,"gold_gain":999,"player_choice":"Gold","damage_taken":0,"max_hp_gain":0,"max_hp_loss":0,"event_name":"MindBloom","floor":36,"gold_loss":0,"cards_obtained":["Normality","Normality"]},{"damage_healed":0,"gold_gain":0,"player_choice":"Paid","damage_taken":0,"relics_obtained":["Red Mask"],"max_hp_gain":0,"max_hp_loss":0,"event_name":"Tomb of Lord Red Mask","floor":39,"gold_loss":7}],"is_beta":false,"boss_relics":[{"not_picked":["Runic Dome","SacredBark"],"picked":"Inserter"},{"not_picked":["Coffee Dripper","Runic Pyramid"],"picked":"Philosopher\u0027s Stone"}],"items_purged_floors":[20,37,38],"is_endless":false,"potions_floor_spawned":[1,6,10,11,13,14,16,18,19,21,22,23,24,25,33,35,40,42,45,48],"ascension_level":0}}