{"host":"4ag909k4xupnj24b","time":1614000737,"event":{"mods":["BaseMod","Downfall","Minty Spire (QoL Compilation)","StSLib"],"gold_per_floor":[99,115,135,149,54,68,68,85,85,77,101,128,128,146,174,174,174,174],"floor_reached":16,"language":"ENG","playtime":1562,"items_purged":[],"score":98,"play_id":"b7bec94c-9260-4f49-8409-21aed41c79f9","local_time":"20210222053217","is_ascension_mode":false,"campfire_choices":[{"data":"hexamod:UnlimitedPower","floor":1,"key":"SMITH"},{"floor":9,"key":"REST"},{"data":"hexamod:GhostflameInferno","floor":13,"key":"SMITH"}],"circlet_count":0,"master_deck":["hexamod:Strike","hexamod:Strike","hexamod:Strike","hexamod:Strike","hexamod:Defend","hexamod:Defend","hexamod:Defend","hexamod:Defend","hexamod:Sear","hexamod:Float","hexamod:UnlimitedPower+1","hexamod:Again","hexamod:HauntingEcho","hexamod:Hexaguard","hexamod:EmpoweredFlame","hexamod:ShieldOfDarkness","hexamod:VolcanoVisage+1","hexamod:FirstSeal","hexamod:SecondSeal","hexamod:ThirdSeal","hexamod:FourthSeal","hexamod:GhostflameInferno+1","hexamod:SwordOfDarkness","hexamod:GhostflameBarrier","hexamod:TimeOfNeed","hexamod:Hexaguard"],"relics":["hexamod:SpiritBrand","Frozen Egg 2"],"acts_visited":["Exordium"],"potions_floor_usage":[12,14,16,16],"damage_taken":[{"damage":0,"enemies":"Cultist","floor":2,"turns":3},{"damage":10,"enemies":"Jaw Worm","floor":3,"turns":5},{"damage":0,"enemies":"Small Slimes","floor":4,"turns":3},{"damage":5,"enemies":"downfall:FleeingMerchant","floor":5,"turns":4},{"damage":11,"enemies":"Exordium Thugs","floor":6,"turns":6},{"damage":13,"enemies":"2 Fungi Beasts","floor":8,"turns":6},{"damage":10,"enemies":"Large Slime","floor":11,"turns":7},{"damage":9,"enemies":"Blue Slaver","floor":12,"turns":6},{"damage":24,"enemies":"Exordium Thugs","floor":14,"turns":4},{"damage":2,"enemies":"2 Fungi Beasts","floor":15,"turns":5},{"damage":28,"enemies":"WA_ARCHETYPE_RETAIN","floor":16,"turns":10}],"seed_played":"3611404067526477306","potions_obtained":[{"floor":2,"key":"Fire Potion"},{"floor":4,"key":"bronze:BurnAndBuffPotion"},{"floor":6,"key":"hexamod:InfernoChargePotion"},{"floor":11,"key":"sneckomod:MuddlingPotion"},{"floor":12,"key":"BlessingOfTheForge"},{"floor":14,"key":"GamblersBrew"},{"floor":14,"key":"Dexterity Potion"},{"floor":15,"key":"Explosive Potion"}],"is_trial":false,"path_per_floor":["R","M","M","M","$","M","T","M","R","?","M","M","R","M","M","B"],"character_chosen":"THE_SPIRIT","items_purchased":["hexamod:EmpoweredFlame"],"campfire_rested":1,"item_purchase_floors":[5],"current_hp_per_floor":[70,70,60,60,55,44,44,31,52,45,42,40,40,23,28,0,0,0],"gold":174,"neow_bonus":"ONE_RANDOM_RARE_CARD","is_daily":false,"chose_seed":false,"campfire_upgraded":2,"win_rate":0.0,"timestamp":1614000737,"path_taken":["R","M","M","M","$","M","T","?","R","?","M","M","R","M","M","BOSS"],"items_purchased_type":["Card"],"build_version":"2020-12-22","purchased_purges":0,"victory":false,"max_hp_per_floor":[70,70,70,70,70,70,70,70,70,70,70,70,70,70,70,70,70,70],"card_choices":[{"not_picked":["hexamod:ShieldOfDarkness","hexamod:ChargedBarrage"],"picked":"hexamod:Again","floor":2},{"not_picked":["hexamod:RecurringNightmare","hexamod:GhostShield"],"picked":"hexamod:GhostLash","floor":3},{"not_picked":["hexamod:EmpoweredFlame","hexamod:GhostOfSpirePast"],"picked":"hexamod:HauntingEcho","floor":4},{"not_picked":["hexamod:ThermalTransfer","hexamod:Firestarter"],"picked":"hexamod:Hexaguard","floor":5},{"not_picked":["hexamod:PhantomCloak","hexamod:Firestarter"],"picked":"hexamod:ShieldOfDarkness","floor":6},{"not_picked":["hexamod:HeatMetal","hexamod:StepThrough"],"picked":"hexamod:VolcanoVisage+1","floor":8},{"not_picked":["hexamod:Firestarter","hexamod:NightmareStrike","hexamod:HauntingEcho"],"picked":"SKIP","floor":11},{"not_picked":["hexamod:NightmareStrike","hexamod:BacktrackSmack","hexamod:GhostLash"],"picked":"SKIP","floor":11},{"not_picked":["hexamod:Firestarter","hexamod:NightmareStrike","hexamod:HauntingEcho"],"picked":"SKIP","floor":11},{"not_picked":["hexamod:NightmareStrike","hexamod:BacktrackSmack","hexamod:GhostLash"],"picked":"SKIP","floor":11},{"not_picked":["hexamod:NightmareStrike","hexamod:HauntingEcho"],"picked":"hexamod:GhostflameInferno","floor":12},{"not_picked":["hexamod:GhostShield","hexamod:ShieldOfDarkness"],"picked":"hexamod:SwordOfDarkness","floor":12},{"not_picked":["hexamod:DynamicBlow","hexamod:Again"],"picked":"hexamod:GhostflameBarrier","floor":14},{"not_picked":["hexamod:HeatMetal","hexamod:GhostShield","hexamod:NightmareStrike"],"picked":"SKIP","floor":14},{"not_picked":["hexamod:BacktrackSmack","hexamod:ChargedBarrage"],"picked":"hexamod:TimeOfNeed","floor":15},{"not_picked":["hexamod:FastForward","hexamod:SpectersWail"],"picked":"hexamod:Hexaguard","floor":15}],"player_experience":906182,"relics_obtained":[{"floor":7,"key":"Frozen Egg 2"}],"event_choices":[],"is_beta":false,"boss_relics":[],"items_purged_floors":[],"is_endless":false,"potions_floor_spawned":[2,4,6,14,15],"killed_by":"WA_ARCHETYPE_RETAIN","ascension_level":0}}