{"host":"arn2jcql7xd3a3xg","time":1613964577,"event":{"mods":["AchievementEnabler","Act Like it!","AlwaysNeverKeys","BaseMod","Better Third Choice","Colored Map","Colored Powertips","Downfall","GifTheSpireLib","Hallownest","Highlight Path","Infinite Spire","Minty Spire (QoL Compilation)","Permanent Neow","Quick Restart","Rare Cards Sparkle","Replay The Spire","StSLib","SuperFastMode"],"gold_per_floor":[99,119,119,130,150,185,256,273,290,310,324,109,147,147,159,255,255,255,266,285,370,380,408,477,490,490,490,506,535,144,155,172,275,275,75,89,143,143,143,153,179,214,225,250,250,276,176,187,197,197,197,230,32,32,32,32],"floor_reached":57,"language":"ENG","playtime":4408,"items_purged":["Writhe"],"score":1683,"play_id":"1106b6d1-38c1-41bd-a8e7-8cbfeff82aaa","local_time":"20210221192937","is_ascension_mode":true,"campfire_choices":[{"data":"sneckomod:SnekBite","floor":1.0,"key":"SMITH"},{"data":"sneckomod:MorePower","floor":18.0,"key":"SMITH"},{"data":"sneckomod:UnlimitedRolls","floor":26.0,"key":"SMITH"},{"data":"Metamorphosis","floor":35.0,"key":"SMITH"},{"data":"sneckomod:UnknownRareSkill","floor":47.0,"key":"SMITH"},{"data":"sneckomod:SnekBeam","floor":54,"key":"SMITH"}],"circlet_count":0,"master_deck":["sneckomod:TailWhip+1","sneckomod:SnekBite+1","sneckomod:Unknown","sneckomod:Unknown+1","sneckomod:DangerNoodle+1","sneckomod:UnknownRarePower+1","sneckomod:MorePower+1","sneckomod:UnknownX+1","sneckomod:QuickMove+1","sneckomod:ImprovisedAttack+1","sneckomod:UnknownBlock","sneckomod:UnknownBoss","sneckomod:UnknownCommonSkill+1","sneckomod:UnknownClassGREEN+1","sneckomod:SnekBeam+1","sneckomod:UnknownDexterity+1","sneckomod:SnekBeam","sneckomod:UnknownUncommonPower+1","sneckomod:UnknownBlock+1","sneckomod:UnknownBlock+1","sneckomod:UnknownDexterity+1","sneckomod:UnknownClassHEXA_GHOST_PURPLE","sneckomod:UnknownBoss+1","sneckomod:SlitherStrike+1","sneckomod:UnknownDexterity+1","sneckomod:CheapStock+1","sneckomod:UnknownStrength","sneckomod:WideSting","sneckomod:ImprovisedAttack","sneckomod:UnknownUncommonSkill+1","sneckomod:QuickMove","sneckomod:UnknownCommonSkill+1","sneckomod:UnknownColorless+1","sneckomod:UnknownBoss+1","sneckomod:MorePower+1","Sickly","AbeCurse","sneckomod:UnknownRarePower+1","sneckomod:UnknownStrength+1","sneckomod:IronFang+1","sneckomod:UnknownRareAttack+1","sneckomod:MasterEye+1","sneckomod:UnknownRarePower+1","sneckomod:UnlimitedRolls+1","sneckomod:UnknownClassHEXA_GHOST_PURPLE+1","sneckomod:Unknown2Cost+1","sneckomod:QuickBite+1","hexamod:FirstSeal","sneckomod:QuickMove+1","sneckomod:UnknownDraw+1","sneckomod:UnknownClassHEXA_GHOST_PURPLE","sneckomod:MasterEye+1","Metamorphosis+1","sneckomod:MasterEye+1","sneckomod:UnknownDexterity+1","sneckomod:UnknownStrength+1","sneckomod:Unknown2Cost+1","sneckomod:UnknownRarePower+1","sneckomod:UnknownRareSkill+1","hexamod:SixthSeal","sneckomod:SerpentMind","sneckomod:UnknownClassHEXA_GHOST_PURPLE","sneckomod:UnknownClassHEXA_GHOST_PURPLE+1","sneckomod:UnknownClassHEXA_GHOST_PURPLE+1","sneckomod:UnknownClassHEXA_GHOST_PURPLE+1","sneckomod:UnknownClassHEXA_GHOST_PURPLE","hexamod:SixthSeal","sneckomod:DiceBlock+1","sneckomod:SnekBeam+1","hexamod:WildfireWeapon+1","hexamod:WildfireWeapon","hexamod:VolcanoVisage+1","sneckomod:DiceBlock+1","sneckomod:DiceCrush+1","sneckomod:UnknownRareSkill+1","sneckomod:SnekBeam+1"],"relics":["Astrolabe","Vajra","HornCleat","BargainBundle","Lantern","Replay:Ancient Bell","Replay:Rubber Ducky","Molten Egg 2","Calipers","infinitespire:CursedDice","Shuriken","bronze:MakeshiftBattery","Turnip","Blood Vial","Replay:Wax Seal","sneckomod:SneckoBoss","downfall:HeartBlessingRed","downfall:HeartBlessingGreen","Ice Cream","ReplayTheSpireMod:Lightbulb","Pear","Replay:Accelerometer","Unceasing Top","Happy Flower","downfall:HeartBlessingBlue","Toy Ornithopter","Whetstone"],"acts_visited":["Exordium","TheCity","TheBeyond","TheEnding"],"potions_floor_usage":[56,56],"damage_taken":[{"damage":0.0,"enemies":"Cultist","floor":2.0,"turns":2.0},{"damage":21.0,"enemies":"infinitespire:Voidling","floor":4.0,"turns":4.0},{"damage":0.0,"enemies":"Small Slimes","floor":5.0,"turns":2.0},{"damage":1.0,"enemies":"3 Sentries","floor":6.0,"turns":5.0},{"damage":0.0,"enemies":"downfall:LooterAlt","floor":8.0,"turns":4.0},{"damage":0.0,"enemies":"3 Louse","floor":9.0,"turns":4.0},{"damage":0.0,"enemies":"2 Fungi Beasts","floor":10.0,"turns":2.0},{"damage":0.0,"enemies":"Exordium Thugs","floor":11.0,"turns":4.0},{"damage":0.0,"enemies":"downfall:FleeingMerchant","floor":12.0,"turns":4.0},{"damage":8.0,"enemies":"Lagavulin","floor":13.0,"turns":6.0},{"damage":12.0,"enemies":"Large Slime","floor":15.0,"turns":3.0},{"damage":7.0,"enemies":"WA_ARCHETYPE_RETAIN","floor":16.0,"turns":8.0},{"damage":0.0,"enemies":"downfall:LooterAlt2","floor":19.0,"turns":5.0},{"damage":0.0,"enemies":"Shell Parasite","floor":20.0,"turns":4.0},{"damage":6.0,"enemies":"Snecko","floor":22.0,"turns":6.0},{"damage":10.0,"enemies":"Replay:Snechameleon","floor":23.0,"turns":6.0},{"damage":0.0,"enemies":"Snake Plant","floor":25.0,"turns":4.0},{"damage":0.0,"enemies":"Centurion and Healer","floor":28.0,"turns":6.0},{"damage":2.0,"enemies":"Slavers","floor":29.0,"turns":4.0},{"damage":0.0,"enemies":"downfall:FleeingMerchant","floor":30.0,"turns":4.0},{"damage":0.0,"enemies":"Cultist and Chosen","floor":31.0,"turns":6.0},{"damage":0.0,"enemies":"3 Cultists","floor":32.0,"turns":4.0},{"damage":38.0,"enemies":"SI_MIRROR_ARCHETYPE","floor":33.0,"turns":11.0},{"damage":0.0,"enemies":"3 Shapes","floor":36.0,"turns":3.0},{"damage":0.0,"enemies":"2 Orb Walkers","floor":37.0,"turns":4.0},{"damage":1.0,"enemies":"3 Darklings","floor":39.0,"turns":4.0},{"damage":1.0,"enemies":"Maw","floor":40.0,"turns":7.0},{"damage":6.0,"enemies":"Nightmare","floor":42.0,"turns":9.0},{"damage":0.0,"enemies":"4 Shapes","floor":43.0,"turns":4.0},{"damage":0.0,"enemies":"Reptomancer","floor":44.0,"turns":5.0},{"damage":0.0,"enemies":"Giant Head","floor":46.0,"turns":5.0},{"damage":0.0,"enemies":"3 Darklings","floor":48.0,"turns":5.0},{"damage":1.0,"enemies":"Spire Growth","floor":49.0,"turns":4.0},{"damage":0.0,"enemies":"IC_BLOCK_ARCHETYPE","floor":50.0,"turns":9.0},{"damage":0.0,"enemies":"downfall:CharBossMerchant","floor":52.0,"turns":7.0},{"damage":0,"enemies":"downfall:NeowBoss","floor":55,"turns":14},{"damage":7,"enemies":"downfall:NeowBossFinal","floor":56,"turns":8}],"seed_played":"5039236709117819267","potions_obtained":[{"floor":2.0,"key":"sneckomod:MuddlingPotion"},{"floor":4.0,"key":"LifebloodPotion"},{"floor":11.0,"key":"Weak Potion"},{"floor":15.0,"key":"champ:CounterPotion"},{"floor":16.0,"key":"Death Potion"},{"floor":20.0,"key":"Energy Potion"},{"floor":28.0,"key":"Ancient Potion"},{"floor":28.0,"key":"DuplicationPotion"}],"is_trial":false,"path_per_floor":["R","M","?","M","M","E","T","M","M","M","M","$","E","?","M","B",null,"R","M","M","?","M","E","T","M","R","AVR","M","E","$","M","M","B",null,"R","M","?","?","M","M","T","NM","M","E","AVR","E","R","M","M","B",null,"E","$","R","B","B",null],"character_chosen":"THE_SNECKO","items_purchased":["BargainBundle","sneckomod:CheapStock","sneckomod:UnknownStrength","sneckomod:WideSting","sneckomod:ImprovisedAttack","sneckomod:UnknownClassHEXA_GHOST_PURPLE","sneckomod:MasterEye","Replay:Wax Seal","Metamorphosis","Whetstone","BlessingOfTheForge"],"campfire_rested":0,"item_purchase_floors":[12,12,12,12,12,30,30,30,30,53,53],"current_hp_per_floor":[90,90,90,76,76,75,75,75,75,75,75,75,67,67,55,48,90,90,90,90,76,70,60,60,60,60,60,67,72,74,83,85,49,90,90,90,90,82,90,89,89,100,100,100,100,100,110,110,109,110,110,110,110,110,110,103],"gold":32,"neow_bonus":"BOSS_RELIC","is_daily":false,"chose_seed":false,"campfire_upgraded":6,"win_rate":0.0,"timestamp":1613964577,"path_taken":["R","M","?","M","M","E","T","M","M","M","?","$","E","?","M","BOSS","R","M","M","?","M","E","T","M","R","AVR","M","E","$","M","M","BOSS","R","M","?","?","M","?","T","NM","M","E","AVR","E","R","M","M","BOSS","E","$","R","BOSS","BOSS"],"items_purchased_type":["Relic","Card","Card","Card","Card","Card","Card","Relic","Card","Relic","Potion"],"build_version":"2020-12-22","purchased_purges":1,"victory":true,"max_hp_per_floor":[90,90,90,90,90,90,90,90,90,90,90,90,90,90,90,90,90,90,90,90,90,90,90,90,90,90,90,90,90,90,90,90,90,90,90,90,90,90,90,90,90,100,100,100,100,100,110,110,110,110,110,110,110,110,110,110],"card_choices":[{"not_picked":["sneckomod:UnknownVulnerable+1","sneckomod:UnknownWeak+1"],"picked":"sneckomod:UnknownX+1","floor":2.0},{"not_picked":["sneckomod:UnknownUncommonAttack","sneckomod:DiceBlock"],"picked":"sneckomod:QuickMove","floor":2.0},{"not_picked":["sneckomod:UnknownClassHEXA_GHOST_PURPLE","sneckomod:QuickBite"],"picked":"sneckomod:UnknownCommonSkill","floor":4.0},{"not_picked":["sneckomod:UnknownUncommonAttack+1","sneckomod:Unknown1Cost+1"],"picked":"sneckomod:UnknownClassGREEN+1","floor":4.0},{"not_picked":["sneckomod:DiceBoulder","sneckomod:UnknownDraw"],"picked":"sneckomod:SnekBeam","floor":4.0},{"not_picked":["sneckomod:UnknownBoss+1","sneckomod:Unknown2Cost+1"],"picked":"sneckomod:UnknownDexterity+1","floor":5.0},{"not_picked":["sneckomod:Unknown1Cost","sneckomod:UnknownColorless"],"picked":"sneckomod:SnekBeam","floor":5.0},{"not_picked":["sneckomod:UnknownVulnerable+1","sneckomod:UnknownStrength+1"],"picked":"sneckomod:UnknownUncommonPower+1","floor":6.0},{"not_picked":["sneckomod:SnakeSap","sneckomod:WideSting","sneckomod:SerpentIdol"],"picked":"SKIP","floor":6.0},{"not_picked":["sneckomod:UnknownRareAttack+1","sneckomod:UnknownColorless+1"],"picked":"sneckomod:UnknownBlock+1","floor":8.0},{"not_picked":["sneckomod:UnknownDraw","sneckomod:UnknownUncommonSkill"],"picked":"sneckomod:UnknownBlock","floor":8.0},{"not_picked":["sneckomod:UnknownRarePower+1","sneckomod:Unknown2Cost+1"],"picked":"sneckomod:UnknownDexterity+1","floor":9.0},{"not_picked":["sneckomod:Unknown1Cost","sneckomod:SoulDraw"],"picked":"sneckomod:UnknownClassHEXA_GHOST_PURPLE","floor":9.0},{"not_picked":["sneckomod:Nope","sneckomod:IronFang","sneckomod:UnknownClassHEXA_GHOST_PURPLE"],"picked":"SKIP","floor":10.0},{"not_picked":["sneckomod:UnknownClassHEXA_GHOST_PURPLE+1","sneckomod:Unknown0Cost+1"],"picked":"sneckomod:UnknownBoss+1","floor":11.0},{"not_picked":["sneckomod:UnknownClassGUARDIAN","sneckomod:UnknownDexterity"],"picked":"sneckomod:SlitherStrike","floor":11.0},{"not_picked":["sneckomod:UnknownBlock+1","sneckomod:UnknownUncommonPower+1"],"picked":"sneckomod:UnknownDexterity+1","floor":12.0},{"not_picked":["sneckomod:Memorize","sneckomod:Rotation","sneckomod:QuickBite"],"picked":"SKIP","floor":12.0},{"not_picked":["sneckomod:UnknownClassGUARDIAN+1","sneckomod:UnknownWeak+1"],"picked":"sneckomod:UnknownUncommonSkill+1","floor":13.0},{"not_picked":["sneckomod:SnakeSap","sneckomod:TrashToTreasure"],"picked":"sneckomod:QuickMove","floor":13.0},{"not_picked":["sneckomod:Unknown0Cost+1","sneckomod:Unknown3Cost+1"],"picked":"sneckomod:UnknownCommonSkill+1","floor":15.0},{"not_picked":["sneckomod:SerpentIdol","sneckomod:QuickBite"],"picked":"sneckomod:UnknownColorless","floor":15.0},{"not_picked":["sneckomod:UnknownClassGUARDIAN+1","sneckomod:UnknownWeak+1"],"picked":"sneckomod:UnknownBoss+1","floor":16.0},{"not_picked":["sneckomod:UnknownRarePower","sneckomod:Unknown3Cost"],"picked":"sneckomod:MorePower","floor":16.0},{"not_picked":["ReplayTheSpireMod:IOU","Shame"],"picked":"Sickly","floor":17.0},{"not_picked":["downfall:Aged","Amnesia"],"picked":"Sickly","floor":17.0},{"not_picked":["Hallucinations","Pain"],"picked":"AbeCurse","floor":17.0},{"not_picked":["sneckomod:UnknownUncommonSkill+1","sneckomod:Unknown1Cost+1"],"picked":"sneckomod:UnknownRarePower+1","floor":19.0},{"not_picked":["sneckomod:Unknown0Cost+1","sneckomod:UnknownClassGUARDIAN+1"],"picked":"sneckomod:UnknownStrength+1","floor":19.0},{"not_picked":["sneckomod:UnknownClassGREEN","sneckomod:UnknownVulnerable"],"picked":"sneckomod:IronFang+1","floor":19.0},{"not_picked":["sneckomod:UnknownUncommonAttack+1","sneckomod:UnknownUncommonPower+1"],"picked":"sneckomod:UnknownRareAttack+1","floor":20.0},{"not_picked":["sneckomod:IronFang+1","sneckomod:UnknownDexterity+1"],"picked":"sneckomod:MasterEye+1","floor":20.0},{"not_picked":["sneckomod:Unknown0Cost+1","sneckomod:UnknownCommonSkill+1"],"picked":"sneckomod:UnknownRarePower+1","floor":22.0},{"not_picked":["sneckomod:WideSting+1","sneckomod:UnknownClassGUARDIAN"],"picked":"sneckomod:UnlimitedRolls","floor":22.0},{"not_picked":["sneckomod:Unknown0Cost+1","sneckomod:UnknownVulnerable+1"],"picked":"sneckomod:UnknownClassHEXA_GHOST_PURPLE+1","floor":23.0},{"not_picked":["sneckomod:UnknownStrike+1","sneckomod:UnknownClassGUARDIAN+1"],"picked":"sneckomod:Unknown2Cost+1","floor":23.0},{"not_picked":["sneckomod:UnknownDraw+1","sneckomod:UnknownStrength"],"picked":"sneckomod:QuickBite+1","floor":23.0},{"not_picked":["hexamod:FourthSeal","hexamod:ThirdSeal"],"picked":"hexamod:FirstSeal","floor":25.0},{"not_picked":["sneckomod:WideSting+1","sneckomod:UnendingSupply+1"],"picked":"sneckomod:QuickMove","floor":25.0},{"not_picked":["sneckomod:UnknownBlock+1","sneckomod:Unknown0Cost+1"],"picked":"sneckomod:UnknownDraw+1","floor":28.0},{"not_picked":["sneckomod:WideSting+1","sneckomod:QuickMove+1","sneckomod:TrashToTreasure"],"picked":"SKIP","floor":28.0},{"not_picked":["sneckomod:Unknown1Cost+1","sneckomod:UnknownColorless","sneckomod:TrashToTreasure+1"],"picked":"SKIP","floor":29.0},{"not_picked":["sneckomod:SoulDraw","sneckomod:Unknown1Cost+1","sneckomod:UnknownBoss"],"picked":"SKIP","floor":30.0},{"not_picked":["sneckomod:IronFang+1","sneckomod:Memorize"],"picked":"sneckomod:MasterEye+1","floor":31.0},{"not_picked":["sneckomod:SoulCleanse","sneckomod:UnknownVulnerable","sneckomod:Nope"],"picked":"SKIP","floor":32.0},{"not_picked":["sneckomod:UnknownExhaust+1","sneckomod:UnknownClassHEXA_GHOST_PURPLE+1"],"picked":"sneckomod:UnknownDexterity+1","floor":33.0},{"not_picked":["sneckomod:UnknownCommonSkill+1","sneckomod:UnknownUncommonPower+1"],"picked":"sneckomod:UnknownStrength+1","floor":33.0},{"not_picked":["sneckomod:UnknownBoss+1","sneckomod:UnknownCommonAttack+1"],"picked":"sneckomod:Unknown2Cost+1","floor":33.0},{"not_picked":["sneckomod:UnknownBoss+1","sneckomod:UnknownClassHEXA_GHOST_PURPLE+1"],"picked":"sneckomod:UnknownRarePower+1","floor":33.0},{"not_picked":["sneckomod:UnknownColorless+1","sneckomod:Unknown3Cost+1"],"picked":"sneckomod:UnknownRareSkill+1","floor":33.0},{"not_picked":["hexamod:FourthSeal","hexamod:ThirdSeal"],"picked":"hexamod:SixthSeal","floor":33.0},{"not_picked":["sneckomod:UnknownBoss","sneckomod:UnknownRareAttack+1"],"picked":"sneckomod:SerpentMind","floor":33.0},{"not_picked":["hexamod:Haunt","hexamod:FourthSeal"],"picked":"hexamod:SixthSeal","floor":36.0},{"not_picked":["sneckomod:DiceCrush+1","sneckomod:RainOfDice+1"],"picked":"sneckomod:DiceBlock+1","floor":36.0},{"not_picked":["sneckomod:SnakeSap+1","sneckomod:UnknownCommonSkill+1"],"picked":"sneckomod:SnekBeam+1","floor":37.0},{"not_picked":["hexamod:VolcanoVisage","hexamod:RainOfEmbers"],"picked":"hexamod:WildfireWeapon","floor":39.0},{"not_picked":["sneckomod:UnknownVulnerable+1","sneckomod:SlitherStrike+1","sneckomod:Unknown2Cost+1"],"picked":"SKIP","floor":39.0},{"not_picked":["hexamod:EmpoweredFlame","hexamod:GhostOfSpirePresent"],"picked":"hexamod:WildfireWeapon","floor":40.0},{"not_picked":["sneckomod:Nope","sneckomod:UnknownClassGUARDIAN+1","sneckomod:UnknownStrength"],"picked":"SKIP","floor":40.0},{"not_picked":["sneckomod:SlitherStrike+1","sneckomod:RainOfDice+1","sneckomod:ImprovisedGuard"],"picked":"SKIP","floor":42.0},{"not_picked":["hexamod:HauntingEcho","hexamod:GhostOfSpirePast"],"picked":"hexamod:VolcanoVisage","floor":43.0},{"not_picked":["sneckomod:Unknown1Cost","sneckomod:UnknownX"],"picked":"sneckomod:DiceBlock+1","floor":43.0},{"not_picked":["sneckomod:QuickBite+1","sneckomod:UnknownClassGREEN"],"picked":"sneckomod:DiceCrush+1","floor":44.0},{"not_picked":["sneckomod:UnknownStrike+1","sneckomod:UnknownUncommonSkill+1"],"picked":"sneckomod:UnknownRareSkill","floor":46.0},{"not_picked":["sneckomod:MasterEye+1","sneckomod:SlitherStrike+1"],"picked":"sneckomod:SnekBeam+1","floor":48.0},{"not_picked":["sneckomod:UnknownClassHEXA_GHOST_PURPLE+1","sneckomod:UnknownVulnerable+1","sneckomod:ImprovisedAttack+1"],"picked":"SKIP","floor":49.0},{"not_picked":["sneckomod:SnakeSap+1","sneckomod:UnlimitedRolls","sneckomod:UnknownClassGUARDIAN+1"],"picked":"SKIP","floor":52.0}],"player_experience":102164,"relics_obtained":[{"floor":6.0,"key":"Vajra"},{"floor":7.0,"key":"HornCleat"},{"floor":13.0,"key":"Lantern"},{"floor":23.0,"key":"infinitespire:CursedDice"},{"floor":24.0,"key":"Shuriken"},{"floor":29.0,"key":"Blood Vial"},{"floor":37.0,"key":"Ice Cream"},{"floor":41.0,"key":"ReplayTheSpireMod:Lightbulb"},{"floor":42.0,"key":"Pear"},{"floor":44.0,"key":"Replay:Accelerometer"},{"floor":46.0,"key":"Happy Flower"},{"floor":52.0,"key":"Toy Ornithopter"}],"event_choices":[{"damage_healed":0.0,"max_hp_gain":0.0,"max_hp_loss":0.0,"gold_gain":0.0,"event_name":"Mysterious Sphere","player_choice":"Fight","floor":37.0,"gold_loss":0.0,"damage_taken":0.0}],"is_beta":false,"boss_relics":[{"not_picked":["Abe\u0027s Treasure","Coffee Dripper"],"picked":"Replay:Ancient Bell"},{"not_picked":["Bag of Preparation","Orichalcum"],"picked":"Replay:Rubber Ducky"},{"not_picked":["infinitespire:CheckeredPen","infinitespire:EmpoweringShard"],"picked":"Molten Egg 2"},{"not_picked":["Replay:PocketPolymizer","Replay:Towering Pillar of Hats"],"picked":"Calipers"},{"not_picked":["SacredBark","Velvet Choker"],"picked":"sneckomod:SneckoBoss"}],"items_purged_floors":[12],"is_endless":false,"potions_floor_spawned":[2,4,11,15,16,20,23,28,33,36,37,44,48,52],"ascension_level":1}}