{"host":"mydft8i2zzydgggw","time":1613983698,"event":{"mods":["AchievementEnabler","BaseMod","Colored Map","Colored Powertips","DeckTracker","Keyboard Shortcuts","Minty Spire (QoL Compilation)","Rare Cards Sparkle","Relic Stats","StSLib","SuperFastMode","Together in Spire","everything is the same but u backflip on backflip"],"gold_per_floor":[112,130,147,147,72,112,112,131,207,207,228,272,272,252,252,383,383,397,357,377,393,411,411,411],"floor_reached":23,"language":"KOR","playtime":527,"items_purged":["Defend_R"],"score":325,"play_id":"e6e1ea20-8d11-45c1-a9c8-d15e27e6b9fb","local_time":"20210222174818","is_ascension_mode":true,"campfire_choices":[{"data":"Seeing Red","floor":7,"key":"SMITH"},{"data":"Inflame","floor":10,"key":"SMITH"},{"data":"Bash","floor":15,"key":"SMITH"}],"circlet_count":0,"master_deck":["AscendersBane","Strike_R","Strike_R","Strike_R","Strike_R","Strike_R","Defend_R","Defend_R","Bash+1","Perfected Strike","Seeing Red+1","Inflame+1","Twin Strike","Shrug It Off","Twin Strike","Reaper","Dark Embrace+1","Berserk+1","Burning Pact+1","Shockwave","Perfected Strike","Pommel Strike"],"relics":["Burning Blood","Golden Idol","TungstenRod","Frozen Egg 2","Red Skull","Sozu"],"acts_visited":["Exordium","TheCity"],"potions_floor_usage":[12,12,16,16],"damage_taken":[{"damage":0,"enemies":"Cultist","floor":1,"turns":2},{"damage":2,"enemies":"Small Slimes","floor":2,"turns":4},{"damage":4,"enemies":"2 Louse","floor":3,"turns":4},{"damage":32,"enemies":"Gremlin Nob","floor":6,"turns":4},{"damage":5,"enemies":"Exordium Thugs","floor":8,"turns":5},{"damage":10,"enemies":"Lots of Slimes","floor":11,"turns":5},{"damage":15,"enemies":"Lagavulin","floor":12,"turns":5},{"damage":18,"enemies":"Hexaghost","floor":16,"turns":4},{"damage":0,"enemies":"3 Byrds","floor":18,"turns":4},{"damage":8,"enemies":"Chosen","floor":20,"turns":3},{"damage":43,"enemies":"Shelled Parasite and Fungi","floor":21,"turns":5},{"damage":24,"enemies":"Snake Plant","floor":22,"turns":3},{"damage":30,"enemies":"Book of Stabbing","floor":23,"turns":3}],"seed_played":"450587875338980751","potions_obtained":[{"floor":2,"key":"Fire Potion"},{"floor":8,"key":"SpeedPotion"},{"floor":12,"key":"AttackPotion"},{"floor":14,"key":"SneckoOil"}],"is_trial":false,"path_per_floor":["M","M","M","?","$","E","R","M","T","R","M","E","?","?","R","B",null,"M","?","M","M","M","E"],"character_chosen":"IRONCLAD","items_purchased":[],"campfire_rested":0,"item_purchase_floors":[],"current_hp_per_floor":[78,80,80,74,74,48,48,49,49,49,45,43,37,37,37,35,64,74,74,74,37,19,0,0],"gold":411,"neow_bonus":"THREE_CARDS","is_daily":false,"chose_seed":false,"campfire_upgraded":3,"win_rate":0.0,"timestamp":1613983698,"path_taken":["M","M","M","?","$","E","R","M","T","R","M","E","?","?","R","BOSS","M","?","M","M","M","E"],"items_purchased_type":[],"build_version":"2020-12-22","purchased_purges":1,"victory":false,"max_hp_per_floor":[80,80,80,74,74,74,74,74,74,74,74,74,74,74,74,74,74,74,74,74,74,74,74,74],"relic_stats":{"Sozu":2,"counters":[13,51],"Golden Idol":65,"obtain_stats":[{"Sozu":17,"Golden Idol":4,"Frozen Egg 2":9,"Burning Blood":0,"TungstenRod":6,"Red Skull":12},{"Sozu":8,"Golden Idol":3,"Frozen Egg 2":5,"Burning Blood":0,"TungstenRod":4,"Red Skull":7},{"Sozu":33,"Golden Idol":10,"Frozen Egg 2":19,"Burning Blood":0,"TungstenRod":14,"Red Skull":29}],"Burning Blood":60,"TungstenRod":58},"card_choices":[{"not_picked":["Flame Barrier","Armaments"],"picked":"Perfected Strike","floor":0},{"not_picked":["Body Slam","Iron Wave"],"picked":"Seeing Red","floor":1},{"not_picked":["Sword Boomerang","Metallicize"],"picked":"Inflame","floor":2},{"not_picked":["Ghostly Armor","Spot Weakness"],"picked":"Twin Strike","floor":3},{"not_picked":["Headbutt","Heavy Blade"],"picked":"Shrug It Off","floor":6},{"not_picked":["Disarm","Pummel"],"picked":"Twin Strike","floor":8},{"not_picked":["Flex","Inflame+1"],"picked":"Reaper","floor":11},{"not_picked":["Cleave","Battle Trance"],"picked":"Dark Embrace+1","floor":12},{"not_picked":["Immolate","Feed"],"picked":"Berserk+1","floor":16},{"not_picked":["Power Through","Ghostly Armor"],"picked":"Burning Pact","floor":18},{"not_picked":["Twin Strike","Havoc+1"],"picked":"Shockwave","floor":20},{"not_picked":["Pommel Strike","Cleave+1"],"picked":"Perfected Strike","floor":21},{"not_picked":["Warcry","Heavy Blade"],"picked":"Pommel Strike","floor":22}],"player_experience":296955,"relics_obtained":[{"floor":6,"key":"TungstenRod"},{"floor":9,"key":"Frozen Egg 2"},{"floor":12,"key":"Red Skull"}],"event_choices":[{"damage_healed":0,"gold_gain":0,"player_choice":"Lose Max HP","damage_taken":0,"relics_obtained":["Golden Idol"],"max_hp_gain":0,"max_hp_loss":6,"event_name":"Golden Idol","floor":4,"gold_loss":0},{"cards_removed":["Defend_R"],"damage_healed":0,"gold_gain":0,"player_choice":"Card Removal","damage_taken":7,"max_hp_gain":0,"max_hp_loss":0,"event_name":"Golden Wing","floor":13,"gold_loss":0},{"damage_healed":0,"gold_gain":0,"player_choice":"Bought 1 Potion","damage_taken":0,"max_hp_gain":0,"max_hp_loss":0,"event_name":"The Woman in Blue","floor":14,"gold_loss":0},{"damage_healed":0,"gold_gain":0,"player_choice":"Upgrade","damage_taken":0,"max_hp_gain":0,"max_hp_loss":0,"event_name":"Designer","floor":19,"gold_loss":40,"cards_upgraded":["Burning Pact"]}],"is_beta":false,"boss_relics":[{"not_picked":["Cursed Key","Coffee Dripper"],"picked":"Sozu"}],"items_purged_floors":[5],"is_endless":false,"potions_floor_spawned":[2,8,12,18,21],"killed_by":"Book of Stabbing","ascension_level":12}}