{"host":"yy1cu9q9bsxhflzi","time":1613964528,"event":{"mods":["BaseMod","DeckTracker","Minty Spire (QoL Compilation)","Quick Restart","StSLib","SuperFastMode","everything is the same but u backflip on backflip"],"gold_per_floor":[114,134,145,220,185,197,232,232,232,248,398,398,428,447,447,520,570,584,597,615,299,299,299,299,299,299],"floor_reached":25,"language":"KOR","playtime":619,"items_purged":["Doubt"],"score":666,"play_id":"84026536-69f8-4d45-9d16-967ff7cce49c","local_time":"20210222122848","is_ascension_mode":true,"campfire_choices":[{"floor":12,"key":"REST"},{"data":"Blizzard","floor":15,"key":"SMITH"},{"floor":24,"key":"REST"}],"circlet_count":0,"master_deck":["AscendersBane","Dualcast+1","Coolheaded","Coolheaded","Coolheaded","Coolheaded","Glacier","Glacier","Glacier","Glacier","Juggernaut","Reinforced Body","Skim","Heatsinks","Heatsinks","Turbo","Loop","Blizzard+1","Echo Form+1","White Noise","Hologram","Aggregate","Juggernaut+1","Fusion"],"relics":["FrozenCore","Du-Vu Doll","InkBottle","Frozen Egg 2","Tiny House","DollysMirror"],"acts_visited":["Exordium","TheCity"],"potions_floor_usage":[16,23],"damage_taken":[{"damage":0,"enemies":"2 Louse","floor":1,"turns":3},{"damage":1,"enemies":"Jaw Worm","floor":2,"turns":4},{"damage":14,"enemies":"Small Slimes","floor":3,"turns":3},{"damage":16,"enemies":"Gremlin Gang","floor":6,"turns":4},{"damage":0,"enemies":"Lagavulin","floor":7,"turns":5},{"damage":7,"enemies":"Exordium Wildlife","floor":10,"turns":3},{"damage":8,"enemies":"3 Sentries","floor":13,"turns":6},{"damage":0,"enemies":"2 Fungi Beasts","floor":14,"turns":4},{"damage":0,"enemies":"Hexaghost","floor":16,"turns":8},{"damage":27,"enemies":"Chosen","floor":18,"turns":6},{"damage":20,"enemies":"3 Byrds","floor":19,"turns":5},{"damage":16,"enemies":"Snake Plant","floor":20,"turns":4},{"damage":1,"enemies":"Book of Stabbing","floor":23,"turns":2},{"damage":22,"enemies":"Slavers","floor":25,"turns":2}],"seed_played":"541315865135166774","potions_obtained":[{"floor":2,"key":"SkillPotion"},{"floor":7,"key":"Ancient Potion"},{"floor":16,"key":"SmokeBomb"}],"is_trial":true,"path_per_floor":["M","M","M","?","?","M","E","T","T","M","?","R","E","M","R","B",null,"M","M","M","$","?","E","R","E"],"character_chosen":"DEFECT","items_purchased":["DollysMirror","Fusion"],"campfire_rested":2,"item_purchase_floors":[21,21],"current_hp_per_floor":[64,63,49,38,55,39,39,39,39,32,32,53,45,45,45,45,70,43,23,7,7,7,6,28,6,6],"gold":299,"neow_bonus":"","is_daily":false,"chose_seed":false,"campfire_upgraded":1,"win_rate":0.0,"timestamp":1613964528,"path_taken":["M","M","M","?","?","M","E","?","T","M","?","R","E","M","R","BOSS","M","M","M","$","?","E","R","E"],"items_purchased_type":["Relic","Card"],"build_version":"2020-12-22","purchased_purges":1,"victory":false,"max_hp_per_floor":[71,71,71,71,71,71,71,71,71,71,71,71,71,71,71,71,76,76,76,76,76,76,76,76,76,76],"card_choices":[{"not_picked":["Barrage","Hologram"],"picked":"Reinforced Body","floor":1},{"not_picked":["Steam Power","Sweeping Beam"],"picked":"Skim","floor":2},{"not_picked":["Chaos","Doom and Gloom"],"picked":"Heatsinks","floor":3},{"not_picked":["Beam Cell","Ball Lightning"],"picked":"Heatsinks","floor":6},{"not_picked":["Gash","Thunder Strike"],"picked":"Turbo","floor":7},{"not_picked":["Compile Driver","Hologram"],"picked":"Loop","floor":10},{"not_picked":["Redo","Gash","Tempest"],"picked":"SKIP","floor":13},{"not_picked":["Compile Driver","Conserve Battery"],"picked":"Blizzard","floor":14},{"not_picked":["Meteor Strike","Core Surge"],"picked":"Echo Form+1","floor":16},{"not_picked":["Go for the Eyes","Stack"],"picked":"White Noise","floor":17},{"not_picked":["Ball Lightning","Lockon","Conserve Battery"],"picked":"SKIP","floor":18},{"not_picked":["Rip and Tear","Reprogram"],"picked":"Hologram","floor":19},{"not_picked":["Cold Snap","Auto Shields"],"picked":"Aggregate","floor":20}],"player_experience":3927589,"relics_obtained":[{"floor":7,"key":"Du-Vu Doll"},{"floor":9,"key":"InkBottle"},{"floor":13,"key":"Frozen Egg 2"}],"event_choices":[{"damage_healed":0,"gold_gain":75,"player_choice":"Gather Gold","damage_taken":11,"max_hp_gain":0,"max_hp_loss":0,"event_name":"World of Goop","floor":4,"gold_loss":0},{"damage_healed":17,"gold_gain":0,"player_choice":"Healed","damage_taken":0,"max_hp_gain":0,"max_hp_loss":0,"event_name":"The Cleric","floor":5,"gold_loss":35},{"damage_healed":0,"gold_gain":150,"player_choice":"AGREE","damage_taken":0,"max_hp_gain":0,"max_hp_loss":0,"event_name":"Liars Game","floor":11,"gold_loss":0,"cards_obtained":["Doubt"]},{"damage_healed":0,"gold_gain":0,"player_choice":"Ignored","damage_taken":0,"max_hp_gain":0,"max_hp_loss":0,"event_name":"N\u0027loth","floor":22,"gold_loss":0}],"is_beta":false,"boss_relics":[{"not_picked":["Sozu","Cursed Key"],"picked":"Tiny House"}],"items_purged_floors":[21],"is_endless":false,"potions_floor_spawned":[2,7,10,13,14,16,18],"killed_by":"Slavers","ascension_level":20}}