{"host":"6t1lyqu4vs0bu9t8","time":1613998222,"event":{"mods":["AchievementEnabler","BaseMod","Colored Map","Keyboard Shortcuts","Minty Spire (QoL Compilation)","Permanent Neow","Quick Restart","Rare Cards Sparkle","StSLib","SuperFastMode","everything is the same but u backflip on backflip"],"gold_per_floor":[116,30,30,30,105,105,118,118,118,133,133,158,198,221,221,221,221],"floor_reached":16,"language":"KOR","playtime":296,"items_purged":[],"score":195,"play_id":"9013164f-2548-492a-a0d6-aa08d60a4015","local_time":"20210222215022","is_ascension_mode":true,"campfire_choices":[{"floor":6.0,"key":"REST"},{"data":"FearNoEvil","floor":8.0,"key":"SMITH"},{"floor":15.0,"key":"REST"}],"circlet_count":0,"master_deck":["AscendersBane","Strike_P+1","Strike_P","Strike_P+1","Strike_P","Defend_P","Defend_P","Defend_P","Defend_P+1","Eruption+1","Vigilance+1","LessonLearned+1","MentalFortress+1","FearNoEvil+1","FlurryOfBlows","FollowUp","Collect+1","CarveReality","Adaptation","Vengeance"],"relics":["PureWater","Golden Idol","Regal Pillow","Unceasing Top"],"acts_visited":["Exordium"],"potions_floor_usage":[],"damage_taken":[{"damage":2.0,"enemies":"2 Louse","floor":1.0,"turns":3.0},{"damage":0.0,"enemies":"Small Slimes","floor":7.0,"turns":3.0},{"damage":0.0,"enemies":"Cultist","floor":10.0,"turns":2.0},{"damage":13.0,"enemies":"Large Slime","floor":12.0,"turns":4.0},{"damage":8.0,"enemies":"Gremlin Nob","floor":13.0,"turns":3.0},{"damage":3.0,"enemies":"2 Fungi Beasts","floor":14.0,"turns":3.0},{"damage":50,"enemies":"Slime Boss","floor":16,"turns":7}],"seed_played":"3412717296402691661","potions_obtained":[{"floor":1.0,"key":"SpeedPotion"},{"floor":10.0,"key":"GamblersBrew"}],"is_trial":false,"path_per_floor":["M","$","?","?","?","R","M","R","T","M","?","M","E","M","R","B"],"character_chosen":"WATCHER","items_purchased":["FearNoEvil"],"campfire_rested":2,"item_purchase_floors":[2],"current_hp_per_floor":[59,59,36,16,5,25,25,25,25,25,25,12,4,1,36,0,0],"gold":221,"neow_bonus":"ONE_RANDOM_RARE_CARD","is_daily":false,"chose_seed":false,"campfire_upgraded":1,"win_rate":0.0,"timestamp":1613998222,"path_taken":["M","$","?","?","?","R","M","R","T","M","?","M","E","M","R","BOSS"],"items_purchased_type":["Card"],"build_version":"2020-12-22","purchased_purges":0,"victory":false,"max_hp_per_floor":[68,68,68,68,68,68,68,68,68,68,68,68,68,68,68,68,68],"card_choices":[{"not_picked":["DeceiveReality","Evaluate"],"picked":"MentalFortress","floor":1.0},{"not_picked":["Evaluate","Protect"],"picked":"FlurryOfBlows","floor":7.0},{"not_picked":["WreathOfFlame","JustLucky","Halt"],"picked":"SKIP","floor":10.0},{"not_picked":["Swivel","Halt"],"picked":"CarveReality","floor":12.0},{"not_picked":["Evaluate","Indignation"],"picked":"Adaptation","floor":13.0},{"not_picked":["FlurryOfBlows","FollowUp"],"picked":"Vengeance","floor":14.0}],"player_experience":444788,"relics_obtained":[{"floor":9.0,"key":"Regal Pillow"},{"floor":13.0,"key":"Unceasing Top"}],"event_choices":[{"damage_healed":0.0,"max_hp_gain":0.0,"max_hp_loss":0.0,"gold_gain":0.0,"event_name":"Golden Idol","player_choice":"Take Damage","floor":3.0,"gold_loss":0.0,"damage_taken":23.0,"relics_obtained":["Golden Idol"]},{"damage_healed":0.0,"max_hp_gain":0.0,"max_hp_loss":0.0,"gold_gain":0.0,"event_name":"Shining Light","player_choice":"Entered Light","floor":4.0,"gold_loss":0.0,"damage_taken":20.0,"cards_upgraded":["Eruption","Strike_P"]},{"damage_healed":0.0,"max_hp_gain":0.0,"max_hp_loss":0.0,"gold_gain":75.0,"event_name":"World of Goop","player_choice":"Gather Gold","floor":5.0,"gold_loss":0.0,"damage_taken":11.0},{"damage_healed":0.0,"max_hp_gain":0.0,"max_hp_loss":0.0,"gold_gain":0.0,"event_name":"Match and Keep!","player_choice":"2 cards matched","floor":11.0,"gold_loss":0.0,"damage_taken":0.0,"cards_obtained":["FollowUp","Collect"]}],"is_beta":false,"boss_relics":[],"items_purged_floors":[],"is_endless":false,"potions_floor_spawned":[1,10],"killed_by":"Slime Boss","ascension_level":19}}