{"host":"i5vvwdf42szr3cje","time":1613984731,"event":{"mods":["BaseMod","Colored Map","Hermit","Minty Spire (QoL Compilation)","Replay The Spire","StSLib","The Disciple","The Hierophant"],"gold_per_floor":[118,193,27,37,51,62,62,57,107,107,118,136,136,153,153,186,186,173,175,222,162,162,93,93,93,93],"floor_reached":25,"language":"ENG","playtime":1944,"items_purged":[],"score":201,"play_id":"228407ac-b6f5-49ed-b7eb-5dd926c6c985","local_time":"20210222010531","is_ascension_mode":true,"campfire_choices":[{"data":"hierophant:ChurchCoffers","floor":7.0,"key":"SMITH"},{"floor":10.0,"key":"REST"},{"data":"hierophant:Glossolalia","floor":15.0,"key":"SMITH"},{"floor":24,"key":"REST"}],"circlet_count":0,"master_deck":["hierophant:Strike_Hierophant","hierophant:Strike_Hierophant","hierophant:Strike_Hierophant","hierophant:Strike_Hierophant","hierophant:Punish","hierophant:Defend_Hierophant","hierophant:Defend_Hierophant","hierophant:Defend_Hierophant","hierophant:Defend_Hierophant","hierophant:ChurchCoffers+1","hierophant:SealAway","hierophant:Sermon+1","hierophant:Glossolalia+1","Pot Of Greed","Pot Of Greed","hierophant:Chorus","hierophant:AuricForm","hierophant:WrathOfGod"],"relics":["hierophant:PropheticMaskRelic","NeowsBlessing","Membership Card","Bottled Lightning","Grinning Jar","SacredBark","Oddly Smooth Stone","Bird Faced Urn"],"acts_visited":["Exordium","TheCity"],"potions_floor_usage":[25],"damage_taken":[{"damage":0.0,"enemies":"2 Louse","floor":1.0,"turns":2.0},{"damage":0.0,"enemies":"Cultist","floor":4.0,"turns":1.0},{"damage":0.0,"enemies":"Jaw Worm","floor":5.0,"turns":1.0},{"damage":25.0,"enemies":"3 Sentries","floor":6.0,"turns":9.0},{"damage":19.0,"enemies":"Lagavulin","floor":8.0,"turns":6.0},{"damage":0.0,"enemies":"Exordium Thugs","floor":11.0,"turns":3.0},{"damage":7.0,"enemies":"Large Slime","floor":12.0,"turns":4.0},{"damage":3.0,"enemies":"2 Fungi Beasts","floor":14.0,"turns":4.0},{"damage":14.0,"enemies":"Slime Boss","floor":16.0,"turns":11.0},{"damage":17.0,"enemies":"Spheric Guardian","floor":18.0,"turns":4.0},{"damage":16.0,"enemies":"Chosen","floor":19.0,"turns":7.0},{"damage":14.0,"enemies":"Shelled Parasite and Fungi","floor":21.0,"turns":5.0},{"damage":6,"enemies":"Gremlin Leader","floor":23,"turns":10},{"damage":28,"enemies":"Slavers","floor":25,"turns":1}],"seed_played":"-4296593501765221176","potions_obtained":[{"floor":5.0,"key":"Adrenaline Potion"},{"floor":6.0,"key":"Block Potion"},{"floor":11.0,"key":"LiquidBronze"},{"floor":14.0,"key":"Dexterity Potion"},{"floor":18.0,"key":"Explosive Potion"},{"floor":20.0,"key":"Explosive Potion"},{"floor":23,"key":"AttackPotion"}],"is_trial":false,"path_per_floor":["M","?","$","M","M","E","R","E","T","R","M","M","?","M","R","B",null,"M","M","?","M","?","E","R","E"],"character_chosen":"HIEROPHANT","items_purchased":["Membership Card","hierophant:Sermon+1"],"campfire_rested":2,"item_purchase_floors":[3,3],"current_hp_per_floor":[75,68,68,68,68,43,43,24,24,46,46,39,39,36,36,22,75,58,42,24,10,10,4,26,0,0],"gold":93,"neow_bonus":"THREE_ENEMY_KILL","is_daily":false,"chose_seed":false,"campfire_upgraded":2,"win_rate":0.0,"timestamp":1613984731,"path_taken":["M","?","$","M","?","E","R","E","T","R","M","M","?","M","R","BOSS","M","M","?","M","?","E","R","E"],"items_purchased_type":["Relic","Card"],"build_version":"2020-12-22","purchased_purges":0,"victory":false,"max_hp_per_floor":[75,75,75,75,75,75,75,75,75,75,75,75,75,75,75,75,75,75,75,75,75,75,75,75,75,75],"card_choices":[{"not_picked":["hierophant:Encroach","hierophant:PassingBell"],"picked":"hierophant:SealAway","floor":1.0},{"not_picked":["hierophant:OrnateBuckler","hierophant:DisplayOfPower"],"picked":"hierophant:Glossolalia","floor":4.0},{"not_picked":["hierophant:RepressedViolence","hierophant:MorningPrayer","hierophant:Smite"],"picked":"SKIP","floor":5.0},{"not_picked":["hierophant:Empathy","hierophant:CoinFling","hierophant:Zeal"],"picked":"SKIP","floor":6.0},{"not_picked":["hierophant:TollTheBells","hierophant:CursedGold"],"picked":"hierophant:Chorus","floor":8.0},{"not_picked":["hierophant:Encroach","hierophant:Repentance","hierophant:SealAway"],"picked":"SKIP","floor":11.0},{"not_picked":["hierophant:AuricBeam","hierophant:Shelter","hierophant:PassingBell"],"picked":"SKIP","floor":12.0},{"not_picked":["hierophant:Generosity","hierophant:DisplayOfPower","hierophant:HammerAndAnvil"],"picked":"SKIP","floor":14.0},{"not_picked":["hierophant:Invocation","hierophant:Cornucopia"],"picked":"hierophant:AuricForm","floor":16.0},{"not_picked":["hierophant:ThreeLashes","hierophant:Sermon+1","hierophant:Upheaval+1"],"picked":"SKIP","floor":18.0},{"not_picked":["hierophant:RepressedViolence+1","hierophant:HammerAndAnvil","hierophant:Remorse"],"picked":"SKIP","floor":19.0},{"not_picked":["hierophant:Encroach","hierophant:AuricBeam+1","hierophant:RecallFunds+1"],"picked":"SKIP","floor":21.0},{"not_picked":["hierophant:AuricBeam","hierophant:MorningPrayer"],"picked":"hierophant:WrathOfGod","floor":23}],"player_experience":199684,"relics_obtained":[{"floor":6.0,"key":"Bottled Lightning"},{"floor":8.0,"key":"Grinning Jar"},{"floor":20.0,"key":"Oddly Smooth Stone"},{"floor":23,"key":"Bird Faced Urn"}],"event_choices":[{"damage_healed":0.0,"max_hp_gain":0.0,"max_hp_loss":0.0,"gold_gain":75.0,"event_name":"FaceTrader","player_choice":"Touch","floor":2.0,"gold_loss":0.0,"damage_taken":7.0},{"damage_healed":0.0,"max_hp_gain":0.0,"max_hp_loss":0.0,"gold_gain":0.0,"event_name":"The Woman in Blue","player_choice":"Bought 0 Potions","floor":13.0,"gold_loss":0.0,"damage_taken":0.0}],"is_beta":false,"boss_relics":[{"not_picked":["Pandora\u0027s Box","Runic Pyramid"],"picked":"SacredBark"}],"items_purged_floors":[],"is_endless":false,"potions_floor_spawned":[5,6,11,14,18,23],"killed_by":"Slavers","ascension_level":2}}