{"host":"hcfgv6p6h0ubjkk0","time":1613999598,"event":{"mods":["AchievementEnabler","BaseMod","Highlight Path","Minty Spire (QoL Compilation)","Quick Restart","Relic Stats","StSLib"],"gold_per_floor":[113,113,288,309,322,322,355,355,400,400,416,416,416,416,416,540,540,564,587,6,186,210,210,244,244,291,312,227,57,80,10,10,130,130,155,155,179,179,31,31,69,132,132,132,155,170,209,209,209],"floor_reached":48,"language":"ENG","playtime":2776,"items_purged":["Defend_G","Strike_G"],"score":715,"play_id":"1ac48923-49af-4570-98df-98e5c1e6d281","local_time":"20210222131318","is_ascension_mode":true,"campfire_choices":[{"data":"Cloak And Dagger","floor":6,"key":"SMITH"},{"data":"Finisher","floor":8,"key":"SMITH"},{"data":"Leg Sweep","floor":10,"key":"SMITH"},{"data":"Glass Knife","floor":15,"key":"SMITH"},{"data":"A Thousand Cuts","floor":23,"key":"SMITH"},{"data":"Cloak And Dagger","floor":25,"key":"SMITH"},{"data":"Footwork","floor":32,"key":"SMITH"},{"data":"Bullet Time","floor":40,"key":"SMITH"},{"floor":44,"key":"DIG"}],"circlet_count":0,"master_deck":["Strike_G","Strike_G","Defend_G","Defend_G","Defend_G","Survivor","Neutralize","Leg Sweep+1","Cloak And Dagger+1","Crippling Poison","Finisher+1","Cloak And Dagger+1","Glass Knife+1","Bullet Time+1","A Thousand Cuts+1","Blur","Night Terror","Blade Dance+1","Accuracy","Footwork+1"],"relics":["Runic Pyramid","Golden Idol","Potion Belt","Nunchaku","Eternal Feather","Empty Cage","Ninja Scroll","Bottled Flame","Torii","Regal Pillow","MealTicket","Busted Crown","Anchor","Kunai","Shovel","Mercury Hourglass","Ornamental Fan"],"acts_visited":["Exordium","TheCity","TheBeyond"],"potions_floor_usage":[16,30,33,33,46],"damage_taken":[{"damage":0,"enemies":"Small Slimes","floor":1,"turns":3},{"damage":1,"enemies":"2 Louse","floor":4,"turns":4},{"damage":2,"enemies":"Cultist","floor":5,"turns":6},{"damage":6,"enemies":"3 Sentries","floor":7,"turns":15},{"damage":4,"enemies":"3 Louse","floor":11,"turns":2},{"damage":20,"enemies":"Hexaghost","floor":16,"turns":13},{"damage":2,"enemies":"Shell Parasite","floor":18,"turns":3},{"damage":6,"enemies":"3 Byrds","floor":19,"turns":6},{"damage":6,"enemies":"3 Cultists","floor":22,"turns":5},{"damage":0,"enemies":"Gremlin Leader","floor":24,"turns":6},{"damage":0,"enemies":"Centurion and Healer","floor":27,"turns":4},{"damage":12,"enemies":"Sentry and Sphere","floor":30,"turns":5},{"damage":23,"enemies":"Champ","floor":33,"turns":8},{"damage":0,"enemies":"Orb Walker","floor":35,"turns":2},{"damage":11,"enemies":"3 Shapes","floor":37,"turns":6},{"damage":1,"enemies":"Giant Head","floor":41,"turns":4},{"damage":12,"enemies":"Mind Bloom Boss Battle","floor":42,"turns":5},{"damage":0,"enemies":"Maw","floor":45,"turns":5},{"damage":17,"enemies":"Transient","floor":46,"turns":5},{"damage":36,"enemies":"Nemesis","floor":47,"turns":5},{"damage":17,"enemies":"4 Shapes","floor":48,"turns":2}],"seed_played":"3633776662579262098","potions_obtained":[{"floor":5,"key":"Strength Potion"},{"floor":11,"key":"Swift Potion"},{"floor":19,"key":"LiquidBronze"},{"floor":27,"key":"BlessingOfTheForge"},{"floor":30,"key":"SkillPotion"},{"floor":37,"key":"Explosive Potion"},{"floor":41,"key":"Weak Potion"},{"floor":45,"key":"Poison Potion"}],"is_trial":false,"path_per_floor":["M","?","?","M","M","R","E","R","T","R","M","?","?","T","R","B",null,"M","M","$","?","M","R","E","R","T","M","?","$","M","$","R","B",null,"M","?","M","?","$","R","E","?","T","R","M","M","E","M"],"character_chosen":"THE_SILENT","items_purchased":["Ninja Scroll","Bottled Flame","Accuracy","Footwork","Anchor"],"campfire_rested":0,"item_purchase_floors":[20,20,29,31,39],"current_hp_per_floor":[63,63,63,62,60,60,54,54,54,54,50,55,55,55,64,44,64,62,56,56,37,31,40,40,49,49,49,49,64,52,67,70,47,64,64,64,53,53,68,70,69,57,57,69,69,52,16,0,0],"gold":209,"neow_bonus":"BOSS_RELIC","is_daily":false,"chose_seed":false,"campfire_upgraded":8,"win_rate":0.0,"timestamp":1613999598,"path_taken":["M","?","?","M","M","R","E","R","T","R","M","?","?","?","R","BOSS","M","M","$","?","M","R","E","R","T","?","?","$","M","?","R","BOSS","M","?","M","?","?","R","E","?","T","R","M","M","E","M"],"items_purchased_type":["Relic","Relic","Card","Card","Relic"],"build_version":"2020-12-22","purchased_purges":2,"victory":false,"max_hp_per_floor":[70,65,65,65,65,65,65,65,65,65,65,70,70,70,70,70,70,70,70,70,70,70,70,70,70,70,70,70,70,70,70,70,70,70,70,70,70,70,70,70,70,70,70,70,70,70,70,70,70],"relic_stats":{"Regal Pillow":0,"Torii":22,"counters":[21,114],"Golden Idol":144,"Eternal Feather":44,"Mercury Hourglass":[57],"Nunchaku":[28],"Busted Crown":16,"Shovel":1,"Ornamental Fan":[16],"MealTicket":45,"Kunai":[23],"obtain_stats":[{"Potion Belt":7,"Regal Pillow":26,"Torii":24,"Golden Idol":2,"Eternal Feather":14,"Empty Cage":17,"Mercury Hourglass":44,"Nunchaku":9,"Bottled Flame":20,"Anchor":39,"Busted Crown":34,"Shovel":42,"Ninja Scroll":20,"Ornamental Fan":47,"MealTicket":28,"Kunai":41,"Ring of the Snake":0,"Runic Pyramid":0},{"Potion Belt":4,"Regal Pillow":10,"Torii":10,"Golden Idol":1,"Eternal Feather":5,"Empty Cage":6,"Mercury Hourglass":17,"Nunchaku":4,"Bottled Flame":8,"Anchor":15,"Busted Crown":13,"Shovel":17,"Ninja Scroll":8,"Ornamental Fan":20,"MealTicket":11,"Kunai":16,"Ring of the Snake":0,"Runic Pyramid":0},{"Potion Belt":28,"Regal Pillow":63,"Torii":63,"Golden Idol":3,"Eternal Feather":30,"Empty Cage":43,"Mercury Hourglass":97,"Nunchaku":28,"Bottled Flame":52,"Anchor":88,"Busted Crown":80,"Shovel":97,"Ninja Scroll":52,"Ornamental Fan":112,"MealTicket":67,"Kunai":92,"Ring of the Snake":0,"Runic Pyramid":0}]},"card_choices":[{"not_picked":["Deflect","Backflip"],"picked":"Leg Sweep","floor":1},{"not_picked":["Bane","Endless Agony"],"picked":"Cloak And Dagger","floor":4},{"not_picked":["PiercingWail","Dodge and Roll"],"picked":"Crippling Poison","floor":5},{"not_picked":["Well Laid Plans","Footwork"],"picked":"Finisher","floor":7},{"not_picked":["Masterful Stab","Deflect"],"picked":"Cloak And Dagger","floor":11},{"not_picked":["Storm of Steel","Doppelganger"],"picked":"Bullet Time","floor":16},{"not_picked":["Outmaneuver+1","Sucker Punch+1","Quick Slash"],"picked":"SKIP","floor":18},{"not_picked":["Flying Knee","Leg Sweep"],"picked":"A Thousand Cuts","floor":19},{"not_picked":["Poisoned Stab+1","Backflip"],"picked":"Blur","floor":22},{"not_picked":["All Out Attack","Outmaneuver"],"picked":"Night Terror","floor":24},{"not_picked":["Outmaneuver+1","Expertise"],"picked":"Blade Dance+1","floor":27},{"not_picked":["Flechettes","Blade Dance","Sucker Punch"],"picked":"SKIP","floor":30},{"not_picked":["Eviscerate"],"picked":"SKIP","floor":35},{"not_picked":["Outmaneuver"],"picked":"SKIP","floor":37},{"not_picked":["Footwork+1"],"picked":"SKIP","floor":41},{"not_picked":["Crippling Poison+1"],"picked":"SKIP","floor":45},{"not_picked":["Dodge and Roll+1"],"picked":"SKIP","floor":46},{"not_picked":["PiercingWail"],"picked":"SKIP","floor":47}],"player_experience":210815,"relics_obtained":[{"floor":7,"key":"Potion Belt"},{"floor":9,"key":"Nunchaku"},{"floor":14,"key":"Eternal Feather"},{"floor":24,"key":"Torii"},{"floor":26,"key":"Regal Pillow"},{"floor":41,"key":"Kunai"},{"floor":42,"key":"Shovel"},{"floor":44,"key":"Mercury Hourglass"},{"floor":47,"key":"Ornamental Fan"}],"event_choices":[{"damage_healed":0,"gold_gain":0,"player_choice":"Lose Max HP","damage_taken":0,"relics_obtained":["Golden Idol"],"max_hp_gain":0,"max_hp_loss":5,"event_name":"Golden Idol","floor":2,"gold_loss":0},{"damage_healed":0,"gold_gain":175,"player_choice":"AGREE","damage_taken":0,"max_hp_gain":0,"max_hp_loss":0,"event_name":"Liars Game","floor":3,"gold_loss":0,"cards_obtained":["Doubt"]},{"damage_healed":0,"gold_gain":0,"player_choice":"Donut","damage_taken":0,"max_hp_gain":5,"max_hp_loss":0,"event_name":"Big Fish","floor":12,"gold_loss":0},{"damage_healed":0,"gold_gain":0,"cards_transformed":["Strike_G"],"player_choice":"Change","damage_taken":0,"max_hp_gain":0,"max_hp_loss":0,"event_name":"Living Wall","floor":13,"gold_loss":0,"cards_obtained":["Glass Knife"]},{"damage_healed":0,"gold_gain":180,"player_choice":"GOLD GOLD ","damage_taken":19,"max_hp_gain":0,"max_hp_loss":0,"event_name":"Knowing Skull","floor":21,"potions_obtained":[],"gold_loss":0,"cards_obtained":[]},{"damage_healed":0,"gold_gain":0,"player_choice":"Obtained Relic","damage_taken":0,"relics_obtained":["MealTicket"],"max_hp_gain":0,"max_hp_loss":0,"event_name":"Addict","floor":28,"gold_loss":85},{"cards_removed":["Strike_G"],"damage_healed":0,"gold_gain":0,"player_choice":"Removed Attack","damage_taken":0,"max_hp_gain":0,"max_hp_loss":0,"event_name":"Falling","floor":36,"gold_loss":0},{"damage_healed":0,"gold_gain":0,"player_choice":"Memory 1","damage_taken":0,"max_hp_gain":0,"max_hp_loss":0,"event_name":"SensoryStone","floor":38,"gold_loss":0},{"damage_healed":0,"gold_gain":0,"player_choice":"Fight","damage_taken":0,"max_hp_gain":0,"max_hp_loss":0,"event_name":"MindBloom","floor":42,"gold_loss":0}],"is_beta":false,"boss_relics":[{"not_picked":["Velvet Choker","Tiny House"],"picked":"Empty Cage"},{"not_picked":["Snecko Eye","Astrolabe"],"picked":"Busted Crown"}],"items_purged_floors":[20,29],"is_endless":false,"potions_floor_spawned":[5,11,19,27,30,37,41,45],"killed_by":"4 Shapes","ascension_level":6}}