{"host":"d52brwsy6af8zvaq","time":1613961371,"event":{"mods":["AchievementEnabler","BaseMod","Bestiary","Highlight Path","Minty Spire (QoL Compilation)","Quick Restart","Relic Stats","ojb\u0027s Better Paths Mod"],"gold_per_floor":[117,167,181,194,214,214,214,247,247,247,273,287,316,328,328,407,407,421,421,441,476,488,488,531,531,557,335,335,335],"floor_reached":28,"language":"ENG","playtime":1309,"items_purged":["Parasite"],"score":496,"play_id":"d482f097-8945-44f0-965b-de7e1c1ae874","local_time":"20210221193611","is_ascension_mode":true,"campfire_choices":[{"data":"Zap","floor":6.0,"key":"SMITH"},{"data":"Barrage","floor":10.0,"key":"SMITH"},{"data":"Beam Cell","floor":15.0,"key":"SMITH"},{"floor":23,"key":"REST"},{"floor":25,"key":"REST"}],"circlet_count":0,"master_deck":["AscendersBane","Strike_B+1","Strike_B+1","Strike_B+1","Strike_B+1","Defend_B+1","Defend_B+1","Defend_B+1","Defend_B+1","Zap+1","Dualcast","Go for the Eyes","BootSequence","Barrage+1","Conserve Battery","Coolheaded","Ball Lightning","Beam Cell+1","FTL","Core Surge","Coolheaded","Doom and Gloom","Go for the Eyes+1","Lockon","Defragment","Undo"],"relics":["Cracked Core","Torii","Thread and Needle","Pocketwatch","Black Star","Red Mask","Art of War","CeramicFish","Pen Nib"],"acts_visited":["Exordium","TheCity"],"potions_floor_usage":[22],"damage_taken":[{"damage":2.0,"enemies":"Jaw Worm","floor":1.0,"turns":3.0},{"damage":4.0,"enemies":"Cultist","floor":3.0,"turns":4.0},{"damage":4.0,"enemies":"2 Louse","floor":4.0,"turns":3.0},{"damage":2.0,"enemies":"Exordium Wildlife","floor":5.0,"turns":5.0},{"damage":24.0,"enemies":"3 Sentries","floor":8.0,"turns":10.0},{"damage":0.0,"enemies":"Blue Slaver","floor":12.0,"turns":4.0},{"damage":15.0,"enemies":"Lagavulin","floor":13.0,"turns":8.0},{"damage":1.0,"enemies":"3 Louse","floor":14.0,"turns":3.0},{"damage":22.0,"enemies":"The Guardian","floor":16.0,"turns":15.0},{"damage":0.0,"enemies":"Chosen","floor":18.0,"turns":3.0},{"damage":1.0,"enemies":"Spheric Guardian","floor":20.0,"turns":4.0},{"damage":27.0,"enemies":"Masked Bandits","floor":21.0,"turns":4.0},{"damage":7,"enemies":"3 Cultists","floor":22,"turns":6},{"damage":13,"enemies":"Slavers","floor":24,"turns":7},{"damage":33,"enemies":"Gremlin Leader","floor":28,"turns":6}],"seed_played":"-5662862487003451361","potions_obtained":[{"floor":1.0,"key":"Weak Potion"},{"floor":8.0,"key":"BlessingOfTheForge"},{"floor":13.0,"key":"ColorlessPotion"},{"floor":16.0,"key":"Fire Potion"}],"is_trial":false,"path_per_floor":["M","?","M","M","M","R","?","E","T","R","T","M","E","M","R","B",null,"M","?","M","?","M","R","E","R","T","$","E"],"character_chosen":"DEFECT","items_purchased":["Defragment","Undo"],"campfire_rested":2,"item_purchase_floors":[27,27],"current_hp_per_floor":[62,62,58,54,52,52,69,45,45,45,45,45,30,29,29,7,55,55,55,54,27,20,41,28,49,49,49,16,16],"gold":335,"neow_bonus":"THREE_CARDS","is_daily":false,"chose_seed":false,"campfire_upgraded":3,"win_rate":0.0,"timestamp":1613961371,"path_taken":["M","?","?","M","M","R","?","E","T","R","?","M","E","M","R","BOSS","M","?","M","?","M","R","E","R","T","?","E"],"items_purchased_type":["Card","Card"],"build_version":"2020-12-22","purchased_purges":1,"victory":false,"max_hp_per_floor":[71,71,71,71,71,71,71,71,71,71,71,71,71,71,71,71,71,71,71,71,71,71,71,71,71,71,68,68,68],"relic_stats":{"Torii":28,"counters":[15,85],"CeramicFish":27,"Pen Nib":[1],"Black Star":1,"Art of War":[0],"obtain_stats":[{"Torii":8,"CeramicFish":24,"Thread and Needle":9,"Pen Nib":26,"Black Star":17,"Red Mask":21,"Art of War":24,"Cracked Core":0,"Pocketwatch":13},{"Torii":5,"CeramicFish":14,"Thread and Needle":5,"Pen Nib":14,"Black Star":9,"Red Mask":12,"Art of War":14,"Cracked Core":0,"Pocketwatch":7},{"Torii":25,"CeramicFish":79,"Thread and Needle":25,"Pen Nib":79,"Black Star":55,"Red Mask":66,"Art of War":79,"Cracked Core":0,"Pocketwatch":37}],"Pocketwatch":[39]},"card_choices":[{"not_picked":["Rebound","Aggregate"],"picked":"Go for the Eyes","floor":0.0},{"not_picked":["Turbo","Leap"],"picked":"BootSequence","floor":1.0},{"not_picked":["Storm","Steam"],"picked":"Barrage","floor":3.0},{"not_picked":["Heatsinks","Turbo"],"picked":"Conserve Battery","floor":4.0},{"not_picked":["Hologram","Compile Driver"],"picked":"Coolheaded","floor":5.0},{"not_picked":["Sweeping Beam","All For One"],"picked":"Ball Lightning","floor":8.0},{"not_picked":["Reprogram","Leap"],"picked":"Beam Cell","floor":12.0},{"not_picked":["Machine Learning","Compile Driver"],"picked":"FTL","floor":13.0},{"not_picked":["Blizzard","Ball Lightning","Heatsinks"],"picked":"SKIP","floor":14.0},{"not_picked":["Amplify","Rainbow"],"picked":"Core Surge","floor":16.0},{"not_picked":["Tempest","Compile Driver","Ball Lightning"],"picked":"SKIP","floor":18.0},{"not_picked":["Hello World","Redo"],"picked":"Coolheaded","floor":20.0},{"not_picked":["Storm","Aggregate+1"],"picked":"Doom and Gloom","floor":21.0},{"not_picked":["Beam Cell","Static Discharge"],"picked":"Go for the Eyes+1","floor":22},{"not_picked":["Conserve Battery+1","Ball Lightning"],"picked":"Lockon","floor":24}],"player_experience":2335000,"relics_obtained":[{"floor":8.0,"key":"Torii"},{"floor":9.0,"key":"Thread and Needle"},{"floor":13.0,"key":"Pocketwatch"},{"floor":21.0,"key":"Red Mask"},{"floor":24,"key":"Art of War"},{"floor":24,"key":"CeramicFish"},{"floor":26,"key":"Pen Nib"}],"event_choices":[{"damage_healed":0.0,"max_hp_gain":0.0,"max_hp_loss":0.0,"gold_gain":50.0,"event_name":"Golden Shrine","player_choice":"Pray","floor":2.0,"gold_loss":0.0,"damage_taken":0.0},{"damage_healed":17.0,"max_hp_gain":0.0,"max_hp_loss":0.0,"gold_gain":0.0,"event_name":"Mushrooms","player_choice":"Healed and dodged fight","floor":7.0,"gold_loss":0.0,"damage_taken":0.0,"cards_obtained":["Parasite"]},{"damage_healed":0.0,"max_hp_gain":0.0,"max_hp_loss":0.0,"gold_gain":0.0,"event_name":"Back to Basics","player_choice":"Simplicity","floor":19.0,"gold_loss":0.0,"damage_taken":0.0,"cards_upgraded":["Strike_B","Strike_B","Strike_B","Strike_B","Defend_B","Defend_B","Defend_B","Defend_B"]},{"damage_healed":0.0,"max_hp_gain":0.0,"max_hp_loss":0.0,"gold_gain":0.0,"event_name":"Masked Bandits","player_choice":"Fought Bandits","floor":21.0,"gold_loss":0.0,"damage_taken":0.0}],"is_beta":false,"boss_relics":[{"not_picked":["Busted Crown","Coffee Dripper"],"picked":"Black Star"}],"items_purged_floors":[27],"is_endless":false,"potions_floor_spawned":[1,8,13,16,18],"killed_by":"Gremlin Leader","ascension_level":20}}