{"host":"2vsfvi9pm0ilma55","time":1613954965,"event":{"mods":["BaseMod","Bestiary","Highlight Path","Minty Spire (QoL Compilation)","Relic Stats","StSLib","The Marked","The Warlock"],"gold_per_floor":[17,32,32,51,51,51,51],"floor_reached":6,"language":"ENG","playtime":309,"items_purged":[],"score":72,"play_id":"ba53814c-07b8-4813-9a40-e8fd20a11122","local_time":"20210221164925","is_ascension_mode":true,"campfire_choices":[],"circlet_count":0,"master_deck":["AscendersBane","Ritualist:StrikeMagenta","Ritualist:StrikeMagenta","Ritualist:DefendMagenta+1","Ritualist:DefendMagenta","Ritualist:DefendMagenta","Ritualist:DefendMagenta","Ritualist:InitiationRite","Ritualist:SummonAgiel","Ritualist:DarkRitual","Ritualist:Tenderize+1","Ritualist:CutOut"],"relics":["Ritualist:StarterRelic","Golden Idol"],"acts_visited":["Exordium"],"potions_floor_usage":[],"damage_taken":[{"damage":0.0,"enemies":"2 Louse","floor":1.0,"turns":1.0},{"damage":11,"enemies":"Jaw Worm","floor":2,"turns":9},{"damage":1,"enemies":"Cultist","floor":4,"turns":3},{"damage":39,"enemies":"3 Sentries","floor":6,"turns":6}],"seed_played":"5730465816732563903","potions_obtained":[{"floor":2,"key":"SteroidPotion"}],"is_trial":false,"path_per_floor":["M","M","?","M","?","E"],"character_chosen":"RITUALIST","items_purchased":[],"campfire_rested":0,"item_purchase_floors":[],"current_hp_per_floor":[67,56,56,55,35,0,0],"gold":51,"neow_bonus":"REMOVE_TWO","is_daily":false,"chose_seed":false,"campfire_upgraded":0,"win_rate":0.0,"timestamp":1613954965,"path_taken":["M","M","?","M","?","E"],"items_purchased_type":[],"build_version":"2020-12-22","purchased_purges":0,"victory":false,"max_hp_per_floor":[74,74,67,67,67,67,67],"relic_stats":{"counters":[4,19],"Golden Idol":4,"obtain_stats":[{"Golden Idol":3,"Ritualist:StarterRelic":0},{"Golden Idol":2,"Ritualist:StarterRelic":0},{"Golden Idol":10,"Ritualist:StarterRelic":0}]},"card_choices":[{"not_picked":["Ritualist:DemonArm","Ritualist:QuietMeditation"],"picked":"Ritualist:DarkRitual","floor":1.0},{"not_picked":["Ritualist:ScoutAhead","Ritualist:Impale"],"picked":"Ritualist:Tenderize","floor":2},{"not_picked":["Ritualist:TwinWave","Ritualist:BloodBoil"],"picked":"Ritualist:CutOut","floor":4}],"player_experience":619457,"relics_obtained":[],"event_choices":[{"damage_healed":0,"gold_gain":0,"player_choice":"Lose Max HP","damage_taken":0,"relics_obtained":["Golden Idol"],"max_hp_gain":0,"max_hp_loss":7,"event_name":"Golden Idol","floor":3,"gold_loss":0},{"damage_healed":0,"gold_gain":0,"player_choice":"Entered Light","damage_taken":20,"max_hp_gain":0,"max_hp_loss":0,"event_name":"Shining Light","floor":5,"gold_loss":0,"cards_upgraded":["Ritualist:Tenderize","Ritualist:DefendMagenta"]}],"is_beta":false,"boss_relics":[],"items_purged_floors":[],"is_endless":false,"potions_floor_spawned":[2],"killed_by":"3 Sentries","ascension_level":20}}