{"host":"30jsp143e4v19aze","time":1613966222,"event":{"mods":["BaseMod","Colored Map","Colored Powertips","Curses Come First","DeckTracker","Highlight Path","Minty Spire (QoL Compilation)","Quick Restart","Relic Stats","StSLib","everything is the same but u backflip on backflip","slay the spire mod where everything is the same but ironclad has a cowboy hat"],"gold_per_floor":[11,11,30,46,58,88,88,163,231,265,265,296,296,310,310,387,387,402,402,112,112,128,163,173,173,173,173,12,46,66,66,66,143,143,160,171,6,6,6],"floor_reached":38,"language":"ENG","playtime":1417,"items_purged":["Pain"],"score":914,"play_id":"8fad8689-4c13-43a8-8b0f-d8bbb7274811","local_time":"20210222045702","is_ascension_mode":true,"campfire_choices":[{"data":"Immolate","floor":7,"key":"SMITH"},{"floor":11,"key":"REST"},{"data":"Demon Form","floor":15,"key":"SMITH"},{"data":"Armaments","floor":27,"key":"SMITH"},{"data":"Limit Break","floor":32,"key":"SMITH"}],"circlet_count":0,"master_deck":["AscendersBane","Bash","Immolate+1","Thunderclap","Clothesline","Battle Trance","Shrug It Off","Power Through","Limit Break+1","Demon Form+1","Flame Barrier","Reaper","Cleave","Armaments+1","Dropkick","Juggernaut","Reckless Charge","Heavy Blade","Sentinel","Flame Barrier","Warcry","Second Wind","Shrug It Off","Evolve","Second Wind+1","Feel No Pain+1","Shrug It Off","Power Through","Ghostly","Ghostly","Ghostly","Seeing Red","Reaper","Spot Weakness"],"relics":["Burning Blood","WarpedTongs","Gambling Chip","Mercury Hourglass","Toy Ornithopter","Letter Opener","Mummified Hand","Pandora\u0027s Box","MutagenicStrength","Orrery","Boot","Bronze Scales","Toolbox","Kunai","Busted Crown","Bag of Preparation"],"acts_visited":["Exordium","TheCity","TheBeyond"],"potions_floor_usage":[10,14,23,33],"damage_taken":[{"damage":0,"enemies":"2 Louse","floor":1,"turns":2},{"damage":2,"enemies":"Cultist","floor":3,"turns":3},{"damage":7,"enemies":"Jaw Worm","floor":4,"turns":2},{"damage":23,"enemies":"Gremlin Gang","floor":5,"turns":3},{"damage":34,"enemies":"Gremlin Nob","floor":6,"turns":4},{"damage":2,"enemies":"3 Sentries","floor":10,"turns":4},{"damage":27,"enemies":"Lagavulin","floor":12,"turns":7},{"damage":2,"enemies":"Large Slime","floor":14,"turns":4},{"damage":17,"enemies":"Slime Boss","floor":16,"turns":5},{"damage":10,"enemies":"3 Byrds","floor":18,"turns":3},{"damage":28,"enemies":"2 Thieves","floor":22,"turns":3},{"damage":32,"enemies":"Book of Stabbing","floor":23,"turns":5},{"damage":22,"enemies":"Sentry and Sphere","floor":24,"turns":5},{"damage":0,"enemies":"Gremlin Leader","floor":29,"turns":7},{"damage":7,"enemies":"Snecko","floor":30,"turns":5},{"damage":24,"enemies":"Automaton","floor":33,"turns":7},{"damage":16,"enemies":"3 Shapes","floor":35,"turns":5},{"damage":5,"enemies":"Orb Walker","floor":36,"turns":5},{"damage":37,"enemies":"Spire Growth","floor":38,"turns":2}],"seed_played":"-6107505671503649732","potions_obtained":[{"floor":1,"key":"SpeedPotion"},{"floor":6,"key":"BlessingOfTheForge"},{"floor":12,"key":"BloodPotion"},{"floor":14,"key":"ElixirPotion"},{"floor":16,"key":"Fire Potion"},{"floor":29,"key":"BloodPotion"},{"floor":30,"key":"PowerPotion"},{"floor":35,"key":"ColorlessPotion"}],"is_trial":false,"path_per_floor":["M","?","M","M","M","E","R","?","T","E","R","E","T","M","R","B",null,"M","?","$","?","M","E","M","?","T","R","$","E","M","$","R","B",null,"M","M","$","M"],"character_chosen":"IRONCLAD","items_purchased":["Second Wind","Orrery","Toolbox","Bag of Preparation"],"campfire_rested":1,"item_purchase_floors":[20,20,28,37],"current_hp_per_floor":[74,74,75,74,57,29,29,18,18,22,44,23,23,47,47,36,65,61,61,61,61,39,46,30,30,30,30,30,36,36,36,36,37,37,30,36,36,0,0],"gold":6,"neow_bonus":"THREE_RARE_CARDS","is_daily":false,"chose_seed":false,"campfire_upgraded":4,"win_rate":0.0,"timestamp":1613966222,"path_taken":["M","?","M","M","?","E","R","?","T","E","R","E","?","?","R","BOSS","M","?","$","?","M","E","?","?","T","R","$","E","M","?","R","BOSS","M","M","$","M"],"items_purchased_type":["Card","Relic","Relic","Relic"],"build_version":"2020-12-22","purchased_purges":1,"victory":false,"max_hp_per_floor":[75,75,75,75,75,75,75,75,75,75,75,75,75,75,75,75,75,75,75,75,75,75,75,75,37,37,37,37,37,37,37,37,37,37,37,37,37,37,37],"relic_stats":{"counters":[19,81],"Bag of Preparation":[2],"Letter Opener":[40],"Boot":[16],"Burning Blood":99,"WarpedTongs":[79],"Mercury Hourglass":[291],"Busted Crown":4,"Mummified Hand":[37],"Gambling Chip":[15],"Bronze Scales":[61],"Pandora\u0027s Box":["Cleave","Armaments","Dropkick","Juggernaut","Reckless Charge","Heavy Blade","Sentinel","Flame Barrier","Warcry"],"Kunai":[3],"obtain_stats":[{"Bag of Preparation":37,"Letter Opener":12,"Boot":23,"Burning Blood":0,"WarpedTongs":2,"Mercury Hourglass":9,"Busted Crown":34,"Mummified Hand":13,"Gambling Chip":6,"MutagenicStrength":19,"Bronze Scales":26,"Orrery":20,"Toolbox":28,"Pandora\u0027s Box":17,"Kunai":29,"Toy Ornithopter":10},{"Bag of Preparation":18,"Letter Opener":7,"Boot":12,"Burning Blood":0,"WarpedTongs":1,"Mercury Hourglass":5,"Busted Crown":16,"Mummified Hand":7,"Gambling Chip":5,"MutagenicStrength":10,"Bronze Scales":13,"Orrery":10,"Toolbox":13,"Pandora\u0027s Box":9,"Kunai":14,"Toy Ornithopter":6},{"Bag of Preparation":79,"Letter Opener":25,"Boot":45,"Burning Blood":0,"WarpedTongs":2,"Mercury Hourglass":14,"Busted Crown":69,"Mummified Hand":25,"Gambling Chip":14,"MutagenicStrength":37,"Bronze Scales":50,"Orrery":37,"Toolbox":50,"Pandora\u0027s Box":34,"Kunai":57,"Toy Ornithopter":18}],"Toy Ornithopter":15},"card_choices":[{"not_picked":["Reaper","Juggernaut"],"picked":"Immolate","floor":0},{"not_picked":["Pummel","Flex"],"picked":"Thunderclap","floor":1},{"not_picked":["Body Slam","Berserk"],"picked":"Clothesline","floor":3},{"not_picked":["Reckless Charge","Sword Boomerang"],"picked":"Battle Trance","floor":4},{"not_picked":["Pommel Strike","Power Through"],"picked":"Shrug It Off","floor":5},{"not_picked":["Dark Embrace","Rampage"],"picked":"Power Through","floor":6},{"not_picked":["Clothesline","Armaments"],"picked":"Limit Break","floor":10},{"not_picked":["Iron Wave","Metallicize"],"picked":"Demon Form","floor":12},{"not_picked":["Twin Strike","Havoc"],"picked":"Flame Barrier","floor":14},{"not_picked":["Demon Form","Impervious"],"picked":"Reaper","floor":16},{"not_picked":["Bloodletting","Blood for Blood","Clash"],"picked":"SKIP","floor":18},{"not_picked":["Dropkick","Ghostly Armor"],"picked":"Shrug It Off","floor":20},{"not_picked":["Second Wind","Rupture+1"],"picked":"Evolve","floor":20},{"not_picked":["Armaments","Fire Breathing+1"],"picked":"Second Wind+1","floor":20},{"not_picked":["Perfected Strike","Clothesline"],"picked":"Feel No Pain+1","floor":20},{"not_picked":["Clash","Evolve"],"picked":"Shrug It Off","floor":22},{"not_picked":["Wild Strike","Second Wind","Twin Strike"],"picked":"SKIP","floor":23},{"not_picked":["Body Slam","Thunderclap"],"picked":"Power Through","floor":24},{"not_picked":["Ghostly Armor","Wild Strike"],"picked":"Seeing Red","floor":29},{"not_picked":["Evolve+1","Bloodletting","Shrug It Off"],"picked":"SKIP","floor":30},{"not_picked":["Impervious","Immolate"],"picked":"Reaper","floor":33},{"not_picked":["Wild Strike"],"picked":"SKIP","floor":35},{"not_picked":[],"picked":"Spot Weakness","floor":36}],"player_experience":3294854,"relics_obtained":[{"floor":6,"key":"Gambling Chip"},{"floor":9,"key":"Mercury Hourglass"},{"floor":10,"key":"Toy Ornithopter"},{"floor":12,"key":"Letter Opener"},{"floor":13,"key":"Mummified Hand"},{"floor":23,"key":"Boot"},{"floor":26,"key":"Bronze Scales"},{"floor":29,"key":"Kunai"}],"event_choices":[{"damage_healed":0,"gold_gain":0,"player_choice":"Rummage","damage_taken":0,"relics_obtained":["WarpedTongs"],"max_hp_gain":0,"max_hp_loss":0,"event_name":"Accursed Blacksmith","floor":2,"gold_loss":0,"cards_obtained":["Pain"]},{"damage_healed":0,"gold_gain":75,"player_choice":"Gather Gold","damage_taken":11,"max_hp_gain":0,"max_hp_loss":0,"event_name":"World of Goop","floor":8,"gold_loss":0},{"damage_healed":0,"gold_gain":0,"player_choice":"Inject Mutagens","damage_taken":0,"relics_obtained":["MutagenicStrength"],"max_hp_gain":0,"max_hp_loss":0,"event_name":"Drug Dealer","floor":19,"gold_loss":0},{"damage_healed":0,"gold_gain":0,"player_choice":"0 cards matched","damage_taken":0,"max_hp_gain":0,"max_hp_loss":0,"event_name":"Match and Keep!","floor":21,"gold_loss":0,"cards_obtained":[]},{"damage_healed":0,"gold_gain":0,"player_choice":"Became a Ghost","damage_taken":0,"max_hp_gain":0,"max_hp_loss":38,"event_name":"Ghosts","floor":25,"gold_loss":0,"cards_obtained":["Ghostly","Ghostly","Ghostly"]}],"is_beta":false,"boss_relics":[{"not_picked":["Astrolabe","Runic Cube"],"picked":"Pandora\u0027s Box"},{"not_picked":["Empty Cage","Philosopher\u0027s Stone"],"picked":"Busted Crown"}],"items_purged_floors":[20],"is_endless":false,"potions_floor_spawned":[1,6,12,14,16,22,29,30,35],"killed_by":"Spire Growth","ascension_level":20}}