{"host":"lv7etzzgwahaenh9","time":1613972352,"event":{"mods":["AchievementEnabler","BaseMod","Colored Map","Colored Powertips","Highlight Path","Minty Spire (QoL Compilation)","Permanent Neow","Quick Restart","Random Character Button","StSLib"],"gold_per_floor":[110,122,134,151,167,167,198,198,198,213,213,241,252,282,282,387,387,401,420,11,11,11,11,11,44,67,84,111,111,146,158,158,257,257,273,287,287,287,287],"floor_reached":38,"language":"ENG","playtime":6563,"items_purged":[],"score":757,"play_id":"62a6ef02-e204-4183-bb5d-c549428d26ac","local_time":"20210221213912","is_ascension_mode":true,"campfire_choices":[{"data":"Evaluate","floor":6.0,"key":"SMITH"},{"data":"Evaluate","floor":8.0,"key":"SMITH"},{"data":"FlurryOfBlows","floor":11.0,"key":"SMITH"},{"data":"Vigilance","floor":15.0,"key":"SMITH"},{"data":"Blasphemy","floor":23.0,"key":"SMITH"},{"data":"Ghostly","floor":32.0,"key":"SMITH"}],"circlet_count":0,"master_deck":["AscendersBane","Strike_P+1","Strike_P+1","Strike_P+1","Strike_P+1","Defend_P+1","Defend_P+1","Defend_P+1","Defend_P+1","Eruption+1","Vigilance+1","SandsOfTime","CrushJoints","Evaluate+1","Meditate","SpiritShield","Evaluate+1","FlurryOfBlows+1","Perseverance","Halt","Blasphemy+1","ForeignInfluence+1","ClearTheMind","Protect","RitualDagger+1","Ghostly+1","Ghostly","Ghostly","Ghostly","Ghostly","LikeWater+1","SashWhip+1","Worship+1","Consecrate","DevaForm","ThirdEye+1","Madness","Madness"],"relics":["PureWater","Pantograph","White Beast Statue","The Courier","SacredBark","Damaru","Meat on the Bone","Boot","Anchor","Whetstone","Pear","Busted Crown"],"acts_visited":["Exordium","TheCity","TheBeyond"],"potions_floor_usage":[35,36,38],"damage_taken":[{"damage":0.0,"enemies":"Jaw Worm","floor":1.0,"turns":3.0},{"damage":0.0,"enemies":"2 Louse","floor":2.0,"turns":2.0},{"damage":0.0,"enemies":"Small Slimes","floor":3.0,"turns":3.0},{"damage":1.0,"enemies":"3 Louse","floor":4.0,"turns":2.0},{"damage":0.0,"enemies":"Blue Slaver","floor":5.0,"turns":1.0},{"damage":27.0,"enemies":"Gremlin Nob","floor":7.0,"turns":4.0},{"damage":0.0,"enemies":"2 Fungi Beasts","floor":10.0,"turns":4.0},{"damage":2.0,"enemies":"3 Sentries","floor":12.0,"turns":7.0},{"damage":0.0,"enemies":"Looter","floor":13.0,"turns":4.0},{"damage":0.0,"enemies":"Lagavulin Event","floor":14.0,"turns":1.0},{"damage":46.0,"enemies":"Hexaghost","floor":16.0,"turns":14.0},{"damage":7.0,"enemies":"Shell Parasite","floor":18.0,"turns":7.0},{"damage":9.0,"enemies":"2 Thieves","floor":19.0,"turns":5.0},{"damage":1.0,"enemies":"Book of Stabbing","floor":25.0,"turns":8.0},{"damage":9.0,"enemies":"Sentry and Sphere","floor":27.0,"turns":5.0},{"damage":3.0,"enemies":"Slavers","floor":28.0,"turns":6.0},{"damage":0.0,"enemies":"Book of Stabbing","floor":30.0,"turns":2.0},{"damage":0.0,"enemies":"Snecko","floor":31.0,"turns":5.0},{"damage":1.0,"enemies":"Champ","floor":33.0,"turns":13.0},{"damage":0,"enemies":"3 Darklings","floor":35,"turns":5},{"damage":0,"enemies":"Orb Walker","floor":36,"turns":5},{"damage":54,"enemies":"3 Darklings","floor":38,"turns":2}],"seed_played":"-3702281932489847807","potions_obtained":[{"floor":0.0,"key":"AttackPotion"},{"floor":0.0,"key":"Ambrosia"},{"floor":0.0,"key":"SkillPotion"},{"floor":3.0,"key":"AttackPotion"},{"floor":4.0,"key":"Fire Potion"},{"floor":10.0,"key":"ColorlessPotion"},{"floor":12.0,"key":"GamblersBrew"},{"floor":13.0,"key":"SmokeBomb"},{"floor":16.0,"key":"SteroidPotion"},{"floor":18.0,"key":"Weak Potion"},{"floor":19.0,"key":"PowerPotion"},{"floor":25.0,"key":"FearPotion"},{"floor":27.0,"key":"Block Potion"},{"floor":28.0,"key":"Regen Potion"},{"floor":30.0,"key":"LiquidBronze"},{"floor":33.0,"key":"Explosive Potion"},{"floor":35,"key":"SneckoOil"},{"floor":36,"key":"BottledMiracle"}],"is_trial":false,"path_per_floor":["M","M","M","M","M","R","E","R","T","M","R","E","M","?","R","B",null,"M","M","$","?","?","R","?","E","T","M","E","?","E","M","R","B",null,"M","M","?","M"],"character_chosen":"WATCHER","items_purchased":["Damaru","Meat on the Bone","ClearTheMind","Protect"],"campfire_rested":0,"item_purchase_floors":[20,20,20,20],"current_hp_per_floor":[65,65,65,64,64,64,37,37,37,37,37,35,35,35,35,14,58,51,42,42,36,36,36,36,35,35,26,23,19,41,41,41,50,51,51,51,45,0,0],"gold":287,"neow_bonus":"THREE_SMALL_POTIONS","is_daily":false,"chose_seed":false,"campfire_upgraded":6,"win_rate":0.0,"timestamp":1613972352,"path_taken":["M","M","M","M","M","R","E","R","T","M","R","E","M","?","R","BOSS","M","M","$","?","?","R","?","E","T","M","E","?","E","M","R","BOSS","M","M","?","M"],"items_purchased_type":["Relic","Relic","Card","Card"],"build_version":"2020-12-22","purchased_purges":0,"victory":false,"max_hp_per_floor":[72,72,72,72,72,72,72,72,72,72,72,72,72,72,72,72,72,72,72,72,72,72,72,36,36,36,36,36,41,51,51,51,51,51,51,51,51,51,51],"card_choices":[{"not_picked":["Perseverance","EmptyFist"],"picked":"SandsOfTime","floor":1.0},{"not_picked":["EmptyFist","Evaluate"],"picked":"CrushJoints","floor":2.0},{"not_picked":["Consecrate","Wireheading"],"picked":"Evaluate","floor":3.0},{"not_picked":["Indignation","ClearTheMind"],"picked":"Meditate","floor":4.0},{"not_picked":["FlyingSleeves","Tantrum"],"picked":"SpiritShield","floor":5.0},{"not_picked":["SignatureMove","FlyingSleeves"],"picked":"Evaluate","floor":7.0},{"not_picked":["Crescendo","Weave"],"picked":"FlurryOfBlows","floor":10.0},{"not_picked":["CutThroughFate","CarveReality"],"picked":"Perseverance","floor":12.0},{"not_picked":["Adaptation","EmptyFist"],"picked":"Halt","floor":13.0},{"not_picked":["Omniscience","Ragnarok"],"picked":"Blasphemy","floor":16.0},{"not_picked":["WreathOfFlame","JustLucky","FlyingSleeves"],"picked":"SKIP","floor":18.0},{"not_picked":["EmptyBody","FearNoEvil"],"picked":"ForeignInfluence+1","floor":19.0},{"not_picked":["FlyingSleeves","ForeignInfluence"],"picked":"LikeWater+1","floor":25.0},{"not_picked":["FearNoEvil","Halt","Perseverance"],"picked":"SKIP","floor":27.0},{"not_picked":["SignatureMove","Crescendo"],"picked":"SashWhip+1","floor":28.0},{"not_picked":["ClearTheMind","ConjureBlade"],"picked":"Worship+1","floor":30.0},{"not_picked":["Protect","Adaptation+1"],"picked":"Consecrate","floor":31.0},{"not_picked":["ConjureBlade","Blasphemy"],"picked":"DevaForm","floor":33.0},{"not_picked":[],"picked":"ThirdEye+1","floor":35},{"not_picked":["SashWhip+1"],"picked":"SKIP","floor":36}],"player_experience":497003,"relics_obtained":[{"floor":7.0,"key":"Pantograph"},{"floor":9.0,"key":"White Beast Statue"},{"floor":12.0,"key":"The Courier"},{"floor":25.0,"key":"Boot"},{"floor":26.0,"key":"Anchor"},{"floor":28.0,"key":"Whetstone"},{"floor":30.0,"key":"Pear"}],"event_choices":[{"damage_healed":0.0,"max_hp_gain":0.0,"max_hp_loss":0.0,"gold_gain":30.0,"event_name":"Dead Adventurer","player_choice":"Searched \u00273\u0027 times","floor":14.0,"gold_loss":0.0,"damage_taken":0.0},{"damage_healed":0.0,"max_hp_gain":0.0,"max_hp_loss":0.0,"gold_gain":0.0,"event_name":"Nest","player_choice":"Joined the Cult","floor":21.0,"gold_loss":0.0,"damage_taken":6.0,"cards_obtained":["RitualDagger"]},{"damage_healed":0.0,"max_hp_gain":0.0,"max_hp_loss":0.0,"gold_gain":0.0,"event_name":"Back to Basics","player_choice":"Simplicity","floor":22.0,"gold_loss":0.0,"damage_taken":0.0,"cards_upgraded":["Strike_P","Strike_P","Strike_P","Strike_P","Defend_P","Defend_P","Defend_P","Defend_P"]},{"damage_healed":0.0,"max_hp_gain":0.0,"max_hp_loss":36.0,"gold_gain":0.0,"event_name":"Ghosts","player_choice":"Became a Ghost","floor":24.0,"gold_loss":0.0,"damage_taken":0.0,"cards_obtained":["Ghostly","Ghostly","Ghostly","Ghostly","Ghostly"]},{"damage_healed":0.0,"max_hp_gain":5.0,"max_hp_loss":0.0,"gold_gain":0.0,"event_name":"Forgotten Altar","player_choice":"Shed Blood","floor":29.0,"gold_loss":0.0,"damage_taken":9.0},{"damage_healed":0,"gold_gain":0,"player_choice":"Embrace Madness","damage_taken":6,"max_hp_gain":0,"max_hp_loss":0,"event_name":"Winding Halls","floor":37,"gold_loss":0,"cards_obtained":["Madness","Madness"]}],"is_beta":false,"boss_relics":[{"not_picked":["SlaversCollar","Tiny House"],"picked":"SacredBark"},{"not_picked":["Velvet Choker","Empty Cage"],"picked":"Busted Crown"}],"items_purged_floors":[],"is_endless":false,"potions_floor_spawned":[1,3,4,10,12,13,14,16,18,19,25,27,28,30,31,33,35,36],"killed_by":"3 Darklings","ascension_level":10}}