{"host":"nptej036rrbiurf5","time":1613978316,"event":{"mods":["BaseMod","Colored Map","Colored Powertips","DeckTracker","Minty Spire (QoL Compilation)","StSLib","SuperFastMode"],"gold_per_floor":[111,125,125,125,142,142,176,189,189,215,235,235,250,215,215,292,292,302,65,45,62,75,75,107,107,107,123,136,156,167,194,194,265,265,281,300,300,9,28,56,56,82,108,108,133,0,28,46,46,46,46],"floor_reached":50,"language":"KOR","playtime":1188,"items_purged":[],"score":1328,"play_id":"64f4245b-ba5c-4e83-af10-25eb498a9662","local_time":"20210222161836","is_ascension_mode":true,"campfire_choices":[{"data":"Double Tap","floor":6.0,"key":"SMITH"},{"data":"Perfected Strike","floor":12.0,"key":"SMITH"},{"data":"Pommel Strike","floor":15.0,"key":"SMITH"},{"floor":23.0,"key":"RECALL"},{"floor":25.0,"key":"REST"},{"floor":32.0,"key":"REST"},{"floor":41.0,"key":"REST"},{"floor":44.0,"key":"REST"},{"floor":49,"key":"REST"}],"circlet_count":0,"master_deck":["AscendersBane","Strike_R","Strike_R","Strike_R","Strike_R","Strike_R","Defend_R","Defend_R","Defend_R","Defend_R","Bash","Double Tap+1","Battle Trance","Pommel Strike","Ghostly Armor","Pommel Strike+1","Perfected Strike+1","Wild Strike+1","Twin Strike+1","Pommel Strike+1","Offering","Twin Strike+1","Twin Strike+1","Impervious","Wild Strike+1","Perfected Strike+1","Twin Strike+1","Pommel Strike+1","Pommel Strike+1","Rage","Warcry","Bloodletting","Pommel Strike+1","Dual Wield+1"],"relics":["Burning Blood","Vajra","Molten Egg 2","Charon\u0027s Ashes","Fusion Hammer","Omamori","Letter Opener","Potion Belt","Runic Pyramid","PreservedInsect","Shuriken","Juzu Bracelet","Regal Pillow","The Courier","Red Mask","Kunai"],"acts_visited":["Exordium","TheCity","TheBeyond"],"potions_floor_usage":[48,48,50,50],"damage_taken":[{"damage":6.0,"enemies":"Jaw Worm","floor":1.0,"turns":5.0},{"damage":9.0,"enemies":"2 Louse","floor":2.0,"turns":3.0},{"damage":6.0,"enemies":"Cultist","floor":5.0,"turns":3.0},{"damage":35.0,"enemies":"3 Sentries","floor":7.0,"turns":7.0},{"damage":2.0,"enemies":"Looter","floor":8.0,"turns":3.0},{"damage":15.0,"enemies":"Lagavulin","floor":10.0,"turns":7.0},{"damage":4.0,"enemies":"Exordium Wildlife","floor":11.0,"turns":3.0},{"damage":6.0,"enemies":"Exordium Thugs","floor":13.0,"turns":2.0},{"damage":29.0,"enemies":"The Guardian","floor":16.0,"turns":8.0},{"damage":12.0,"enemies":"3 Byrds","floor":18.0,"turns":3.0},{"damage":6.0,"enemies":"Spheric Guardian","floor":21.0,"turns":2.0},{"damage":0.0,"enemies":"Cultist and Chosen","floor":22.0,"turns":3.0},{"damage":36.0,"enemies":"Slavers","floor":24.0,"turns":4.0},{"damage":18.0,"enemies":"Chosen and Byrds","floor":27.0,"turns":3.0},{"damage":19.0,"enemies":"Centurion and Healer","floor":28.0,"turns":4.0},{"damage":6.0,"enemies":"Shelled Parasite and Fungi","floor":29.0,"turns":1.0},{"damage":13.0,"enemies":"Snecko","floor":30.0,"turns":3.0},{"damage":16.0,"enemies":"Book of Stabbing","floor":31.0,"turns":3.0},{"damage":43.0,"enemies":"Champ","floor":33.0,"turns":6.0},{"damage":15.0,"enemies":"3 Darklings","floor":35.0,"turns":2.0},{"damage":17.0,"enemies":"3 Shapes","floor":36.0,"turns":2.0},{"damage":10.0,"enemies":"Sphere and 2 Shapes","floor":39.0,"turns":4.0},{"damage":13.0,"enemies":"Nemesis","floor":40.0,"turns":3.0},{"damage":13.0,"enemies":"Giant Head","floor":42.0,"turns":4.0},{"damage":19.0,"enemies":"Nemesis","floor":45.0,"turns":3.0},{"damage":12.0,"enemies":"Reptomancer","floor":47.0,"turns":2.0},{"damage":6,"enemies":"4 Shapes","floor":48,"turns":4},{"damage":80,"enemies":"Donu and Deca","floor":50,"turns":4}],"seed_played":"-5541526091064154085","potions_obtained":[{"floor":1.0,"key":"EssenceOfSteel"},{"floor":7.0,"key":"PowerPotion"},{"floor":10.0,"key":"Explosive Potion"},{"floor":13.0,"key":"Explosive Potion"},{"floor":20.0,"key":"Block Potion"},{"floor":22.0,"key":"LiquidMemories"},{"floor":27.0,"key":"SpeedPotion"},{"floor":30.0,"key":"Energy Potion"},{"floor":31.0,"key":"PowerPotion"},{"floor":36.0,"key":"ColorlessPotion"},{"floor":39.0,"key":"Weak Potion"},{"floor":40.0,"key":"HeartOfIron"},{"floor":48,"key":"Ancient Potion"}],"is_trial":false,"path_per_floor":["M","M","?","?","M","R","E","M","T","E","M","R","M","?","R","B",null,"M","$","?","M","M","R","E","R","T","M","M","M","M","E","R","B",null,"M","M","?","$","M","E","R","E","T","R","E","?","E","M","R","B"],"character_chosen":"IRONCLAD","items_purchased":["Regen Potion","Omamori","PreservedInsect","Bloodletting","Pommel Strike+1"],"campfire_rested":5,"item_purchase_floors":[19,19,38,38,38],"current_hp_per_floor":[68,65,65,70,70,70,41,45,45,36,38,38,38,58,58,35,69,63,63,63,63,69,69,51,75,75,63,50,50,43,33,57,20,65,56,45,61,61,57,50,74,67,67,80,67,67,61,61,80,0,0],"gold":46,"neow_bonus":"ONE_RANDOM_RARE_CARD","is_daily":false,"chose_seed":false,"campfire_upgraded":3,"win_rate":0.0,"timestamp":1613978316,"path_taken":["M","M","?","?","M","R","E","M","T","E","M","R","M","?","R","BOSS","M","$","?","M","?","R","E","R","T","M","M","M","M","E","R","BOSS","M","M","?","$","M","E","R","E","T","R","E","?","E","M","R","BOSS"],"items_purchased_type":["Potion","Relic","Relic","Card","Card"],"build_version":"2020-12-22","purchased_purges":0,"victory":false,"max_hp_per_floor":[75,75,75,80,80,80,80,80,80,80,80,80,80,80,80,80,80,80,80,80,80,80,80,80,80,80,80,80,80,80,80,80,80,80,80,80,80,80,80,80,80,80,80,80,80,80,80,80,80,80,80],"card_choices":[{"not_picked":["Sentinel","Twin Strike"],"picked":"Battle Trance","floor":1.0},{"not_picked":["Clothesline","Iron Wave"],"picked":"Pommel Strike","floor":2.0},{"not_picked":["Second Wind","Flex"],"picked":"Ghostly Armor","floor":5.0},{"not_picked":["Evolve","Wild Strike"],"picked":"Pommel Strike","floor":7.0},{"not_picked":["Limit Break","Thunderclap"],"picked":"Perfected Strike","floor":8.0},{"not_picked":["Metallicize","Impervious"],"picked":"Wild Strike+1","floor":10.0},{"not_picked":["Thunderclap+1","Shockwave"],"picked":"Twin Strike+1","floor":11.0},{"not_picked":["Flex","Evolve"],"picked":"Pommel Strike+1","floor":13.0},{"not_picked":["Immolate+1","Juggernaut"],"picked":"Offering","floor":16.0},{"not_picked":["Rage","Iron Wave+1"],"picked":"Twin Strike+1","floor":18.0},{"not_picked":["Sword Boomerang+1","Entrench"],"picked":"Twin Strike+1","floor":21.0},{"not_picked":["Fire Breathing","Armaments","Dark Embrace"],"picked":"SKIP","floor":22.0},{"not_picked":["Clash+1","Intimidate"],"picked":"Impervious","floor":24.0},{"not_picked":["Heavy Blade+1","Shockwave"],"picked":"Wild Strike+1","floor":27.0},{"not_picked":["Havoc","Warcry"],"picked":"Perfected Strike+1","floor":28.0},{"not_picked":["Headbutt+1","Iron Wave+1"],"picked":"Twin Strike+1","floor":29.0},{"not_picked":["Thunderclap+1","Clash+1"],"picked":"Pommel Strike+1","floor":30.0},{"not_picked":["Uppercut+1","Immolate+1"],"picked":"Pommel Strike+1","floor":31.0},{"not_picked":["Searing Blow+1","Wild Strike+1"],"picked":"Rage","floor":35.0},{"not_picked":["Headbutt+1","Dropkick+1"],"picked":"Warcry","floor":36.0},{"not_picked":["Twin Strike+1","Dual Wield","Armaments"],"picked":"SKIP","floor":39.0},{"not_picked":["Iron Wave+1","Dropkick+1","Evolve"],"picked":"SKIP","floor":40.0},{"not_picked":["Pummel+1","Shrug It Off"],"picked":"Dual Wield+1","floor":42.0},{"not_picked":["Berserk","Sever Soul+1","Havoc"],"picked":"SKIP","floor":45.0},{"not_picked":["Sever Soul+1","Intimidate","Feed+1"],"picked":"SKIP","floor":47.0},{"not_picked":["Body Slam+1","Cleave+1","Sword Boomerang+1"],"picked":"SKIP","floor":48}],"player_experience":1008506,"relics_obtained":[{"floor":7.0,"key":"Vajra"},{"floor":9.0,"key":"Molten Egg 2"},{"floor":10.0,"key":"Charon\u0027s Ashes"},{"floor":24.0,"key":"Letter Opener"},{"floor":31.0,"key":"Potion Belt"},{"floor":40.0,"key":"Shuriken"},{"floor":42.0,"key":"Juzu Bracelet"},{"floor":43.0,"key":"Regal Pillow"},{"floor":45.0,"key":"The Courier"},{"floor":47.0,"key":"Kunai"}],"event_choices":[{"damage_healed":0.0,"max_hp_gain":0.0,"max_hp_loss":0.0,"gold_gain":0.0,"event_name":"Liars Game","player_choice":"Ignored","floor":3.0,"gold_loss":0.0,"damage_taken":0.0},{"damage_healed":0.0,"max_hp_gain":5.0,"max_hp_loss":0.0,"gold_gain":0.0,"event_name":"Big Fish","player_choice":"Donut","floor":4.0,"gold_loss":0.0,"damage_taken":0.0},{"damage_healed":20.0,"max_hp_gain":0.0,"max_hp_loss":0.0,"gold_gain":0.0,"event_name":"The Cleric","player_choice":"Healed","floor":14.0,"gold_loss":35.0,"damage_taken":0.0},{"damage_healed":0.0,"max_hp_gain":0.0,"max_hp_loss":0.0,"gold_gain":0.0,"event_name":"The Woman in Blue","player_choice":"Bought 1 Potion","floor":20.0,"gold_loss":0.0,"damage_taken":0.0},{"damage_healed":16.0,"max_hp_gain":0.0,"max_hp_loss":0.0,"gold_gain":0.0,"event_name":"Winding Halls","player_choice":"Writhe","floor":37.0,"gold_loss":0.0,"damage_taken":0.0,"cards_obtained":["Writhe"]},{"damage_healed":0.0,"max_hp_gain":0.0,"max_hp_loss":0.0,"gold_gain":0.0,"event_name":"Tomb of Lord Red Mask","player_choice":"Paid","floor":46.0,"gold_loss":133.0,"damage_taken":0.0,"relics_obtained":["Red Mask"]}],"is_beta":false,"boss_relics":[{"not_picked":["Philosopher\u0027s Stone","Black Star"],"picked":"Fusion Hammer"},{"not_picked":["Runic Cube","Runic Dome"],"picked":"Runic Pyramid"}],"items_purged_floors":[],"is_endless":false,"potions_floor_spawned":[1,7,10,13,22,27,28,30,31,36,39,40,48],"killed_by":"Donu and Deca","ascension_level":20}}