{"host":"qgrlfjrqk9z96gfi","time":1613978098,"event":{"mods":["BaseMod","Block Reminder","Colored Map","Custom Start","DeckTracker","Minty Spire (QoL Compilation)"],"gold_per_floor":[11,11,11,26,42,42,85,105,132,57,57,22,22,87,87,173,173,200,209,16,25,47,47,64,82,82,108,108,117,117,145,145,145,145],"floor_reached":33,"language":"ENG","playtime":818,"items_purged":["Regret"],"score":486,"play_id":"44ff86c4-9a0c-4f9a-a7e2-340e63b2c711","local_time":"20210221211458","is_ascension_mode":true,"campfire_choices":[{"floor":6,"key":"DIG"},{"floor":11,"key":"REST"},{"floor":15,"key":"DIG"},{"floor":23,"key":"DIG"},{"floor":28,"key":"REST"},{"floor":30,"key":"DIG"},{"floor":32,"key":"REST"}],"circlet_count":0,"master_deck":["AscendersBane","Strike_G","Strike_G","Strike_G","Defend_G","Defend_G","Defend_G","Defend_G","Defend_G","Survivor","Neutralize+1","Choke","Backstab","Slice","Bouncing Flask","Dagger Spray","Blade Dance","Noxious Fumes","Bane","Phantasmal Killer","Masterful Stab+1","Footwork","Cloak And Dagger","Accuracy","Blade Dance","Backflip","Dodge and Roll","Outmaneuver","Leg Sweep","Regret","Slice+1"],"relics":["Ring of the Snake","Shovel","Tiny Chest","CeramicFish","Centennial Puzzle","Anchor","The Courier","Cursed Key","Sundial","Letter Opener","Ginger","Matryoshka"],"acts_visited":["Exordium","TheCity"],"potions_floor_usage":[7,14,14,16,27],"damage_taken":[{"damage":5,"enemies":"Small Slimes","floor":1,"turns":3},{"damage":0,"enemies":"Cultist","floor":4,"turns":4},{"damage":4,"enemies":"Jaw Worm","floor":5,"turns":3},{"damage":34,"enemies":"3 Sentries","floor":7,"turns":11},{"damage":0,"enemies":"Large Slime","floor":8,"turns":4},{"damage":19,"enemies":"Lagavulin Event","floor":14,"turns":4},{"damage":18,"enemies":"The Guardian","floor":16,"turns":10},{"damage":4,"enemies":"Chosen","floor":18,"turns":3},{"damage":17,"enemies":"Spheric Guardian","floor":22,"turns":4},{"damage":11,"enemies":"Centurion and Healer","floor":24,"turns":4},{"damage":18,"enemies":"Snake Plant","floor":27,"turns":3},{"damage":17,"enemies":"Snecko","floor":31,"turns":4},{"damage":52,"enemies":"Automaton","floor":33,"turns":6}],"seed_played":"-7661913297482063920","potions_obtained":[{"floor":1,"key":"Explosive Potion"},{"floor":5,"key":"Poison Potion"},{"floor":8,"key":"EssenceOfSteel"},{"floor":14,"key":"Poison Potion"},{"floor":18,"key":"ColorlessPotion"}],"is_trial":false,"path_per_floor":["M","$","?","M","M","R","E","M","T","$","R","?","?","?","R","B",null,"M","T","$","?","M","R","M","?","T","M","R","T","R","M","R","B"],"character_chosen":"THE_SILENT","items_purchased":["Blade Dance","Noxious Fumes","Footwork","Cloak And Dagger","Accuracy"],"campfire_rested":3,"item_purchase_floors":[10,10,20,20,20],"current_hp_per_floor":[54,54,54,54,50,50,16,16,16,16,35,51,56,37,37,19,58,54,54,54,54,37,37,26,26,26,8,29,29,29,12,33,0,0],"gold":145,"neow_bonus":"ONE_RARE_RELIC","is_daily":false,"chose_seed":false,"campfire_upgraded":0,"win_rate":0.0,"timestamp":1613978098,"path_taken":["M","$","?","?","M","R","E","M","T","$","R","?","?","?","R","BOSS","M","?","$","?","M","R","M","?","T","?","R","?","R","M","R","BOSS"],"items_purchased_type":["Card","Card","Card","Card","Card"],"build_version":"2020-12-22","purchased_purges":1,"victory":false,"max_hp_per_floor":[66,66,66,66,66,66,66,66,66,66,66,66,71,71,71,71,71,71,71,71,71,71,71,71,71,71,71,71,71,71,71,71,71,71],"card_choices":[{"not_picked":["Prepared","Bane"],"picked":"Choke","floor":1},{"not_picked":["Leg Sweep","Sucker Punch"],"picked":"Backstab","floor":4},{"not_picked":["Deflect","Escape Plan"],"picked":"Slice","floor":5},{"not_picked":["Crippling Poison","Well Laid Plans"],"picked":"Bouncing Flask","floor":7},{"not_picked":["Bouncing Flask","Quick Slash"],"picked":"Dagger Spray","floor":8},{"not_picked":["Reflex","Distraction"],"picked":"Bane","floor":14},{"not_picked":["Burst","Night Terror"],"picked":"Phantasmal Killer","floor":16},{"not_picked":["Slice","Underhanded Strike"],"picked":"Masterful Stab+1","floor":18},{"not_picked":["Quick Slash","Outmaneuver"],"picked":"Backflip","floor":22},{"not_picked":["Underhanded Strike","Expertise","Flying Knee"],"picked":"SKIP","floor":24},{"not_picked":["Deflect","Tactician"],"picked":"Leg Sweep","floor":27},{"not_picked":["Masterful Stab","Prepared"],"picked":"Slice+1","floor":31}],"player_experience":1185801,"relics_obtained":[{"floor":6,"key":"Tiny Chest"},{"floor":7,"key":"CeramicFish"},{"floor":9,"key":"Centennial Puzzle"},{"floor":14,"key":"Anchor"},{"floor":15,"key":"The Courier"},{"floor":19,"key":"Sundial"},{"floor":23,"key":"Letter Opener"},{"floor":29,"key":"Ginger"},{"floor":30,"key":"Matryoshka"}],"event_choices":[{"damage_healed":0,"gold_gain":0,"player_choice":"Forge","damage_taken":0,"max_hp_gain":0,"max_hp_loss":0,"event_name":"Accursed Blacksmith","floor":3,"gold_loss":0,"cards_upgraded":["Neutralize"]},{"damage_healed":16,"gold_gain":0,"player_choice":"Healed","damage_taken":0,"max_hp_gain":0,"max_hp_loss":0,"event_name":"The Cleric","floor":12,"gold_loss":35},{"damage_healed":0,"gold_gain":0,"player_choice":"Donut","damage_taken":0,"max_hp_gain":5,"max_hp_loss":0,"event_name":"Big Fish","floor":13,"gold_loss":0},{"damage_healed":0,"gold_gain":30,"player_choice":"Searched \u00272\u0027 times","damage_taken":0,"max_hp_gain":0,"max_hp_loss":0,"event_name":"Dead Adventurer","floor":14,"gold_loss":0},{"damage_healed":0,"gold_gain":0,"player_choice":"Read","damage_taken":0,"max_hp_gain":0,"max_hp_loss":0,"event_name":"The Library","floor":21,"gold_loss":0,"cards_obtained":["Blade Dance"]},{"damage_healed":0,"gold_gain":0,"cards_transformed":["Strike_G","Strike_G"],"player_choice":"Became Test Subject","damage_taken":0,"max_hp_gain":0,"max_hp_loss":0,"event_name":"Drug Dealer","floor":25,"gold_loss":0,"cards_obtained":["Dodge and Roll","Outmaneuver"]}],"is_beta":false,"boss_relics":[{"not_picked":["Sozu","Busted Crown"],"picked":"Cursed Key"}],"items_purged_floors":[20],"is_endless":false,"potions_floor_spawned":[1,5,8,14,18],"killed_by":"Automaton","ascension_level":20}}