{"host":"t4v9ql4vaq3tgzms","time":1613997666,"event":{"mods":["AchievementEnabler","Aspiration","BaseMod","Colored Map","Conspire","Decade(王小明)","Downfall","Highlight Path","KomeijiMod","LagranYue(拉格朗・月)","Marisa（F雨　魔理沙）","Minty Spire (QoL Compilation)","Replay The Spire","RumiaBox-露米娅的神秘盒子","StSLib","The Administrix","The Animator","The Bug Knight","The Cursed","The Runesmith","The Servant 0.9.4","【功能Mod】混沌之环修复补丁"],"gold_per_floor":[112,112,112,155,173,173,201,201,201,224,251,251,268,268,268,373,373,373],"floor_reached":17,"language":"ZHS","playtime":1908,"items_purged":[],"score":186,"play_id":"284efe32-d78d-4d28-9797-bc4642313036","local_time":"20210222204106","is_ascension_mode":false,"campfire_choices":[{"data":"Dash_Komeiji","floor":6.0,"key":"SMITH"},{"floor":8.0,"key":"RECALL"},{"data":"NingyouChiyari+1","floor":12.0,"key":"SWEEP"},{"data":"Iron Wave","floor":15,"key":"SMITH"}],"circlet_count":0,"master_deck":["Strike_Komeiji","Strike_Komeiji","Defend_Komeiji","Defend_Komeiji","Defend_Komeiji+1","Dash_Komeiji+1","SenyouGoraku+1","NingyouChiyari+1","NingyouSousou+1","Iron Wave+1","IceTornado"],"relics":["KomeijisEye","SpellCardsRule","MusicBox","LagranYue:RandomDrawCardRelic","Gambling Chip","MealTicket","Ancient Tea Set","HoshigumaDish","CrystalOfMemory","Empty Cage"],"acts_visited":["Exordium","TheCity"],"potions_floor_usage":[16],"damage_taken":[{"damage":0.0,"enemies":"Jaw Worm","floor":1.0,"turns":4.0},{"damage":0.0,"enemies":"Small Slimes","floor":5.0,"turns":7.0},{"damage":0.0,"enemies":"HollowMod:MossKnight","floor":7.0,"turns":17.0},{"damage":17.0,"enemies":"Gremlin Nob","floor":11.0,"turns":6.0},{"damage":0,"enemies":"conspire:RoseBush","floor":13,"turns":5},{"damage":33,"enemies":"The Guardian","floor":16,"turns":14}],"seed_played":"820457797872177091","potions_obtained":[{"floor":7.0,"key":"SteroidPotion"},{"floor":11.0,"key":"SpeedPotion"}],"is_trial":false,"path_per_floor":["M","?","?","?","M","R","E","R","T","T","E","R","M","?","R","B",null],"character_chosen":"KomeijiSatori","items_purchased":[],"campfire_rested":0,"item_purchase_floors":[],"current_hp_per_floor":[55,55,60,60,60,60,60,60,60,60,43,49,51,51,51,20,60,60],"gold":373,"neow_bonus":"TEN_PERCENT_HP_BONUS","is_daily":false,"chose_seed":false,"campfire_upgraded":2,"win_rate":0.0,"timestamp":1613997666,"path_taken":["M","?","?","?","?","R","E","R","T","?","E","R","M","?","R","BOSS"],"items_purchased_type":[],"build_version":"2020-12-22","purchased_purges":0,"victory":false,"max_hp_per_floor":[55,55,60,60,60,60,60,60,60,60,60,60,60,60,60,60,60,60],"card_choices":[{"not_picked":["KeiseiJin+1","NingyouKisou+1"],"picked":"NingyouOkisou+1","floor":1.0},{"not_picked":["MusuNoYume","DochyakuKami+1","Mishyaguji+1"],"picked":"SKIP","floor":5.0},{"not_picked":["HisouNoKen","DemonsDinnerFork","MunenMusou"],"picked":"SKIP","floor":7.0},{"not_picked":["MissingPower","MakuraSeki"],"picked":"SenyouGoraku+1","floor":11.0},{"not_picked":["KeiseiJin+1","DemonsDinnerFork","Melting"],"picked":"NingyouSousou+1","floor":13},{"not_picked":["LunaDial","MunenMusou","EverywhereHibernate"],"picked":"IceTornado","floor":16}],"player_experience":91596,"relics_obtained":[{"floor":4.0,"key":"Gambling Chip"},{"floor":7.0,"key":"MealTicket"},{"floor":9.0,"key":"Ancient Tea Set"},{"floor":10.0,"key":"HoshigumaDish"},{"floor":11.0,"key":"CrystalOfMemory"}],"event_choices":[{"damage_healed":0.0,"max_hp_gain":5.0,"max_hp_loss":0.0,"gold_gain":0.0,"event_name":"Big Fish","player_choice":"Donut","floor":3.0,"gold_loss":0.0,"damage_taken":0.0},{"cards_removed":["Defend_Komeiji"],"damage_healed":0,"gold_gain":0,"player_choice":"Took Card","damage_taken":0,"max_hp_gain":0,"max_hp_loss":0,"event_name":"NoteForYourself","floor":14,"gold_loss":0,"cards_obtained":["Iron Wave"]}],"is_beta":false,"boss_relics":[{"not_picked":["aspiration:RitualDagger","Fusion Hammer"],"picked":"Empty Cage"}],"items_purged_floors":[],"is_endless":false,"potions_floor_spawned":[7,11],"ascension_level":0}}