{"host":"z37g2hkgkh2zjyzk","time":1613961378,"event":{"mods":["2.2 Compatiblity","AchievementEnabler","BaseMod","Bestiary","Colored Map","Colored Powertips","Curses Come First","Highlight Path","Keyboard Shortcuts","Minty Spire (QoL Compilation)","Relic Stats","StSLib","SuperFastMode"],"gold_per_floor":[116,136,156,174,192,192,227,227,227,227,247,272,1,17,17,121,121,131,96,116,126,126,126],"floor_reached":22,"language":"ENG","playtime":1264,"items_purged":[],"score":253,"play_id":"653f3df3-2c57-4c36-913d-20360fdc5d67","local_time":"20210222033618","is_ascension_mode":true,"campfire_choices":[{"data":"Streamline","floor":6,"key":"SMITH"},{"floor":8,"key":"REST"},{"data":"Go for the Eyes","floor":10,"key":"SMITH"},{"data":"Defragment","floor":15,"key":"SMITH"}],"circlet_count":0,"master_deck":["Strike_B","Strike_B","Strike_B","Strike_B","Defend_B","Defend_B","Defend_B","Defend_B","Zap","Dualcast","Go for the Eyes+1","Glacier","Streamline+1","Capacitor","Coolheaded","Static Discharge","Self Repair","Capacitor","Defragment+1","Sweeping Beam","White Noise","Creative AI","Turbo","Leap","BootSequence","Blizzard"],"relics":["Cracked Core","NeowsBlessing","Pen Nib","Bottled Flame","DataDisk","Orichalcum","Black Star"],"acts_visited":["Exordium","TheCity"],"potions_floor_usage":[12,16,19,21],"damage_taken":[{"damage":0,"enemies":"Cultist","floor":1,"turns":1},{"damage":0,"enemies":"2 Louse","floor":2,"turns":1},{"damage":0,"enemies":"Jaw Worm","floor":3,"turns":1},{"damage":3,"enemies":"3 Louse","floor":4,"turns":3},{"damage":6,"enemies":"Blue Slaver","floor":5,"turns":4},{"damage":24,"enemies":"Lagavulin","floor":7,"turns":7},{"damage":0,"enemies":"Exordium Wildlife","floor":11,"turns":2},{"damage":12,"enemies":"Gremlin Nob","floor":12,"turns":4},{"damage":0,"enemies":"2 Fungi Beasts","floor":14,"turns":2},{"damage":18,"enemies":"Slime Boss","floor":16,"turns":7},{"damage":22,"enemies":"Spheric Guardian","floor":18,"turns":5},{"damage":21,"enemies":"2 Thieves","floor":19,"turns":5},{"damage":21,"enemies":"Cultist and Chosen","floor":20,"turns":7},{"damage":14,"enemies":"Sentry and Sphere","floor":21,"turns":9},{"damage":28,"enemies":"Shelled Parasite and Fungi","floor":22,"turns":3}],"seed_played":"-1292322087449429017","potions_obtained":[{"floor":3,"key":"LiquidBronze"},{"floor":4,"key":"GamblersBrew"},{"floor":7,"key":"Ancient Potion"},{"floor":11,"key":"Explosive Potion"},{"floor":14,"key":"SkillPotion"},{"floor":19,"key":"Fire Potion"},{"floor":20,"key":"FearPotion"}],"is_trial":false,"path_per_floor":["M","M","M","M","M","R","E","R","T","R","M","E","$","M","R","B",null,"M","M","M","M","M"],"character_chosen":"DEFECT","items_purchased":["Orichalcum","Defragment","Sweeping Beam"],"campfire_rested":1,"item_purchase_floors":[13,13,13],"current_hp_per_floor":[75,75,75,72,66,66,42,64,64,64,64,59,59,59,59,48,68,53,39,25,18,0,0],"gold":126,"neow_bonus":"THREE_ENEMY_KILL","is_daily":false,"chose_seed":false,"campfire_upgraded":3,"win_rate":0.0,"timestamp":1613961378,"path_taken":["M","M","M","M","M","R","E","R","T","R","M","E","$","?","R","BOSS","M","M","?","M","M"],"items_purchased_type":["Relic","Card","Card"],"build_version":"2020-12-22","purchased_purges":0,"victory":false,"max_hp_per_floor":[75,75,75,75,75,75,75,75,75,75,75,75,75,75,75,75,75,75,75,75,75,75,75],"relic_stats":{"counters":[15,61],"Pen Nib":[4],"Black Star":0,"Orichalcum":[108],"obtain_stats":[{"Bottled Flame":9,"DataDisk":12,"NeowsBlessing":0,"Pen Nib":7,"Black Star":17,"Orichalcum":13,"Cracked Core":0},{"Bottled Flame":6,"DataDisk":8,"NeowsBlessing":0,"Pen Nib":6,"Black Star":10,"Orichalcum":8,"Cracked Core":0},{"Bottled Flame":17,"DataDisk":23,"NeowsBlessing":0,"Pen Nib":17,"Black Star":32,"Orichalcum":23,"Cracked Core":0}]},"card_choices":[{"not_picked":["Turbo","Tempest"],"picked":"Go for the Eyes","floor":1},{"not_picked":["Reprogram","Rebound"],"picked":"Glacier","floor":2},{"not_picked":["Stack","Steam"],"picked":"Streamline","floor":3},{"not_picked":["Chaos","Chill"],"picked":"Capacitor","floor":4},{"not_picked":["Lockon","Darkness"],"picked":"Coolheaded","floor":5},{"not_picked":["Gash","Redo"],"picked":"Static Discharge","floor":7},{"not_picked":["Chill","Tempest"],"picked":"Self Repair","floor":11},{"not_picked":["Turbo","Steam Power"],"picked":"Capacitor","floor":12},{"not_picked":["Streamline","Chaos"],"picked":"White Noise","floor":14},{"not_picked":["Fission","All For One"],"picked":"Creative AI","floor":16},{"not_picked":["Streamline","Steam Power"],"picked":"Turbo","floor":18},{"not_picked":["Double Energy","Stack"],"picked":"Leap","floor":19},{"not_picked":["Leap","Go for the Eyes"],"picked":"BootSequence","floor":20},{"not_picked":["Ball Lightning","Steam"],"picked":"Blizzard","floor":21}],"player_experience":196984,"relics_obtained":[{"floor":7,"key":"Pen Nib"},{"floor":9,"key":"Bottled Flame"},{"floor":12,"key":"DataDisk"}],"event_choices":[],"is_beta":false,"boss_relics":[{"not_picked":["Pandora\u0027s Box","SlaversCollar"],"picked":"Black Star"}],"items_purged_floors":[],"is_endless":false,"potions_floor_spawned":[3,4,7,11,14,19,20],"killed_by":"Shelled Parasite and Fungi","ascension_level":5}}