{"host":"gjfulft9y42c2y2c","time":1613990146,"event":{"mods":["AchievementEnabler","BaseMod","Colored Map","DeckTracker","Keyboard Shortcuts","Minty Spire (QoL Compilation)","Permanent Neow","StSLib","SuperFastMode","everything is the same but u backflip on backflip"],"gold_per_floor":[112,130,145,159,159,159,184,184,184,200,230,242,167,67,67,140,140,151,164,164,63,63,63,79,79,79,90,90,90,101,26,26,26,26],"floor_reached":33,"language":"KOR","playtime":1009,"items_purged":["Strike_R","Strike_R"],"score":514,"play_id":"0be1ede1-46bb-4130-a38e-e0aa805bb833","local_time":"20210222193546","is_ascension_mode":true,"campfire_choices":[{"data":"Carnage","floor":6.0,"key":"SMITH"},{"data":"Armaments","floor":8.0,"key":"SMITH"},{"data":"Wild Strike","floor":15.0,"key":"SMITH"},{"data":"True Grit","floor":23.0,"key":"SMITH"},{"data":"Offering","floor":25.0,"key":"SMITH"},{"data":"Infernal Blade","floor":28.0,"key":"SMITH"},{"data":"Pommel Strike","floor":32,"key":"SMITH"}],"circlet_count":0,"master_deck":["AscendersBane","Bash","Battle Trance","Carnage+1","Sword Boomerang","Armaments+1","Clothesline","Wild Strike+1","Second Wind","Offering+1","Bludgeon+1","Disarm+1","Shrug It Off","True Grit+1","Infernal Blade+1","Feel No Pain","Shrug It Off","Shrug It Off","Pommel Strike+1"],"relics":["Burning Blood","Dream Catcher","Pantograph","Du-Vu Doll","Astrolabe","Pear"],"acts_visited":["Exordium","TheCity"],"potions_floor_usage":[33,33],"damage_taken":[{"damage":7.0,"enemies":"Small Slimes","floor":1.0,"turns":5.0},{"damage":6.0,"enemies":"Cultist","floor":2.0,"turns":3.0},{"damage":1.0,"enemies":"2 Louse","floor":3.0,"turns":2.0},{"damage":4.0,"enemies":"Exordium Wildlife","floor":4.0,"turns":4.0},{"damage":26.0,"enemies":"Lagavulin","floor":7.0,"turns":5.0},{"damage":25.0,"enemies":"Gremlin Gang","floor":10.0,"turns":5.0},{"damage":11.0,"enemies":"Gremlin Nob","floor":11.0,"turns":3.0},{"damage":6.0,"enemies":"Looter","floor":12.0,"turns":2.0},{"damage":20.0,"enemies":"Hexaghost","floor":16.0,"turns":9.0},{"damage":12.0,"enemies":"Spheric Guardian","floor":18.0,"turns":3.0},{"damage":9.0,"enemies":"Chosen","floor":19.0,"turns":3.0},{"damage":8.0,"enemies":"Centurion and Healer","floor":24.0,"turns":6.0},{"damage":34.0,"enemies":"3 Cultists","floor":27.0,"turns":6.0},{"damage":6.0,"enemies":"Snake Plant","floor":30.0,"turns":2.0},{"damage":95,"enemies":"Automaton","floor":33,"turns":8}],"seed_played":"-987861431329036240","potions_obtained":[{"floor":1.0,"key":"Dexterity Potion"},{"floor":7.0,"key":"EssenceOfSteel"},{"floor":10.0,"key":"Swift Potion"},{"floor":12.0,"key":"AttackPotion"},{"floor":16.0,"key":"ElixirPotion"},{"floor":27.0,"key":"BloodPotion"},{"floor":30.0,"key":"Regen Potion"}],"is_trial":false,"path_per_floor":["M","M","M","M","?","R","E","R","T","M","E","M","$","$","R","B",null,"M","M","?","$","?","R","M","R","T","M","R","?","M","?","R","B"],"character_chosen":"IRONCLAD","items_purchased":["Feel No Pain","Shrug It Off"],"campfire_rested":0,"item_purchase_floors":[21,21],"current_hp_per_floor":[49,49,54,56,56,56,36,36,36,17,12,12,12,12,12,23,62,56,53,53,53,53,53,51,51,61,33,33,33,50,50,50,0,0],"gold":26,"neow_bonus":"REMOVE_TWO","is_daily":false,"chose_seed":false,"campfire_upgraded":7,"win_rate":0.0,"timestamp":1613990146,"path_taken":["M","M","M","M","?","R","E","R","T","?","E","M","?","$","R","BOSS","M","M","?","$","?","R","M","R","T","?","R","?","M","?","R","BOSS"],"items_purchased_type":["Card","Card"],"build_version":"2020-12-22","purchased_purges":2,"victory":false,"max_hp_per_floor":[75,75,75,75,75,75,75,75,75,75,75,75,75,75,75,75,75,75,75,75,75,75,75,75,75,85,85,85,85,85,85,85,85,85],"card_choices":[{"not_picked":["Entrench","Thunderclap","Clash"],"picked":"SKIP","floor":1.0},{"not_picked":["Sword Boomerang","Hemokinesis"],"picked":"Battle Trance","floor":2.0},{"not_picked":["Sword Boomerang","Cleave"],"picked":"Carnage","floor":3.0},{"not_picked":["Entrench","Thunderclap"],"picked":"Sword Boomerang","floor":4.0},{"not_picked":["Perfected Strike","Rupture"],"picked":"Armaments","floor":7.0},{"not_picked":["Intimidate","Bloodletting"],"picked":"Clothesline","floor":10.0},{"not_picked":["Dropkick","Hemokinesis"],"picked":"Wild Strike","floor":11.0},{"not_picked":["Thunderclap","Combust"],"picked":"Second Wind","floor":12.0},{"not_picked":["Bludgeon","Exhume"],"picked":"Offering","floor":16.0},{"not_picked":["Body Slam","Pummel"],"picked":"Shrug It Off","floor":18.0},{"not_picked":["Flex","Second Wind","Havoc"],"picked":"SKIP","floor":19.0},{"not_picked":["Anger","Iron Wave+1","Bloodletting"],"picked":"SKIP","floor":24.0},{"not_picked":["Flex","Twin Strike","Thunderclap"],"picked":"SKIP","floor":27.0},{"not_picked":["Armaments","Cleave"],"picked":"Pommel Strike","floor":30.0}],"player_experience":285622,"relics_obtained":[{"floor":7.0,"key":"Dream Catcher"},{"floor":9.0,"key":"Pantograph"},{"floor":11.0,"key":"Du-Vu Doll"},{"floor":26.0,"key":"Pear"}],"event_choices":[{"cards_removed":["Strike_R"],"damage_healed":0.0,"max_hp_gain":0.0,"max_hp_loss":0.0,"gold_gain":0.0,"event_name":"Purifier","player_choice":"Purged","floor":5.0,"gold_loss":0.0,"damage_taken":0.0},{"damage_healed":0.0,"max_hp_gain":0.0,"max_hp_loss":0.0,"gold_gain":0.0,"cards_transformed":["Clash","Defend_R"],"event_name":"Drug Dealer","player_choice":"Became Test Subject","floor":20.0,"gold_loss":0.0,"damage_taken":0.0,"cards_obtained":["True Grit","Infernal Blade"]},{"damage_healed":0.0,"max_hp_gain":0.0,"max_hp_loss":0.0,"gold_gain":0.0,"event_name":"Match and Keep!","player_choice":"1 cards matched","floor":22.0,"gold_loss":0.0,"damage_taken":0.0,"cards_obtained":["Shrug It Off"]},{"damage_healed":0.0,"max_hp_gain":0.0,"max_hp_loss":0.0,"gold_gain":0.0,"event_name":"Forgotten Altar","player_choice":"Smashed Altar","floor":29.0,"gold_loss":0.0,"damage_taken":0.0,"cards_obtained":["Decay"]},{"cards_removed":["Decay"],"damage_healed":0.0,"max_hp_gain":0.0,"max_hp_loss":0.0,"gold_gain":0.0,"event_name":"Beggar","player_choice":"Gave Gold","floor":31.0,"gold_loss":75.0,"damage_taken":0.0}],"is_beta":false,"boss_relics":[{"not_picked":["Mark of Pain","Tiny House"],"picked":"Astrolabe"}],"items_purged_floors":[13,14],"is_endless":false,"potions_floor_spawned":[1,7,10,12,16,27,30],"killed_by":"Automaton","ascension_level":20}}