{"host":"1hw3ks68c0zl1mxv","time":1613987193,"event":{"mods":["2.2 Compatiblity","Act Like it!","Aspiration","BaseMod","Beaked The Cultist","BetterRewards","Colored Map","Colored Powertips","Conspire","Downfall","Energized Spire","GungeonMod","Halation","Hallownest","Hubris","Infinite Spire","Marisa????????","Mimic Mod","Minty Spire (QoL Compilation)","Quick Restart","Replay The Spire","Shop Mod","StSLib","The Bug Knight","The Construct","The Elementalist","The Necromancer","The Saiyan","The Servant 0.9.4","TheHero"],"gold_per_floor":[109,122,122,122,139,172,172,200,227,99,99,99,99,119,119,223,223,234,234,247,261,273,306,306,306,306,306,147,185,197,207,207,403,403,421,439,439,439,449,449,461,479,510,545,545,577,577,696,696,696],"floor_reached":51,"language":"ENG","playtime":3556,"items_purged":["downfall:Bewildered"],"score":1162,"play_id":"cc21b78d-bfa4-493c-be69-d53020ba8d48","local_time":"20210222024633","is_ascension_mode":false,"campfire_choices":[{"data":"beaked:SacrificialScars","floor":7.0,"key":"SMITH"},{"data":"beaked:CursingBlood","floor":11.0,"key":"SMITH"},{"data":"beaked:WarriorEssence","floor":15.0,"key":"SMITH"},{"data":"beaked:Brace","floor":24.0,"key":"SMITH"},{"data":"beaked:FeelMyPain","floor":32.0,"key":"SMITH"},{"data":"beaked:AwakenedForm","floor":40.0,"key":"SMITH"},{"data":"beaked:MachineEssence","floor":45,"key":"SMITH"},{"data":"beaked:Ceremony","floor":49,"key":"SMITH"}],"circlet_count":0,"master_deck":["beaked:Strike_Y+1","beaked:Strike_Y","beaked:Strike_Y+1","beaked:Strike_Y","beaked:Strike_Y+1","beaked:Strike_Y","beaked:Defend_Y","beaked:Defend_Y","beaked:Defend_Y","beaked:Defend_Y","beaked:Ceremony+1","beaked:Ceremony","beaked:Ceremony+1","beaked:WarriorEssence+1","beaked:SacrificialScars+1","beaked:CursingBlood+1","beaked:Brace+1","beaked:FeelMyPain+1","beaked:WarriorSpirit","beaked:MachineSpirit","beaked:CheekyTricks+1","beaked:DigDeep","beaked:MachineEssence+1","beaked:AwakenedForm+1","beaked:Brace+1","beaked:Brace+1","beaked:CursingBlood+1"],"relics":["beaked:MendingPlumage","DemoMod:PartiallyEatenCheese","Whetstone","Pet Ghost","MerchantsRug","hubris:Icosahedron","HornCleat","hubris:MobiusCoin","Bag of Preparation","Pen Nib","hubris:Backtick","hubris:IronBody","Smiling Mask","sneckomod:BabySnecko","Mirror","PreservedInsect","DemoMod:RiddleOfLead","hubris:DeckOfHolding","beaked:ShinyBauble","DemoMod:WhiteGuonStone","DemoMod:GlassGuonStoneRelic"],"acts_visited":["Exordium","TheCity","TheBeyond"],"potions_floor_usage":[50,50,50],"damage_taken":[{"damage":6.0,"enemies":"Cultist","floor":1.0,"turns":3.0},{"damage":0.0,"enemies":"Small Slimes","floor":2.0,"turns":3.0},{"damage":6.0,"enemies":"Jaw Worm","floor":5.0,"turns":3.0},{"damage":21.0,"enemies":"Replay:BlueRogue","floor":6.0,"turns":7.0},{"damage":16.0,"enemies":"3 Sentries","floor":8.0,"turns":6.0},{"damage":8.0,"enemies":"Blue Slaver","floor":14.0,"turns":5.0},{"damage":14.0,"enemies":"Fading Forest","floor":16.0,"turns":11.0},{"damage":20.0,"enemies":"3 Byrds","floor":18.0,"turns":5.0},{"damage":28.0,"enemies":"Shelled Parasite and Fungi","floor":20.0,"turns":9.0},{"damage":7.0,"enemies":"Snake Plant","floor":21.0,"turns":8.0},{"damage":48.0,"enemies":"conspire:HollyBat","floor":22.0,"turns":14.0},{"damage":54.0,"enemies":"HollowMod:Nosk","floor":23.0,"turns":13.0},{"damage":43.0,"enemies":"conspire:MimicChest","floor":29.0,"turns":9.0},{"damage":42.0,"enemies":"Centurion and Healer","floor":30.0,"turns":12.0},{"damage":47.0,"enemies":"Snecko","floor":31.0,"turns":7.0},{"damage":74.0,"enemies":"Champ","floor":33.0,"turns":9.0},{"damage":7.0,"enemies":"3 Darklings","floor":35.0,"turns":7.0},{"damage":11.0,"enemies":"Orb Walker","floor":36.0,"turns":3.0},{"damage":77.0,"enemies":"Spire Growth","floor":39.0,"turns":7.0},{"damage":22.0,"enemies":"3 Darklings","floor":41.0,"turns":8.0},{"damage":2,"enemies":"Transient","floor":42,"turns":4},{"damage":68,"enemies":"Sphere and 2 Shapes","floor":43,"turns":6},{"damage":65,"enemies":"Reptomancer","floor":44,"turns":9},{"damage":71,"enemies":"HollowMod:StalkingDevout","floor":46,"turns":7},{"damage":12,"enemies":"Sphere and 2 Shapes","floor":48,"turns":7},{"damage":112,"enemies":"conspire:OrnateMirror","floor":50,"turns":14}],"seed_played":"2460842833867409028","potions_obtained":[{"floor":1.0,"key":"Swift Potion"},{"floor":2.0,"key":"Weak Potion"},{"floor":18.0,"key":"ColorlessPotion"},{"floor":20.0,"key":"Weak Potion"},{"floor":23.0,"key":"AttackPotion"},{"floor":39.0,"key":"Venom Potion"},{"floor":41.0,"key":"Weak Potion"}],"is_trial":false,"path_per_floor":["M","M","?","?","M","E","R","E","T","$","R","?","?","M","R","B",null,"M","?","M","M","M","E","R","?","T","?","$","?","M","M","R","B",null,"M","M","?","$","M","R","M","M","MIM","E","R","E","?","M","R","B",null],"character_chosen":"BEAKED_THE_CULTIST","items_purchased":["DemoMod:PartiallyEatenCheese","Whetstone","Pet Ghost","MerchantsRug","PowerPotion","Regen Potion","beaked:CursingBlood","beaked:CheekyTricks+1"],"campfire_rested":0,"item_purchase_floors":[0,0,0,0,0,10,10,28],"current_hp_per_floor":[47,50,50,50,46,46,46,51,51,51,51,40,37,46,46,59,63,55,76,79,82,59,67,67,67,67,67,67,69,73,63,63,97,110,113,109,109,109,89,89,122,121,115,128,128,131,131,134,134,137],"gold":696,"neow_bonus":"","is_daily":false,"chose_seed":false,"campfire_upgraded":8,"win_rate":0.0,"timestamp":1613987193,"path_taken":["M","M","?","?","M","E","R","E","T","$","R","?","?","?","R","BOSS","M","?","M","?","M","E","R","?","T","?","$","?","M","M","R","BOSS","M","M","?","$","M","R","M","M","MIM","E","R","E","?","M","R","BOSS"],"items_purchased_type":["Relic","Relic","Relic","Relic","Potion","Potion","Card","Card"],"build_version":"2020-12-22","purchased_purges":1,"victory":true,"max_hp_per_floor":[50,50,50,50,52,54,54,57,57,57,57,57,57,60,60,63,63,66,76,79,82,85,88,88,88,88,88,88,91,94,97,97,100,110,113,116,116,116,119,119,122,122,125,128,128,131,131,134,134,137],"card_choices":[{"not_picked":["beaked:Molting","beaked:Struggle"],"picked":"beaked:WarriorEssence","floor":1.0},{"not_picked":["beaked:TuckingFeathers","beaked:WarriorEssence"],"picked":"beaked:SacrificialScars","floor":2.0},{"not_picked":["beaked:Molting","beaked:Evade","beaked:TuckingFeathers"],"picked":"SKIP","floor":5.0},{"not_picked":["beaked:WarriorEssence","beaked:StunningBlow","beaked:Tweet"],"picked":"SKIP","floor":6.0},{"not_picked":["beaked:Tradeoff","ReplayTheSpireMod:Owlgaze","beaked:Cower"],"picked":"SKIP","floor":8.0},{"not_picked":["beaked:BarbedWire","beaked:Evade","beaked:MimicHuntress"],"picked":"SKIP","floor":14.0},{"not_picked":["beaked:DarkPact","beaked:SacrificialScars"],"picked":"beaked:MachineEssence","floor":16.0},{"not_picked":["beaked:RuinSticks","beaked:Molting+1"],"picked":"beaked:Brace","floor":18.0},{"not_picked":["beaked:BounceBack","beaked:BloodForTheGods","beaked:Cower"],"picked":"SKIP","floor":20.0},{"not_picked":["beaked:SurvivalInstinct","beaked:SacrificialAttack"],"picked":"beaked:FeelMyPain","floor":21.0},{"not_picked":["beaked:Windmill+1","beaked:LiftOff","beaked:CrazyRituals"],"picked":"SKIP","floor":22.0},{"not_picked":["beaked:Cower","beaked:Recite+1"],"picked":"beaked:WarriorSpirit","floor":23.0},{"not_picked":["beaked:WarriorSpirit+1","beaked:Daydream"],"picked":"beaked:DigDeep","floor":29.0},{"not_picked":["beaked:Cower","ReplayTheSpireMod:Wings of Steel+1","beaked:FullHouse"],"picked":"SKIP","floor":30.0},{"not_picked":["beaked:Daydream","beaked:Poke","beaked:SurvivalInstinct"],"picked":"SKIP","floor":31.0},{"not_picked":["beaked:Brainwash","beaked:DarkPact"],"picked":"beaked:MachineEssence","floor":33.0},{"not_picked":["beaked:Tradeoff","beaked:BraceForImpact","beaked:Foresight+1"],"picked":"SKIP","floor":35.0},{"not_picked":["beaked:Daydream+1","beaked:Foresight+1","beaked:Tradeoff+1"],"picked":"SKIP","floor":36.0},{"not_picked":["beaked:Resilience","beaked:MimicWarrior"],"picked":"beaked:AwakenedForm","floor":39.0},{"not_picked":["beaked:Daydream+1","beaked:Evade","beaked:DigDeeper"],"picked":"SKIP","floor":41.0},{"not_picked":["beaked:Windmill+1","beaked:Insight+1","beaked:StickSmack+1"],"picked":"SKIP","floor":42},{"not_picked":["beaked:Hexing+1","beaked:Struggle"],"picked":"beaked:Brace+1","floor":43},{"not_picked":["beaked:Molting","beaked:DigDeep+1"],"picked":"beaked:Brace+1","floor":44},{"not_picked":["beaked:WarriorEssence+1","beaked:HuntressSpirit","beaked:Flinch"],"picked":"SKIP","floor":46},{"not_picked":["beaked:KnowThyFoe","beaked:TuckingFeathers+1"],"picked":"beaked:CursingBlood+1","floor":48}],"player_experience":1612929,"relics_obtained":[{"floor":6.0,"key":"HornCleat"},{"floor":8.0,"key":"hubris:MobiusCoin"},{"floor":9.0,"key":"Bag of Preparation"},{"floor":23.0,"key":"Smiling Mask"},{"floor":26.0,"key":"Mirror"},{"floor":29.0,"key":"PreservedInsect"},{"floor":43,"key":"hubris:DeckOfHolding"},{"floor":44,"key":"beaked:ShinyBauble"},{"floor":46,"key":"DemoMod:WhiteGuonStone"}],"event_choices":[{"damage_healed":0.0,"max_hp_gain":0.0,"max_hp_loss":0.0,"gold_gain":0.0,"event_name":"Shining Light","player_choice":"Entered Light","floor":12.0,"gold_loss":0.0,"damage_taken":11.0,"cards_upgraded":["beaked:Ceremony","beaked:Strike_Y"]},{"damage_healed":0.0,"max_hp_gain":0.0,"max_hp_loss":0.0,"gold_gain":0.0,"event_name":"Scrap Ooze","player_choice":"Success","floor":13.0,"gold_loss":0.0,"damage_taken":3.0,"relics_obtained":["Pen Nib"]},{"cards_removed":["beaked:MachineEssence"],"damage_healed":11.0,"max_hp_gain":10.0,"max_hp_loss":0.0,"gold_gain":0.0,"event_name":"Bonfire Elementals","player_choice":"Offered Rare","floor":19.0,"gold_loss":0.0,"damage_taken":0.0},{"damage_healed":0.0,"max_hp_gain":0.0,"max_hp_loss":0.0,"gold_gain":0.0,"event_name":"The Library","player_choice":"Read","floor":27.0,"gold_loss":0.0,"damage_taken":0.0,"cards_obtained":["beaked:MachineSpirit"]},{"damage_healed":0.0,"max_hp_gain":0.0,"max_hp_loss":0.0,"gold_gain":0.0,"event_name":"SecretPortal","player_choice":"Ignored","floor":37.0,"gold_loss":0.0,"damage_taken":0.0}],"is_beta":false,"boss_relics":[{"not_picked":["hubris:TerracottaHorce","conspire:SlowCooker"],"picked":"hubris:Backtick"},{"not_picked":["hubris:HollowSoul","Fusion Hammer"],"picked":"DemoMod:RiddleOfLead"}],"items_purged_floors":[28],"is_endless":false,"potions_floor_spawned":[1,2,16,18,20,23,39,41,42],"ascension_level":0}}