{"host":"yx5rao87132cy5xq","time":1613958385,"event":{"mods":["2.2 Compatiblity","AchievementEnabler","BaseMod","Bestiary","Colored Map","Colored Powertips","Highlight Path","Minty Spire (QoL Compilation)","Quick Restart","Relic Stats","Slay-I","SuperFastMode"],"gold_per_floor":[117,134,134,155,155,155,155],"floor_reached":6,"language":"ENG","playtime":227,"items_purged":[],"score":70,"play_id":"0064b2d6-9786-4df5-88d2-f59e0cf20f42","local_time":"20210222024625","is_ascension_mode":true,"campfire_choices":[],"circlet_count":0,"master_deck":["AscendersBane","Strike_R","Strike_R","Strike_R","Strike_R","Strike_R+1","Defend_R","Defend_R","Defend_R","Defend_R","Bash+1","Heavy Blade","Headbutt","Shrug It Off"],"relics":["Burning Blood","Golden Idol"],"acts_visited":[],"potions_floor_usage":[],"damage_taken":[{"damage":6,"enemies":"2 Louse","floor":1,"turns":3},{"damage":7,"enemies":"Small Slimes","floor":2,"turns":5},{"damage":12,"enemies":"Jaw Worm","floor":4,"turns":3},{"damage":34,"enemies":"Gremlin Nob","floor":6,"turns":4}],"seed_played":"3894984742747073558","potions_obtained":[{"floor":2,"key":"Explosive Potion"}],"is_trial":false,"path_per_floor":["M","M","?","M","?","E"],"character_chosen":"IRONCLAD","items_purchased":[],"campfire_rested":0,"item_purchase_floors":[],"current_hp_per_floor":[75,74,74,68,46,12,12],"gold":155,"neow_bonus":"TEN_PERCENT_HP_BONUS","is_daily":false,"chose_seed":false,"campfire_upgraded":0,"win_rate":0.0,"timestamp":1613958385,"path_taken":["M","M","?","M","?","E"],"items_purchased_type":[],"build_version":"2020-12-22","purchased_purges":0,"victory":false,"max_hp_per_floor":[82,82,74,74,74,74,74],"relic_stats":{"counters":[4,15],"Golden Idol":4,"obtain_stats":[{"Golden Idol":3,"Burning Blood":0},{"Golden Idol":2,"Burning Blood":0},{"Golden Idol":8,"Burning Blood":0}],"Burning Blood":18},"card_choices":[{"not_picked":["Dual Wield","Pommel Strike"],"picked":"Heavy Blade","floor":1},{"not_picked":["Entrench","Body Slam"],"picked":"Headbutt","floor":2},{"not_picked":["Warcry","Armaments"],"picked":"Shrug It Off","floor":4}],"player_experience":1117706,"relics_obtained":[],"event_choices":[{"damage_healed":0,"gold_gain":0,"player_choice":"Lose Max HP","damage_taken":0,"relics_obtained":["Golden Idol"],"max_hp_gain":0,"max_hp_loss":8,"event_name":"Golden Idol","floor":3,"gold_loss":0},{"damage_healed":0,"gold_gain":0,"player_choice":"Entered Light","damage_taken":22,"max_hp_gain":0,"max_hp_loss":0,"event_name":"Shining Light","floor":5,"gold_loss":0,"cards_upgraded":["Strike_R","Bash"]}],"is_beta":false,"boss_relics":[],"items_purged_floors":[],"is_endless":false,"potions_floor_spawned":[2],"killed_by":"Gremlin Nob","ascension_level":19}}