{"host":"2se5dq1do2gp0x9k","time":1613959961,"event":{"mods":["AchievementEnabler","BaseMod","Block Reminder","Colored Map","Colored Powertips","Minty Spire (QoL Compilation)","Relic Stats","StSLib","SuperFastMode"],"gold_per_floor":[110,121,191,77,77,111,111,139,139,139,149,2,17,45,45,121,121,41,41],"floor_reached":18,"language":"ENG","playtime":600,"items_purged":["Strike_P"],"score":433,"play_id":"5a3693cb-2598-4ddb-a758-c2a3586273ec","local_time":"20210221181241","is_ascension_mode":true,"campfire_choices":[{"data":"BattleHymn","floor":7,"key":"SMITH"},{"floor":10,"key":"REST"},{"data":"Establishment","floor":15,"key":"SMITH"}],"circlet_count":0,"master_deck":["AscendersBane","Eruption","Vigilance","Establishment+1","Protect","FlyingSleeves","BattleHymn+1","Fasting2","JustLucky","Consecrate","Trip","Protect","Crescendo","MasterReality","Crescendo","FollowUp","DeceiveReality","ThirdEye","WreathOfFlame","WaveOfTheHand","FearNoEvil"],"relics":["PureWater","Yang","Sundial","Regal Pillow","Ornamental Fan","Singing Bowl","Pandora\u0027s Box"],"acts_visited":["Exordium","TheCity"],"potions_floor_usage":[8],"damage_taken":[{"damage":6,"enemies":"Cultist","floor":1,"turns":5},{"damage":2,"enemies":"Jaw Worm","floor":2,"turns":3},{"damage":24,"enemies":"3 Sentries","floor":6,"turns":9},{"damage":22,"enemies":"Gremlin Nob","floor":8,"turns":4},{"damage":5,"enemies":"Small Slimes","floor":11,"turns":3},{"damage":3,"enemies":"Blue Slaver","floor":13,"turns":5},{"damage":10,"enemies":"3 Sentries","floor":14,"turns":7},{"damage":0,"enemies":"Slime Boss","floor":16,"turns":5},{"damage":16,"enemies":"2 Thieves","floor":18,"turns":3}],"seed_played":"2617567103976269082","potions_obtained":[{"floor":6,"key":"SpeedPotion"},{"floor":13,"key":"Explosive Potion"},{"floor":16,"key":"Explosive Potion"}],"is_trial":false,"path_per_floor":["M","M","T","$","?","E","R","E","T","R","M","$","M","E","R","B",null,"M"],"character_chosen":"WATCHER","items_purchased":["BattleHymn","Trip","Protect"],"campfire_rested":1,"item_purchase_floors":[4,12,12],"current_hp_per_floor":[55,53,53,53,58,34,34,12,12,47,42,42,39,29,29,29,58,42,42],"gold":41,"neow_bonus":"THREE_RARE_CARDS","is_daily":false,"chose_seed":false,"campfire_upgraded":2,"win_rate":0.0,"timestamp":1613959961,"path_taken":["M","M","?","$","?","E","R","E","T","R","M","$","M","E","R","BOSS","M"],"items_purchased_type":["Card","Card","Card"],"build_version":"2020-12-22","purchased_purges":1,"victory":false,"max_hp_per_floor":[62,62,62,62,67,67,67,67,67,67,67,67,67,67,67,67,67,67,67],"relic_stats":{"Regal Pillow":15,"Singing Bowl":0,"counters":[9,44],"Sundial":[2],"Ornamental Fan":[28],"Yang":[58],"Pandora\u0027s Box":["Crescendo","FollowUp","DeceiveReality","ThirdEye","WreathOfFlame","WaveOfTheHand","FearNoEvil"],"obtain_stats":[{"Regal Pillow":8,"Singing Bowl":14,"Sundial":6,"Ornamental Fan":9,"Yang":3,"Pandora\u0027s Box":17,"PureWater":0},{"Regal Pillow":4,"Singing Bowl":7,"Sundial":3,"Ornamental Fan":4,"Yang":2,"Pandora\u0027s Box":8,"PureWater":0},{"Regal Pillow":21,"Singing Bowl":36,"Sundial":17,"Ornamental Fan":21,"Yang":8,"Pandora\u0027s Box":41,"PureWater":0}]},"card_choices":[{"not_picked":["MasterReality","Judgement"],"picked":"Establishment","floor":0},{"not_picked":["PathToVictory","CutThroughFate"],"picked":"Protect","floor":1},{"not_picked":["Evaluate","Conclude"],"picked":"FlyingSleeves","floor":2},{"not_picked":["BattleHymn","Nirvana"],"picked":"Fasting2","floor":6},{"not_picked":["Omniscience","BattleHymn","JustLucky"],"picked":"SKIP","floor":8},{"not_picked":["Omniscience","BattleHymn"],"picked":"JustLucky","floor":8},{"not_picked":["BowlingBash","WreathOfFlame"],"picked":"Consecrate","floor":11},{"not_picked":["SignatureMove","ClearTheMind","FlurryOfBlows"],"picked":"SKIP","floor":13},{"not_picked":["Fasting2","Nirvana"],"picked":"Crescendo","floor":14},{"not_picked":["Establishment","Vault"],"picked":"MasterReality","floor":16}],"player_experience":4108895,"relics_obtained":[{"floor":3,"key":"Yang"},{"floor":6,"key":"Sundial"},{"floor":8,"key":"Regal Pillow"},{"floor":9,"key":"Ornamental Fan"},{"floor":14,"key":"Singing Bowl"}],"event_choices":[{"damage_healed":0,"gold_gain":0,"player_choice":"Donut","damage_taken":0,"max_hp_gain":5,"max_hp_loss":0,"event_name":"Big Fish","floor":5,"gold_loss":0}],"is_beta":false,"boss_relics":[{"not_picked":["Busted Crown","Philosopher\u0027s Stone"],"picked":"Pandora\u0027s Box"}],"items_purged_floors":[4],"is_endless":false,"potions_floor_spawned":[6,13,16],"killed_by":"2 Thieves","ascension_level":18}}