{"host":"h49usdrjeju7gyhi","time":1613963599,"event":{"mods":["Act Like it!","BaseMod","Minty Spire (QoL Compilation)","Ruina","StSLib","The Animator"],"gold_per_floor":[130,130,141,167,192,192,192,192],"floor_reached":7,"language":"ENG","playtime":298,"items_purged":[],"score":86,"play_id":"d5e9a49b-a8e3-4902-bc1b-7b3e9878a233","local_time":"20210221221319","is_ascension_mode":true,"campfire_choices":[{"data":"animator:Verdia","floor":6,"key":"SMITH"}],"circlet_count":0,"master_deck":["AscendersBane","animator:Strike_Konosuba","animator:Defend_Konosuba","animator:Strike","animator:Strike","animator:Strike","animator:Defend","animator:Defend","animator:Defend","animator:Kazuma","animator:Aqua","animator:Mitsurugi","animator:Megumin+2","animator:Mikaela","animator:Verdia+1"],"relics":["animator:LivingPicture","animator:TheMissingPiece","animator:PurgingStone","NeowsBlessing"],"acts_visited":["Exordium"],"potions_floor_usage":[7,7,7,7],"damage_taken":[{"damage":0,"enemies":"Cultist","floor":1,"turns":1},{"damage":0,"enemies":"Small Slimes","floor":3,"turns":1},{"damage":0,"enemies":"Jaw Worm","floor":4,"turns":1},{"damage":18,"enemies":"Red Slaver","floor":5,"turns":4},{"damage":58,"enemies":"Lagavulin","floor":7,"turns":11}],"seed_played":"-6104652212311606267","potions_obtained":[{"floor":1,"key":"EntropicBrew"},{"floor":2,"key":"Swift Potion"}],"is_trial":false,"path_per_floor":["M","?","M","M","M","R","E"],"character_chosen":"THE_ANIMATOR","items_purchased":[],"campfire_rested":0,"item_purchase_floors":[],"current_hp_per_floor":[54,54,57,57,41,41,0,0],"gold":192,"neow_bonus":"THREE_ENEMY_KILL","is_daily":false,"chose_seed":false,"campfire_upgraded":1,"win_rate":0.0,"timestamp":1613963599,"path_taken":["M","?","M","?","M","R","E"],"items_purchased_type":[],"build_version":"2020-12-22","purchased_purges":0,"victory":false,"max_hp_per_floor":[60,60,61,61,61,61,61,61],"card_choices":[{"not_picked":["animator:Laby","animator:PandorasActor"],"picked":"animator:Mitsurugi","floor":1},{"not_picked":["animator:DolaRiku","animator:HiiragiShinya"],"picked":"animator:Megumin","floor":3},{"not_picked":["animator:Mitsuba","animator:TsurugaMeisai"],"picked":"animator:Mikaela","floor":4},{"not_picked":["animator:Mitsurugi","animator:Kazuma"],"picked":"animator:Verdia","floor":5}],"player_experience":1594569,"relics_obtained":[],"event_choices":[{"damage_healed":0,"gold_gain":0,"player_choice":"Got Potions","damage_taken":0,"max_hp_gain":0,"max_hp_loss":0,"event_name":"Lab","floor":2,"gold_loss":0}],"is_beta":false,"boss_relics":[],"items_purged_floors":[],"is_endless":false,"potions_floor_spawned":[1],"killed_by":"Lagavulin","ascension_level":20}}