{"host":"sc0o2qwpf9j16a4i","time":1613995832,"event":{"mods":["AchievementEnabler","BaseMod","BetterRewards","Block Reminder","Colored Map","Colored Powertips","Custom Start","Highlight Path","Minty Spire (QoL Compilation)","Relic Stats"],"gold_per_floor":[112,122,140,151,151,178,178,190,267,267,282,125,125,144,144,247,247,257,273,273,372,382,407,423,448,448,448,462,478,478,478,478,578,578,596,612,612,632,647,647,647,666,717,742,115,115,135,135,135,135],"floor_reached":51,"language":"ENG","playtime":1522,"items_purged":[],"score":828,"play_id":"c52a86f4-0da9-4017-87da-5ae52effe669","local_time":"20210222141032","daily_mods":["Draft","Uncertain Future","Binary"],"is_ascension_mode":false,"campfire_choices":[{"data":"Inflame","floor":7.0,"key":"SMITH"},{"data":"Uppercut","floor":10.0,"key":"SMITH"},{"data":"Inflame","floor":15,"key":"SMITH"},{"data":"Heavy Blade","floor":27,"key":"SMITH"},{"data":"Battle Trance","floor":30,"key":"SMITH"},{"data":"Power Through","floor":32,"key":"SMITH"},{"data":"Limit Break","floor":40,"key":"SMITH"},{"data":"Power Through","floor":46,"key":"SMITH"},{"data":"Clothesline","floor":49,"key":"SMITH"}],"circlet_count":0,"master_deck":["Battle Trance+1","Cleave","Uppercut+1","Headbutt","Power Through+1","Twin Strike","Shrug It Off","Sword Boomerang","Inflame+1","Thunderclap","Second Wind","Twin Strike","Clothesline+1","Sword Boomerang","Spot Weakness","Inflame+1","Thunderclap","Juggernaut","Reaper","Heavy Blade+1","Pummel+1","Disarm+1","Blood for Blood+1","Whirlwind","Limit Break+1","Inflame+1","Power Through+1","Flash of Steel"],"relics":["Burning Blood","Shuriken","Meat on the Bone","Lantern","Pear","Sozu","Darkstone Periapt","Red Mask","Happy Flower","Coffee Dripper","Omamori","Paper Frog","Medical Kit","Akabeko","Torii"],"acts_visited":["Exordium","TheCity","TheBeyond"],"potions_floor_usage":[33,50,50],"damage_taken":[{"damage":8.0,"enemies":"Jaw Worm","floor":1.0,"turns":2.0},{"damage":0.0,"enemies":"Small Slimes","floor":2.0,"turns":2.0},{"damage":4.0,"enemies":"Cultist","floor":3.0,"turns":3.0},{"damage":0.0,"enemies":"Exordium Wildlife","floor":4.0,"turns":3.0},{"damage":14.0,"enemies":"Gremlin Nob","floor":6.0,"turns":3.0},{"damage":7.0,"enemies":"Looter","floor":8.0,"turns":2.0},{"damage":0.0,"enemies":"2 Fungi Beasts","floor":11.0,"turns":2.0},{"damage":12,"enemies":"Exordium Thugs","floor":14,"turns":3},{"damage":0,"enemies":"Slime Boss","floor":16,"turns":5},{"damage":14,"enemies":"Shell Parasite","floor":18,"turns":3},{"damage":0,"enemies":"3 Byrds","floor":19,"turns":2},{"damage":12,"enemies":"Shelled Parasite and Fungi","floor":22,"turns":3},{"damage":2,"enemies":"Gremlin Leader","floor":23,"turns":4},{"damage":5,"enemies":"Chosen and Byrds","floor":24,"turns":3},{"damage":16,"enemies":"Masked Bandits","floor":25,"turns":3},{"damage":0,"enemies":"Snake Plant","floor":28,"turns":2},{"damage":0,"enemies":"3 Cultists","floor":29,"turns":3},{"damage":0,"enemies":"Collector","floor":33,"turns":6},{"damage":6,"enemies":"3 Darklings","floor":35,"turns":3},{"damage":3,"enemies":"3 Shapes","floor":36,"turns":4},{"damage":12,"enemies":"3 Darklings","floor":38,"turns":3},{"damage":28,"enemies":"Writhing Mass","floor":39,"turns":6},{"damage":18,"enemies":"Sphere and 2 Shapes","floor":42,"turns":6},{"damage":0,"enemies":"Nemesis","floor":44,"turns":3},{"damage":0,"enemies":"Jaw Worm Horde","floor":47,"turns":2},{"damage":71,"enemies":"Awakened One","floor":50,"turns":8}],"seed_played":"8110775302684104057","potions_obtained":[{"floor":1.0,"key":"BloodPotion"},{"floor":3.0,"key":"Strength Potion"},{"floor":8.0,"key":"LiquidBronze"},{"floor":14,"key":"SneckoOil"}],"is_trial":true,"path_per_floor":["M","M","M","M","?","E","R","M","T","R","M","$","?","M","R","B",null,"M","M","$","?","M","E","M","?","T","R","M","M","R","?","R","B",null,"M","M","?","M","M","R","?","M","T","E","$","R","M","?","R","B",null],"character_chosen":"IRONCLAD","items_purchased":["Lantern","Medical Kit","Akabeko","Torii","Power Through"],"campfire_rested":0,"item_purchase_floors":[12,45,45,45,45],"current_hp_per_floor":[78,80,80,80,80,72,72,71,71,71,77,77,69,63,63,69,90,87,90,90,90,84,88,89,80,80,80,90,90,90,72,72,95,95,95,95,90,84,80,80,80,90,90,90,90,90,90,80,80,55],"gold":135,"neow_bonus":"","is_daily":false,"chose_seed":false,"campfire_upgraded":9,"win_rate":0.0,"timestamp":1613995832,"path_taken":["M","M","M","M","?","E","R","?","T","R","M","$","?","M","R","BOSS","M","M","$","?","M","E","M","?","T","R","M","M","R","?","R","BOSS","M","M","?","M","M","R","?","M","T","E","$","R","M","?","R","BOSS"],"items_purchased_type":["Relic","Relic","Relic","Relic","Card"],"build_version":"2020-12-22","purchased_purges":0,"victory":true,"max_hp_per_floor":[80,80,80,80,80,80,80,80,80,80,80,80,90,90,90,90,90,90,90,90,90,90,90,90,90,90,90,90,90,90,95,95,95,95,95,95,90,90,90,90,90,90,90,90,90,90,90,90,90,90],"relic_stats":{"Sozu":7,"Darkstone Periapt":0,"Happy Flower":[15],"Torii":4,"counters":[26,89],"Shuriken":[23],"Medical Kit":[4],"obtain_stats":[{"Darkstone Periapt":23,"Lantern":12,"Pear":13,"Happy Flower":26,"Torii":45,"Omamori":43,"Medical Kit":45,"Burning Blood":0,"Akabeko":45,"Sozu":17,"Shuriken":6,"Red Mask":25,"Coffee Dripper":34,"Meat on the Bone":9,"Paper Frog":44},{"Darkstone Periapt":13,"Lantern":7,"Pear":7,"Happy Flower":15,"Torii":24,"Omamori":23,"Medical Kit":24,"Burning Blood":0,"Akabeko":24,"Sozu":9,"Shuriken":5,"Red Mask":15,"Coffee Dripper":18,"Meat on the Bone":6,"Paper Frog":24},{"Darkstone Periapt":37,"Lantern":17,"Pear":17,"Happy Flower":43,"Torii":79,"Omamori":76,"Medical Kit":79,"Burning Blood":0,"Akabeko":79,"Sozu":25,"Shuriken":13,"Red Mask":43,"Coffee Dripper":54,"Meat on the Bone":15,"Paper Frog":79}],"Burning Blood":97,"Meat on the Bone":12},"card_choices":[{"not_picked":["Infernal Blade","Warcry"],"picked":"Battle Trance","floor":0.0},{"not_picked":["Armaments","Perfected Strike"],"picked":"Cleave","floor":0.0},{"not_picked":["Body Slam","Searing Blow"],"picked":"Cleave","floor":0.0},{"not_picked":["Battle Trance","Headbutt"],"picked":"Uppercut","floor":0.0},{"not_picked":["Sword Boomerang","Dropkick"],"picked":"Headbutt","floor":0.0},{"not_picked":["Havoc","Body Slam"],"picked":"Power Through","floor":0.0},{"not_picked":["True Grit","Armaments"],"picked":"Twin Strike","floor":0.0},{"not_picked":["Reckless Charge","Anger"],"picked":"Shrug It Off","floor":0.0},{"not_picked":["Carnage","Power Through"],"picked":"Sword Boomerang","floor":0.0},{"not_picked":["Anger","Clothesline"],"picked":"Inflame","floor":0.0},{"not_picked":["Warcry","Twin Strike"],"picked":"Thunderclap","floor":0.0},{"not_picked":["Clothesline","Rage"],"picked":"Second Wind","floor":0.0},{"not_picked":["Heavy Blade","Clash"],"picked":"Twin Strike","floor":0.0},{"not_picked":["Iron Wave","Reckless Charge"],"picked":"Clothesline","floor":0.0},{"not_picked":["Warcry","Shrug It Off"],"picked":"Headbutt","floor":0.0},{"not_picked":["Anger","Havoc"],"picked":"SKIP","floor":1.0},{"not_picked":["Iron Wave"],"picked":"Sword Boomerang","floor":2.0},{"not_picked":["True Grit"],"picked":"Spot Weakness","floor":3.0},{"not_picked":["Spot Weakness"],"picked":"Inflame","floor":4.0},{"not_picked":["Blood for Blood"],"picked":"Thunderclap","floor":6.0},{"not_picked":["Cleave","Twin Strike"],"picked":"SKIP","floor":8.0},{"not_picked":["Thunderclap"],"picked":"Juggernaut","floor":11.0},{"not_picked":["Iron Wave","Warcry"],"picked":"SKIP","floor":14},{"not_picked":["Exhume"],"picked":"Reaper","floor":16},{"not_picked":["Pommel Strike"],"picked":"Heavy Blade","floor":18},{"not_picked":["Body Slam","Thunderclap+1"],"picked":"SKIP","floor":19},{"not_picked":["Fire Breathing"],"picked":"Pummel+1","floor":22},{"not_picked":["Flex"],"picked":"Disarm+1","floor":23},{"not_picked":["Pummel","Armaments"],"picked":"SKIP","floor":24},{"not_picked":["Warcry"],"picked":"Blood for Blood+1","floor":25},{"not_picked":["Seeing Red","Iron Wave"],"picked":"SKIP","floor":28},{"not_picked":["Rupture"],"picked":"Whirlwind","floor":29},{"not_picked":["Double Tap"],"picked":"Limit Break","floor":33},{"not_picked":["Twin Strike","Perfected Strike+1"],"picked":"SKIP","floor":35},{"not_picked":["Headbutt","Iron Wave+1"],"picked":"SKIP","floor":36},{"not_picked":["Pummel+1","Sever Soul+1"],"picked":"SKIP","floor":38},{"not_picked":["Headbutt+1"],"picked":"Inflame+1","floor":39},{"not_picked":["Rampage","Havoc+1"],"picked":"SKIP","floor":42},{"not_picked":["Wild Strike+1","Body Slam"],"picked":"SKIP","floor":44},{"not_picked":["True Grit","Thunderclap+1"],"picked":"SKIP","floor":47},{"not_picked":["Madness"],"picked":"Flash of Steel","floor":48}],"player_experience":1521816,"relics_obtained":[{"floor":6.0,"key":"Shuriken"},{"floor":9.0,"key":"Meat on the Bone"},{"floor":23,"key":"Darkstone Periapt"},{"floor":25,"key":"Red Mask"},{"floor":26,"key":"Happy Flower"},{"floor":43,"key":"Omamori"},{"floor":44,"key":"Paper Frog"}],"event_choices":[{"cards_removed":["Headbutt"],"damage_healed":0.0,"max_hp_gain":0.0,"max_hp_loss":0.0,"gold_gain":0.0,"event_name":"Wheel of Change","player_choice":"Card Removal","floor":5.0,"gold_loss":0.0,"damage_taken":0.0},{"damage_healed":0,"gold_gain":0,"player_choice":"Success","damage_taken":18,"relics_obtained":["Pear"],"max_hp_gain":0,"max_hp_loss":0,"event_name":"Scrap Ooze","floor":13,"gold_loss":0},{"damage_healed":0,"gold_gain":99,"player_choice":"Stole From Cult","damage_taken":0,"max_hp_gain":0,"max_hp_loss":0,"event_name":"Nest","floor":21,"gold_loss":0},{"damage_healed":0,"gold_gain":0,"player_choice":"Fought Bandits","damage_taken":0,"max_hp_gain":0,"max_hp_loss":0,"event_name":"Masked Bandits","floor":25,"gold_loss":0},{"damage_healed":0,"gold_gain":0,"player_choice":"Shed Blood","damage_taken":23,"max_hp_gain":5,"max_hp_loss":0,"event_name":"Forgotten Altar","floor":31,"gold_loss":0},{"damage_healed":0,"gold_gain":0,"player_choice":"Max HP","damage_taken":0,"max_hp_gain":0,"max_hp_loss":5,"event_name":"Winding Halls","floor":37,"gold_loss":0},{"cards_removed":["Cleave"],"damage_healed":0,"gold_gain":0,"player_choice":"Removed Attack","damage_taken":0,"max_hp_gain":0,"max_hp_loss":0,"event_name":"Falling","floor":41,"gold_loss":0},{"damage_healed":0,"gold_gain":0,"player_choice":"Memory 3","damage_taken":10,"max_hp_gain":0,"max_hp_loss":0,"event_name":"SensoryStone","floor":48,"gold_loss":0}],"is_beta":false,"boss_relics":[{"not_picked":["SacredBark","Runic Pyramid"],"picked":"Sozu"},{"not_picked":["Tiny House","Cursed Key"],"picked":"Coffee Dripper"}],"items_purged_floors":[],"is_endless":false,"potions_floor_spawned":[1,3,8,14,22,23,29,33,36,38,39],"ascension_level":0}}