{"host":"guk5h31bsklpp7e4","time":1613990768,"event":{"mods":["AchievementEnabler","BaseMod","Colored Map","Colored Powertips","Highlight Path","Minty Spire (QoL Compilation)","Quick Restart","Rare Cards Sparkle"],"gold_per_floor":[109,123,123,123,123,156,156,1,1,26,26,38,38,54,54,154,154,198,198,198,13,13,13,13,13,40,75,75,112,184,213,213,324,333,362,362,380,293,302,302,328,355,355,355,386,386,405,80,80,80],"floor_reached":51,"language":"ENG","playtime":2965,"items_purged":["Defend_P","Adaptation"],"score":909,"play_id":"32df5441-81cc-4871-8a6c-6763ef7c6c4b","local_time":"20210222054608","is_ascension_mode":true,"campfire_choices":[{"floor":7,"key":"REST"},{"floor":11,"key":"REST"},{"data":"Eruption","floor":13,"key":"SMITH"},{"floor":15,"key":"REST"},{"data":"MentalFortress","floor":23,"key":"SMITH"},{"floor":28,"key":"REST"},{"floor":32,"key":"REST"},{"floor":40,"key":"REST"},{"data":"Vigilance","floor":44,"key":"SMITH"},{"data":"Panacea","floor":46,"key":"SMITH"},{"floor":49,"key":"REST"}],"circlet_count":0,"master_deck":["Strike_P+1","Strike_P+1","Strike_P+1","Eruption+1","Vigilance+1","EmptyFist+1","LikeWater","EmptyFist","MentalFortress+1","DeusExMachina","CrushJoints","Scrawl","LessonLearned+1","ThirdEye+1","Wish+1","Vengeance+1","Dark Shackles","Protect+1","RitualDagger","Shame","Sanctity+1","Consecrate+1","Halt","Ragnarok","CurseOfTheBell","Perseverance+1","InnerPeace","Panacea+1","Meditate","SashWhip","Impatience","ClearTheMind","Tantrum+1","Halt","Dramatic Entrance","EmptyBody","SandsOfTime"],"relics":["Philosopher\u0027s Stone","Pen Nib","Membership Card","White Beast Statue","Oddly Smooth Stone","Astrolabe","Darkstone Periapt","Juzu Bracelet","Happy Flower","Bag of Preparation","CeramicFish","Ancient Tea Set","Bottled Flame","Calling Bell","Bronze Scales","Shuriken","Du-Vu Doll","Pantograph","Anchor","Lantern","Art of War"],"acts_visited":["Exordium","TheCity","TheBeyond"],"potions_floor_usage":[6,14,16,18,25,27,29,31,33,33,35,42,42,42,45,47,50,50,50],"damage_taken":[{"damage":2,"enemies":"2 Louse","floor":1,"turns":3},{"damage":5,"enemies":"Small Slimes","floor":2,"turns":3},{"damage":34,"enemies":"Gremlin Nob","floor":6,"turns":3},{"damage":19,"enemies":"Lagavulin","floor":10,"turns":6},{"damage":0,"enemies":"Cultist","floor":12,"turns":2},{"damage":0,"enemies":"Exordium Thugs","floor":14,"turns":2},{"damage":15,"enemies":"Hexaghost","floor":16,"turns":7},{"damage":2,"enemies":"2 Thieves","floor":18,"turns":3},{"damage":7,"enemies":"Gremlin Leader","floor":25,"turns":3},{"damage":14,"enemies":"Book of Stabbing","floor":27,"turns":4},{"damage":32,"enemies":"Gremlin Leader","floor":29,"turns":4},{"damage":0,"enemies":"3 Byrds","floor":31,"turns":3},{"damage":36,"enemies":"Collector","floor":33,"turns":4},{"damage":11,"enemies":"3 Darklings","floor":35,"turns":5},{"damage":16,"enemies":"Orb Walker","floor":37,"turns":3},{"damage":0,"enemies":"Jaw Worm Horde","floor":41,"turns":2},{"damage":0,"enemies":"Transient","floor":42,"turns":5},{"damage":16,"enemies":"Reptomancer","floor":45,"turns":5},{"damage":0,"enemies":"Writhing Mass","floor":47,"turns":3},{"damage":57,"enemies":"Awakened One","floor":50,"turns":9}],"seed_played":"-1424977768441617675","potions_obtained":[{"floor":1,"key":"GamblersBrew"},{"floor":2,"key":"Swift Potion"},{"floor":10,"key":"Fire Potion"},{"floor":12,"key":"Regen Potion"},{"floor":14,"key":"Weak Potion"},{"floor":16,"key":"SmokeBomb"},{"floor":18,"key":"SkillPotion"},{"floor":27,"key":"Weak Potion"},{"floor":29,"key":"AttackPotion"},{"floor":31,"key":"Regen Potion"},{"floor":33,"key":"Block Potion"},{"floor":35,"key":"Energy Potion"},{"floor":37,"key":"EntropicBrew"},{"floor":41,"key":"LiquidMemories"},{"floor":45,"key":"AttackPotion"},{"floor":47,"key":"BlessingOfTheForge"}],"is_trial":false,"path_per_floor":["M","M","?","?","?","E","R","$","T","E","R","M","R","M","R","B",null,"M","?","?","$","?","R","?","E","T","E","R","E","T","M","R","B",null,"M","?","M","$","?","R","M","M","T","R","E","R","M","$","R","B",null],"character_chosen":"WATCHER","items_purchased":["Membership Card","Dark Shackles","Juzu Bracelet","Protect","InnerPeace","Panacea","Meditate","SashWhip","Lantern","Dramatic Entrance","EmptyBody","Art of War","StancePotion","SandsOfTime"],"campfire_rested":7,"item_purchase_floors":[8,21,21,21,38,38,38,38,48,48,48,48,48,48],"current_hp_per_floor":[70,65,65,51,51,17,38,38,38,19,40,40,40,45,66,51,67,65,65,65,65,59,59,65,58,58,44,67,35,35,35,58,34,73,62,84,68,68,68,84,84,84,84,84,68,68,68,68,84,27],"gold":80,"neow_bonus":"BOSS_RELIC","is_daily":false,"chose_seed":false,"campfire_upgraded":4,"win_rate":0.0,"timestamp":1613990768,"path_taken":["M","M","?","?","?","E","R","$","T","E","R","?","R","M","R","BOSS","M","?","?","?","?","R","?","E","T","E","R","E","?","M","R","BOSS","M","?","M","$","?","R","M","M","T","R","E","R","M","$","R","BOSS"],"items_purchased_type":["Relic","Card","Relic","Card","Card","Card","Card","Card","Relic","Card","Card","Relic","Potion","Card"],"build_version":"2020-12-22","purchased_purges":2,"victory":true,"max_hp_per_floor":[72,72,72,72,72,72,72,72,72,72,72,72,72,72,72,72,72,72,72,72,72,72,72,78,78,78,78,78,78,78,78,78,78,84,84,84,84,84,84,84,84,84,84,84,84,84,84,84,84,84],"card_choices":[{"not_picked":["WaveOfTheHand","JustLucky"],"picked":"Adaptation","floor":1},{"not_picked":["Perseverance","EmptyMind"],"picked":"EmptyFist","floor":2},{"not_picked":["WindmillStrike","WheelKick"],"picked":"EmptyFist","floor":6},{"not_picked":["Consecrate","CrushJoints"],"picked":"MentalFortress","floor":10},{"not_picked":["Collect","Halt"],"picked":"DeusExMachina","floor":12},{"not_picked":["ThirdEye","Halt"],"picked":"CrushJoints","floor":14},{"not_picked":["Blasphemy","Omniscience"],"picked":"Scrawl","floor":16},{"not_picked":["Protect","BattleHymn"],"picked":"Vengeance+1","floor":18},{"not_picked":["Fasting2","FlurryOfBlows+1"],"picked":"Sanctity+1","floor":27},{"not_picked":["MasterReality","ThirdEye+1"],"picked":"Consecrate","floor":29},{"not_picked":["SignatureMove","Swivel"],"picked":"Halt","floor":31},{"not_picked":["Wish","LessonLearned"],"picked":"Ragnarok","floor":33},{"not_picked":["Protect","ClearTheMind"],"picked":"Perseverance+1","floor":35},{"not_picked":["Weave","SashWhip","FlyingSleeves"],"picked":"SKIP","floor":37},{"not_picked":["Discovery","Magnetism"],"picked":"Impatience","floor":39},{"not_picked":["Consecrate","EmptyBody"],"picked":"ClearTheMind","floor":41},{"not_picked":["Study","CrushJoints"],"picked":"Tantrum+1","floor":42},{"not_picked":["Vengeance+1","Protect","Tantrum+1"],"picked":"SKIP","floor":45},{"not_picked":["CutThroughFate","Consecrate+1"],"picked":"Halt","floor":47}],"player_experience":392637,"relics_obtained":[{"floor":6,"key":"Pen Nib"},{"floor":9,"key":"White Beast Statue"},{"floor":10,"key":"Oddly Smooth Stone"},{"floor":26,"key":"Bag of Preparation"},{"floor":27,"key":"CeramicFish"},{"floor":29,"key":"Ancient Tea Set"},{"floor":30,"key":"Bottled Flame"},{"floor":34,"key":"Bronze Scales"},{"floor":34,"key":"Shuriken"},{"floor":34,"key":"Du-Vu Doll"},{"floor":43,"key":"Pantograph"},{"floor":45,"key":"Anchor"}],"event_choices":[{"damage_healed":0,"gold_gain":0,"player_choice":"Ignored","damage_taken":0,"max_hp_gain":0,"max_hp_loss":0,"event_name":"Liars Game","floor":3,"gold_loss":0},{"damage_healed":0,"gold_gain":0,"player_choice":"Entered Light","damage_taken":14,"max_hp_gain":0,"max_hp_loss":0,"event_name":"Shining Light","floor":4,"gold_loss":0,"cards_upgraded":["Strike_P","Strike_P"]},{"damage_healed":0,"gold_gain":0,"cards_transformed":["Defend_P"],"player_choice":"Transformed","damage_taken":0,"max_hp_gain":0,"max_hp_loss":0,"event_name":"Transmorgrifier","floor":5,"gold_loss":0,"cards_obtained":["LikeWater"]},{"damage_healed":0,"gold_gain":0,"player_choice":"Opened","damage_taken":0,"relics_obtained":["Darkstone Periapt"],"max_hp_gain":0,"max_hp_loss":0,"event_name":"The Mausoleum","floor":19,"gold_loss":0},{"damage_healed":0,"gold_gain":0,"player_choice":"Ignored","damage_taken":0,"max_hp_gain":0,"max_hp_loss":0,"event_name":"Ghosts","floor":20,"gold_loss":0},{"damage_healed":0,"gold_gain":0,"player_choice":"Joined the Cult","damage_taken":6,"max_hp_gain":0,"max_hp_loss":0,"event_name":"Nest","floor":22,"gold_loss":0,"cards_obtained":["RitualDagger"]},{"damage_healed":0,"gold_gain":0,"player_choice":"Stole Relic","damage_taken":0,"relics_obtained":["Happy Flower"],"max_hp_gain":0,"max_hp_loss":0,"event_name":"Addict","floor":24,"gold_loss":0,"cards_obtained":["Shame"]},{"damage_healed":22,"gold_gain":0,"player_choice":"Full Heal","damage_taken":0,"max_hp_gain":0,"max_hp_loss":0,"event_name":"Wheel of Change","floor":36,"gold_loss":0},{"damage_healed":0,"gold_gain":0,"player_choice":"Memory 1","damage_taken":0,"max_hp_gain":0,"max_hp_loss":0,"event_name":"SensoryStone","floor":39,"gold_loss":0}],"is_beta":false,"boss_relics":[{"not_picked":["Ectoplasm","Pandora\u0027s Box"],"picked":"Astrolabe"},{"not_picked":["Tiny House","Velvet Choker"],"picked":"Calling Bell"}],"items_purged_floors":[21,48],"is_endless":false,"potions_floor_spawned":[1,2,10,12,14,16,18,25,27,29,31,33,35,37,41,42,45,47],"ascension_level":5}}