{"host":"309cd6jyiw3t7f6r","time":1613973365,"event":{"mods":["100% Spire Juice","ATMod(阿瑾Mod)","Act Like it!","Arknights","BaseMod","CapriCore","Downfall","Gensokyo","KinomotoSakuraMod(木之本?)","Koishi","KomeijiMod","Marisa（霧雨　魔理沙）","Minty Spire (QoL Compilation)","Prisma Mod","READ ME - Guardian Mod","Reimu（博???）","Remilia（蕾米莉?）","RumiaBox-露米?的神秘盒子","StSLib","The Administrix","The Animator","The Immortal","WarShipGirlsR/??少女R mod","Yakumo Yukari mod","Youmu（魂魄妖?）","noobMod","【角色mod】十八桐人","?留之物"],"gold_per_floor":[131,131,144,163,263,263,296,296,372,390,250,250,52,66,66,168,168,187,206,218,468,208,208,0,0,0,0,100,100,113,129,129,230,230,240,240,88,107,123,155,155,170,170,170,182,193,193,11,11,11],"floor_reached":51,"language":"ZHS","playtime":2876,"items_purged":["AT_purpleEX","AT_purpleEX"],"score":810,"play_id":"3725f79f-7085-4eb4-ae5a-624d09e4dcef","local_time":"20210222135605","is_ascension_mode":true,"campfire_choices":[{"data":"Observe_purple_2","floor":6,"key":"SMITH"},{"data":"SfantasyHide_purple","floor":8,"key":"SMITH"},{"data":"OmniscientAndOmnipotent_Monster_purple","floor":15,"key":"SMITH"},{"floor":23,"key":"REST"},{"data":"Extrememeaning_purpleEX","floor":25,"key":"SMITH"},{"data":"Nest_LightFlightworm_purple","floor":27,"key":"SMITH"},{"data":"StateErode_purple","floor":29,"key":"SMITH"},{"data":"PurpleNeedle_purple","floor":32,"key":"SMITH"},{"data":"Monsters_DoubleDeathButterfly_purple","floor":41,"key":"SMITH"},{"data":"Boundary_of_Extermination_purpleEX","floor":49,"key":"SMITH"}],"circlet_count":0,"master_deck":["AT_purpleEX","Defend_purpleEX","Defend_purpleEX+1","Defend_purpleEX+1","Defend_purpleEX+1","Observe_purple_1+1","Observe_purple_2+1","Extrememeaning_purpleEX+1","DimensionStaggered_purple+1","Line_surface_state_purple","SfantasyHide_purple+1","StateErode_purple+1","OmniscientAndOmnipotent_Monster_purple+1","Nest_LightFlightworm_purple+1","Charmbait_purple+1","Boundary_DreamRealityDamnation_purple+1","PurpleNeedle_purple+1","Umbrella_purple+1","WingOfChimera_purple+1","Monsters_DoubleDeathButterfly_purple+1","Charmbait_purple+1","Observe_purple_2+1","OpenedBox_purple+1","Shallow_ocean_purpleEX+1","Boundary_of_Extermination_purpleEX+1","Mirror_FourBoundary_purple","Boundary_DynamicStaticEquilibrium_purple+1","Fantasy_PerpetualMotionMachine_purple"],"relics":["Boundary_crack","Memoryfragments_purpleEX","AT_ATBox","ice","NeowsBlessing","Gensokyo:OccultBall","Omamori","Bottled Lightning","Ginger","Gensokyo:NagashiBinaDoll","Regal Pillow","War Paint","CaptainsWheel","Parasol_purpleEX","FossilizedHelix","AT_MortalBlade","DollysMirror","Mastiff:ReiMu","Dream Catcher","Kunai"],"acts_visited":["Gensokyo:Gensokyo","Gensokyo:Gensokyoer","Gensokyo:Gensokyoest"],"potions_floor_usage":[10,10,33,33],"damage_taken":[{"damage":0,"enemies":"Gensokyo:Gryphon","floor":1,"turns":1},{"damage":0,"enemies":"Gensokyo:2_Kodama","floor":3,"turns":1},{"damage":0,"enemies":"Gensokyo:3_Fairies","floor":4,"turns":1},{"damage":25,"enemies":"Gensokyo:Aya","floor":7,"turns":12},{"damage":10,"enemies":"Gensokyo:3_Kodama","floor":10,"turns":6},{"damage":3,"enemies":"Gensokyo:Gryphon_and_Rabbit","floor":14,"turns":7},{"damage":40,"enemies":"Gensokyo:Kokoro","floor":16,"turns":9},{"damage":25,"enemies":"Gensokyo:CosmicMonolith","floor":18,"turns":6},{"damage":12,"enemies":"Gensokyo:3_Dogs","floor":19,"turns":5},{"damage":20,"enemies":"Gensokyo:Wraith","floor":20,"turns":4},{"damage":0,"enemies":"Gensokyo:Wraith","floor":28,"turns":5},{"damage":0,"enemies":"Gensokyo:Swordslinger","floor":30,"turns":3},{"damage":16,"enemies":"Gensokyo:Slime_Group","floor":31,"turns":4},{"damage":31,"enemies":"Gensokyo:Kaguya","floor":33,"turns":10},{"damage":2,"enemies":"Gensokyo:AncientGuardian","floor":35,"turns":5},{"damage":0,"enemies":"Gensokyo:3_Boulders","floor":38,"turns":4},{"damage":0,"enemies":"Gensokyo:AtlasGolem","floor":39,"turns":4},{"damage":0,"enemies":"Gensokyo:Doremy","floor":40,"turns":5},{"damage":0,"enemies":"Gensokyo:Rafflesia","floor":42,"turns":5},{"damage":0,"enemies":"Gensokyo:3_Boulders","floor":45,"turns":1},{"damage":0,"enemies":"Gensokyo:AtlasGolem","floor":46,"turns":5},{"damage":0,"enemies":"Gensokyo:Yuyuko","floor":50,"turns":6}],"seed_played":"8316276482921249805","potions_obtained":[{"floor":1,"key":"SkillPotion"},{"floor":7,"key":"Fire Potion"},{"floor":20,"key":"Fire Potion"},{"floor":28,"key":"Fire Potion"},{"floor":30,"key":"Ancient Potion"},{"floor":35,"key":"Fire Potion"},{"floor":42,"key":"SteroidPotion"}],"is_trial":false,"path_per_floor":["M","?","M","M","?","R","E","R","T","M","?","?","$","M","R","B",null,"M","M","M","?","$","R","?","R","T","R","?","R","M","M","R","B",null,"M","?","COS","M","M","E","R","M","T","?","M","M","T","$","R","B",null],"character_chosen":"Youkari","items_purchased":["OmniscientAndOmnipotent_Monster_purple","Regal Pillow","PurpleNeedle_purple","War Paint","Fantasy_PerpetualMotionMachine_purple"],"campfire_rested":1,"item_purchase_floors":[13,13,22,22,48],"current_hp_per_floor":[70,70,70,70,70,70,50,50,50,45,45,45,45,47,47,12,70,49,39,20,20,20,54,54,54,54,54,58,58,60,49,49,19,66,66,66,66,66,66,66,66,66,66,66,66,66,66,66,66,66],"gold":11,"neow_bonus":"THREE_ENEMY_KILL","is_daily":false,"chose_seed":false,"campfire_upgraded":9,"win_rate":0.0,"timestamp":1613973365,"path_taken":["M","?","?","?","?","R","E","R","T","M","?","?","?","M","R","BOSS","M","M","M","?","?","R","?","R","T","R","?","R","M","M","R","BOSS","M","?","COS","?","M","E","R","M","T","?","?","?","?","?","R","BOSS"],"items_purchased_type":["Card","Relic","Card","Relic","Card"],"build_version":"2020-12-22","purchased_purges":2,"victory":true,"max_hp_per_floor":[70,70,70,70,70,70,70,70,70,70,70,70,70,70,70,70,70,70,70,70,66,66,66,66,66,66,66,66,66,66,66,66,66,66,66,66,66,66,66,66,66,66,66,66,66,66,66,66,66,66],"card_choices":[{"not_picked":["MeetDecomposer_purple","AdvanceAttack_purple"],"picked":"Extrememeaning_purpleEX","floor":1},{"not_picked":["Umbrella_purple","Charmbait_purple"],"picked":"DimensionStaggered_purple","floor":3},{"not_picked":["MeetDecomposer_purple","SharpContractionReality_purple"],"picked":"Line_surface_state_purple","floor":4},{"not_picked":["Computing_the_future_purpleEX","Umbrella_purple"],"picked":"SfantasyHide_purple","floor":7},{"not_picked":["RuleDissolution_purple","Boundary_DreamRealityDamnation_purple"],"picked":"StateErode_purple","floor":10},{"not_picked":["SfantasyHide_purple","AdvanceAttack_purple"],"picked":"Nest_LightFlightworm_purple","floor":14},{"not_picked":["Price_of_realm_purpleEX","D_absorption_purple"],"picked":"ProofOfUnderstanding_purple","floor":16},{"not_picked":["ExternalForce_HighSpeedFlying_purple","DimensionStaggered_purple"],"picked":"Charmbait_purple+1","floor":18},{"not_picked":["ExistenceContinue_purple+1","SfantasyHide_purple"],"picked":"Boundary_DreamRealityDamnation_purple+1","floor":19},{"not_picked":["Realm_recovery_purpleEX","MeetDecomposer_purple","SharpContractionReality_purple+1"],"picked":"SKIP","floor":20},{"not_picked":["DimensionStaggered_purple","StretchesForeverDream_purple"],"picked":"Umbrella_purple+1","floor":28},{"not_picked":["ExistenceContinue_purple+1","Erosivefilter_purple"],"picked":"WingOfChimera_purple+1","floor":30},{"not_picked":["Mirror_FormAndEmptin_purple","MeetDecomposer_purple","Realm_recovery_purpleEX+1"],"picked":"SKIP","floor":31},{"not_picked":["D_absorption_purple","Price_of_realm_purpleEX"],"picked":"Monsters_DoubleDeathButterfly_purple","floor":33},{"not_picked":["SfantasyHide_purple","StateErode_purple"],"picked":"Charmbait_purple+1","floor":35},{"not_picked":["StateDuplicate_purple+1","Mirror_FormAndEmptin_purple"],"picked":"OpenedBox_purple+1","floor":38},{"not_picked":["ExistenceContinue_purple","Yakumo_Ran_purple+1"],"picked":"Shallow_ocean_purpleEX+1","floor":39},{"not_picked":["AdvanceAttack_purple","DimensionStaggered_purple+1"],"picked":"Boundary_of_Extermination_purpleEX","floor":40},{"not_picked":["StateDuplicate_purple+1","OmniscientAndOmnipotent_Monster_purple+1","Line_surface_state_purple"],"picked":"SKIP","floor":42},{"not_picked":["WingOfChimera_purple+1","Boundary_ObjectiveBoundary_purple+1"],"picked":"Mirror_FourBoundary_purple","floor":45},{"not_picked":["StateDuplicate_purple","WasteWire_Metro_purple"],"picked":"Boundary_DynamicStaticEquilibrium_purple+1","floor":46}],"player_experience":362574,"relics_obtained":[{"floor":3,"key":"Gensokyo:OccultBall"},{"floor":7,"key":"Omamori"},{"floor":9,"key":"Bottled Lightning"},{"floor":16,"key":"Gensokyo:OccultBall"},{"floor":26,"key":"CaptainsWheel"},{"floor":28,"key":"Parasol_purpleEX"},{"floor":28,"key":"FossilizedHelix"},{"floor":33,"key":"Gensokyo:OccultBall"},{"floor":40,"key":"Mastiff:ReiMu"},{"floor":42,"key":"Gensokyo:OccultBall"},{"floor":43,"key":"Dream Catcher"},{"floor":47,"key":"Kunai"}],"event_choices":[],"is_beta":false,"boss_relics":[{"not_picked":["AddBug","Snecko Eye","Empty Cage"]},{"not_picked":["Astrolabe","Pandora\u0027s Box"],"picked":"AT_MortalBlade"}],"items_purged_floors":[22,48],"is_endless":false,"potions_floor_spawned":[1,7,20,28,30,35,38,42],"ascension_level":1}}