{"host":"g3js2eermvvpeiqn","time":1613958154,"event":{"mods":["BaseMod","DeckTracker","Downfall","Minty Spire (QoL Compilation)","Quick Restart","StSLib"],"gold_per_floor":[99,113,124,34,34,34,108,108,120,132,132,143,28,28,40,136,136,136,151,151,151,163,198,198,198,198,198],"floor_reached":25,"language":"ENG","playtime":1461,"items_purged":["Slimebound:Defend_Slimebound","downfall:Malfunctioning"],"score":327,"play_id":"4af0fcc2-0c7f-4c6f-90b3-04e6aac01fb6","local_time":"20210221194234","is_ascension_mode":true,"campfire_choices":[{"data":"Slimebound:CorrosiveSpit","floor":1.0,"key":"SMITH"},{"data":"Slimebound:ProtectTheBoss","floor":6.0,"key":"SMITH"},{"data":"Slimebound:Grow","floor":11.0,"key":"SMITH"},{"data":"Slimebound:MassRepurpose","floor":18.0,"key":"SMITH"}],"circlet_count":0,"master_deck":["AscendersBane","Slimebound:Tackle+1","Slimebound:Defend_Slimebound+1","Slimebound:Defend_Slimebound+1","Slimebound:Split+1","Slimebound:CorrosiveSpit+1","Slimebound:ProtectTheBoss+1","Slimebound:Prepare","Slimebound:Recollect","Slimebound:Grow+1","Slimebound:GoopSpray","Slimebound:Recollect","Slimebound:MassRepurpose+1","Slimebound:LevelUp","Slimebound:Tackle+1","Slimebound:Tackle+1","Slimebound:Tackle+1","Slimebound:OneTwoCombo","Slimebound:Prepare"],"relics":["Slimebound:AbsorbEndCombat","Slimebound:MaxSlimesRelic","Slimebound:TarBlob","Molten Egg 2","Frozen Egg 2"],"acts_visited":["Exordium","TheCity"],"potions_floor_usage":[],"damage_taken":[{"damage":20.0,"enemies":"Small Slimes","floor":2.0,"turns":3.0},{"damage":2.0,"enemies":"Jaw Worm","floor":3.0,"turns":4.0},{"damage":0.0,"enemies":"downfall:FleeingMerchant","floor":4.0,"turns":4.0},{"damage":0.0,"enemies":"Cultist","floor":9.0,"turns":3.0},{"damage":22.0,"enemies":"Gremlin Gang","floor":10.0,"turns":5.0},{"damage":0.0,"enemies":"3 Louse","floor":12.0,"turns":4.0},{"damage":3.0,"enemies":"downfall:FleeingMerchant","floor":13.0,"turns":4.0},{"damage":4.0,"enemies":"Red Slaver","floor":15.0,"turns":4.0},{"damage":3.0,"enemies":"WA_ARCHETYPE_RETAIN","floor":16.0,"turns":7.0},{"damage":0.0,"enemies":"3 Byrds","floor":19.0,"turns":5.0},{"damage":0,"enemies":"Spheric Guardian","floor":22,"turns":3},{"damage":44,"enemies":"Gremlin Leader","floor":23,"turns":7},{"damage":37,"enemies":"Book of Stabbing","floor":25,"turns":4}],"seed_played":"-2262222498298243426","potions_obtained":[{"floor":2.0,"key":"GamblersBrew"},{"floor":9.0,"key":"CultistPotion"},{"floor":16.0,"key":"Strength Potion"}],"is_trial":false,"path_per_floor":["R","M","M","$","?","R","T","?","M","M","R","M","$","?","M","B",null,"R","M","?","?","M","E","T","E"],"character_chosen":"SLIMEBOUND","items_purchased":[],"campfire_rested":0,"item_purchase_floors":[],"current_hp_per_floor":[59,43,47,51,51,51,51,56,58,40,40,44,47,47,47,52,66,66,70,70,70,70,30,30,0,0,0],"gold":198,"neow_bonus":"UPGRADE_CARD","is_daily":false,"chose_seed":false,"campfire_upgraded":4,"win_rate":0.0,"timestamp":1613958154,"path_taken":["R","M","M","$","?","R","T","?","M","M","R","M","$","?","M","BOSS","R","M","?","?","?","E","T","E"],"items_purchased_type":[],"build_version":"2020-12-22","purchased_purges":2,"victory":false,"max_hp_per_floor":[65,65,65,65,65,65,65,70,70,70,70,70,70,70,70,70,70,70,70,70,70,70,70,70,70,70,70],"card_choices":[{"not_picked":["Slimebound:ComboTackle","Slimebound:Prepare"],"picked":"Slimebound:ProtectTheBoss","floor":2.0},{"not_picked":["Slimebound:ViciousTackle","Slimebound:ComboTackle"],"picked":"Slimebound:Prepare","floor":3.0},{"not_picked":["Slimebound:Grow","Slimebound:CheckThePlaybook"],"picked":"Slimebound:Recollect","floor":4.0},{"not_picked":["Slimebound:Nibble","Slimebound:SplitMire","Slimebound:GoopTackle"],"picked":"SKIP","floor":9.0},{"not_picked":["Slimebound:MegaLick","Slimebound:LeechingTouch"],"picked":"Slimebound:Grow","floor":10.0},{"not_picked":["Slimebound:RainOfGoop","Slimebound:SamplingLick"],"picked":"Slimebound:GoopSpray","floor":12.0},{"not_picked":["Slimebound:FinishingTackle","Slimebound:SplitAcid"],"picked":"Slimebound:Recollect","floor":13.0},{"not_picked":["Slimebound:SpikyOuterGoop","Slimebound:FinishingTackle","Slimebound:RollThrough"],"picked":"SKIP","floor":15.0},{"not_picked":["Slimebound:FirmFortitude","Slimebound:Teamwork"],"picked":"Slimebound:MassRepurpose","floor":16.0},{"not_picked":["Slimebound:Gluttony","Slimebound:Schlurp"],"picked":"Slimebound:LevelUp","floor":19.0},{"not_picked":["Slimebound:Schlurp","Slimebound:Gluttony"],"picked":"Slimebound:Prepare","floor":22},{"not_picked":["Slimebound:TongueLash+1","Slimebound:ComboTackle+1","Slimebound:LeechingTouch+1"],"picked":"SKIP","floor":23}],"player_experience":1549592,"relics_obtained":[{"floor":7.0,"key":"Slimebound:MaxSlimesRelic"},{"floor":23,"key":"Molten Egg 2"},{"floor":24,"key":"Frozen Egg 2"}],"event_choices":[{"damage_healed":0.0,"max_hp_gain":5.0,"max_hp_loss":0.0,"gold_gain":0.0,"event_name":"Big Fish","player_choice":"Donut","floor":8.0,"gold_loss":0.0,"damage_taken":0.0},{"cards_removed":["Slimebound:Defend_Slimebound"],"damage_healed":0.0,"max_hp_gain":0.0,"max_hp_loss":0.0,"gold_gain":0.0,"event_name":"The Cleric","player_choice":"Card Removal","floor":14.0,"gold_loss":0.0,"damage_taken":0.0}],"is_beta":false,"boss_relics":[{"not_picked":["SlaversCollar","SacredBark"],"picked":"Slimebound:TarBlob"}],"items_purged_floors":[4,13],"is_endless":false,"potions_floor_spawned":[2,9,12,16,22],"killed_by":"Book of Stabbing","ascension_level":11}}