{"host":"i45hfqkcke4zequp","time":1613999237,"event":{"mods":["AchievementEnabler","BaseMod","BetterRewards","Minty Spire (QoL Compilation)","Permanent Neow","Shop Mod","SuperFastMode"],"gold_per_floor":[117,142,142,157,177,177,28,58,58,6,6,33,58,76,76,150,150,160,194,194,10,30,62,35,35,61,61,61,61,74,101,101,179,179,189,189,189,73,295,295,327,327,353,353,24,34,11,30,30,30],"floor_reached":51,"language":"KOR","playtime":3206,"items_purged":["Regret"],"score":1374,"play_id":"593351f5-7894-4986-aed2-0aedc9122cde","local_time":"20210222220717","is_ascension_mode":true,"campfire_choices":[{"floor":6.0,"key":"REST"},{"floor":15.0,"key":"REST"},{"floor":25.0,"key":"REST"},{"data":"Creative AI","floor":27.0,"key":"SMITH"},{"data":"White Noise","floor":32.0,"key":"SMITH"},{"data":"Defragment","floor":40.0,"key":"SMITH"},{"data":"Dualcast","floor":42.0,"key":"SMITH"},{"data":"Electrodynamics","floor":49.0,"key":"SMITH"}],"circlet_count":0,"master_deck":["AscendersBane","Strike_B","Strike_B","Strike_B","Defend_B","Defend_B","Defend_B","Defend_B","Zap","Dualcast+1","White Noise+1","Leap","Gash","Electrodynamics+1","Auto Shields","Gash","Sweeping Beam","Self Repair","Creative AI+1","Turbo+1","All For One+1","BootSequence+1","All For One+1","Turbo+1","Creative AI+1","Compile Driver+1","All For One+1","Gash+1","Madness+1","Madness+1","Defragment+1","Hologram+1","Swift Strike+1","Gash+1","Sweeping Beam+1","Violence+1","Chrysalis+1","Heatsinks","Sunder+1","Barrage+1","Dark Shackles+1","Doom and Gloom+1","Gash+1","Gash+1"],"relics":["Cracked Core","Incense Burner","Unceasing Top","Regal Pillow","Omamori","InkBottle","Torii","Toxic Egg 2","Matryoshka","Eternal Feather","Akabeko","Calling Bell","Boot","Molten Egg 2","Dead Branch","Red Mask","Letter Opener","Membership Card","Bag of Marbles","Lantern","Blood Vial","DataDisk","Black Star","MealTicket","PreservedInsect","Dream Catcher","Mummified Hand","Orichalcum"],"acts_visited":["Exordium","TheCity","TheBeyond"],"potions_floor_usage":[50],"damage_taken":[{"damage":6.0,"enemies":"Cultist","floor":1.0,"turns":3.0},{"damage":8.0,"enemies":"2 Louse","floor":4.0,"turns":3.0},{"damage":17.0,"enemies":"Jaw Worm","floor":5.0,"turns":3.0},{"damage":11.0,"enemies":"Gremlin Nob","floor":8.0,"turns":4.0},{"damage":35.0,"enemies":"3 Sentries","floor":12.0,"turns":5.0},{"damage":4.0,"enemies":"Blue Slaver","floor":14.0,"turns":3.0},{"damage":13.0,"enemies":"The Guardian","floor":16.0,"turns":11.0},{"damage":19.0,"enemies":"Chosen","floor":18.0,"turns":5.0},{"damage":25.0,"enemies":"Masked Bandits","floor":19.0,"turns":3.0},{"damage":10.0,"enemies":"2 Thieves","floor":22.0,"turns":4.0},{"damage":30.0,"enemies":"Gremlin Leader","floor":23.0,"turns":4.0},{"damage":23.0,"enemies":"Sentry and Sphere","floor":30.0,"turns":4.0},{"damage":8.0,"enemies":"Champ","floor":33.0,"turns":7.0},{"damage":19.0,"enemies":"3 Shapes","floor":35.0,"turns":5.0},{"damage":29.0,"enemies":"Reptomancer","floor":41.0,"turns":5.0},{"damage":0.0,"enemies":"Orb Walker","floor":46.0,"turns":2.0},{"damage":10.0,"enemies":"Maw","floor":48.0,"turns":4.0},{"damage":0,"enemies":"Donu and Deca","floor":50,"turns":2}],"seed_played":"515512110733279514","potions_obtained":[{"floor":4.0,"key":"DistilledChaos"},{"floor":5.0,"key":"DistilledChaos"},{"floor":14.0,"key":"FocusPotion"},{"floor":19.0,"key":"Swift Potion"},{"floor":22.0,"key":"PotionOfCapacity"},{"floor":35.0,"key":"Swift Potion"},{"floor":46.0,"key":"Fire Potion"}],"is_trial":false,"path_per_floor":["M","T","?","M","M","R","$","E","T","$","T","E","T","M","R","B",null,"M","?","?","$","M","E","$","R","T","R","?","?","M","T","R","B",null,"M","?","?","$","?","R","E","R","T","?","$","M","$","M","R","B",null],"character_chosen":"DEFECT","items_purchased":["Electrodynamics","Gash","Membership Card","Turbo+1","Defragment","Hologram+1","Swift Strike+1","Gash+1","Mummified Hand","Heatsinks","Sunder+1","Orichalcum","Barrage+1","Dark Shackles+1","Gash+1"],"campfire_rested":3,"item_purchase_floors":[7,10,21,24,38,38,38,38,45,45,45,45,45,45,47],"current_hp_per_floor":[44,44,44,36,19,55,55,44,44,44,44,9,9,5,53,40,63,58,40,40,40,37,14,14,65,65,71,71,71,55,55,70,70,71,52,43,43,43,43,61,41,62,62,57,71,71,71,68,71,71],"gold":30,"neow_bonus":"","is_daily":false,"chose_seed":false,"campfire_upgraded":5,"win_rate":0.0,"timestamp":1613999237,"path_taken":["M","?","?","M","M","R","?","E","T","$","?","E","?","?","R","BOSS","M","?","?","$","M","E","$","R","T","R","?","?","?","?","R","BOSS","M","?","?","$","?","R","E","R","T","?","?","M","$","?","R","BOSS"],"items_purchased_type":["Card","Card","Relic","Card","Card","Card","Card","Card","Relic","Card","Card","Relic","Card","Card","Card"],"build_version":"2020-12-22","purchased_purges":1,"victory":true,"max_hp_per_floor":[71,71,71,71,71,71,71,71,71,71,71,71,71,71,71,71,71,71,71,71,71,71,71,71,71,71,71,71,71,71,71,71,71,71,71,71,71,71,71,71,71,71,71,71,71,71,71,71,71,71],"card_choices":[{"not_picked":["Gash","Defragment"],"picked":"White Noise","floor":1.0},{"not_picked":["Compile Driver","Stack"],"picked":"Leap","floor":4.0},{"not_picked":["Ball Lightning","Barrage"],"picked":"Gash","floor":5.0},{"not_picked":["Leap","Chaos"],"picked":"Auto Shields","floor":8.0},{"not_picked":["Recycle+1","Leap+1"],"picked":"Sweeping Beam","floor":12.0},{"not_picked":["Chaos+1","Streamline"],"picked":"Self Repair","floor":14.0},{"not_picked":["Biased Cognition","Meteor Strike"],"picked":"Creative AI","floor":16.0},{"not_picked":["Leap+1","Barrage+1"],"picked":"Turbo+1","floor":18.0},{"not_picked":["Scrape+1","Cold Snap+1"],"picked":"All For One+1","floor":19.0},{"not_picked":["Sweeping Beam+1","Consume+1"],"picked":"BootSequence+1","floor":22.0},{"not_picked":["Hello World","Leap+1"],"picked":"All For One+1","floor":23.0},{"not_picked":["Sweeping Beam+1","Hello World"],"picked":"Compile Driver+1","floor":30.0},{"not_picked":["Machine Learning","Meteor Strike+1"],"picked":"All For One+1","floor":33.0},{"not_picked":["Sweeping Beam+1","Cold Snap+1"],"picked":"Gash+1","floor":35.0},{"not_picked":["Rebound+1","Coolheaded+1"],"picked":"Sweeping Beam+1","floor":41.0},{"not_picked":["Impatience+1","Blind+1"],"picked":"Violence+1","floor":44.0},{"not_picked":["Panache","Master of Strategy+1"],"picked":"Chrysalis+1","floor":44.0},{"not_picked":["Conserve Battery+1","Chill+1"],"picked":"Doom and Gloom+1","floor":46.0},{"not_picked":["Doom and Gloom+1","Rebound+1"],"picked":"Gash+1","floor":48.0}],"player_experience":584209,"relics_obtained":[{"floor":2.0,"key":"Regal Pillow"},{"floor":8.0,"key":"InkBottle"},{"floor":9.0,"key":"Torii"},{"floor":11.0,"key":"Toxic Egg 2"},{"floor":12.0,"key":"Matryoshka"},{"floor":13.0,"key":"Eternal Feather"},{"floor":13.0,"key":"Akabeko"},{"floor":17.0,"key":"Boot"},{"floor":17.0,"key":"Molten Egg 2"},{"floor":17.0,"key":"Dead Branch"},{"floor":19.0,"key":"Red Mask"},{"floor":23.0,"key":"Bag of Marbles"},{"floor":26.0,"key":"Lantern"},{"floor":26.0,"key":"Blood Vial"},{"floor":31.0,"key":"DataDisk"},{"floor":41.0,"key":"MealTicket"},{"floor":41.0,"key":"PreservedInsect"},{"floor":43.0,"key":"Dream Catcher"}],"event_choices":[{"damage_healed":0.0,"max_hp_gain":0.0,"max_hp_loss":0.0,"gold_gain":0.0,"event_name":"Big Fish","player_choice":"Box","floor":3.0,"gold_loss":0.0,"damage_taken":0.0,"relics_obtained":["Omamori"],"cards_obtained":["Regret"]},{"damage_healed":0.0,"max_hp_gain":0.0,"max_hp_loss":0.0,"gold_gain":0.0,"event_name":"Masked Bandits","player_choice":"Fought Bandits","floor":19.0,"gold_loss":0.0,"damage_taken":0.0},{"damage_healed":0.0,"max_hp_gain":0.0,"max_hp_loss":0.0,"gold_gain":0.0,"event_name":"The Mausoleum","player_choice":"Opened","floor":20.0,"gold_loss":0.0,"damage_taken":0.0,"relics_obtained":["Letter Opener"],"cards_obtained":["Writhe"]},{"damage_healed":0.0,"max_hp_gain":0.0,"max_hp_loss":0.0,"gold_gain":0.0,"event_name":"Ghosts","player_choice":"Ignored","floor":28.0,"gold_loss":0.0,"damage_taken":0.0},{"damage_healed":0.0,"max_hp_gain":0.0,"max_hp_loss":0.0,"gold_gain":0.0,"event_name":"Duplicator","player_choice":"Copied","floor":29.0,"gold_loss":0.0,"damage_taken":0.0,"cards_obtained":["Creative AI"]},{"damage_healed":0.0,"max_hp_gain":0.0,"max_hp_loss":0.0,"gold_gain":0.0,"event_name":"Winding Halls","player_choice":"Embrace Madness","floor":36.0,"gold_loss":0.0,"damage_taken":9.0,"cards_obtained":["Madness","Madness"]},{"cards_removed":["Strike_B"],"damage_healed":0.0,"max_hp_gain":0.0,"max_hp_loss":0.0,"gold_gain":0.0,"event_name":"Falling","player_choice":"Removed Attack","floor":37.0,"gold_loss":0.0,"damage_taken":0.0},{"damage_healed":0.0,"max_hp_gain":0.0,"max_hp_loss":0.0,"gold_gain":222.0,"event_name":"Tomb of Lord Red Mask","player_choice":"Wore Mask","floor":39.0,"gold_loss":0.0,"damage_taken":0.0},{"damage_healed":0.0,"max_hp_gain":0.0,"max_hp_loss":0.0,"gold_gain":0.0,"event_name":"SensoryStone","player_choice":"Memory 2","floor":44.0,"gold_loss":0.0,"damage_taken":5.0}],"is_beta":false,"boss_relics":[{"not_picked":["Astrolabe","FrozenCore"],"picked":"Calling Bell"},{"not_picked":["Snecko Eye","Velvet Choker"],"picked":"Black Star"}],"items_purged_floors":[21],"is_endless":false,"potions_floor_spawned":[4,5,14,19,22,35,46],"ascension_level":14}}