{"host":"72n3jwtrlpjobydj","time":1613975157,"event":{"mods":["AchievementEnabler","Act Like it!","Arknights","BaseMod","CapriCore","DeckTracker","Hermit","Koishi","Lobotomy","Marisa£¨Ùöéë¡¡Øª×âÞÞ£©","Minty Spire (QoL Compilation)","Permanent Neow","StSLib","SuperFastMode","The Cursed","The Gatherer","The Hierophant","The Immortal"],"gold_per_floor":[110,31,42,42,61,80,90,16,39,39,73,93,48,58,58,154,154,171,171,185,185,185],"floor_reached":21,"language":"KOR","playtime":610,"items_purged":[],"score":183,"play_id":"34c712ad-95ae-45ba-b9c3-501be205dbe3","local_time":"20210222152557","is_ascension_mode":false,"campfire_choices":[{"data":"Koishi:Catatonia","floor":10,"key":"SMITH"},{"floor":15,"key":"REST"}],"circlet_count":0,"master_deck":["Koishi:BasicStrike","Koishi:BasicStrike","Koishi:BasicStrike","Koishi:BasicStrike","Koishi:BasicDefend","Koishi:BasicDefend","Koishi:BasicDefend","Koishi:Provoke","Koishi:HauntingSlash","Koishi:ParalyzingFear+1","Koishi:TremblingHands","Koishi:Catatonia+1","Koishi:JumpScare","Koishi:RacingHeart","Koishi:JumpScare","Koishi:RacingHeart+1","Koishi:ParalyzingFear","Koishi:StingingMind","Koishi:TerrifyingSpectre","Koishi:RacingHeart"],"relics":["Koishi:ImaginaryFriend","NeowsBlessing","Whetstone","Koishi:ColorfulDays"],"acts_visited":["Exordium","TheCity"],"potions_floor_usage":[4,12,16,21,21],"damage_taken":[{"damage":0,"enemies":"Small Slimes","floor":1,"turns":1},{"damage":0,"enemies":"Cultist","floor":3,"turns":1},{"damage":0,"enemies":"Jaw Worm","floor":5,"turns":1},{"damage":3,"enemies":"Looter","floor":6,"turns":3},{"damage":4,"enemies":"Red Slaver","floor":7,"turns":4},{"damage":21,"enemies":"Lagavulin","floor":11,"turns":6},{"damage":27,"enemies":"Gremlin Gang","floor":12,"turns":7},{"damage":13,"enemies":"3 Louse","floor":14,"turns":4},{"damage":36,"enemies":"Slime Boss","floor":16,"turns":14},{"damage":28,"enemies":"3 Byrds","floor":18,"turns":6},{"damage":31,"enemies":"Spheric Guardian","floor":20,"turns":5},{"damage":36,"enemies":"3 Cultists","floor":21,"turns":4}],"seed_played":"2987191196300808345","potions_obtained":[{"floor":1,"key":"LiquidBronze"},{"floor":3,"key":"BlessingOfTheForge"},{"floor":4,"key":"Fruit Juice"},{"floor":4,"key":"Dexterity Potion"},{"floor":16,"key":"SpeedPotion"}],"is_trial":false,"path_per_floor":["M","$","M","?","M","M","M","$","T","R","E","M","$","M","R","B",null,"M","?","M","M"],"character_chosen":"KOISHI","items_purchased":["Koishi:TremblingHands","Koishi:JumpScare","Koishi:RacingHeart","Koishi:ParalyzingFear"],"campfire_rested":1,"item_purchase_floors":[2,8,8,13],"current_hp_per_floor":[60,60,60,65,65,64,63,63,63,63,54,35,35,30,49,17,65,46,46,21,0,0],"gold":185,"neow_bonus":"THREE_ENEMY_KILL","is_daily":false,"chose_seed":false,"campfire_upgraded":1,"win_rate":0.0,"timestamp":1613975157,"path_taken":["M","$","M","?","M","M","M","$","T","R","E","M","?","M","R","BOSS","M","?","M","M"],"items_purchased_type":["Card","Card","Card","Card"],"build_version":"2020-12-22","purchased_purges":0,"victory":false,"max_hp_per_floor":[60,60,60,65,65,65,65,65,65,65,65,65,65,65,65,65,65,65,65,65,65,65],"card_choices":[{"not_picked":["Koishi:ReleaseOfTheId","Koishi:UnconsciousUrges"],"picked":"Koishi:ParalyzingFear","floor":1},{"not_picked":["Koishi:RacingHeart","Koishi:DreadfulBlow"],"picked":"Koishi:Catatonia","floor":3},{"not_picked":["Koishi:ReflexRadar","Koishi:BloodcurdlingScream"],"picked":"Koishi:JumpScare","floor":5},{"not_picked":["Koishi:EmbryosDream","Koishi:Jaunt"],"picked":"Koishi:RacingHeart","floor":6},{"not_picked":["Koishi:GeneticsOfTheUnconscious","Koishi:SubconsciousSweep","Koishi:SubterraneanRose"],"picked":"SKIP","floor":7},{"not_picked":["Koishi:Heartbroken","Koishi:GeneticsOfTheUnconscious","Koishi:VengefulSpirit"],"picked":"SKIP","floor":11},{"not_picked":["Koishi:PhantomBarrier","Koishi:Untouchable","Koishi:SpiritedAway"],"picked":"SKIP","floor":12},{"not_picked":["Koishi:GeneticsOfTheUnconscious","Koishi:UnconsciousUprising"],"picked":"Koishi:StingingMind","floor":14},{"not_picked":["Koishi:ConditionedTeleport","Koishi:Ego"],"picked":"Koishi:TerrifyingSpectre","floor":16},{"not_picked":["Koishi:ReflexRadar+1","Koishi:ApparitionsStalkTheNight"],"picked":"Koishi:RacingHeart","floor":18},{"not_picked":["Koishi:RacingHeart+1","Koishi:ApparitionsStalkTheNight","Koishi:HeartfeltFancy+1"],"picked":"SKIP","floor":20}],"player_experience":120552,"relics_obtained":[{"floor":11,"key":"Whetstone"}],"event_choices":[{"damage_healed":0,"gold_gain":0,"player_choice":"Got Potions","damage_taken":0,"max_hp_gain":0,"max_hp_loss":0,"event_name":"Lab","floor":4,"gold_loss":0},{"cards_removed":["Koishi:BasicDefend"],"damage_healed":0,"gold_gain":0,"player_choice":"Offered Basic","damage_taken":0,"max_hp_gain":0,"max_hp_loss":0,"event_name":"Bonfire Elementals","floor":19,"gold_loss":0}],"is_beta":false,"boss_relics":[{"not_picked":["Ectoplasm","Black Star"],"picked":"Koishi:ColorfulDays"}],"items_purged_floors":[],"is_endless":false,"potions_floor_spawned":[1,3,7,16],"killed_by":"3 Cultists","ascension_level":0}}