{"host":"fuszjwm6fqgjjp4d","time":1613968945,"event":{"mods":["BaseMod","Colored Map","Minty Spire (QoL Compilation)","Permanent Neow","Relic Sorter","Relic Stats","StSLib"],"gold_per_floor":[111,127,138,138,158,187,187,187,233,233,253,283,283,300,300,300,300],"floor_reached":16,"language":"ENG","playtime":267,"items_purged":[],"score":224,"play_id":"40ecbba9-9c7f-4ab1-9a56-965d8d395100","local_time":"20210221224225","is_ascension_mode":true,"campfire_choices":[{"floor":7.0,"key":"REST"},{"floor":10.0,"key":"REST"},{"floor":15,"key":"REST"}],"circlet_count":0,"master_deck":["AscendersBane","Strike_R","Strike_R","Strike_R","Strike_R","Strike_R","Defend_R","Defend_R","Defend_R+1","Defend_R","Bash","Wild Strike","Inflame","Flex","Combust","Shrug It Off+1","Thunderclap","Shockwave","Corruption"],"relics":["Burning Blood","NeowsBlessing","Kunai","MealTicket","Anchor","Charon\u0027s Ashes"],"acts_visited":["Exordium"],"potions_floor_usage":[12,14],"damage_taken":[{"damage":0.0,"enemies":"Cultist","floor":1.0,"turns":1.0},{"damage":0.0,"enemies":"Jaw Worm","floor":2.0,"turns":1.0},{"damage":0.0,"enemies":"Small Slimes","floor":3.0,"turns":1.0},{"damage":19.0,"enemies":"3 Louse","floor":5.0,"turns":4.0},{"damage":59.0,"enemies":"Gremlin Nob","floor":6.0,"turns":5.0},{"damage":17,"enemies":"Lots of Slimes","floor":11,"turns":4},{"damage":18,"enemies":"Lagavulin","floor":12,"turns":6},{"damage":2,"enemies":"Gremlin Gang","floor":14,"turns":3},{"damage":38,"enemies":"Slime Boss","floor":16,"turns":3}],"seed_played":"5211664448100761299","potions_obtained":[{"floor":2.0,"key":"Weak Potion"},{"floor":6.0,"key":"LiquidBronze"},{"floor":11,"key":"AttackPotion"}],"is_trial":false,"path_per_floor":["M","M","M","?","M","E","R","?","T","R","M","E","?","M","R","B"],"character_chosen":"IRONCLAD","items_purchased":[],"campfire_rested":3,"item_purchase_floors":[],"current_hp_per_floor":[74,75,75,75,62,9,31,8,8,30,19,7,7,11,33,0,0],"gold":300,"neow_bonus":"THREE_ENEMY_KILL","is_daily":false,"chose_seed":false,"campfire_upgraded":0,"win_rate":0.0,"timestamp":1613968945,"path_taken":["M","M","?","?","?","E","R","?","T","R","M","E","?","M","R","BOSS"],"items_purchased_type":[],"build_version":"2020-12-22","purchased_purges":0,"victory":false,"max_hp_per_floor":[75,75,75,75,75,75,75,75,75,75,75,75,75,75,75,75,75],"relic_stats":{"counters":[9,28],"MealTicket":0,"Charon\u0027s Ashes":[21],"Kunai":[3],"obtain_stats":[{"Anchor":9,"NeowsBlessing":0,"MealTicket":6,"Charon\u0027s Ashes":12,"Kunai":4,"Burning Blood":0},{"Anchor":5,"NeowsBlessing":0,"MealTicket":5,"Charon\u0027s Ashes":7,"Kunai":3,"Burning Blood":0},{"Anchor":12,"NeowsBlessing":0,"MealTicket":12,"Charon\u0027s Ashes":22,"Kunai":3,"Burning Blood":0}],"Burning Blood":37},"card_choices":[{"not_picked":["Flex","Warcry"],"picked":"Wild Strike","floor":1.0},{"not_picked":["Shrug It Off","Headbutt"],"picked":"Inflame","floor":2.0},{"not_picked":["Rampage","Thunderclap"],"picked":"Flex","floor":3.0},{"not_picked":["Rage","Feel No Pain"],"picked":"Combust","floor":5.0},{"not_picked":["Dual Wield","Anger"],"picked":"Shrug It Off","floor":6.0},{"not_picked":["Dark Embrace","Battle Trance"],"picked":"Thunderclap","floor":11},{"not_picked":["Perfected Strike","Metallicize"],"picked":"Shockwave","floor":12},{"not_picked":["Thunderclap","Clash"],"picked":"Corruption","floor":14}],"player_experience":1511978,"relics_obtained":[{"floor":6.0,"key":"MealTicket"},{"floor":9.0,"key":"Anchor"},{"floor":12,"key":"Charon\u0027s Ashes"}],"event_choices":[{"damage_healed":0.0,"max_hp_gain":0.0,"max_hp_loss":0.0,"gold_gain":0.0,"event_name":"WeMeetAgain","player_choice":"Gave Potion","floor":4.0,"gold_loss":0.0,"damage_taken":0.0,"relics_obtained":["Kunai"]},{"damage_healed":0.0,"max_hp_gain":0.0,"max_hp_loss":0.0,"gold_gain":0.0,"event_name":"Shining Light","player_choice":"Entered Light","floor":8.0,"gold_loss":0.0,"damage_taken":23.0,"cards_upgraded":["Shrug It Off","Defend_R"]},{"damage_healed":0,"gold_gain":0,"player_choice":"Ignored","damage_taken":0,"max_hp_gain":0,"max_hp_loss":0,"event_name":"Liars Game","floor":13,"gold_loss":0}],"is_beta":false,"boss_relics":[],"items_purged_floors":[],"is_endless":false,"potions_floor_spawned":[2,6,11],"killed_by":"Slime Boss","ascension_level":20}}