{"host":"lg2j834m1ujxvni0","time":1613954643,"event":{"mods":["AchievementEnabler","BaseMod","Beaked The Cultist","Better Vampires","BetterRewards","Colored Map","Colored Powertips","Conspire","Downfall","Gremlin Mod","Hermit","Highlight Path","Hubris","Infinite Spire","Mimic Mod","Minty Spire (QoL Compilation)","Quick Restart","Replay The Spire","Shade Mod","Shop Mod","StSLib","The Bladedancer","The Bug Knight","The Construct","The Cursed","The Death Knight","The Disciple","The Elementalist","The Forsaken","The Hayseed","The IronCluck","The Judge","The Jungle","The Runesmith","The Servant 0.9.4","The Witch"],"gold_per_floor":[99,118,118,118,138,138,138,165,165,183,183,183,183,129,29,56,71,173,173,173,188,207,207,207,226,226,226,251,23,53,65,65,97,108,108,108,108],"floor_reached":35,"language":"ENG","playtime":4035,"items_purged":["Amnesia","Exchange"],"score":328,"play_id":"daf17b8d-a95c-40eb-8d2a-00469208dc58","local_time":"20210221194403","is_ascension_mode":false,"campfire_choices":[{"data":"bronze:Strike","floor":1.0,"key":"PURGE"},{"data":"bronze:Goto","floor":9.0,"key":"SMITH"},{"floor":11.0,"key":"RECALL"},{"data":"bronze:CloningBeam","floor":15.0,"key":"SMITH"},{"data":"bronze:RecursiveStrike","floor":27.0,"key":"SMITH"}],"circlet_count":0,"master_deck":["bronze:Strike","bronze:Strike","bronze:Defend","bronze:Defend","bronze:Defend","bronze:Defend","bronze:Replicate","bronze:Goto+1","bronze:Branch","bronze:Iterate","Voices","bronze:Repair","bronze:ClassDefault","bronze:CloningBeam+1","bronze:WhirlingStrike","bronze:WhirlingStrike","bronze:Terminator","bronze:BugBarrage","bronze:RecursiveStrike+1","EternalThirst","bronze:ShipIt","ReplayTheSpireMod:Uncanny Aura","infinitespire:Execution","RitualDagger","bronze:Shield","bronze:Iterate+1","hubris:Lust","infinitespire:Oblivion","bronze:DelayedSlice+1","bronze:Flail","bronze:ItsAFeature","bronze:Safeguard","Swift Strike","bronze:Flail","bronze:Invalidate+1"],"relics":["bronze:BronzeCore","Bronze Scales","hubris:Spice","ReplayTheSpireMod:Ring of Sloth","Ring of Fangs","Shuriken","Replay:Bottled Flurry","downfall:HeartBlessingRed","Turnip","ReplayTheSpireMod:SealedPack","Replay:Lucky Slots","theForsaken:PaleLantern","bronze:ProtectiveGoggles","hubris:Towel"],"acts_visited":["Exordium","TheCity"],"potions_floor_usage":[35,35],"damage_taken":[{"damage":4.0,"enemies":"Small Slimes","floor":2.0,"turns":4.0},{"damage":1.0,"enemies":"2 Louse","floor":5.0,"turns":2.0},{"damage":16.0,"enemies":"3 Sentries","floor":8.0,"turns":8.0},{"damage":0.0,"enemies":"Jaw Worm","floor":10.0,"turns":3.0},{"damage":5.0,"enemies":"downfall:FleeingMerchant","floor":14.0,"turns":4.0},{"damage":10.0,"enemies":"Lagavulin","floor":16.0,"turns":4.0},{"damage":6.0,"enemies":"Exordium Wildlife","floor":17.0,"turns":3.0},{"damage":41.0,"enemies":"DF_ARCHETYPE_STREAMLINE","floor":18.0,"turns":8.0},{"damage":20.0,"enemies":"Spheric Guardian","floor":21.0,"turns":6.0},{"damage":27.0,"enemies":"Centurion and Healer","floor":22.0,"turns":5.0},{"damage":5.0,"enemies":"Snake Plant","floor":25.0,"turns":3.0},{"damage":20.0,"enemies":"Nightmare","floor":28.0,"turns":5.0},{"damage":15.0,"enemies":"downfall:FleeingMerchant","floor":29.0,"turns":4.0},{"damage":55.0,"enemies":"conspire:MimicChest","floor":30.0,"turns":5.0},{"damage":11.0,"enemies":"Sentry and Sphere","floor":31.0,"turns":4.0},{"damage":5.0,"enemies":"conspire:Head Lice","floor":33.0,"turns":6.0},{"damage":0.0,"enemies":"Shelled Parasite and Fungi","floor":34.0,"turns":1.0},{"damage":34,"enemies":"SI_MIRROR_ARCHETYPE","floor":35,"turns":4}],"seed_played":"1545157997324000658","potions_obtained":[{"floor":5.0,"key":"Block Potion"},{"floor":10.0,"key":"Doom Potion"},{"floor":16.0,"key":"Explosive Potion"},{"floor":17.0,"key":"Elixir"},{"floor":22.0,"key":"Block Potion"},{"floor":25.0,"key":"Adrenaline Potion"},{"floor":28.0,"key":"FairyPotion"},{"floor":34.0,"key":"GamblersBrew"}],"is_trial":false,"path_per_floor":["R_BF","M","?","?","M","?","T","E","R","M","R","PTL","PTL","$","R","E","M","B",null,"R_BF","M","M","?","AVR","M","T","R","NM","$","?","M","?","E","M","B"],"character_chosen":"THE_AUTOMATON","items_purchased":["bronze:WhirlingStrike","bronze:Safeguard","Swift Strike"],"campfire_rested":0,"item_purchase_floors":[14,29,29],"current_hp_per_floor":[70,66,66,62,61,61,61,45,45,52,52,52,52,54,54,51,52,18,78,72,58,46,46,46,48,56,56,43,35,32,21,21,16,23,0,0,0],"gold":108,"neow_bonus":"RANDOM_COMMON_RELIC","is_daily":false,"chose_seed":false,"campfire_upgraded":3,"win_rate":0.0,"timestamp":1613954643,"path_taken":["R_BF","M","?","?","M","?","T","E","R","M","R","PTL","PTL","$","R","E","M","BOSS","R_BF","M","M","?","AVR","M","T","R","NM","$","?","?","?","E","M","BOSS"],"items_purchased_type":["Card","Card","Card"],"build_version":"2020-12-22","purchased_purges":2,"victory":false,"max_hp_per_floor":[70,70,70,78,78,78,78,78,78,78,78,78,78,78,78,78,78,78,78,78,78,78,78,78,78,86,86,86,86,78,70,70,54,54,54,54,54],"card_choices":[{"not_picked":["bronze:Overload","bronze:Frontload"],"picked":"bronze:Branch","floor":2.0},{"not_picked":["bronze:MaxOutput","bronze:DarkDash"],"picked":"bronze:Iterate","floor":5.0},{"not_picked":["bronze:BronzeOrb","bronze:OilSpill"],"picked":"bronze:Repair","floor":8.0},{"not_picked":["bronze:Overheat","bronze:Invalidate"],"picked":"bronze:ClassDefault","floor":10.0},{"not_picked":["bronze:ThunderWave","bronze:Invalidate"],"picked":"bronze:CloningBeam","floor":14.0},{"not_picked":["bronze:WildBeam","bronze:ForLoop"],"picked":"bronze:Terminator","floor":16.0},{"not_picked":["bronze:Backtrace","bronze:CutThrough"],"picked":"bronze:BugBarrage","floor":17.0},{"not_picked":["bronze:ThunderWave","bronze:FindAndReplace"],"picked":"bronze:RecursiveStrike","floor":18.0},{"not_picked":["blademaster:Lacerate","Gremlin:GremlinDance"],"picked":"Exchange","floor":19.0},{"not_picked":["bronze:Verify","bronze:FindAndReplace"],"picked":"bronze:ShipIt","floor":19.0},{"not_picked":["Survey Options","Good Instincts"],"picked":"ReplayTheSpireMod:Uncanny Aura","floor":19.0},{"not_picked":["infinitespire:FinalStrike","infinitespire:SevenWalls"],"picked":"infinitespire:Execution","floor":19.0},{"not_picked":["bronze:Invalidate","bronze:Overheat"],"picked":"bronze:Shield","floor":21.0},{"not_picked":["bronze:WhirlingStrike","bronze:Terminator+1"],"picked":"bronze:Iterate+1","floor":22.0},{"not_picked":["hubris:Rewind","hubris:InfiniteBlow"],"picked":"infinitespire:Oblivion","floor":23.0},{"not_picked":["bronze:Shell","bronze:Invalidate"],"picked":"bronze:DelayedSlice+1","floor":25.0},{"not_picked":["bronze:BugBarrage","bronze:Constructor+1"],"picked":"bronze:Flail","floor":28.0},{"not_picked":["bronze:Fortify+1","bronze:WildBeam"],"picked":"bronze:ItsAFeature","floor":29.0},{"not_picked":["bronze:Turbo","bronze:CutThrough"],"picked":"bronze:Flail","floor":30.0},{"not_picked":["hubris:SpiceAddiction","bronze:Branch"],"picked":"hubris:SpiceAddiction","floor":31.0},{"not_picked":["bronze:NullPointer","bronze:Constructor+1"],"picked":"hubris:SpiceAddiction","floor":33.0},{"not_picked":["bronze:BuggyMess","bronze:Overheat"],"picked":"bronze:Invalidate+1","floor":34.0}],"player_experience":211972,"relics_obtained":[{"floor":6.0,"key":"ReplayTheSpireMod:Ring of Sloth"},{"floor":6.0,"key":"Ring of Fangs"},{"floor":7.0,"key":"Shuriken"},{"floor":8.0,"key":"Replay:Bottled Flurry"},{"floor":16.0,"key":"Turnip"},{"floor":26.0,"key":"hubris:Spice"},{"floor":28.0,"key":"bronze:ProtectiveGoggles"},{"floor":30.0,"key":"hubris:Spice"},{"floor":33.0,"key":"hubris:Spice"}],"event_choices":[{"damage_healed":0.0,"max_hp_gain":0.0,"max_hp_loss":0.0,"gold_gain":0.0,"event_name":"Scrap Ooze","player_choice":"Success","floor":4.0,"gold_loss":0.0,"damage_taken":12.0,"relics_obtained":["hubris:Spice"]}],"is_beta":false,"boss_relics":[{"not_picked":["hubris:BlackHole","hubris:Spice"],"picked":"ReplayTheSpireMod:SealedPack"}],"items_purged_floors":[24,29],"is_endless":true,"potions_floor_spawned":[5,10,16,17,22,25,28,34],"killed_by":"SI_MIRROR_ARCHETYPE","ascension_level":0}}