{"host":"to2s10i0cynxbiqz","time":1613989978,"event":{"mods":["BaseMod","Colored Powertips","Highlight Path","Minty Spire (QoL Compilation)","Quick Restart","StSLib","slay the spire mod where everything is the same but ironclad has a cowboy hat"],"gold_per_floor":[113,38,38,51,51,51,83,83,163,163,179,195,208,222,222,317,317,287,287],"floor_reached":18,"language":"ZHS","playtime":559,"items_purged":["Defend_G"],"score":187,"play_id":"edfa331a-5221-417d-8b33-0621eb2cd909","local_time":"20210222183258","is_ascension_mode":false,"campfire_choices":[{"data":"Acrobatics","floor":6,"key":"SMITH"},{"data":"Backflip","floor":8,"key":"SMITH"},{"data":"Noxious Fumes","floor":15,"key":"SMITH"}],"circlet_count":0,"master_deck":["Strike_G","Strike_G","Strike_G","Strike_G","Defend_G","Defend_G","Defend_G","Defend_G","Survivor","Neutralize","Backflip","Acrobatics+1","Backflip+1","Normality","Grand Finale","Blur","Noxious Fumes+1","Bullet Time"],"relics":["Ring of the Serpent","NeowsBlessing","Bronze Scales","Meat on the Bone","Eternal Feather"],"acts_visited":["Exordium","TheCity"],"potions_floor_usage":[16],"damage_taken":[{"damage":0,"enemies":"Jaw Worm","floor":1,"turns":1},{"damage":0,"enemies":"Cultist","floor":4,"turns":1},{"damage":0,"enemies":"Lagavulin","floor":7,"turns":1},{"damage":0,"enemies":"Small Slimes","floor":11,"turns":4},{"damage":4,"enemies":"Blue Slaver","floor":12,"turns":4},{"damage":1,"enemies":"3 Louse","floor":13,"turns":4},{"damage":0,"enemies":"Large Slime","floor":14,"turns":7},{"damage":32,"enemies":"Slime Boss","floor":16,"turns":14},{"damage":0,"enemies":"2 Thieves","floor":18,"turns":2}],"seed_played":"-6534820041060924171","potions_obtained":[{"floor":13,"key":"Dexterity Potion"},{"floor":14,"key":"Block Potion"}],"is_trial":false,"path_per_floor":["M","$","?","M","$","R","E","R","T","?","M","M","M","M","R","B",null,"M"],"character_chosen":"THE_SILENT","items_purchased":[],"campfire_rested":0,"item_purchase_floors":[],"current_hp_per_floor":[70,70,58,58,58,58,58,58,58,58,58,54,53,53,62,42,70,70,70],"gold":287,"neow_bonus":"THREE_ENEMY_KILL","is_daily":false,"chose_seed":false,"campfire_upgraded":3,"win_rate":0.0,"timestamp":1613989978,"path_taken":["M","$","?","M","$","R","E","R","T","?","?","M","M","M","R","BOSS","M"],"items_purchased_type":[],"build_version":"2020-12-22","purchased_purges":1,"victory":false,"max_hp_per_floor":[70,70,70,70,70,70,70,70,70,70,70,70,70,70,70,70,70,70,70],"card_choices":[{"not_picked":["Slice","Cloak And Dagger"],"picked":"Backflip","floor":1},{"not_picked":["Cloak And Dagger","Poisoned Stab"],"picked":"Acrobatics","floor":4},{"not_picked":["Bouncing Flask","Finisher"],"picked":"Backflip","floor":7},{"not_picked":["Dodge and Roll","Dagger Spray","All Out Attack"],"picked":"SKIP","floor":11},{"not_picked":["Sucker Punch","Escape Plan"],"picked":"Grand Finale","floor":12},{"not_picked":["Blade Dance","Slice"],"picked":"Blur","floor":13},{"not_picked":["Bane","Sucker Punch"],"picked":"Noxious Fumes","floor":14},{"not_picked":["Phantasmal Killer","Storm of Steel"],"picked":"Bullet Time","floor":16}],"player_experience":178254,"relics_obtained":[{"floor":7,"key":"Meat on the Bone"},{"floor":9,"key":"Eternal Feather"}],"event_choices":[{"damage_healed":0,"gold_gain":0,"player_choice":"Success","damage_taken":12,"relics_obtained":["Bronze Scales"],"max_hp_gain":0,"max_hp_loss":0,"event_name":"Scrap Ooze","floor":3,"gold_loss":0},{"cards_removed":["Strike_G"],"damage_healed":0,"gold_gain":0,"player_choice":"Took Card","damage_taken":0,"max_hp_gain":0,"max_hp_loss":0,"event_name":"NoteForYourself","floor":10,"gold_loss":0,"cards_obtained":["Normality"]}],"is_beta":false,"boss_relics":[{"not_picked":["SacredBark","Ectoplasm"],"picked":"Ring of the Serpent"}],"items_purged_floors":[2],"is_endless":false,"potions_floor_spawned":[13,14],"killed_by":"2 Thieves","ascension_level":0}}