{"host":"qc1sjgtdjonvdsd8","time":1613966976,"event":{"mods":["BaseMod","Colored Map","Colored Powertips","Curses Come First","Minty Spire (QoL Compilation)","Replay The Spire","StSLib"],"gold_per_floor":[119,119,131,56,56,56,86,86,168,185,204,204,227,78,78,201,201,141,141],"floor_reached":18,"language":"ENG","playtime":1224,"items_purged":["Strike_R"],"score":200,"play_id":"69ed3eec-4046-498c-aa56-a58f1a00a575","local_time":"20210221200936","is_ascension_mode":true,"campfire_choices":[{"data":"Bash","floor":6,"key":"SMITH"},{"floor":8,"key":"REST"},{"data":"Pot Of Greed","floor":15,"key":"SMITH"}],"circlet_count":0,"master_deck":["Strike_R","Strike_R","Defend_R","Defend_R","Defend_R+1","Bash+1","True Grit+1","Fire Breathing","ReplayTheSpireMod:Stacked","Armaments","Abandon","Wild Strike","Pot Of Greed+1","Pot Of Greed","Barricade"],"relics":["Burning Blood","Regal Pillow","Boot","Golden Idol","Grinning Jar","Replay:Drink Me"],"acts_visited":["Exordium","TheCity"],"potions_floor_usage":[],"damage_taken":[{"damage":8,"enemies":"Jaw Worm","floor":1,"turns":4},{"damage":3,"enemies":"2 Louse","floor":3,"turns":5},{"damage":31,"enemies":"3 Sentries","floor":7,"turns":6},{"damage":0,"enemies":"Small Slimes","floor":10,"turns":4},{"damage":5,"enemies":"Red Slaver","floor":11,"turns":7},{"damage":27,"enemies":"Exordium Thugs","floor":13,"turns":7},{"damage":8,"enemies":"Slime Boss","floor":16,"turns":8},{"damage":16,"enemies":"2 Thieves","floor":18,"turns":4}],"seed_played":"7429627617073481942","potions_obtained":[{"floor":1,"key":"FearPotion"},{"floor":11,"key":"BlessingOfTheForge"}],"is_trial":false,"path_per_floor":["M","?","M","$","?","R","E","R","T","M","M","?","M","$","R","B",null,"M"],"character_chosen":"IRONCLAD","items_purchased":["Grinning Jar"],"campfire_rested":1,"item_purchase_floors":[14],"current_hp_per_floor":[78,83,85,85,68,68,43,83,83,85,85,64,43,43,43,41,58,42,42],"gold":141,"neow_bonus":"RANDOM_COMMON_RELIC","is_daily":false,"chose_seed":false,"campfire_upgraded":2,"win_rate":0.0,"timestamp":1613966976,"path_taken":["M","?","M","$","?","R","E","R","T","M","M","?","?","$","R","BOSS","M"],"items_purchased_type":["Relic"],"build_version":"2020-12-22","purchased_purges":1,"victory":false,"max_hp_per_floor":[80,85,85,85,85,85,85,85,85,85,85,85,85,85,85,85,64,64,64],"card_choices":[{"not_picked":["ReplayTheSpireMod:Muscle Training","Second Wind"],"picked":"True Grit","floor":1},{"not_picked":["Pommel Strike","Warcry"],"picked":"Fire Breathing","floor":3},{"not_picked":["Armaments","ReplayTheSpireMod:Muscle Training"],"picked":"ReplayTheSpireMod:Stacked","floor":7},{"not_picked":["Clothesline","Headbutt"],"picked":"Armaments","floor":10},{"not_picked":["Life Link","ReplayTheSpireMod:Strike From Hell"],"picked":"Abandon","floor":11},{"not_picked":["Perfected Strike","Clothesline"],"picked":"Wild Strike","floor":13},{"not_picked":["Exhume","Reaper"],"picked":"Barricade","floor":16}],"player_experience":353927,"relics_obtained":[{"floor":7,"key":"Boot"}],"event_choices":[{"damage_healed":0,"gold_gain":0,"player_choice":"Donut","damage_taken":0,"max_hp_gain":5,"max_hp_loss":0,"event_name":"Big Fish","floor":2,"gold_loss":0},{"damage_healed":0,"gold_gain":0,"player_choice":"Entered Light","damage_taken":17,"max_hp_gain":0,"max_hp_loss":0,"event_name":"Shining Light","floor":5,"gold_loss":0,"cards_upgraded":["True Grit","Defend_R"]},{"damage_healed":0,"gold_gain":0,"player_choice":"Take Damage","damage_taken":21,"relics_obtained":["Golden Idol"],"max_hp_gain":0,"max_hp_loss":0,"event_name":"Golden Idol","floor":12,"gold_loss":0}],"is_beta":false,"boss_relics":[{"not_picked":["ReplayTheSpireMod:DimensionalGlitch","Calling Bell"],"picked":"Replay:Drink Me"}],"items_purged_floors":[4],"is_endless":false,"potions_floor_spawned":[1,11],"killed_by":"2 Thieves","ascension_level":5}}