{"host":"gk9qdtkqd8dwfeg2","time":1613974850,"event":{"mods":["ATMod(∞¢Ë™Mod)","Act Like it!","Aspiration","BaseMod","Colored Powertips","Gensokyo","Minty Spire (QoL Compilation)","Quick Restart","Reimu£®≤©¿ˆ¡È√Œ£©","Remilia£®¿Ÿ√◊¿Ú—«£©","Shop Mod","StSLib","TestMod","The Servant 0.9.4","Waifu the Spire","Youmu£®ªÍ∆«—˝√Œ£©"],"gold_per_floor":[115,115,115,126,42,69,82,313,313,341,351,351,31,62,62,144,144,163,163,163,13,24,49,49,84,138,164,17,32,32,57,57,357,357,376,63,63,63,63,63,98,98,124,124,124,124,142,167,167,167,167,167,20,45,45],"floor_reached":56,"language":"ZHS","playtime":1963,"items_purged":["Shame"],"score":1843,"play_id":"2a6c0c5b-544b-4285-9a3f-839bd0b925ef","local_time":"20210222142050","is_ascension_mode":true,"campfire_choices":[{"data":"AT_FamilyPortrait","floor":15.0,"key":"SMITH"},{"floor":30.0,"key":"REST"},{"floor":32.0,"key":"REST"},{"floor":40.0,"key":"RECALL"},{"data":"Orbit","floor":44.0,"key":"SMITH"},{"data":"Sunlight","floor":49.0,"key":"SMITH"},{"data":"KidneyShot","floor":52.0,"key":"SMITH"}],"circlet_count":0,"master_deck":["KidneyShot+1","Exchange+1","AT_FamilyPortrait+1","Blade Dance+1","Comet+1","Moonlight+1","Rearm+1","Sunlight+1","Hightail+1","SurpressingFire+1","BottledTime+1","TheWorld+1","DualDimension+1","Solidify+1","FanOfKnives+1","ShiftingGears+1","Gensokyo:TurboGranny+1","Orbit+1","Moondial+1","Luminosity+1","BestPractice+1","Dilation+1","Rearm+1","Deny+1","GearUp+1","Gensokyo:Dawn+1","SilverBlades+1","WasteNot+1","BottledTime+1","Luminosity+1","SurpressingFire+1","MoonPhase+1"],"relics":["Uniform","AT_ATBox","testmod-TestBox","Pen Nib","Happy Flower","testmod-IndustrialRevolution","Tiny Chest","Toxic Egg 2","Juzu Bracelet","MerchantsRug","Frozen Egg 2","aspiration:Lifesprig","testmod-PortableAltar","AT_RedNoBalance","The Courier","Orichalcum","AT_ChloranthyRing","HornCleat","Coffee Dripper","Shuriken","ClockworkSouvenir","AT_GuinsooRageblade","Unceasing Top","Blood Vial","AT_BladeRuinedKing","testmod-Justice","AT_SpeedBoots"],"acts_visited":["Exordium","Gensokyo:Gensokyo","Gensokyo:Gensokyoer","TheEnding"],"potions_floor_usage":[54,55,55],"damage_taken":[{"damage":0.0,"enemies":"Gensokyo:Gryphon","floor":1.0,"turns":1.0},{"damage":4.0,"enemies":"Gensokyo:3_Fairies","floor":4.0,"turns":4.0},{"damage":28.0,"enemies":"Gensokyo:Aya","floor":6.0,"turns":8.0},{"damage":9.0,"enemies":"Gensokyo:Python","floor":7.0,"turns":3.0},{"damage":10.0,"enemies":"Gensokyo:Mamizou","floor":8.0,"turns":6.0},{"damage":1.0,"enemies":"Gensokyo:Cirno","floor":10.0,"turns":4.0},{"damage":0.0,"enemies":"Gensokyo:VengefulSpirit","floor":11.0,"turns":1.0},{"damage":0.0,"enemies":"Gensokyo:Mamizou","floor":14.0,"turns":2.0},{"damage":0.0,"enemies":"Gensokyo:Yukari","floor":16.0,"turns":7.0},{"damage":1.0,"enemies":"Gensokyo:2_Gloops","floor":18.0,"turns":2.0},{"damage":0.0,"enemies":"Gensokyo:AngelMirror","floor":22.0,"turns":1.0},{"damage":0.0,"enemies":"Gensokyo:Koishi","floor":23.0,"turns":3.0},{"damage":0.0,"enemies":"Gensokyo:Reisen","floor":25.0,"turns":4.0},{"damage":8.0,"enemies":"Gensokyo:Tenshi","floor":27.0,"turns":3.0},{"damage":17.0,"enemies":"Gensokyo:Wraith","floor":29.0,"turns":4.0},{"damage":0.0,"enemies":"Gensokyo:Koishi","floor":31.0,"turns":4.0},{"damage":9.0,"enemies":"Gensokyo:Eiki","floor":33.0,"turns":6.0},{"damage":0.0,"enemies":"Gensokyo:3_Boulders","floor":35.0,"turns":1.0},{"damage":22.0,"enemies":"Gensokyo:Marisa","floor":41.0,"turns":2.0},{"damage":0.0,"enemies":"Gensokyo:AncientGuardian","floor":47.0,"turns":1.0},{"damage":0.0,"enemies":"Gensokyo:Doremy","floor":48.0,"turns":4.0},{"damage":0.0,"enemies":"Gensokyo:Scarlet_Devils","floor":50.0,"turns":3.0},{"damage":0,"enemies":"Shield and Spear","floor":54,"turns":2},{"damage":2,"enemies":"The Heart","floor":55,"turns":3}],"seed_played":"6212092709195954068","potions_obtained":[{"floor":6.0,"key":"testmod-TestPotion"},{"floor":10.0,"key":"Weak Potion"},{"floor":16.0,"key":"DistilledChaos"},{"floor":25.0,"key":"Regen Potion"},{"floor":27.0,"key":"ZuzhouPotion:ReiMu"},{"floor":48.0,"key":"ZuzhouPotion:ReiMu"},{"floor":54,"key":"MagicPotion:ReiMu"}],"is_trial":false,"path_per_floor":["M","?","?","M","COS","E","M","E","T","E","M","T","$","?","R","B",null,"M","?","T","$","M","E","?","E","T","E","COS","M","R","E","R","B",null,"M","$","?","?","T","R","E","?","T","R","?","?","M","E","R","B",null,"R","$","E","B",null],"character_chosen":"THE_SERVANT","items_purchased":["MerchantsRug","Frozen Egg 2","SurpressingFire+1","Solidify+1","Shuriken","ClockworkSouvenir","WasteNot+1","BottledTime+1","Luminosity+1","SurpressingFire+1"],"campfire_rested":2,"item_purchase_floors":[13,13,13,21,36,36,53,53,53,53],"current_hp_per_floor":[65,65,65,61,61,33,24,14,14,13,13,13,13,13,13,13,65,63,63,62,61,30,29,29,26,26,26,26,7,21,23,36,13,43,42,41,40,39,38,37,14,14,14,14,14,14,16,18,18,20,26,25,24,23,22],"gold":45,"neow_bonus":"RANDOM_COMMON_RELIC","is_daily":false,"chose_seed":false,"campfire_upgraded":4,"win_rate":0.0,"timestamp":1613974850,"path_taken":["M","?","?","?","COS","E","M","E","T","E","M","?","$","?","R","BOSS","M","?","?","$","M","E","?","E","T","E","COS","M","R","E","R","BOSS","M","$","?","?","?","R","E","?","T","R","?","?","M","E","R","BOSS","R","$","E","BOSS"],"items_purchased_type":["Relic","Relic","Card","Card","Relic","Relic","Card","Card","Card","Card"],"build_version":"2020-12-22","purchased_purges":1,"victory":true,"max_hp_per_floor":[65,65,65,65,65,65,65,65,65,65,65,65,65,65,65,65,65,64,63,62,61,60,59,53,52,51,50,49,48,47,46,45,44,43,42,41,40,39,38,37,36,35,34,33,32,31,30,29,28,27,26,25,24,23,22],"card_choices":[{"not_picked":["Replace","Revamp"],"picked":"TimeWarp","floor":1.0},{"not_picked":["FastForward","StarChef"],"picked":"Reset","floor":4.0},{"not_picked":["Potential","TimeWarp"],"picked":"Comet","floor":6.0},{"not_picked":["Replace","Alleviate"],"picked":"Moonlight","floor":7.0},{"not_picked":["Starlight","MoonPhase"],"picked":"Rearm+1","floor":8.0},{"not_picked":["Ricochet","ShatteredReality"],"picked":"Sunlight","floor":10.0},{"not_picked":["Spin","BottledTime+1"],"picked":"Hightail+1","floor":11.0},{"not_picked":["Comet","Misdirection+1"],"picked":"BottledTime+1","floor":14.0},{"not_picked":["LightFlow","Sunlight"],"picked":"TheWorld+1","floor":16.0},{"not_picked":["Shuttle+1","ShatteredReality"],"picked":"DualDimension+1","floor":18.0},{"not_picked":["SurpressingFire+1","Deadline+1"],"picked":"FanOfKnives+1","floor":22.0},{"not_picked":["Desolation","LightFlow"],"picked":"ShiftingGears+1","floor":23.0},{"not_picked":["Gensokyo:LittleGreenMen+1","Gensokyo:GapWoman+1"],"picked":"Gensokyo:TurboGranny+1","floor":24.0},{"not_picked":["ReturningBlade","Rearm+1"],"picked":"Orbit","floor":25.0},{"not_picked":["Shuttle+1","Ricochet"],"picked":"Moondial+1","floor":27.0},{"not_picked":["Spin+1","Rewind+1"],"picked":"Luminosity+1","floor":29.0},{"not_picked":["LightFlow","Rewind+1"],"picked":"BestPractice+1","floor":31.0},{"not_picked":["Duplication+1","Sunlight"],"picked":"Dilation+1","floor":33.0},{"not_picked":["Sabotage+1","Ricochet+1"],"picked":"Rearm+1","floor":35.0},{"not_picked":["Desolation+1","SpecialFormula+1"],"picked":"GearUp+1","floor":41.0},{"not_picked":["Gensokyo:NewMoon","Gensokyo:SalamanderShield"],"picked":"Gensokyo:Dawn","floor":45.0},{"not_picked":["Potential","Spin","Moonlight+1"],"picked":"SKIP","floor":47.0},{"not_picked":["InstantArmor+1","Unruled+1"],"picked":"SilverBlades+1","floor":48.0},{"not_picked":["GearUp+1","Deadline+1"],"picked":"MoonPhase+1","floor":54}],"player_experience":811171,"relics_obtained":[{"floor":6.0,"key":"testmod-IndustrialRevolution"},{"floor":8.0,"key":"Toxic Egg 2"},{"floor":9.0,"key":"AntiCross"},{"floor":10.0,"key":"Juzu Bracelet"},{"floor":12.0,"key":"testmod-AssaultLearning"},{"floor":14.0,"key":"aspiration:Lifesprig"},{"floor":20.0,"key":"AT_SilverBalance"},{"floor":23.0,"key":"The Courier"},{"floor":25.0,"key":"MealTicket"},{"floor":27.0,"key":"Orichalcum"},{"floor":31.0,"key":"HornCleat"},{"floor":39.0,"key":"AT_GuinsooRageblade"},{"floor":41.0,"key":"Unceasing Top"},{"floor":43.0,"key":"Blood Vial"},{"floor":48.0,"key":"testmod-Justice"},{"floor":54,"key":"AT_SpeedBoots"}],"event_choices":[],"is_beta":false,"boss_relics":[{"not_picked":["Tiny House","aspiration:RitualDagger"],"picked":"testmod-PortableAltar"},{"not_picked":["aspiration:DefectSkillbook","testmod-Recursion"],"picked":"Coffee Dripper"}],"items_purged_floors":[21],"is_endless":false,"potions_floor_spawned":[6,10,16,18,25,27,33,35,47,48,54],"ascension_level":4}}