{"host":"dv29tre2e7vje47n","time":1613988436,"event":{"mods":["AchievementEnabler","BaseMod","Colored Map","Colored Powertips","DeckTracker","Displayed Cursed Tome","Downfall","Friendly Minions","Googly Eyes","Highlight Path","Key Reminder","Minty Spire (QoL Compilation)","Quick Restart","Random Character Button","Rare Cards Sparkle","Relic Sorter","Relic Stats","Spire Arcade","Spire Birthday Party","StSLib","SuperFastMode","Unceasing Turn Reminder"],"gold_per_floor":[214,232,53,53,53,105,180,213,238,250,250,250,250,250,250],"floor_reached":13,"language":"ENG","playtime":549,"items_purged":[],"score":96,"play_id":"53ed9e5b-2e54-4534-855d-1c0ac1ce1636","local_time":"20210222110716","is_ascension_mode":true,"campfire_choices":[{"floor":12,"key":"REST"}],"circlet_count":0,"master_deck":["sneckomod:Strike","sneckomod:Strike","sneckomod:Strike","sneckomod:Defend","sneckomod:Defend","sneckomod:Defend","sneckomod:TailWhip","sneckomod:SnekBite+1","sneckomod:Unknown","sneckomod:Unknown","sneckomod:UnendingSupply","sneckomod:ImprovisedAttack","sneckomod:UnknownStrength","sneckomod:UnknownExhaust","sneckomod:Nope"],"relics":["sneckomod:SneckoSoul","Medical Kit","Boot","Bronze Scales","MealTicket","White Beast Statue"],"acts_visited":["Exordium"],"potions_floor_usage":[13],"damage_taken":[{"damage":8,"enemies":"Jaw Worm","floor":1,"turns":4},{"damage":4,"enemies":"Small Slimes","floor":2,"turns":4},{"damage":35,"enemies":"3 Sentries","floor":6,"turns":11},{"damage":29,"enemies":"Lagavulin","floor":8,"turns":9},{"damage":0,"enemies":"2 Louse","floor":10,"turns":1},{"damage":31,"enemies":"3 Sentries","floor":13,"turns":4}],"seed_played":"3568367872748469284","potions_obtained":[{"floor":8,"key":"champ:CounterPotion"},{"floor":10,"key":"SpeedPotion"}],"is_trial":false,"path_per_floor":["M","M","$","?","?","E","?","E","T","M","T","R","E"],"character_chosen":"THE_SNECKO","items_purchased":["sneckomod:ImprovisedAttack","Medical Kit"],"campfire_rested":1,"item_purchase_floors":[3,3],"current_hp_per_floor":[82,78,78,78,78,43,32,3,3,3,3,30,0,0,0],"gold":250,"neow_bonus":"HUNDRED_GOLD","is_daily":false,"chose_seed":false,"campfire_upgraded":0,"win_rate":0.0,"timestamp":1613988436,"path_taken":["M","M","$","?","?","E","?","E","T","M","?","R","E"],"items_purchased_type":["Card","Relic"],"build_version":"2020-12-22","purchased_purges":0,"victory":false,"max_hp_per_floor":[90,90,90,90,90,90,90,90,90,90,90,90,90,90,90],"relic_stats":{"counters":[6,33],"Bronze Scales":[6],"MealTicket":0,"Medical Kit":[15],"Boot":[2],"obtain_stats":[{"Bronze Scales":8,"MealTicket":9,"sneckomod:SneckoSoul":0,"Medical Kit":3,"Boot":6,"White Beast Statue":11},{"Bronze Scales":4,"MealTicket":4,"sneckomod:SneckoSoul":0,"Medical Kit":2,"Boot":3,"White Beast Statue":5},{"Bronze Scales":28,"MealTicket":28,"sneckomod:SneckoSoul":0,"Medical Kit":8,"Boot":19,"White Beast Statue":29}]},"card_choices":[{"not_picked":["sneckomod:CheapStock","sneckomod:IronFang"],"picked":"sneckomod:UnendingSupply","floor":1},{"not_picked":["sneckomod:TrashToTreasure","sneckomod:DiceBoulder","sneckomod:Unknown1Cost"],"picked":"SKIP","floor":2},{"not_picked":["sneckomod:SoulCleanse","sneckomod:UnknownCommonAttack"],"picked":"sneckomod:UnknownStrength","floor":6},{"not_picked":["sneckomod:Unknown1Cost","sneckomod:QuickBite"],"picked":"sneckomod:UnknownExhaust","floor":8},{"not_picked":["sneckomod:UnknownStrength","sneckomod:DiceBoulder"],"picked":"sneckomod:Nope","floor":10}],"player_experience":152357,"relics_obtained":[{"floor":6,"key":"Boot"},{"floor":8,"key":"Bronze Scales"},{"floor":9,"key":"MealTicket"},{"floor":11,"key":"White Beast Statue"}],"event_choices":[{"damage_healed":0,"gold_gain":0,"player_choice":"Grow","damage_taken":0,"max_hp_gain":0,"max_hp_loss":0,"event_name":"Living Wall","floor":4,"gold_loss":0,"cards_upgraded":["sneckomod:SnekBite"]},{"damage_healed":0,"gold_gain":75,"player_choice":"Gather Gold","damage_taken":11,"max_hp_gain":0,"max_hp_loss":0,"event_name":"World of Goop","floor":7,"gold_loss":0}],"is_beta":false,"boss_relics":[],"items_purged_floors":[],"is_endless":false,"potions_floor_spawned":[8,10],"killed_by":"3 Sentries","ascension_level":1}}