{"host":"pifa3o3uv2a0m12r","time":1613982419,"event":{"mods":["AchievementEnabler","BaseMod","Colored Map","Minty Spire (QoL Compilation)","StSLib","SuperFastMode"],"gold_per_floor":[115,115,115,133,147,147,479,479,479,510,510,527,527,527],"floor_reached":13,"language":"FRA","playtime":336,"items_purged":[],"score":102,"play_id":"c9745323-fe01-4ab3-a9e0-8fd6f2b61675","local_time":"20210221222659","is_ascension_mode":true,"campfire_choices":[{"data":"EmptyFist","floor":6,"key":"SMITH"},{"floor":8,"key":"RECALL"}],"circlet_count":0,"master_deck":["Strike_P","Strike_P","Strike_P","Defend_P","Defend_P","Defend_P","Defend_P","Eruption","Vigilance","EmptyFist","EmptyFist+1","Prostrate"],"relics":["PureWater","NeowsBlessing","Pear","Old Coin","Dead Branch"],"acts_visited":["Exordium"],"potions_floor_usage":[13],"damage_taken":[{"damage":0,"enemies":"Small Slimes","floor":1,"turns":1},{"damage":0,"enemies":"2 Louse","floor":4,"turns":1},{"damage":0,"enemies":"Jaw Worm","floor":5,"turns":1},{"damage":20,"enemies":"Gremlin Nob","floor":7,"turns":4},{"damage":26,"enemies":"Lagavulin","floor":10,"turns":7},{"damage":1,"enemies":"Exordium Thugs","floor":12,"turns":4},{"damage":33,"enemies":"Gremlin Nob","floor":13,"turns":3}],"seed_played":"1020529862213481996","potions_obtained":[{"floor":5,"key":"SkillPotion"}],"is_trial":false,"path_per_floor":["M","?","?","M","M","R","E","R","T","E","?","M","E"],"character_chosen":"WATCHER","items_purchased":[],"campfire_rested":0,"item_purchase_floors":[],"current_hp_per_floor":[72,75,75,75,75,75,55,55,55,29,29,28,0,0],"gold":527,"neow_bonus":"THREE_ENEMY_KILL","is_daily":false,"chose_seed":false,"campfire_upgraded":1,"win_rate":0.0,"timestamp":1613982419,"path_taken":["M","?","?","M","M","R","E","R","T","E","?","M","E"],"items_purchased_type":[],"build_version":"2020-12-22","purchased_purges":0,"victory":false,"max_hp_per_floor":[72,82,82,82,82,82,82,82,82,82,82,82,82,82],"card_choices":[{"not_picked":["FollowUp","JustLucky"],"picked":"EmptyFist","floor":1},{"not_picked":["Tantrum","ThirdEye"],"picked":"EmptyFist","floor":4},{"not_picked":["WaveOfTheHand","Halt","CrushJoints"],"picked":"SKIP","floor":5},{"not_picked":["FearNoEvil","JustLucky"],"picked":"Prostrate","floor":7},{"not_picked":["Vengeance","CrushJoints","Conclude"],"picked":"SKIP","floor":10},{"not_picked":["Wallop","CrushJoints","CarveReality"],"picked":"SKIP","floor":12}],"player_experience":152234,"relics_obtained":[{"floor":7,"key":"Old Coin"},{"floor":10,"key":"Dead Branch"}],"event_choices":[{"damage_healed":0,"gold_gain":0,"player_choice":"Success","damage_taken":7,"relics_obtained":["Pear"],"max_hp_gain":0,"max_hp_loss":0,"event_name":"Scrap Ooze","floor":2,"gold_loss":0},{"cards_removed":["Strike_P"],"damage_healed":0,"gold_gain":0,"player_choice":"Forget","damage_taken":0,"max_hp_gain":0,"max_hp_loss":0,"event_name":"Living Wall","floor":3,"gold_loss":0},{"damage_healed":0,"gold_gain":0,"player_choice":"Ignored","damage_taken":0,"max_hp_gain":0,"max_hp_loss":0,"event_name":"Golden Idol","floor":11,"gold_loss":0}],"is_beta":false,"boss_relics":[],"items_purged_floors":[],"is_endless":false,"potions_floor_spawned":[5],"killed_by":"Gremlin Nob","ascension_level":2}}