{"host":"blhqr6uo32maonpv","time":1613960284,"event":{"mods":["BaseMod","Downfall","Minty Spire (QoL Compilation)","Replay The Spire","StSLib","The Bug Knight","The Marked"],"gold_per_floor":[117,117,132,132,148,166,166,193,219,219,239,34,34,62,62,159,209,219,32,32,47,60,60,60],"floor_reached":23,"language":"ENG","playtime":976,"items_purged":[],"score":251,"play_id":"e6f40897-0d36-4535-824c-696bd06d4b5d","local_time":"20210221221804","is_ascension_mode":false,"campfire_choices":[{"data":"Run Through","floor":7,"key":"SMITH"},{"data":"Limit Break","floor":10,"key":"SMITH"},{"floor":15,"key":"REST"}],"circlet_count":0,"master_deck":["Strike_R","Strike_R","Strike_R","Strike_R+1","Strike_R","Defend_R","Defend_R","Defend_R","Defend_R","Twin Strike","Headbutt","Survivor","Neutralize","Spot Weakness","Run Through+1","Limit Break+1","Armaments+1","Burning Pact+1","Pummel","Midas Touch","Midas Touch","Massacre","Demon Form","ReplayTheSpireMod:Strike From Hell","ReplayReversal","Armaments","Armaments","Feed","Replay:Undeath\u0027s Touch","Dark Embrace+1"],"relics":["SlaversCollar","Blue Doll","ReplayTheSpireMod:TigerMarble","Boot","Tiny House"],"acts_visited":["Exordium","TheCity"],"potions_floor_usage":[11,18,21,21,22],"damage_taken":[{"damage":1,"enemies":"Jaw Worm","floor":1,"turns":3},{"damage":2,"enemies":"Small Slimes","floor":3,"turns":3},{"damage":6,"enemies":"2 Louse","floor":5,"turns":3},{"damage":11,"enemies":"Large Slime","floor":6,"turns":5},{"damage":5,"enemies":"3 Sentries","floor":8,"turns":5},{"damage":5,"enemies":"3 Louse","floor":11,"turns":3},{"damage":25,"enemies":"Gremlin Nob","floor":14,"turns":5},{"damage":6,"enemies":"Slime Boss","floor":16,"turns":7},{"damage":17,"enemies":"2 Thieves","floor":18,"turns":3},{"damage":22,"enemies":"Shell Parasite","floor":21,"turns":5},{"damage":35,"enemies":"Sentry and Sphere","floor":22,"turns":6},{"damage":19,"enemies":"Snake Plant","floor":23,"turns":4}],"seed_played":"1544993732641245183","potions_obtained":[{"floor":6,"key":"Strength Potion"},{"floor":14,"key":"Weak Potion"},{"floor":16,"key":"Regen Potion"},{"floor":17,"key":"Toxic Potion"},{"floor":21,"key":"ColorlessPotion"},{"floor":22,"key":"Weak Potion"}],"is_trial":false,"path_per_floor":["M","?","M","?","M","M","R","E","T","R","M","$","?","E","R","B",null,"M","$","?","M","M","M"],"character_chosen":"IRONCLAD","items_purchased":["Burning Pact+1","Pummel","Midas Touch","Armaments","Feed"],"campfire_rested":1,"item_purchase_floors":[12,12,12,19,19],"current_hp_per_floor":[79,79,77,77,71,60,60,55,55,55,50,50,50,25,49,43,85,68,68,68,51,19,0,0],"gold":60,"neow_bonus":"BOSS_RELIC","is_daily":false,"chose_seed":false,"campfire_upgraded":2,"win_rate":0.0,"timestamp":1613960284,"path_taken":["M","?","M","?","M","M","R","E","T","R","M","?","?","E","R","BOSS","M","$","?","M","M","M"],"items_purchased_type":["Card","Card","Card","Card","Card"],"build_version":"2020-12-22","purchased_purges":0,"victory":false,"max_hp_per_floor":[80,80,80,80,80,80,80,80,80,80,80,80,80,80,80,80,85,85,85,85,85,88,88,88],"card_choices":[{"not_picked":["Heavy Blade","Clothesline"],"picked":"Twin Strike","floor":1},{"not_picked":["Anger","Ghostly Armor"],"picked":"Headbutt","floor":3},{"not_picked":["Clothesline","Flex"],"picked":"Spot Weakness","floor":5},{"not_picked":["Warcry","Power Through"],"picked":"Run Through","floor":6},{"not_picked":["Warcry","Hemokinesis"],"picked":"Limit Break","floor":8},{"not_picked":["Fire Breathing","Clash"],"picked":"Armaments","floor":11},{"not_picked":["Dual Wield","Defy Death"],"picked":"Massacre","floor":14},{"not_picked":["Corruption","Offering"],"picked":"Demon Form","floor":16},{"not_picked":["Twin Strike","Combust"],"picked":"ReplayTheSpireMod:Strike From Hell","floor":17},{"not_picked":["Warcry","Clash"],"picked":"ReplayReversal","floor":18},{"not_picked":["Seeing Red","Perfected Strike"],"picked":"Replay:Undeath\u0027s Touch","floor":21},{"not_picked":["Replay:Many Hands","Power Through"],"picked":"Dark Embrace+1","floor":22}],"player_experience":38884,"relics_obtained":[{"floor":8,"key":"Blue Doll"},{"floor":9,"key":"ReplayTheSpireMod:TigerMarble"},{"floor":14,"key":"Boot"}],"event_choices":[{"damage_healed":0,"gold_gain":0,"player_choice":"Ignored","damage_taken":0,"max_hp_gain":0,"max_hp_loss":0,"event_name":"Golden Wing","floor":2,"gold_loss":0},{"damage_healed":0,"gold_gain":0,"player_choice":"Grow","damage_taken":0,"max_hp_gain":0,"max_hp_loss":0,"event_name":"Living Wall","floor":13,"gold_loss":0,"cards_upgraded":["Armaments"]},{"damage_healed":0,"gold_gain":0,"player_choice":"Ignored","damage_taken":0,"max_hp_gain":0,"max_hp_loss":0,"event_name":"Ghosts","floor":20,"gold_loss":0}],"is_beta":false,"boss_relics":[{"not_picked":["Replay:Drink Me","Electric Blood"],"picked":"Tiny House"}],"items_purged_floors":[],"is_endless":false,"potions_floor_spawned":[6,14,16,21,22],"killed_by":"Snake Plant","ascension_level":0}}