{"host":"v54ek091sdz7ha6h","time":1613985984,"event":{"mods":["BaseMod","Colored Map","Colored Powertips","Custom Start","DeckTracker","Highlight Path","KOR Keyword Fix","Minty Spire (QoL Compilation)","Random Character Button","Rare Cards Sparkle","Relic Stats","StSLib","SuperFastMode","everything is the same but u backflip on backflip"],"gold_per_floor":[114,124,199,217,229,229,241,19,19,19,29,46,46,60,60,159,159,178,196,196,196,214,214,247,247,247,247,258,258,291,301,301,404,404,414,414,429,1428,180,180,208,208,208,223,18,48,48,61,61,61,61,61,32,63,63,63],"floor_reached":55,"language":"KOR","playtime":1189,"items_purged":["Strike_B","Normality","Normality"],"score":834,"play_id":"6c25c45e-c9f0-47f5-a3b5-5da5a995005f","local_time":"20210222182624","is_ascension_mode":false,"campfire_choices":[{"data":"Zap","floor":6.0,"key":"SMITH"},{"data":"Tempest","floor":15.0,"key":"SMITH"},{"data":"Defragment","floor":23.0,"key":"SMITH"},{"data":"Go for the Eyes","floor":25.0,"key":"SMITH"},{"data":"Reinforced Body","floor":27.0,"key":"SMITH"},{"data":"Thunder Strike","floor":32.0,"key":"SMITH"},{"data":"Biased Cognition","floor":40,"key":"SMITH"},{"data":"Capacitor","floor":42,"key":"SMITH"},{"floor":49,"key":"RECALL"},{"data":"Storm","floor":52,"key":"SMITH"}],"circlet_count":0,"master_deck":["Strike_B","Strike_B","Defend_B","Defend_B","Defend_B","Defend_B+1","Zap+1","Dualcast","Thunder Strike+1","Ball Lightning","Redo+1","Tempest+1","Go for the Eyes+1","BootSequence","Reinforced Body+1","Steam","Electrodynamics","BootSequence","Genetic Algorithm","Defragment+1","Redo+1","Reinforced Body+1","Undo","Biased Cognition+1","Hologram+1","Capacitor+1","Aggregate+1","Loop+1","Storm+1","Echo Form","Conserve Battery+1","Storm+1","Storm","Static Discharge"],"relics":["Cracked Core","War Paint","Bird Faced Urn","Sozu","The Courier","Turnip","StoneCalendar","Inserter","FossilizedHelix","Happy Flower","Mango","Akabeko","Meat on the Bone","HornCleat","Gremlin Horn","Smiling Mask","Pen Nib","DataDisk"],"acts_visited":["Exordium","TheCity","TheBeyond","TheEnding"],"potions_floor_usage":[55,55,55],"damage_taken":[{"damage":11.0,"enemies":"Jaw Worm","floor":1.0,"turns":3.0},{"damage":1.0,"enemies":"Cultist","floor":2.0,"turns":3.0},{"damage":0.0,"enemies":"Small Slimes","floor":4.0,"turns":3.0},{"damage":12.0,"enemies":"Exordium Thugs","floor":5.0,"turns":4.0},{"damage":6.0,"enemies":"Red Slaver","floor":7.0,"turns":3.0},{"damage":0.0,"enemies":"Blue Slaver","floor":11.0,"turns":2.0},{"damage":0.0,"enemies":"2 Fungi Beasts","floor":12.0,"turns":3.0},{"damage":0.0,"enemies":"Exordium Wildlife","floor":14.0,"turns":3.0},{"damage":3.0,"enemies":"The Guardian","floor":16.0,"turns":9.0},{"damage":7.0,"enemies":"2 Thieves","floor":18.0,"turns":3.0},{"damage":0.0,"enemies":"Spheric Guardian","floor":19.0,"turns":2.0},{"damage":2.0,"enemies":"Centurion and Healer","floor":22.0,"turns":6.0},{"damage":1.0,"enemies":"Slavers","floor":24.0,"turns":2.0},{"damage":3.0,"enemies":"3 Cultists","floor":28.0,"turns":3.0},{"damage":19.0,"enemies":"Book of Stabbing","floor":30.0,"turns":6.0},{"damage":5.0,"enemies":"Snake Plant","floor":31.0,"turns":5.0},{"damage":0.0,"enemies":"Champ","floor":33.0,"turns":9.0},{"damage":0.0,"enemies":"3 Shapes","floor":35.0,"turns":4.0},{"damage":5.0,"enemies":"Orb Walker","floor":37.0,"turns":4.0},{"damage":3,"enemies":"Nemesis","floor":41,"turns":7},{"damage":0,"enemies":"Jaw Worm Horde","floor":44,"turns":3},{"damage":0,"enemies":"Giant Head","floor":46,"turns":7},{"damage":14,"enemies":"Spire Growth","floor":48,"turns":4},{"damage":49,"enemies":"Time Eater","floor":50,"turns":6},{"damage":36,"enemies":"Shield and Spear","floor":54,"turns":6},{"damage":92,"enemies":"The Heart","floor":55,"turns":8}],"seed_played":"8387615964893397081","potions_obtained":[{"floor":2.0,"key":"SkillPotion"},{"floor":11.0,"key":"FocusPotion"},{"floor":12.0,"key":"CultistPotion"},{"floor":16.0,"key":"Regen Potion"}],"is_trial":false,"path_per_floor":["M","M","?","M","M","R","M","$","T","?","M","M","$","M","R","B",null,"M","M","T","?","M","R","E","R","T","R","M","?","E","M","R","B",null,"M","?","M","?","$","R","E","R","T","M","$","E","$","M","R","B",null,"R","$","E","B"],"character_chosen":"DEFECT","items_purchased":["War Paint","FossilizedHelix","Happy Flower","Mango","Akabeko","Meat on the Bone","HornCleat","Capacitor","Storm","Echo Form","Storm"],"campfire_rested":0,"item_purchase_floors":[8,39,39,39,39,39,39,39,45,45,53],"current_hp_per_floor":[64,63,56,56,44,44,38,38,38,38,38,38,38,38,38,35,75,70,70,70,56,56,56,57,57,57,57,56,56,41,40,40,44,80,80,76,73,73,87,87,87,87,87,90,90,90,90,80,80,57,90,90,90,58,0,0],"gold":63,"neow_bonus":"ONE_RANDOM_RARE_CARD","is_daily":false,"chose_seed":false,"campfire_upgraded":9,"win_rate":0.0,"timestamp":1613985984,"path_taken":["M","M","?","?","M","R","M","$","T","?","M","M","?","M","R","BOSS","M","M","?","?","M","R","E","R","T","R","M","?","E","?","R","BOSS","M","?","M","?","$","R","E","R","T","M","?","E","$","M","R","BOSS","R","$","E","BOSS"],"items_purchased_type":["Relic","Relic","Relic","Relic","Relic","Relic","Relic","Card","Card","Card","Card"],"build_version":"2020-12-22","purchased_purges":3,"victory":false,"max_hp_per_floor":[75,75,75,75,75,75,75,75,75,75,75,75,75,75,75,75,75,75,75,75,80,80,80,80,80,80,80,80,80,80,80,80,80,80,80,76,76,76,90,90,90,90,90,90,90,90,90,90,90,90,90,90,90,90,90,90],"relic_stats":{"Inserter":[24],"Happy Flower":[13],"Gremlin Horn":[2,2],"counters":[26,118],"StoneCalendar":[104],"Pen Nib":[0],"War Paint":["Redo","Defend_B"],"Smiling Mask":50,"Sozu":7,"Bird Faced Urn":[68],"Turnip":[8],"obtain_stats":[{"Inserter":34,"Happy Flower":39,"Gremlin Horn":41,"StoneCalendar":30,"Mango":39,"The Courier":20,"Pen Nib":46,"War Paint":8,"Smiling Mask":43,"Akabeko":39,"Sozu":17,"DataDisk":54,"HornCleat":39,"Bird Faced Urn":9,"Turnip":24,"Cracked Core":0,"FossilizedHelix":39,"Meat on the Bone":39},{"Inserter":17,"Happy Flower":19,"Gremlin Horn":20,"StoneCalendar":15,"Mango":19,"The Courier":11,"Pen Nib":22,"War Paint":5,"Smiling Mask":20,"Akabeko":19,"Sozu":9,"DataDisk":25,"HornCleat":19,"Bird Faced Urn":5,"Turnip":13,"Cracked Core":0,"FossilizedHelix":19,"Meat on the Bone":19},{"Inserter":69,"Happy Flower":77,"Gremlin Horn":84,"StoneCalendar":55,"Mango":77,"The Courier":38,"Pen Nib":94,"War Paint":16,"Smiling Mask":84,"Akabeko":77,"Sozu":33,"DataDisk":110,"HornCleat":77,"Bird Faced Urn":16,"Turnip":46,"Cracked Core":0,"FossilizedHelix":77,"Meat on the Bone":77}],"Meat on the Bone":12},"card_choices":[{"not_picked":["Compile Driver","Rebound"],"picked":"Ball Lightning","floor":1.0},{"not_picked":["Glacier","Streamline"],"picked":"Redo","floor":2.0},{"not_picked":["Redo","Blizzard","Rebound"],"picked":"SKIP","floor":4.0},{"not_picked":["Force Field","Ball Lightning"],"picked":"Tempest","floor":5.0},{"not_picked":["Sunder","Barrage"],"picked":"Go for the Eyes","floor":7.0},{"not_picked":["Amplify","Darkness"],"picked":"Reinforced Body","floor":11.0},{"not_picked":["Gash","Reinforced Body","Streamline"],"picked":"SKIP","floor":12.0},{"not_picked":["Gash","Streamline"],"picked":"Steam","floor":14.0},{"not_picked":["Reboot","Buffer"],"picked":"Electrodynamics","floor":16.0},{"not_picked":["Aggregate","Beam Cell+1"],"picked":"BootSequence","floor":18.0},{"not_picked":["Coolheaded","Beam Cell"],"picked":"Genetic Algorithm","floor":19.0},{"not_picked":["Doom and Gloom","Streamline+1"],"picked":"Defragment","floor":22.0},{"not_picked":["Creative AI","Coolheaded+1"],"picked":"Redo+1","floor":24.0},{"not_picked":["Compile Driver+1","Stack"],"picked":"Reinforced Body+1","floor":28.0},{"not_picked":["Loop","Stack","Chaos+1"],"picked":"SKIP","floor":30.0},{"not_picked":["Gash","Beam Cell","Conserve Battery"],"picked":"SKIP","floor":31.0},{"not_picked":["Reboot","Buffer"],"picked":"Biased Cognition","floor":33.0},{"not_picked":["Leap+1","Rebound"],"picked":"Hologram+1","floor":35.0},{"not_picked":["Streamline+1","Ball Lightning+1","Hologram+1"],"picked":"SKIP","floor":37.0},{"not_picked":["Rebound","Gash"],"picked":"Aggregate+1","floor":41},{"not_picked":["Biased Cognition","Aggregate+1"],"picked":"Loop+1","floor":44},{"not_picked":["Redo+1","Hello World+1"],"picked":"Conserve Battery+1","floor":46},{"not_picked":["Conserve Battery","Leap+1"],"picked":"Storm+1","floor":48},{"not_picked":["Coolheaded","Double Energy+1"],"picked":"Static Discharge","floor":54}],"player_experience":1487828,"relics_obtained":[{"floor":9.0,"key":"Bird Faced Urn"},{"floor":20.0,"key":"The Courier"},{"floor":24.0,"key":"Turnip"},{"floor":30.0,"key":"StoneCalendar"},{"floor":41,"key":"Gremlin Horn"},{"floor":43,"key":"Smiling Mask"},{"floor":46,"key":"Pen Nib"},{"floor":54,"key":"DataDisk"}],"event_choices":[{"damage_healed":0.0,"max_hp_gain":0.0,"max_hp_loss":0.0,"gold_gain":75.0,"event_name":"FaceTrader","player_choice":"Touch","floor":3.0,"gold_loss":0.0,"damage_taken":7.0},{"damage_healed":0.0,"max_hp_gain":0.0,"max_hp_loss":0.0,"gold_gain":0.0,"cards_transformed":["Strike_B"],"event_name":"Transmorgrifier","player_choice":"Transformed","floor":10.0,"gold_loss":0.0,"damage_taken":0.0,"cards_obtained":["BootSequence"]},{"damage_healed":0.0,"max_hp_gain":5.0,"max_hp_loss":0.0,"gold_gain":0.0,"event_name":"Forgotten Altar","player_choice":"Shed Blood","floor":21.0,"gold_loss":0.0,"damage_taken":19.0},{"damage_healed":0.0,"max_hp_gain":0.0,"max_hp_loss":0.0,"gold_gain":0.0,"event_name":"The Library","player_choice":"Read","floor":29.0,"gold_loss":0.0,"damage_taken":0.0,"cards_obtained":["Undo"]},{"damage_healed":0.0,"max_hp_gain":0.0,"max_hp_loss":4.0,"gold_gain":0.0,"event_name":"Winding Halls","player_choice":"Max HP","floor":36.0,"gold_loss":0.0,"damage_taken":0.0},{"damage_healed":0.0,"max_hp_gain":0.0,"max_hp_loss":0.0,"gold_gain":999.0,"event_name":"MindBloom","player_choice":"Gold","floor":38.0,"gold_loss":0.0,"damage_taken":0.0,"cards_obtained":["Normality","Normality"]}],"is_beta":false,"boss_relics":[{"not_picked":["Runic Dome","Snecko Eye"],"picked":"Sozu"},{"not_picked":["Calling Bell","Empty Cage"],"picked":"Inserter"}],"items_purged_floors":[8,39,45],"is_endless":false,"potions_floor_spawned":[2,11,12,16,18,19,22,33,41,48,54],"killed_by":"The Heart","ascension_level":0}}