{"host":"4i5cwwpk4hy0hzn4","time":1613990537,"event":{"mods":["BaseMod","Bestiary","Block Reminder","Colored Powertips","Minty Spire (QoL Compilation)","Quick Restart","Slay-I"],"gold_per_floor":[113,130,143,154,229,257,257,267,267,279,69,69,69],"floor_reached":12,"language":"DEU","playtime":512,"items_purged":["Strike_R"],"score":144,"play_id":"41a206ee-803e-4ce9-8392-ec3de7db3643","local_time":"20210222114217","is_ascension_mode":true,"campfire_choices":[{"data":"Bloodletting","floor":7,"key":"SMITH"}],"circlet_count":0,"master_deck":["AscendersBane","Strike_R","Strike_R","Strike_R","Strike_R","Defend_R","Defend_R","Defend_R","Defend_R","Bash","Power Through","Evolve","Impervious","Bloodletting+1","Flame Barrier","Flame Barrier","Trip","Shrug It Off"],"relics":["Burning Blood","NeowsBlessing","Bag of Marbles","Akabeko"],"acts_visited":["Exordium"],"potions_floor_usage":[4,6,6],"damage_taken":[{"damage":0,"enemies":"Cultist","floor":1,"turns":1},{"damage":0,"enemies":"Jaw Worm","floor":2,"turns":1},{"damage":0,"enemies":"2 Louse","floor":3,"turns":1},{"damage":26,"enemies":"Exordium Thugs","floor":4,"turns":7},{"damage":7,"enemies":"3 Sentries","floor":6,"turns":10},{"damage":20,"enemies":"3 Louse","floor":8,"turns":6},{"damage":3,"enemies":"Blue Slaver","floor":10,"turns":4},{"damage":35,"enemies":"Lagavulin","floor":12,"turns":10}],"seed_played":"-4348686135272382721","potions_obtained":[{"floor":2,"key":"PowerPotion"},{"floor":3,"key":"PowerPotion"},{"floor":4,"key":"Explosive Potion"},{"floor":8,"key":"FearPotion"}],"is_trial":false,"path_per_floor":["M","M","M","M","?","E","R","M","T","M","$","E"],"character_chosen":"IRONCLAD","items_purchased":["Trip","Shrug It Off"],"campfire_rested":0,"item_purchase_floors":[11,11],"current_hp_per_floor":[74,75,75,55,44,43,43,29,29,32,32,0,0],"gold":69,"neow_bonus":"THREE_ENEMY_KILL","is_daily":false,"chose_seed":false,"campfire_upgraded":1,"win_rate":0.0,"timestamp":1613990537,"path_taken":["M","M","M","?","?","E","R","M","T","M","$","E"],"items_purchased_type":["Card","Card"],"build_version":"2020-12-22","purchased_purges":1,"victory":false,"max_hp_per_floor":[75,75,75,75,75,75,75,75,75,75,75,75,75],"card_choices":[{"not_picked":["Anger","Rage","Cleave"],"picked":"SKIP","floor":1},{"not_picked":["Seeing Red","Disarm"],"picked":"Power Through","floor":2},{"not_picked":["Heavy Blade","Seeing Red"],"picked":"Evolve","floor":3},{"not_picked":["Armaments","Flex"],"picked":"Impervious","floor":4},{"not_picked":["Iron Wave","Ghostly Armor"],"picked":"Bloodletting","floor":6},{"not_picked":["Armaments","Entrench"],"picked":"Flame Barrier","floor":8},{"not_picked":["True Grit","Sword Boomerang"],"picked":"Flame Barrier","floor":10}],"player_experience":696467,"relics_obtained":[{"floor":6,"key":"Bag of Marbles"},{"floor":9,"key":"Akabeko"}],"event_choices":[{"damage_healed":0,"gold_gain":75,"player_choice":"Gather Gold","damage_taken":11,"max_hp_gain":0,"max_hp_loss":0,"event_name":"World of Goop","floor":5,"gold_loss":0}],"is_beta":false,"boss_relics":[],"items_purged_floors":[11],"is_endless":false,"potions_floor_spawned":[2,3,4,8],"killed_by":"Lagavulin","ascension_level":15}}