{"host":"tbtdmxsmbcrp6qvt","time":1613970135,"event":{"mods":["BaseMod","Dota2Spire","Minty Spire (QoL Compilation)","Quick Restart","Replay The Spire","StSLib","The Servant 0.9.4"],"gold_per_floor":[116,116,41,51,51,80,80,92,92,92,92,92,92,92,92,92,92,92,92],"floor_reached":18,"language":"ZHS","playtime":496,"items_purged":["Strike_R"],"score":190,"play_id":"d614136b-d4d1-415b-813d-124cf597fea0","local_time":"20210222130215","is_ascension_mode":true,"campfire_choices":[{"floor":7,"key":"RECALL"},{"data":"ReplayTheSpireMod:Strike From Hell","floor":11,"key":"SMITH"},{"data":"Spreading Infection","floor":17,"key":"PURGE"}],"circlet_count":0,"master_deck":["Strike_R","Strike_R+1","Strike_R","Defend_R","Defend_R","Defend_R","Defend_R+1","Bash+1","ReplayTheSpireMod:Strike From Hell+1","Bludgeon"],"relics":["Burning Blood","NeowsBlessing","Dota2Spire:EtherealBlade","Ring of Hypnosis","ReplayTheSpireMod:Ring of Collecting"],"acts_visited":["Exordium"],"potions_floor_usage":[18,18],"damage_taken":[{"damage":0,"enemies":"Jaw Worm","floor":1,"turns":1},{"damage":0,"enemies":"Cultist","floor":4,"turns":1},{"damage":0,"enemies":"Gremlin Nob","floor":6,"turns":1},{"damage":0,"enemies":"2 Louse","floor":8,"turns":2},{"damage":70,"enemies":"Fading Forest","floor":18,"turns":9}],"seed_played":"-3801683585017005000","potions_obtained":[{"floor":4,"key":"AttackPotion"},{"floor":6,"key":"LiquidBronze"}],"is_trial":false,"path_per_floor":["M","?","$","M","?","E","R","M","T","?","R","?","$","PTL","PTL","$","R","B"],"character_chosen":"IRONCLAD","items_purchased":[],"campfire_rested":0,"item_purchase_floors":[],"current_hp_per_floor":[78,78,78,80,64,70,70,76,76,76,76,76,76,76,76,76,76,14,14],"gold":92,"neow_bonus":"THREE_ENEMY_KILL","is_daily":false,"chose_seed":false,"campfire_upgraded":1,"win_rate":0.0,"timestamp":1613970135,"path_taken":["M","?","$","?","?","E","R","M","T","?","R","?","?","PTL","PTL","$","R","BOSS"],"items_purchased_type":[],"build_version":"2020-12-22","purchased_purges":1,"victory":false,"max_hp_per_floor":[80,80,80,80,80,80,80,80,80,80,80,80,80,80,80,80,80,80,80],"card_choices":[{"not_picked":["Thunderclap","Armaments"],"picked":"ReplayTheSpireMod:Strike From Hell","floor":1},{"not_picked":["Whirlwind","Wild Strike","Body Slam"],"picked":"SKIP","floor":4},{"not_picked":["Reckless Charge","Shrug It Off","Iron Wave"],"picked":"SKIP","floor":6},{"not_picked":["Infernal Blade","Heavy Blade","Twin Strike"],"picked":"SKIP","floor":8}],"player_experience":472172,"relics_obtained":[{"floor":6,"key":"Dota2Spire:EtherealBlade"},{"floor":10,"key":"Ring of Hypnosis"},{"floor":10,"key":"ReplayTheSpireMod:Ring of Collecting"}],"event_choices":[{"damage_healed":0,"gold_gain":0,"cards_transformed":["Strike_R"],"player_choice":"Transformed","damage_taken":0,"max_hp_gain":0,"max_hp_loss":0,"event_name":"Transmorgrifier","floor":2,"gold_loss":0,"cards_obtained":["Bludgeon"]},{"damage_healed":0,"gold_gain":0,"player_choice":"Entered Light","damage_taken":16,"max_hp_gain":0,"max_hp_loss":0,"event_name":"Shining Light","floor":5,"gold_loss":0,"cards_upgraded":["Defend_R","Strike_R"]}],"is_beta":false,"boss_relics":[],"items_purged_floors":[3],"is_endless":false,"potions_floor_spawned":[4,6],"killed_by":"Fading Forest","ascension_level":9}}