{"host":"7bb7osqc91rjfyph","time":1613971218,"event":{"mods":["AchievementEnabler","BaseMod","BetterRewards","Colored Map","Colored Powertips","Downfall","Googly Eyes","Hermit","Hubris","Marisa????????","Minty Spire (QoL Compilation)","Shop Mod","StSLib","The Cursed"],"gold_per_floor":[99,116,133,143,161,161,161,189,202,227,254,254,284,318,336,408,408,408,40,51,68,85,114,114,147,167,201,227,256,286,314,333,409,409,409,423,443,454,454,484,484,518,19,37,65,98,128,162,182,182],"floor_reached":51,"language":"ENG","playtime":2450,"items_purged":[],"score":3364,"play_id":"1dcbf89f-3a7f-490a-8a62-bc1e77ea71ba","local_time":"20210221232018","daily_mods":["SealedDeck","Vintage","Colorless Cards","Heirloom","Time Dilation","Flight","DeadlyEvents","Elite Swarm"],"is_ascension_mode":true,"campfire_choices":[{"data":"hermit:Quickdraw","floor":1,"key":"SMITH"},{"floor":6,"key":"RECALL"},{"data":"hermit:Magnum","floor":18,"key":"SMITH"},{"data":"Master of Strategy","floor":35,"key":"SMITH"}],"circlet_count":0,"master_deck":["AscendersBane","hermit:SprayPray","hubris:Insight","Dark Shackles","hermit:Dive","hermit:Dive","hermit:Deadeye","hermit:Headshot","hermit:Headshot","hermit:ShadowCloak","hermit:Quickdraw+1","Panache+1","hermit:Magnum+1","Panache+1","Secret Weapon","Master of Strategy+1","hermit:FromBeyond","hermit:Glare+1","hermit:Combo+1","hermit:Gambit","Master of Strategy","Panache+1","Master of Strategy","Master of Strategy","hermit:FinalCanter+1","hermit:Reprieve","Panache+1","Panache+1","hermit:WideOpen+1","Secret Weapon","Master of Strategy","hermit:OverwhelmingPower+1"],"relics":["hermit:Momento","Prayer Wheel","hermit:Spyglass","Boot","CaptainsWheel","Frozen Egg 2","Centennial Puzzle","Akabeko","bronze:BronzeIdol","hubris:BottledRain","InkBottle","hubris:Towel","Strawberry","hubris:Reverence","hermit:Horseshoe","Black Star","Bottled Lightning","Kunai","sneckomod:BlankCard","hexamod:BolsterEngine","Omamori","Blue Candle","Lizard Tail","TungstenRod","Potion Belt","Molten Egg 2","Slimebound:StickyStick","hubris:PeanutButter","Dead Branch","Ornamental Fan","Bag of Marbles","Lantern","Orichalcum","Vajra","Torii","hubris:DeckOfHolding","Cursed Key","Anchor","hubris:SlimyHat","Bottled Tornado","The Courier","Bronze Scales","Calipers","hubris:MysteriousPyramids","hubris:EmptyBottle","Guardian:PocketSentry","Pantograph","hubris:ToyBattleship","Thread and Needle","hubris:CrystalStatue","hubris:Zylophone","Mummified Hand","hubris:CuriousFeather","hubris:SphereOfDissonance","bronze:DecasWashers","Bottled Flame","Pear","hubris:Potato","Mango"],"acts_visited":["Exordium","TheCity","TheBeyond"],"potions_floor_usage":[43],"damage_taken":[{"damage":0,"enemies":"Small Slimes","floor":2,"turns":2},{"damage":0,"enemies":"Jaw Worm","floor":3,"turns":1},{"damage":0,"enemies":"Cultist","floor":4,"turns":2},{"damage":0,"enemies":"Large Slime","floor":5,"turns":4},{"damage":0,"enemies":"Gremlin Nob","floor":8,"turns":3},{"damage":0,"enemies":"Blue Slaver","floor":9,"turns":2},{"damage":0,"enemies":"Lagavulin","floor":10,"turns":4},{"damage":0,"enemies":"Gremlin Nob","floor":11,"turns":3},{"damage":7,"enemies":"Lagavulin","floor":13,"turns":3},{"damage":1,"enemies":"3 Sentries","floor":14,"turns":3},{"damage":0,"enemies":"2 Fungi Beasts","floor":15,"turns":1},{"damage":0,"enemies":"SI_SHIV_ARCHETYPE","floor":16,"turns":5},{"damage":0,"enemies":"downfall:FleeingMerchant","floor":19,"turns":4},{"damage":1,"enemies":"Shell Parasite","floor":20,"turns":2},{"damage":0,"enemies":"Chosen","floor":21,"turns":3},{"damage":0,"enemies":"Snecko","floor":22,"turns":1},{"damage":0,"enemies":"Gremlin Leader","floor":23,"turns":1},{"damage":1,"enemies":"Book of Stabbing","floor":25,"turns":3},{"damage":0,"enemies":"Snake Plant","floor":26,"turns":1},{"damage":0,"enemies":"Gremlin Leader","floor":27,"turns":1},{"damage":0,"enemies":"Book of Stabbing","floor":28,"turns":1},{"damage":0,"enemies":"Gremlin Leader","floor":29,"turns":1},{"damage":0,"enemies":"Book of Stabbing","floor":30,"turns":1},{"damage":0,"enemies":"Slavers","floor":31,"turns":1},{"damage":0,"enemies":"Centurion and Healer","floor":32,"turns":1},{"damage":0,"enemies":"DF_ARCHETYPE_CLAW","floor":33,"turns":3},{"damage":0,"enemies":"3 Darklings","floor":36,"turns":1},{"damage":0,"enemies":"3 Shapes","floor":37,"turns":1},{"damage":0,"enemies":"Transient","floor":38,"turns":6},{"damage":0,"enemies":"Giant Head","floor":40,"turns":2},{"damage":0,"enemies":"Reptomancer","floor":42,"turns":1},{"damage":0,"enemies":"downfall:FleeingMerchant","floor":43,"turns":2},{"damage":0,"enemies":"3 Darklings","floor":44,"turns":1},{"damage":0,"enemies":"Giant Head","floor":45,"turns":3},{"damage":0,"enemies":"Nemesis","floor":46,"turns":1},{"damage":0,"enemies":"Reptomancer","floor":47,"turns":1},{"damage":0,"enemies":"Giant Head","floor":48,"turns":1},{"damage":0,"enemies":"4 Shapes","floor":49,"turns":1},{"damage":0,"enemies":"WA_ARCHETYPE_DIVINITY","floor":50,"turns":2}],"seed_played":"-3553730482457503910","potions_obtained":[{"floor":4,"key":"EntropicBrew"},{"floor":8,"key":"BlessingOfTheForge"},{"floor":10,"key":"DistilledChaos"},{"floor":26,"key":"Fire Potion"},{"floor":27,"key":"DistilledChaos"},{"floor":28,"key":"DuplicationPotion"},{"floor":44,"key":"champ:CounterPotion"}],"is_trial":true,"path_per_floor":["R","M","M","M","M","R","T","E","M","E","E","?","E","E","M","B",null,"R","$","M","M","M","E","T","E","M","E","E","E","E","E","M","B",null,"R","M","M","M","?","E","T","E","$","M","E","E","E","E","M","B",null],"character_chosen":"HERMIT","items_purchased":["hermit:Combo+1","Bottled Lightning","hubris:EmptyBottle","Guardian:PocketSentry","Pantograph","hubris:ToyBattleship","Thread and Needle"],"campfire_rested":0,"item_purchase_floors":[19,19,43,43,43,43,43],"current_hp_per_floor":[64,64,64,64,64,64,64,64,64,64,64,64,64,63,63,63,74,74,74,73,73,73,73,73,72,72,72,72,72,72,72,72,72,77,77,77,77,77,77,77,77,77,77,77,77,77,77,87,101,102],"gold":182,"neow_bonus":"","is_daily":false,"chose_seed":false,"campfire_upgraded":3,"win_rate":0.0,"timestamp":1613971218,"path_taken":["R","M","M","M","M","R","T","E","M","E","E","?","E","E","M","BOSS","R","$","M","M","M","E","T","E","M","E","E","E","E","E","M","BOSS","R","M","M","M","?","E","T","E","$","M","E","E","E","E","M","BOSS"],"items_purchased_type":["Card","Relic","Relic","Relic","Relic","Relic","Relic"],"build_version":"2020-12-22","purchased_purges":0,"victory":true,"max_hp_per_floor":[71,71,71,71,71,71,71,71,71,71,71,71,78,78,78,78,78,78,78,78,78,78,78,78,78,78,78,78,78,78,78,78,78,78,78,78,78,78,78,78,78,78,78,78,78,78,78,88,102,102],"card_choices":[{"not_picked":["hermit:BlackWind","hermit:HighNoon+1"],"picked":"Panache+1","floor":8},{"not_picked":["hermit:Roughhouse","hermit:DeadOrAlive"],"picked":"hermit:Magnum","floor":10},{"not_picked":["Metamorphosis","hermit:RoundhouseKick"],"picked":"Panache+1","floor":11},{"not_picked":["hermit:HighNoon+1","hermit:Magnum"],"picked":"Secret Weapon","floor":13},{"not_picked":["hermit:FinalCanter","Thinking Ahead"],"picked":"Master of Strategy","floor":14},{"not_picked":["hermit:Purgatory","hermit:BlackWind"],"picked":"hermit:FromBeyond","floor":16},{"not_picked":["hermit:Coalescence","hermit:ItchyTrigger"],"picked":"hermit:Glare+1","floor":19},{"not_picked":["Metamorphosis","hermit:Magnum"],"picked":"hermit:Gambit","floor":23},{"not_picked":["hermit:FinalCanter","Transmutation"],"picked":"Master of Strategy","floor":25},{"not_picked":["hermit:Dissolve","Secret Technique"],"picked":"Panache+1","floor":27},{"not_picked":["hermit:FinalCanter+1","hermit:Reprieve"],"picked":"Master of Strategy","floor":28},{"not_picked":["Transmutation","hermit:DeadOrAlive+1"],"picked":"Master of Strategy","floor":29},{"not_picked":["hermit:EternalForm+1","hermit:HighNoon+1"],"picked":"hermit:FinalCanter+1","floor":30},{"not_picked":["hermit:HighNoon+1","hermit:RoundhouseKick+1"],"picked":"hermit:Reprieve","floor":31},{"not_picked":["hermit:OverwhelmingPower+1","Metamorphosis"],"picked":"Panache+1","floor":33},{"not_picked":["Chrysalis","Secret Weapon"],"picked":"Panache+1","floor":40},{"not_picked":["hermit:EternalForm+1","hermit:DeadOrAlive+1","Magnetism+1"],"picked":"SKIP","floor":42},{"not_picked":["hermit:HighCaliber+1","hermit:TrackingShot+1"],"picked":"hermit:WideOpen+1","floor":43},{"not_picked":["hermit:OverwhelmingPower+1","hermit:Adapt+1","HandOfGreed+1"],"picked":"SKIP","floor":45},{"not_picked":["hermit:FinalCanter+1","Mayhem+1"],"picked":"Secret Weapon","floor":46},{"not_picked":["Violence","Mayhem+1"],"picked":"Master of Strategy","floor":47},{"not_picked":["hermit:EternalForm+1","Thinking Ahead"],"picked":"hermit:OverwhelmingPower+1","floor":48}],"player_experience":131030,"relics_obtained":[{"floor":2,"key":"hermit:Spyglass"},{"floor":3,"key":"Boot"},{"floor":4,"key":"CaptainsWheel"},{"floor":5,"key":"Frozen Egg 2"},{"floor":7,"key":"Centennial Puzzle"},{"floor":8,"key":"Akabeko"},{"floor":9,"key":"bronze:BronzeIdol"},{"floor":10,"key":"hubris:BottledRain"},{"floor":11,"key":"InkBottle"},{"floor":13,"key":"Strawberry"},{"floor":14,"key":"hubris:Reverence"},{"floor":15,"key":"hermit:Horseshoe"},{"floor":20,"key":"Kunai"},{"floor":21,"key":"sneckomod:BlankCard"},{"floor":22,"key":"hexamod:BolsterEngine"},{"floor":23,"key":"Omamori"},{"floor":23,"key":"Blue Candle"},{"floor":25,"key":"Lizard Tail"},{"floor":25,"key":"TungstenRod"},{"floor":26,"key":"Potion Belt"},{"floor":27,"key":"Molten Egg 2"},{"floor":27,"key":"Slimebound:StickyStick"},{"floor":28,"key":"hubris:PeanutButter"},{"floor":28,"key":"Dead Branch"},{"floor":29,"key":"Ornamental Fan"},{"floor":29,"key":"Bag of Marbles"},{"floor":30,"key":"Lantern"},{"floor":30,"key":"Orichalcum"},{"floor":31,"key":"Vajra"},{"floor":31,"key":"Torii"},{"floor":32,"key":"hubris:DeckOfHolding"},{"floor":36,"key":"Anchor"},{"floor":37,"key":"hubris:SlimyHat"},{"floor":38,"key":"Bottled Tornado"},{"floor":40,"key":"The Courier"},{"floor":40,"key":"Bronze Scales"},{"floor":42,"key":"Calipers"},{"floor":42,"key":"hubris:MysteriousPyramids"},{"floor":44,"key":"hubris:CrystalStatue"},{"floor":45,"key":"hubris:Zylophone"},{"floor":45,"key":"Mummified Hand"},{"floor":46,"key":"hubris:CuriousFeather"},{"floor":46,"key":"hubris:SphereOfDissonance"},{"floor":47,"key":"bronze:DecasWashers"},{"floor":47,"key":"Bottled Flame"},{"floor":48,"key":"Pear"},{"floor":48,"key":"hubris:Potato"},{"floor":49,"key":"Mango"}],"event_choices":[],"is_beta":false,"boss_relics":[{"not_picked":["Coffee Dripper","SacredBark"],"picked":"Black Star"},{"not_picked":["Runic Pyramid","hubris:BlackHole"],"picked":"Cursed Key"}],"items_purged_floors":[],"is_endless":false,"potions_floor_spawned":[4,8,10,11,13,23,25,26,27,28,32,33,36,38,40,44,46,49],"ascension_level":20}}