{"host":"wk46m6kgjezp23jj","time":1613962564,"event":{"mods":["AchievementEnabler","BaseMod","Beaked The Cultist","Bestiary","Colored Map","Colored Powertips","Downfall","Hermit","Minty Spire (QoL Compilation)","Replay The Spire","StSLib","The Bladedancer","The Construct","The Cursed"],"gold_per_floor":[118,138,157,363,31,31,50,80,106,106,106,106,106,125,125,230,230,244,276,276,7,7,41,41,41,41,41,41,141,175,39,39,137,137,153,153,34,256,6,6,106,140,140,168,218,231,231,231,231,246,246,246],"floor_reached":53,"language":"ENG","playtime":6684,"items_purged":["downfall:Icky"],"score":890,"play_id":"59d5c04c-20e1-4f22-8461-d8c6da0edbd0","local_time":"20210221215603","is_ascension_mode":true,"campfire_choices":[{"floor":6,"key":"REST"},{"floor":10,"key":"REST"},{"data":"Footwork","floor":13,"key":"SMITH"},{"floor":24,"key":"REST"},{"data":"Noxious Fumes","floor":32,"key":"SMITH"},{"data":"Blade Dance","floor":40,"key":"SMITH"},{"floor":47,"key":"REST"}],"circlet_count":0,"master_deck":["Strike_G+1","Defend_G","Defend_G","Defend_G","Defend_G","Survivor","Neutralize","Toxin Wave","PiercingWail","Prepared","Hidden Blade+1","Glass Knife+1","Footwork+1","Unload+1","Noxious Fumes+1","Venomology+1","Catalyst","Crippling Poison","Infinite Blades","Bane","Bane","ReplayTheSpireMod:Necrosis","Terror+1","Draining Mist","Footwork+1","Deadly Poison","Bane","Wraith Form v2+1","Well Laid Plans+1","Fluid Movement+1","Blade Dance+1","Bouncing Flask","Apotheosis","Caltrops+1","Injury","Glass Knife","Voices","downfall:Aged","A Thousand Cuts+1","Regret","blademaster:WrongfulFootwork","Pot Of Greed","Pot Of Greed","Pot Of Greed","Crippling Poison","Caltrops+1","Blade Dance+1","Adrenaline","Flash of Steel"],"relics":["Snecko Heart","Ice Cream","Juzu Bracelet","Bag of Preparation","Empty Cage","Red Mask","MealTicket","Guide Book","Centennial Puzzle","Enchiridion","Snack Pack","StoneCalendar","Frozen Egg 2","Gremlin Food","Honey Jar","ReplayTheSpireMod:CursedCoin","downfall:ExtraCursedKey","InkBottle","Replay:Ringing Soul","Grinning Jar","Replay:Kaleidoscope"],"acts_visited":["Exordium","TheCity","TheBeyond"],"potions_floor_usage":[7,19,19,23,29,29,33,33,42,44,44,45,52,52],"damage_taken":[{"damage":4,"enemies":"Cultist","floor":1,"turns":5},{"damage":0,"enemies":"Jaw Worm","floor":2,"turns":4},{"damage":0,"enemies":"Small Slimes","floor":3,"turns":3},{"damage":6,"enemies":"2 Fungi Beasts","floor":7,"turns":4},{"damage":14,"enemies":"3 Sentries","floor":8,"turns":8},{"damage":5,"enemies":"Exordium Thugs","floor":14,"turns":7},{"damage":16,"enemies":"Hexaghost","floor":16,"turns":8},{"damage":5,"enemies":"Spheric Guardian","floor":18,"turns":4},{"damage":23,"enemies":"Masked Bandits","floor":19,"turns":4},{"damage":29,"enemies":"Slavers","floor":23,"turns":5},{"damage":11,"enemies":"Colosseum Slavers","floor":29,"turns":2},{"damage":12,"enemies":"Colosseum Nobs","floor":29,"turns":5},{"damage":14,"enemies":"Replay:Snechameleon","floor":30,"turns":5},{"damage":56,"enemies":"Automaton","floor":33,"turns":7},{"damage":0,"enemies":"Orb Walker","floor":35,"turns":4},{"damage":19,"enemies":"R_Hoarder","floor":42,"turns":5},{"damage":20,"enemies":"beaked:SuperParasite","floor":44,"turns":6},{"damage":4,"enemies":"Mind Bloom Boss Battle","floor":45,"turns":5},{"damage":10,"enemies":"3 Darklings","floor":46,"turns":3},{"damage":11,"enemies":"Jaw Worm Horde","floor":50,"turns":2},{"damage":61,"enemies":"Donu and Deca","floor":52,"turns":8}],"seed_played":"7811086764867008139","potions_obtained":[{"floor":1,"key":"PowerPotion"},{"floor":8,"key":"GamblersBrew"},{"floor":14,"key":"Explosive Potion"},{"floor":23,"key":"EntropicBrew"},{"floor":29,"key":"SpeedPotion"},{"floor":30,"key":"LiquidBronze"},{"floor":36,"key":"champ:CounterPotion"},{"floor":36,"key":"PowerPotion"},{"floor":36,"key":"construct:ShiftPotion"},{"floor":42,"key":"SpeedPotion"},{"floor":46,"key":"SmokeBomb"}],"is_trial":false,"path_per_floor":["M","M","M","?","$","R","M","E","T","R","?","?","R","M","R_BF","B",null,"M","?","T","$","?","E","R","?","T","$","$","?","E","$","R","B",null,"M","?","$","?","$","R","?","E","T","E","?","M","R","PTL","PTL","M","R_BF","B",null],"character_chosen":"THE_SILENT","items_purchased":["Ice Cream","Hidden Blade","Guide Book","Infinite Blades","Bane","Footwork+1","Deadly Poison","Bane","ReplayTheSpireMod:CursedCoin","Fluid Movement+1","Blade Dance","Bouncing Flask","Apotheosis","Caltrops+1"],"campfire_rested":4,"item_purchase_floors":[5,5,21,21,21,31,31,31,37,37,37,37,39,39],"current_hp_per_floor":[66,66,66,38,38,59,53,39,39,60,60,60,60,55,41,25,70,65,42,42,57,57,28,49,33,33,48,63,60,46,61,61,11,70,70,70,70,70,70,70,75,60,60,51,56,51,76,76,76,74,77,22],"gold":246,"neow_bonus":"BOSS_RELIC","is_daily":false,"chose_seed":false,"campfire_upgraded":3,"win_rate":0.0,"timestamp":1613962563,"path_taken":["M","?","M","?","$","R","M","E","T","R","?","?","R","M","R_BF","BOSS","M","?","?","?","?","E","R","?","T","?","$","?","E","$","R","BOSS","M","?","$","?","?","R","?","E","T","E","?","M","R","PTL","PTL","M","R_BF","BOSS"],"items_purchased_type":["Relic","Card","Relic","Card","Card","Card","Card","Card","Relic","Card","Card","Card","Card","Card"],"build_version":"2020-12-22","purchased_purges":1,"victory":true,"max_hp_per_floor":[70,70,70,70,70,70,70,70,70,70,70,70,70,70,70,70,70,70,70,70,70,70,70,70,70,70,70,70,70,70,70,70,70,70,70,70,70,70,70,70,75,75,75,78,81,84,84,84,84,87,90,90],"card_choices":[{"not_picked":["Catalyst","Hidden Blade"],"picked":"Toxin Wave","floor":1},{"not_picked":["Dagger Spray","Quick Slash"],"picked":"PiercingWail","floor":2},{"not_picked":["Sucker Punch","Slice","Endless Agony"],"picked":"SKIP","floor":3},{"not_picked":["Sucker Punch","Slice","Endless Agony"],"picked":"SKIP","floor":3},{"not_picked":["Dodge and Roll","Underhanded Strike"],"picked":"Prepared","floor":4},{"not_picked":["Tactician","Dodge and Roll"],"picked":"Glass Knife","floor":7},{"not_picked":["Dagger Spray","Outmaneuver"],"picked":"Footwork","floor":8},{"not_picked":["Reflex","Acrobatics"],"picked":"Noxious Fumes","floor":14},{"not_picked":["Tools of the Trade","Doppelganger"],"picked":"Venomology","floor":16},{"not_picked":["Heel Hook","Riddle With Holes+1"],"picked":"Catalyst","floor":18},{"not_picked":["ReplayTheSpireMod:The Works+1","Distraction"],"picked":"Crippling Poison","floor":19},{"not_picked":["Hidden Blade","Dagger Throw"],"picked":"Terror","floor":23},{"not_picked":["Leg Sweep","Dash"],"picked":"Draining Mist","floor":30},{"not_picked":["Doppelganger","Bullet Time"],"picked":"Wraith Form v2+1","floor":33},{"not_picked":["Dagger Throw","Outmaneuver","PiercingWail+1"],"picked":"Well Laid Plans+1","floor":35},{"not_picked":["Blade Dance+1","Underhanded Strike","ReplayTheSpireMod:Speed Training"],"picked":"A Thousand Cuts+1","floor":42},{"not_picked":["PiercingWail","Predator+1","Dodge and Roll"],"picked":"Crippling Poison","floor":44},{"not_picked":["Poisoned Stab+1","Slice","PiercingWail"],"picked":"Caltrops+1","floor":45},{"not_picked":["Slice","Cloak And Dagger","Quick Slash"],"picked":"Blade Dance+1","floor":46},{"not_picked":["Fluid Movement+1","Blur+1","Backflip"],"picked":"Adrenaline","floor":50}],"player_experience":43431,"relics_obtained":[{"floor":8,"key":"Juzu Bracelet"},{"floor":9,"key":"Bag of Preparation"},{"floor":19,"key":"Red Mask"},{"floor":20,"key":"MealTicket"},{"floor":23,"key":"Centennial Puzzle"},{"floor":25,"key":"Enchiridion"},{"floor":26,"key":"Snack Pack"},{"floor":29,"key":"StoneCalendar"},{"floor":29,"key":"Frozen Egg 2"},{"floor":30,"key":"Gremlin Food"},{"floor":42,"key":"InkBottle"},{"floor":43,"key":"Replay:Ringing Soul"},{"floor":44,"key":"Grinning Jar"},{"floor":45,"key":"Replay:Kaleidoscope"}],"event_choices":[{"damage_healed":0,"gold_gain":0,"player_choice":"Ignored","damage_taken":0,"max_hp_gain":0,"max_hp_loss":0,"event_name":"Liars Game","floor":11,"gold_loss":0},{"damage_healed":0,"gold_gain":0,"player_choice":"Entered Light","damage_taken":14,"max_hp_gain":0,"max_hp_loss":0,"event_name":"Shining Light","floor":15,"gold_loss":0,"cards_upgraded":["Hidden Blade","Strike_G"]},{"damage_healed":0,"gold_gain":0,"player_choice":"Fought Bandits","damage_taken":0,"max_hp_gain":0,"max_hp_loss":0,"event_name":"Masked Bandits","floor":19,"gold_loss":0},{"damage_healed":0,"gold_gain":0,"cards_transformed":["Strike_G","Strike_G"],"player_choice":"Became Test Subject","damage_taken":0,"max_hp_gain":0,"max_hp_loss":0,"event_name":"Drug Dealer","floor":22,"gold_loss":0,"cards_obtained":["Bane","ReplayTheSpireMod:Necrosis"]},{"damage_healed":0,"gold_gain":0,"player_choice":"Obtained Book","damage_taken":16,"max_hp_gain":0,"max_hp_loss":0,"event_name":"Cursed Tome","floor":25,"gold_loss":0},{"damage_healed":0,"gold_gain":0,"player_choice":"Fight","damage_taken":0,"max_hp_gain":0,"max_hp_loss":0,"event_name":"Colosseum","floor":29,"gold_loss":0},{"damage_healed":0,"gold_gain":0,"player_choice":"Fought Nobs","damage_taken":0,"max_hp_gain":0,"max_hp_loss":0,"event_name":"Colosseum","floor":29,"gold_loss":0},{"damage_healed":0,"gold_gain":0,"player_choice":"Got Potions","damage_taken":0,"max_hp_gain":0,"max_hp_loss":0,"event_name":"Lab","floor":36,"gold_loss":0},{"damage_healed":0,"gold_gain":222,"player_choice":"Wore Mask","damage_taken":0,"max_hp_gain":0,"max_hp_loss":0,"event_name":"Tomb of Lord Red Mask","floor":38,"gold_loss":0},{"damage_healed":0,"gold_gain":0,"player_choice":"Fight","damage_taken":0,"max_hp_gain":0,"max_hp_loss":0,"event_name":"MindBloom","floor":45,"gold_loss":0}],"is_beta":false,"boss_relics":[{"not_picked":["Replay:Bronze Core","Philosopher\u0027s Stone"],"picked":"Empty Cage"},{"not_picked":["bronze:MakeshiftBattery","Tiny House"],"picked":"Honey Jar"}],"items_purged_floors":[37],"is_endless":false,"potions_floor_spawned":[1,8,14,23,29,30,42,46],"ascension_level":2}}