{"host":"and8eo8sydud92t3","time":1613956524,"event":{"mods":["AchievementEnabler","BaseMod","Bestiary","Colored Map","Colored Powertips","Highlight Path","Minty Spire (QoL Compilation)","Relic Stats","StSLib"],"gold_per_floor":[111,186,186,186,33,33,43,43,43,88,98,109,109,123,123,220,220,232,250,250,260,275,305,305,337,337,337,349,41,41,61,61,156,206,223,41,41,117,0,31,31,60,84,134,146,146,165,185,185,185,185],"floor_reached":50,"language":"ENG","playtime":1488,"items_purged":[],"score":635,"play_id":"5bc57ea2-713f-46c5-bc47-8ed8b9d33675","local_time":"20210221201524","is_ascension_mode":true,"campfire_choices":[{"floor":6,"key":"RECALL"},{"floor":8,"key":"REST"},{"data":"Hello World","floor":15,"key":"SMITH"},{"floor":24,"key":"REST"},{"floor":27,"key":"REST"},{"data":"Electrodynamics","floor":32,"key":"SMITH"},{"data":"Loop","floor":41,"key":"SMITH"},{"floor":49,"key":"REST"}],"circlet_count":0,"master_deck":["Strike_B+1","Strike_B+1","Strike_B+1","Defend_B+1","Defend_B","Defend_B","Zap+1","Dualcast","Conserve Battery+1","Streamline+1","Doom and Gloom","Hello World+1","Gash","Ball Lightning","Electrodynamics+1","Scrape+1","Defragment+1","Ball Lightning","Core Surge","Glacier+1","Creative AI","Defragment+1","Chaos+1","Loop+1","Storm","Conserve Battery"],"relics":["Cracked Core","Strawberry","Whetstone","Nuclear Battery","PreservedInsect","The Courier","Emotion Chip","Letter Opener","Tiny House","Symbiotic Virus","Red Mask","Frozen Egg 2","Lantern","Pen Nib","Du-Vu Doll"],"acts_visited":["Exordium","TheCity","TheBeyond"],"potions_floor_usage":[16,21,21,33,40,47,48],"damage_taken":[{"damage":2,"enemies":"Jaw Worm","floor":1,"turns":3},{"damage":0,"enemies":"Small Slimes","floor":7,"turns":3},{"damage":3,"enemies":"2 Louse","floor":11,"turns":2},{"damage":2,"enemies":"Gremlin Gang","floor":12,"turns":4},{"damage":0,"enemies":"Exordium Thugs","floor":14,"turns":3},{"damage":47,"enemies":"Hexaghost","floor":16,"turns":6},{"damage":13,"enemies":"3 Byrds","floor":18,"turns":3},{"damage":16,"enemies":"Shell Parasite","floor":19,"turns":5},{"damage":11,"enemies":"Shelled Parasite and Fungi","floor":21,"turns":5},{"damage":10,"enemies":"Centurion and Healer","floor":22,"turns":5},{"damage":8,"enemies":"Gremlin Leader","floor":23,"turns":4},{"damage":24,"enemies":"Slavers","floor":25,"turns":3},{"damage":8,"enemies":"3 Cultists","floor":28,"turns":4},{"damage":8,"enemies":"Sentry and Sphere","floor":31,"turns":4},{"damage":51,"enemies":"Champ","floor":33,"turns":9},{"damage":2,"enemies":"3 Shapes","floor":35,"turns":3},{"damage":16,"enemies":"Nemesis","floor":40,"turns":5},{"damage":23,"enemies":"Giant Head","floor":42,"turns":7},{"damage":0,"enemies":"Mind Bloom Boss Battle","floor":44,"turns":5},{"damage":8,"enemies":"Orb Walker","floor":45,"turns":3},{"damage":35,"enemies":"Spire Growth","floor":47,"turns":4},{"damage":37,"enemies":"Transient","floor":48,"turns":5},{"damage":52,"enemies":"Time Eater","floor":50,"turns":5}],"seed_played":"-4514970105105505652","potions_obtained":[{"floor":1,"key":"FearPotion"},{"floor":7,"key":"FairyPotion"},{"floor":18,"key":"Ancient Potion"},{"floor":19,"key":"Weak Potion"},{"floor":23,"key":"FairyPotion"},{"floor":31,"key":"SpeedPotion"},{"floor":33,"key":"PowerPotion"},{"floor":42,"key":"Fire Potion"},{"floor":47,"key":"SkillPotion"}],"is_trial":false,"path_per_floor":["M","?","?","?","$","R","M","R","T","T","M","M","?","M","R","B",null,"M","M","?","M","M","E","R","E","T","R","M","$","?","M","R","B",null,"M","$","?","T","?","E","R","E","T","?","M","?","M","M","R","B"],"character_chosen":"DEFECT","items_purchased":["Strawberry","Core Surge","Letter Opener","Loop","Storm","Static Discharge"],"campfire_rested":4,"item_purchase_floors":[5,29,29,36,36,36],"current_hp_per_floor":[73,62,47,47,54,54,54,78,78,78,75,73,73,73,73,26,82,69,53,53,42,32,24,48,24,24,48,40,40,82,74,74,23,87,85,85,85,85,85,69,69,46,46,46,38,38,3,26,52,0,0],"gold":185,"neow_bonus":"UPGRADE_CARD","is_daily":false,"chose_seed":false,"campfire_upgraded":3,"win_rate":0.0,"timestamp":1613956524,"path_taken":["M","?","?","?","?","R","M","R","T","?","M","M","?","M","R","BOSS","M","?","?","?","M","E","R","E","T","R","M","$","?","?","R","BOSS","M","$","?","?","?","E","R","E","T","?","M","?","M","M","R","BOSS"],"items_purchased_type":["Relic","Card","Relic","Card","Card","Card"],"build_version":"2020-12-22","purchased_purges":0,"victory":false,"max_hp_per_floor":[75,75,75,75,82,82,82,82,82,82,82,82,82,82,82,82,82,82,82,82,82,82,82,82,82,82,82,82,82,82,82,82,82,87,87,87,87,87,87,87,87,87,87,87,87,87,87,87,87,87,87],"relic_stats":{"Emotion Chip":[50,30,8,4,8],"counters":[23,100],"PreservedInsect":210,"Pen Nib":[3],"Whetstone":["Strike_B","Streamline"],"Letter Opener":[15],"obtain_stats":[{"Lantern":42,"Tiny House":34,"PreservedInsect":23,"The Courier":25,"Pen Nib":43,"Whetstone":10,"Letter Opener":29,"Frozen Egg 2":40,"Nuclear Battery":17,"Du-Vu Doll":44,"Emotion Chip":26,"Strawberry":5,"Red Mask":39,"Cracked Core":0,"Symbiotic Virus":38},{"Lantern":18,"Tiny House":15,"PreservedInsect":11,"The Courier":12,"Pen Nib":18,"Whetstone":2,"Letter Opener":13,"Frozen Egg 2":17,"Nuclear Battery":6,"Du-Vu Doll":19,"Emotion Chip":12,"Strawberry":1,"Red Mask":16,"Cracked Core":0,"Symbiotic Virus":16},{"Lantern":78,"Tiny House":63,"PreservedInsect":43,"The Courier":46,"Pen Nib":78,"Whetstone":6,"Letter Opener":50,"Frozen Egg 2":71,"Nuclear Battery":21,"Du-Vu Doll":83,"Emotion Chip":46,"Strawberry":3,"Red Mask":66,"Cracked Core":0,"Symbiotic Virus":66}]},"card_choices":[{"not_picked":["Rebound","Streamline"],"picked":"Conserve Battery","floor":1},{"not_picked":["Compile Driver","Steam"],"picked":"Streamline","floor":7},{"not_picked":["Compile Driver","Steam Power"],"picked":"Doom and Gloom","floor":11},{"not_picked":["Redo","Double Energy"],"picked":"Hello World","floor":12},{"not_picked":["Conserve Battery","Leap"],"picked":"Ball Lightning","floor":14},{"not_picked":["Rainbow","Reboot"],"picked":"Electrodynamics","floor":16},{"not_picked":["Hologram+1","Streamline","Beam Cell"],"picked":"SKIP","floor":18},{"not_picked":["Rip and Tear","Stack"],"picked":"Scrape+1","floor":19},{"not_picked":["Auto Shields","Streamline"],"picked":"Defragment+1","floor":21},{"not_picked":["Coolheaded","Redo","Scrape"],"picked":"SKIP","floor":22},{"not_picked":["Compile Driver+1","Reprogram","Undo"],"picked":"SKIP","floor":23},{"not_picked":["Compile Driver+1","Reprogram"],"picked":"Undo","floor":23},{"not_picked":["Reinforced Body","Fusion","Barrage+1"],"picked":"SKIP","floor":25},{"not_picked":["Beam Cell","Force Field"],"picked":"Ball Lightning","floor":28},{"not_picked":["Beam Cell","All For One"],"picked":"Glacier+1","floor":31},{"not_picked":["All For One","Electrodynamics"],"picked":"Creative AI","floor":33},{"not_picked":["Compile Driver","Steam"],"picked":"Defragment+1","floor":34},{"not_picked":["Redo","Go for the Eyes"],"picked":"Chaos+1","floor":35},{"not_picked":["Compile Driver+1","Chaos+1","Leap+1"],"picked":"SKIP","floor":40},{"not_picked":["All For One","Undo+1","Beam Cell+1"],"picked":"SKIP","floor":42},{"not_picked":["Compile Driver+1","Fusion+1","Undo"],"picked":"SKIP","floor":45},{"not_picked":["Doom and Gloom","Streamline","Go for the Eyes+1"],"picked":"SKIP","floor":47},{"not_picked":["Consume+1","Ball Lightning","Lockon"],"picked":"SKIP","floor":48}],"player_experience":371494,"relics_obtained":[{"floor":10,"key":"Whetstone"},{"floor":23,"key":"PreservedInsect"},{"floor":25,"key":"The Courier"},{"floor":26,"key":"Emotion Chip"},{"floor":38,"key":"Symbiotic Virus"},{"floor":40,"key":"Frozen Egg 2"},{"floor":42,"key":"Lantern"},{"floor":43,"key":"Pen Nib"},{"floor":44,"key":"Du-Vu Doll"}],"event_choices":[{"damage_healed":0,"gold_gain":75,"player_choice":"Gather Gold","damage_taken":11,"max_hp_gain":0,"max_hp_loss":0,"event_name":"World of Goop","floor":2,"gold_loss":0},{"damage_healed":0,"gold_gain":0,"player_choice":"Entered Light","damage_taken":15,"max_hp_gain":0,"max_hp_loss":0,"event_name":"Shining Light","floor":3,"gold_loss":0,"cards_upgraded":["Strike_B","Strike_B"]},{"damage_healed":0,"gold_gain":0,"player_choice":"Grow","damage_taken":0,"max_hp_gain":0,"max_hp_loss":0,"event_name":"Living Wall","floor":4,"gold_loss":0,"cards_upgraded":["Conserve Battery"]},{"damage_healed":0,"gold_gain":0,"cards_transformed":["Strike_B"],"player_choice":"Transformed","damage_taken":0,"max_hp_gain":0,"max_hp_loss":0,"event_name":"Transmorgrifier","floor":13,"gold_loss":0,"cards_obtained":["Gash"]},{"damage_healed":0,"gold_gain":0,"player_choice":"Bought 0 Potions","damage_taken":0,"max_hp_gain":0,"max_hp_loss":0,"event_name":"The Woman in Blue","floor":20,"gold_loss":0},{"cards_removed":["Undo"],"damage_healed":42,"gold_gain":0,"player_choice":"Offered Uncommon","damage_taken":0,"max_hp_gain":0,"max_hp_loss":0,"event_name":"Bonfire Elementals","floor":30,"gold_loss":0},{"cards_removed":["Static Discharge"],"damage_healed":0,"gold_gain":0,"player_choice":"Removed Power","damage_taken":0,"max_hp_gain":0,"max_hp_loss":0,"event_name":"Falling","floor":37,"gold_loss":0},{"damage_healed":0,"gold_gain":0,"player_choice":"Paid","damage_taken":0,"relics_obtained":["Red Mask"],"max_hp_gain":0,"max_hp_loss":0,"event_name":"Tomb of Lord Red Mask","floor":39,"gold_loss":117},{"damage_healed":0,"gold_gain":0,"player_choice":"Fight","damage_taken":0,"max_hp_gain":0,"max_hp_loss":0,"event_name":"MindBloom","floor":44,"gold_loss":0},{"damage_healed":0,"gold_gain":0,"cards_transformed":["Defend_B"],"player_choice":"Transformed","damage_taken":0,"max_hp_gain":0,"max_hp_loss":0,"event_name":"Transmorgrifier","floor":46,"gold_loss":0,"cards_obtained":["Conserve Battery"]}],"is_beta":false,"boss_relics":[{"not_picked":["Empty Cage","Busted Crown"],"picked":"Nuclear Battery"},{"not_picked":["Cursed Key","Runic Pyramid"],"picked":"Tiny House"}],"items_purged_floors":[],"is_endless":false,"potions_floor_spawned":[1,7,18,19,23,31,33,42,45,47],"killed_by":"Time Eater","ascension_level":3}}