{"host":"5xkp6lbjk85sl3i7","time":1613974377,"event":{"mods":["BaseMod","Better Match","Better Note","Colored Powertips","Curses Come First","Hermit","Highlight Path","Minty Spire (QoL Compilation)","Quick Restart","Replay The Spire","StSLib","The Cursed"],"gold_per_floor":[115,135,148,73,93,93,121,121,170,170,22,36,61,71,71,172,172,187,205,205,224,235,269,269,269,293,306,306,333,352,352,352,448,448,480,498,498,498,508,508,508],"floor_reached":40,"language":"ENG","playtime":5097,"items_purged":[],"score":455,"play_id":"f06eaa84-bf7f-4933-9186-f99e57fdfbca","local_time":"20210222011257","is_ascension_mode":false,"campfire_choices":[{"data":"hermit:Snapshot","floor":6,"key":"SMITH"},{"floor":8,"key":"REST"},{"data":"hermit:Vantage","floor":10,"key":"SMITH"},{"floor":15,"key":"REST"},{"floor":24,"key":"REST"},{"floor":28,"key":"REST"},{"floor":32,"key":"REST"}],"circlet_count":0,"master_deck":["hermit:Strike_Hermit","hermit:Strike_Hermit","hermit:Strike_Hermit","hermit:Strike_Hermit","hermit:Defend_Hermit","hermit:Defend_Hermit","hermit:Defend_Hermit","hermit:Defend_Hermit","hermit:Snapshot+1","hermit:Covet","hermit:Headshot","hermit:SprayPray","hermit:Vantage+1","Master of Strategy+1","hermit:Brawl+1","hermit:CalledShot+1","hermit:Snipe","hermit:Dive","hermit:Headshot","hermit:PistolWhip","hermit:ItchyTrigger","hermit:BlackWind","hermit:Ricochet","hermit:Ricochet+1","hermit:Headshot","hermit:Misfire+1","hermit:Headshot","hermit:Enervate","hermit:Grudge","Necronomicurse","hermit:DeadOrAlive","hermit:Headshot+1","Chrysalis"],"relics":["hermit:ClaspedLocket","ReplayTheSpireMod:Shallot","Toy Ornithopter","Vajra","Odd Mushroom","SlaversCollar","Art of War","Nloth\u0027s Gift","Smiling Mask","TungstenRod","Necronomicon","Replay:Grab Bag","Sozu","Busted Crown"],"acts_visited":["Exordium","TheCity","TheBeyond"],"potions_floor_usage":[16,16,21,23,29,30,33],"damage_taken":[{"damage":0,"enemies":"Cultist","floor":1,"turns":1},{"damage":0,"enemies":"Jaw Worm","floor":2,"turns":1},{"damage":0,"enemies":"2 Louse","floor":3,"turns":1},{"damage":7,"enemies":"Exordium Wildlife","floor":5,"turns":4},{"damage":24,"enemies":"Lagavulin","floor":7,"turns":5},{"damage":8,"enemies":"Exordium Thugs","floor":12,"turns":3},{"damage":7,"enemies":"The Mushroom Lair","floor":13,"turns":4},{"damage":0,"enemies":"3 Louse","floor":14,"turns":3},{"damage":27,"enemies":"Fading Forest","floor":16,"turns":11},{"damage":38,"enemies":"Spheric Guardian","floor":18,"turns":6},{"damage":12,"enemies":"2 Thieves","floor":19,"turns":3},{"damage":5,"enemies":"Snake Plant","floor":21,"turns":3},{"damage":4,"enemies":"Centurion and Healer","floor":22,"turns":3},{"damage":19,"enemies":"Book of Stabbing","floor":23,"turns":4},{"damage":6,"enemies":"Snecko","floor":27,"turns":3},{"damage":20,"enemies":"Gremlin Leader","floor":29,"turns":5},{"damage":8,"enemies":"Chosen and Byrds","floor":30,"turns":3},{"damage":39,"enemies":"Champ","floor":33,"turns":9},{"damage":0,"enemies":"3 Shapes","floor":35,"turns":4},{"damage":17,"enemies":"3 Darklings","floor":36,"turns":4},{"damage":0,"enemies":"Transient","floor":39,"turns":5},{"damage":135,"enemies":"Nemesis","floor":40,"turns":6}],"seed_played":"6069280926388035631","potions_obtained":[{"floor":3,"key":"hermit:BlackBile"},{"floor":5,"key":"FairyPotion"},{"floor":13,"key":"Dexterity Potion"},{"floor":18,"key":"GamblersBrew"},{"floor":19,"key":"SkillPotion"},{"floor":23,"key":"Block Potion"},{"floor":29,"key":"AttackPotion"},{"floor":30,"key":"LifebloodPotion"}],"is_trial":false,"path_per_floor":["M","M","M","?","M","R","E","R","T","R","$","M","?","M","R","B",null,"M","M","?","M","M","E","R","?","T","M","R","E","M","?","R","B",null,"M","M","?","?","M","E"],"character_chosen":"HERMIT","items_purchased":["Vajra"],"campfire_rested":5,"item_purchase_floors":[11],"current_hp_per_floor":[75,75,75,75,68,68,44,66,66,66,66,58,51,51,73,58,75,37,25,25,25,21,7,29,29,29,23,45,30,27,15,37,7,75,75,58,58,85,85,0,0],"gold":508,"neow_bonus":"THREE_ENEMY_KILL","is_daily":false,"chose_seed":false,"campfire_upgraded":2,"win_rate":0.0,"timestamp":1613974377,"path_taken":["M","?","?","?","M","R","E","R","T","R","?","?","?","M","R","BOSS","M","M","?","M","M","E","R","?","T","M","R","E","?","?","R","BOSS","M","M","?","?","M","E"],"items_purchased_type":["Relic"],"build_version":"2020-12-22","purchased_purges":0,"victory":false,"max_hp_per_floor":[75,75,75,75,75,75,75,75,75,75,75,75,75,75,75,75,75,75,75,75,75,75,75,75,75,75,75,75,75,75,75,75,75,75,75,75,75,85,85,85,85],"card_choices":[{"not_picked":["hermit:TrackingShot","hermit:Ricochet"],"picked":"hermit:Headshot","floor":1},{"not_picked":["hermit:Roulette","hermit:Scavenge"],"picked":"hermit:SprayPray","floor":2},{"not_picked":["hermit:Scavenge","hermit:LoneWolf"],"picked":"hermit:Vantage","floor":3},{"not_picked":["Secret Technique+1","Poisoned Strike+1"],"picked":"Master of Strategy+1","floor":4},{"not_picked":["hermit:PistolWhip+1","hermit:DeadMansHand+1"],"picked":"hermit:Brawl+1","floor":4},{"not_picked":["hermit:SprayPray+1","hermit:Manifest+1"],"picked":"hermit:CalledShot+1","floor":4},{"not_picked":["hermit:Determination","hermit:Coalescence"],"picked":"hermit:Snipe","floor":5},{"not_picked":["hermit:Manifest","hermit:Desperado"],"picked":"hermit:Dive","floor":7},{"not_picked":["hermit:Determination","hermit:Dive"],"picked":"hermit:Headshot","floor":12},{"not_picked":["hermit:HeroicBravado","hermit:Snipe"],"picked":"hermit:PistolWhip","floor":13},{"not_picked":["hermit:SprayPray","hermit:Coalescence"],"picked":"hermit:ItchyTrigger","floor":14},{"not_picked":["hermit:FinalCanter","hermit:Magnum"],"picked":"hermit:BlackWind","floor":16},{"not_picked":["hermit:CalledShot","hermit:Desperado"],"picked":"hermit:Ricochet","floor":18},{"not_picked":["hermit:LowProfile","hermit:Coalescence+1"],"picked":"hermit:Ricochet+1","floor":19},{"not_picked":["hermit:WideOpen","hermit:Gestalt"],"picked":"hermit:Headshot","floor":21},{"not_picked":["hermit:GhostlyPresence","hermit:Desperado"],"picked":"hermit:Misfire+1","floor":22},{"not_picked":["hermit:LoneWolf","hermit:FromBeyond"],"picked":"hermit:Reprieve","floor":23},{"not_picked":["hermit:Ricochet","hermit:HighCaliber"],"picked":"hermit:Headshot","floor":27},{"not_picked":["hermit:FromBeyond","hermit:WideOpen"],"picked":"hermit:Enervate","floor":29},{"not_picked":["hermit:Coalescence","hermit:Quickdraw"],"picked":"hermit:Grudge","floor":30},{"not_picked":["hermit:HeroicBravado","hermit:EternalForm"],"picked":"hermit:DeadOrAlive","floor":33},{"not_picked":["hermit:LowProfile"],"picked":"SKIP","floor":35},{"not_picked":[],"picked":"hermit:Headshot+1","floor":36},{"not_picked":[],"picked":"Chrysalis","floor":37},{"not_picked":["hermit:Maintenance"],"picked":"SKIP","floor":39}],"player_experience":732879,"relics_obtained":[{"floor":7,"key":"ReplayTheSpireMod:Shallot"},{"floor":9,"key":"Toy Ornithopter"},{"floor":13,"key":"Odd Mushroom"},{"floor":23,"key":"Art of War"},{"floor":26,"key":"Smiling Mask"},{"floor":29,"key":"TungstenRod"},{"floor":31,"key":"Necronomicon"}],"event_choices":[{"damage_healed":0,"gold_gain":0,"player_choice":"2","damage_taken":0,"max_hp_gain":0,"max_hp_loss":0,"event_name":"betterMatch:BetterMatch","floor":4,"gold_loss":0,"cards_obtained":["betterMatch:ColorlessRareCard","betterMatch:UncommonCard","betterMatch:CommonCard"]},{"damage_healed":0,"gold_gain":0,"player_choice":"Fought Mushrooms","damage_taken":0,"max_hp_gain":0,"max_hp_loss":0,"event_name":"Mushrooms","floor":13,"gold_loss":0},{"cards_removed":["hermit:BlackWind"],"damage_healed":0,"gold_gain":0,"player_choice":"Give","damage_taken":0,"max_hp_gain":0,"max_hp_loss":0,"event_name":"betterNote:BetterNote","floor":20,"gold_loss":0,"cards_obtained":["None"]},{"damage_healed":0,"gold_gain":0,"player_choice":"Traded Relic","damage_taken":0,"relics_obtained":["Nloth\u0027s Gift"],"max_hp_gain":0,"max_hp_loss":0,"event_name":"N\u0027loth","floor":25,"relics_lost":["NeowsBlessing"],"gold_loss":0},{"damage_healed":0,"gold_gain":0,"player_choice":"Obtained Book","damage_taken":16,"max_hp_gain":0,"max_hp_loss":0,"event_name":"Cursed Tome","floor":31,"gold_loss":0},{"damage_healed":0,"gold_gain":0,"player_choice":"Memory 1","damage_taken":0,"max_hp_gain":0,"max_hp_loss":0,"event_name":"SensoryStone","floor":37,"gold_loss":0},{"cards_removed":["hermit:Reprieve"],"damage_healed":17,"gold_gain":0,"player_choice":"Offered Rare","damage_taken":0,"max_hp_gain":10,"max_hp_loss":0,"event_name":"Bonfire Elementals","floor":38,"gold_loss":0}],"is_beta":false,"boss_relics":[{"not_picked":["Painkiller Herb","Fusion Hammer"],"picked":"SlaversCollar"},{"not_picked":["Pandora\u0027s Box","Replay:Wanted Poster"],"picked":"Replay:Grab Bag"},{"not_picked":["Coffee Dripper","ChewingGum"],"picked":"Sozu"},{"not_picked":["ReplayTheSpireMod:DimensionalGlitch","Runic Dome"],"picked":"Busted Crown"},{"not_picked":["Runic Pyramid","Kintsugi"],"picked":"hermit:ClaspedLocket"}],"items_purged_floors":[],"is_endless":false,"potions_floor_spawned":[3,5,13,18,19,23,29,30,36,39],"killed_by":"Nemesis","ascension_level":0}}