{"host":"d52brwsy6af8zvaq","time":1613959964,"event":{"mods":["AchievementEnabler","BaseMod","Bestiary","Highlight Path","Minty Spire (QoL Compilation)","Quick Restart","Relic Stats","ojb\u0027s Better Paths Mod"],"gold_per_floor":[111,111,111,122,134,166,166,182,182,67,90,116,134,167,167,167,167],"floor_reached":16,"language":"ENG","playtime":486,"items_purged":["Strike_B"],"score":290,"play_id":"c577ce1f-18bf-4b26-ad1d-cfbe3fbddcb7","local_time":"20210221191244","is_ascension_mode":true,"campfire_choices":[{"floor":7.0,"key":"REST"},{"data":"Sweeping Beam","floor":15.0,"key":"SMITH"}],"circlet_count":0,"master_deck":["AscendersBane","Strike_B","Strike_B","Strike_B","Defend_B","Defend_B","Defend_B+1","Defend_B","Zap+1","Dualcast","Dramatic Entrance","Sweeping Beam+1","Cold Snap","Reinforced Body","Biased Cognition","Coolheaded","White Noise+1","Leap+1","Streamline","Redo+1","Skim+1"],"relics":["Cracked Core","Ornamental Fan","Juzu Bracelet","Toxic Egg 2","Odd Mushroom","Bag of Preparation","Singing Bowl"],"acts_visited":["Exordium"],"potions_floor_usage":[16],"damage_taken":[{"damage":0.0,"enemies":"Cultist","floor":1.0,"turns":2.0},{"damage":0.0,"enemies":"2 Louse","floor":4.0,"turns":1.0},{"damage":7.0,"enemies":"Jaw Worm","floor":5.0,"turns":2.0},{"damage":32.0,"enemies":"Gremlin Nob","floor":6.0,"turns":4.0},{"damage":0.0,"enemies":"Exordium Wildlife","floor":8.0,"turns":3.0},{"damage":1.0,"enemies":"The Mushroom Lair","floor":11.0,"turns":4.0},{"damage":2.0,"enemies":"Lagavulin","floor":12.0,"turns":7.0},{"damage":3.0,"enemies":"Large Slime","floor":13.0,"turns":4.0},{"damage":0.0,"enemies":"3 Sentries","floor":14.0,"turns":4.0},{"damage":32,"enemies":"Slime Boss","floor":16,"turns":5}],"seed_played":"-3486112746875936713","potions_obtained":[{"floor":1.0,"key":"Regen Potion"},{"floor":6.0,"key":"Block Potion"},{"floor":12.0,"key":"SmokeBomb"},{"floor":13.0,"key":"Explosive Potion"},{"floor":14.0,"key":"Fire Potion"}],"is_trial":false,"path_per_floor":["M","T","?","M","M","E","R","M","T","$","?","E","M","E","R","B"],"character_chosen":"DEFECT","items_purchased":["White Noise+1"],"campfire_rested":1,"item_purchase_floors":[10],"current_hp_per_floor":[64,64,43,43,36,16,37,37,37,37,36,34,31,31,31,0,0],"gold":167,"neow_bonus":"RANDOM_COLORLESS","is_daily":false,"chose_seed":false,"campfire_upgraded":1,"win_rate":0.0,"timestamp":1613959964,"path_taken":["M","?","?","M","M","E","R","M","T","?","?","E","M","E","R","BOSS"],"items_purchased_type":["Card"],"build_version":"2020-12-22","purchased_purges":1,"victory":false,"max_hp_per_floor":[71,71,71,71,71,71,71,71,71,71,71,71,71,71,71,71,71],"relic_stats":{"Singing Bowl":0,"counters":[10,36],"Ornamental Fan":[16],"Juzu Bracelet":1,"Bag of Preparation":[6],"obtain_stats":[{"Singing Bowl":14,"Ornamental Fan":2,"Juzu Bracelet":6,"Bag of Preparation":12,"Toxic Egg 2":9,"Odd Mushroom":11,"Cracked Core":0},{"Singing Bowl":9,"Ornamental Fan":1,"Juzu Bracelet":4,"Bag of Preparation":7,"Toxic Egg 2":5,"Odd Mushroom":6,"Cracked Core":0},{"Singing Bowl":31,"Ornamental Fan":2,"Juzu Bracelet":9,"Bag of Preparation":23,"Toxic Egg 2":12,"Odd Mushroom":16,"Cracked Core":0}]},"card_choices":[{"not_picked":["Jack Of All Trades","Purity"],"picked":"Dramatic Entrance","floor":0.0},{"not_picked":["Conserve Battery","Reprogram"],"picked":"Sweeping Beam","floor":1.0},{"not_picked":["Undo","Go for the Eyes"],"picked":"Cold Snap","floor":4.0},{"not_picked":["Storm","Go for the Eyes"],"picked":"Reinforced Body","floor":5.0},{"not_picked":["Cold Snap","Genetic Algorithm"],"picked":"Biased Cognition","floor":6.0},{"not_picked":["Capacitor","Compile Driver"],"picked":"Coolheaded","floor":8.0},{"not_picked":["Scrape","Double Energy+1"],"picked":"Leap+1","floor":11.0},{"not_picked":["Conserve Battery+1","Steam Power+1"],"picked":"Streamline","floor":12.0},{"not_picked":["Gash","Streamline"],"picked":"Redo+1","floor":13.0},{"not_picked":["Streamline","Hyperbeam"],"picked":"Skim+1","floor":14.0}],"player_experience":2333849,"relics_obtained":[{"floor":2.0,"key":"Ornamental Fan"},{"floor":6.0,"key":"Juzu Bracelet"},{"floor":9.0,"key":"Toxic Egg 2"},{"floor":11.0,"key":"Odd Mushroom"},{"floor":12.0,"key":"Bag of Preparation"},{"floor":14.0,"key":"Singing Bowl"}],"event_choices":[{"damage_healed":0.0,"max_hp_gain":0.0,"max_hp_loss":0.0,"gold_gain":0.0,"event_name":"Shining Light","player_choice":"Entered Light","floor":3.0,"gold_loss":0.0,"damage_taken":21.0,"cards_upgraded":["Zap","Defend_B"]},{"damage_healed":0.0,"max_hp_gain":0.0,"max_hp_loss":0.0,"gold_gain":0.0,"event_name":"Mushrooms","player_choice":"Fought Mushrooms","floor":11.0,"gold_loss":0.0,"damage_taken":0.0}],"is_beta":false,"boss_relics":[],"items_purged_floors":[10],"is_endless":false,"potions_floor_spawned":[1,6,12,13,14],"killed_by":"Slime Boss","ascension_level":20}}