{"host":"nhhqxetgwwd7qseb","time":1613983410,"event":{"mods":["ATMod(阿瑾Mod)","Act Like it!","BaseMod","Chen","Dota2Spire","Downfall","Energized Spire","Gensokyo","Gremlin Mod","GungeonMod","Hallownest","Hermit","Koishi","LagranYue(拉格朗・月)","Marisa（F雨　魔理沙）","Minty Spire (QoL Compilation)","Pale of the Ancients","Permanent Neow","Prisma Mod","Quick Restart","Rare Cards Sparkle","Reimu（博丽灵梦）","Relic Stats","Reliquary","Remilia（蕾米莉亚）","Replay The Spire","SOS（斯巴达之子）","Spicy Shops","StSLib","The Alterego","The Bladedancer","The Bug Knight","The Cursed","The Saiyan","The Senshi","The Servant 0.9.4","TheWitcher","UnlockEverythingMod","WarShipGirlsR/战舰少女R mod","Warlord Emblem","Yakumo Yukari mod","Youmu（魂魄妖梦）","【功能Mod】混沌之环修复补丁","【功能Mod】聪明的最终Boss","【遗物卡牌】REMEMod","篝火指南"],"gold_per_floor":[114,114,114,133,145,145,145,145],"floor_reached":7,"language":"ZHS","playtime":316,"items_purged":[],"score":41,"play_id":"1ae7eadd-07a0-49d5-b6fc-c8e8ae05b5b3","local_time":"20210222164330","is_ascension_mode":false,"campfire_choices":[{"data":"AT_ShrugMaster","floor":6,"key":"SMITH"}],"circlet_count":0,"master_deck":["PrismaMod:MiyuCommonDefend","PrismaMod:MiyuCommonDefend","PrismaMod:MiyuCommonDefend","PrismaMod:MiyuCommonDefend","PrismaMod:MiyuCommonDefend","PrismaMod:MiyuCommonAttack","PrismaMod:MiyuCommonAttack","PrismaMod:MiyuCommonAttack","PrismaMod:MiyuCommonAttack","PrismaMod:MiyuCommonAttack","PrismaMod:MiyuCheapChannelAttack","PrismaMod:MiyuCheapChannelDefend","AT_ShrugMaster+1","PrismaMod:MiyuCommonAOEAttack","PrismaMod:MiyuCheapChannelRandom","PrismaMod:MiyuEvokeAll"],"relics":["PrismaMod:PrismaSapphire","REME_ComplimentaryCards","AT_ATBox"],"acts_visited":["Exordium"],"potions_floor_usage":[],"damage_taken":[{"damage":0,"enemies":"2 Louse","floor":1,"turns":3},{"damage":2,"enemies":"Small Slimes","floor":4,"turns":4},{"damage":0,"enemies":"Cultist","floor":5,"turns":4},{"damage":10,"enemies":"Lagavulin","floor":7,"turns":6}],"seed_played":"-7479091803243874821","potions_obtained":[{"floor":1,"key":"ZuzhouPotion:ReiMu"}],"is_trial":false,"path_per_floor":["M","?","?","M","M","R","E"],"character_chosen":"MIYU","items_purchased":[],"campfire_rested":0,"item_purchase_floors":[],"current_hp_per_floor":[82,87,87,85,85,85,75,75],"gold":145,"neow_bonus":"TEN_PERCENT_HP_BONUS","is_daily":false,"chose_seed":false,"campfire_upgraded":1,"win_rate":0.0,"timestamp":1613983410,"path_taken":["M","?","?","M","M","R","E"],"items_purchased_type":[],"build_version":"2020-12-22","purchased_purges":0,"victory":false,"max_hp_per_floor":[82,87,87,87,87,87,87,87],"relic_stats":{"counters":[4,17],"obtain_stats":[{"AT_ATBox":0,"PrismaMod:PrismaSapphire":0,"DemoMod:GlassGuonStoneRelic":1,"REME_ComplimentaryCards":0},{"AT_ATBox":0,"PrismaMod:PrismaSapphire":0,"DemoMod:GlassGuonStoneRelic":1,"REME_ComplimentaryCards":0},{"AT_ATBox":0,"PrismaMod:PrismaSapphire":0,"DemoMod:GlassGuonStoneRelic":3,"REME_ComplimentaryCards":0}]},"card_choices":[{"not_picked":["PrismaMod:MiyuUncommonAOEAttack","PrismaMod:MiyuCheapStrBuff"],"picked":"PrismaMod:MiyuCommonAOEAttack","floor":1},{"not_picked":["PrismaMod:MiyuDefenseExplosion","PrismaMod:MiyuChristmas"],"picked":"PrismaMod:MiyuCheapChannelRandom","floor":4},{"not_picked":["PrismaMod:MiyuCheapChannelAttack","PrismaMod:MiyuMaid"],"picked":"PrismaMod:MiyuEvokeAll","floor":5}],"player_experience":130755,"relics_obtained":[],"event_choices":[{"damage_healed":0,"gold_gain":0,"player_choice":"Donut","damage_taken":0,"max_hp_gain":5,"max_hp_loss":0,"event_name":"Big Fish","floor":2,"gold_loss":0},{"damage_healed":0,"gold_gain":0,"player_choice":"Ignored","damage_taken":0,"max_hp_gain":0,"max_hp_loss":0,"event_name":"NoteForYourself","floor":3,"gold_loss":0}],"is_beta":false,"boss_relics":[],"items_purged_floors":[],"is_endless":false,"potions_floor_spawned":[1],"killed_by":"Lagavulin","ascension_level":0}}