{"host":"rw1trt79hfpl7pom","time":1613990378,"event":{"mods":["BaseMod","Bestiary","Colored Map","Jorbs\u0027s Wanderer Trilogy","Minty Spire (QoL Compilation)","Relic Stats","StSLib","SuperFastMode"],"gold_per_floor":[366,366,29,98,98,98,111,141,141,174,186,231,253,278,290,378,390,416,446,458,520,550,562,599,611,623,654,96,114,129,139,139,217,217,232,242,260,271,271,271,301,301,325,360,0,53,81,81,81,81,81,81,81,4,33,33,33],"floor_reached":56,"language":"ENG","playtime":6232,"items_purged":["Redo","Double Energy","Ball Lightning+1"],"score":2200,"play_id":"1f473144-d67f-4d2c-bec0-af70c790f627","local_time":"20210222023938","is_ascension_mode":true,"campfire_choices":[{"data":"Dualcast","floor":6.0,"key":"SMITH"},{"floor":11.0,"key":"REST"},{"data":"Loop","floor":15.0,"key":"SMITH"},{"data":"Fission","floor":23.0,"key":"SMITH"},{"floor":25.0,"key":"REST"},{"data":"Defragment","floor":32.0,"key":"SMITH"},{"data":"Loop","floor":40.0,"key":"SMITH"},{"data":"Sunder","floor":42.0,"key":"SMITH"},{"floor":49.0,"key":"RECALL"},{"data":"Hologram","floor":53.0,"key":"SMITH"}],"circlet_count":0,"master_deck":["AscendersBane","Dualcast+1","Cold Snap","Streamline","Static Discharge","Cold Snap","Chill","Loop+1","Core Surge","Barrage","Fission+1","Conserve Battery","Seek","Redo","Doom and Gloom+1","Coolheaded","Necronomicurse","Glacier","Sunder+1","Glacier","Self Repair","Leap","Compile Driver","Electrodynamics","Defragment+1","Hologram+1","Seek","Loop+1","Defragment+1","Hologram+1","Undo","White Noise+1","Force Field+1","Buffer","Loop+1","Consume"],"relics":["Cracked Core","ClockworkSouvenir","Art of War","Eternal Feather","Du-Vu Doll","Question Card","MawBank","Ornamental Fan","Pandora\u0027s Box","Necronomicon","StoneCalendar","Bag of Marbles","Whetstone","Snecko Eye","Omamori","Smiling Mask","Boot","Membership Card","Cables","Mango","Shuriken","Ginger"],"acts_visited":["Exordium","TheCity","TheBeyond","TheEnding"],"potions_floor_usage":[56,56],"damage_taken":[{"damage":0.0,"enemies":"Small Slimes","floor":1.0,"turns":4.0},{"damage":0.0,"enemies":"Cultist","floor":7.0,"turns":3.0},{"damage":21.0,"enemies":"Gremlin Nob","floor":8.0,"turns":5.0},{"damage":26.0,"enemies":"3 Sentries","floor":10.0,"turns":8.0},{"damage":16.0,"enemies":"Lagavulin","floor":12.0,"turns":5.0},{"damage":0.0,"enemies":"2 Louse","floor":13.0,"turns":2.0},{"damage":0.0,"enemies":"Blue Slaver","floor":14.0,"turns":2.0},{"damage":0.0,"enemies":"Slime Boss","floor":16.0,"turns":7.0},{"damage":11.0,"enemies":"2 Thieves","floor":18.0,"turns":4.0},{"damage":20.0,"enemies":"Shell Parasite","floor":19.0,"turns":5.0},{"damage":2.0,"enemies":"Chosen and Byrds","floor":22.0,"turns":4.0},{"damage":24.0,"enemies":"Slavers","floor":24.0,"turns":6.0},{"damage":10.0,"enemies":"Snecko","floor":27.0,"turns":4.0},{"damage":0.0,"enemies":"Cultist and Chosen","floor":29.0,"turns":4.0},{"damage":0.0,"enemies":"Snake Plant","floor":30.0,"turns":1.0},{"damage":17.0,"enemies":"Centurion and Healer","floor":31.0,"turns":4.0},{"damage":3.0,"enemies":"Automaton","floor":33.0,"turns":8.0},{"damage":0.0,"enemies":"3 Shapes","floor":35.0,"turns":2.0},{"damage":14.0,"enemies":"3 Darklings","floor":36.0,"turns":3.0},{"damage":12.0,"enemies":"4 Shapes","floor":37.0,"turns":3.0},{"damage":13.0,"enemies":"Sphere and 2 Shapes","floor":38.0,"turns":6.0},{"damage":14.0,"enemies":"Giant Head","floor":41.0,"turns":7.0},{"damage":8.0,"enemies":"Reptomancer","floor":44.0,"turns":6.0},{"damage":0.0,"enemies":"2 Orb Walkers","floor":46.0,"turns":3.0},{"damage":0.0,"enemies":"Nemesis","floor":47.0,"turns":6.0},{"damage":16.0,"enemies":"Awakened One","floor":50.0,"turns":15.0},{"damage":2.0,"enemies":"Donu and Deca","floor":51.0,"turns":10.0},{"damage":28,"enemies":"Shield and Spear","floor":55,"turns":11},{"damage":64,"enemies":"The Heart","floor":56,"turns":15}],"seed_played":"-2044993735594247594","potions_obtained":[{"floor":1.0,"key":"CultistPotion"},{"floor":8.0,"key":"Ancient Potion"},{"floor":10.0,"key":"FearPotion"},{"floor":14.0,"key":"FocusPotion"},{"floor":16.0,"key":"Dexterity Potion"},{"floor":18.0,"key":"Fire Potion"},{"floor":22.0,"key":"Regen Potion"},{"floor":27.0,"key":"LiquidMemories"},{"floor":29.0,"key":"Weak Potion"},{"floor":31.0,"key":"DuplicationPotion"},{"floor":33.0,"key":"Dexterity Potion"},{"floor":44.0,"key":"DuplicationPotion"},{"floor":46.0,"key":"Fire Potion"},{"floor":55,"key":"Weak Potion"}],"is_trial":false,"path_per_floor":["M","?","$","T","?","R","M","E","T","E","R","E","M","M","R","B",null,"M","M","?","?","M","R","E","R","T","M","$","M","M","M","R","B",null,"M","M","M","M","?","R","E","R","T","E","$","?","E","?","R","B","B",null,"R","$","E","B"],"character_chosen":"DEFECT","items_purchased":["ClockworkSouvenir","Art of War","Bag of Marbles","Whetstone","Self Repair","Leap","Compile Driver","Membership Card","Cables","ColorlessPotion"],"campfire_rested":2,"item_purchase_floors":[3,3,28,28,28,28,28,45,45,54],"current_hp_per_floor":[46,46,46,46,46,52,52,31,31,5,32,16,16,16,25,25,60,49,29,8,8,6,18,9,42,42,32,32,39,39,29,44,48,65,71,64,59,53,53,71,64,71,71,63,63,77,84,84,85,76,81,84,85,85,64,0,0],"gold":33,"neow_bonus":"TWO_FIFTY_GOLD","is_daily":false,"chose_seed":false,"campfire_upgraded":7,"win_rate":0.0,"timestamp":1613990378,"path_taken":["M","?","$","?","?","R","M","E","T","E","R","E","?","M","R","BOSS","M","M","?","?","M","R","E","R","T","M","?","M","M","M","R","BOSS","M","?","M","M","?","R","E","R","T","E","$","?","E","?","R","BOSS","BOSS","R","$","E","BOSS"],"items_purchased_type":["Relic","Relic","Relic","Relic","Card","Card","Card","Relic","Relic","Potion"],"build_version":"2020-12-22","purchased_purges":3,"victory":false,"max_hp_per_floor":[71,71,71,71,71,71,71,71,71,71,71,71,71,71,71,71,71,71,71,71,71,71,71,71,71,71,71,71,71,71,71,71,71,71,71,71,71,71,71,71,71,71,71,71,71,85,85,85,85,85,85,85,85,85,85,85,85],"relic_stats":{"counters":[29,163],"Eternal Feather":87,"StoneCalendar":[302],"Whetstone":["Ball Lightning","Doom and Gloom"],"Ginger":[2],"Question Card":23,"MawBank":216,"Smiling Mask":13,"Boot":[13],"Cables":[55,11,39,5,0],"Ornamental Fan":[124],"Shuriken":[12],"Snecko Eye":[141,158,159,143],"Pandora\u0027s Box":["Redo","Barrage","Fission","Conserve Battery","Seek","Redo","Double Energy"],"Art of War":[35],"Necronomicon":[43],"obtain_stats":[{"Eternal Feather":4,"StoneCalendar":24,"Mango":46,"Omamori":41,"Whetstone":28,"Ginger":55,"Question Card":9,"MawBank":10,"Smiling Mask":43,"Boot":44,"ClockworkSouvenir":3,"Cables":45,"Du-Vu Doll":8,"Ornamental Fan":12,"Shuriken":47,"Snecko Eye":34,"Pandora\u0027s Box":17,"Art of War":3,"Necronomicon":20,"Bag of Marbles":28,"Membership Card":45,"Cracked Core":0},{"Eternal Feather":1,"StoneCalendar":12,"Mango":24,"Omamori":22,"Whetstone":13,"Ginger":28,"Question Card":3,"MawBank":4,"Smiling Mask":22,"Boot":23,"ClockworkSouvenir":1,"Cables":23,"Du-Vu Doll":3,"Ornamental Fan":5,"Shuriken":25,"Snecko Eye":17,"Pandora\u0027s Box":8,"Art of War":1,"Necronomicon":10,"Bag of Marbles":13,"Membership Card":23,"Cracked Core":0},{"Eternal Feather":4,"StoneCalendar":55,"Mango":106,"Omamori":97,"Whetstone":59,"Ginger":148,"Question Card":12,"MawBank":20,"Smiling Mask":97,"Boot":103,"ClockworkSouvenir":4,"Cables":103,"Du-Vu Doll":12,"Ornamental Fan":25,"Shuriken":112,"Snecko Eye":76,"Pandora\u0027s Box":36,"Art of War":4,"Necronomicon":45,"Bag of Marbles":59,"Membership Card":103,"Cracked Core":0}]},"card_choices":[{"not_picked":["Steam","Chaos"],"picked":"Cold Snap","floor":1.0},{"not_picked":["Stack","Rebound"],"picked":"Streamline","floor":7.0},{"not_picked":["Go for the Eyes","Thunder Strike"],"picked":"Static Discharge","floor":8.0},{"not_picked":["Sweeping Beam","Streamline","Fusion"],"picked":"Ball Lightning","floor":10.0},{"not_picked":["Turbo","Gash","Go for the Eyes"],"picked":"Cold Snap","floor":12.0},{"not_picked":["Ball Lightning","Barrage","Recycle"],"picked":"Chill","floor":13.0},{"not_picked":["Hologram","Go for the Eyes","Static Discharge"],"picked":"Loop","floor":14.0},{"not_picked":["Meteor Strike","Machine Learning","Fission"],"picked":"Core Surge","floor":16.0},{"not_picked":["Chill","Steam","Steam Power+1"],"picked":"Doom and Gloom","floor":18.0},{"not_picked":["Streamline","Hologram","Storm"],"picked":"Coolheaded","floor":19.0},{"not_picked":["Hyperbeam","Leap","Go for the Eyes"],"picked":"Glacier","floor":22.0},{"not_picked":["Turbo","Hologram","Leap"],"picked":"Sunder","floor":24.0},{"not_picked":["Turbo","White Noise","Stack"],"picked":"Glacier","floor":27.0},{"not_picked":["Leap","Barrage","Consume"],"picked":"Electrodynamics","floor":29.0},{"not_picked":["Auto Shields","Rebound","Doom and Gloom"],"picked":"Defragment","floor":30.0},{"not_picked":["Rebound","Reinforced Body","Stack"],"picked":"Hologram+1","floor":31.0},{"not_picked":["Rainbow","Machine Learning","Hyperbeam"],"picked":"Seek","floor":33.0},{"not_picked":["Stack","Reprogram","Rebound"],"picked":"Loop","floor":35.0},{"not_picked":["Turbo","Cold Snap","Doom and Gloom"],"picked":"Defragment+1","floor":36.0},{"not_picked":["Leap","Seek","Ball Lightning+1"],"picked":"Hologram","floor":37.0},{"not_picked":["Sunder","Steam","Redo"],"picked":"Undo","floor":38.0},{"not_picked":["Reprogram","Streamline","Ball Lightning"],"picked":"White Noise+1","floor":41.0},{"not_picked":["Rebound+1","Chill","Melter"],"picked":"Force Field+1","floor":44.0},{"not_picked":["Stack","Chill+1","Barrage"],"picked":"Buffer","floor":46.0},{"not_picked":["Turbo","Ball Lightning","White Noise"],"picked":"Loop+1","floor":47.0},{"not_picked":["Steam+1","Recycle","Go for the Eyes"],"picked":"Consume","floor":55}],"player_experience":2869433,"relics_obtained":[{"floor":4.0,"key":"Eternal Feather"},{"floor":8.0,"key":"Du-Vu Doll"},{"floor":9.0,"key":"Question Card"},{"floor":10.0,"key":"MawBank"},{"floor":12.0,"key":"Ornamental Fan"},{"floor":20.0,"key":"Necronomicon"},{"floor":24.0,"key":"StoneCalendar"},{"floor":41.0,"key":"Omamori"},{"floor":43.0,"key":"Smiling Mask"},{"floor":44.0,"key":"Boot"},{"floor":46.0,"key":"Mango"},{"floor":47.0,"key":"Shuriken"},{"floor":55,"key":"Ginger"}],"event_choices":[{"cards_removed":["Strike_B"],"damage_healed":0.0,"max_hp_gain":0.0,"max_hp_loss":0.0,"gold_gain":0.0,"event_name":"Purifier","player_choice":"Purged","floor":2.0,"gold_loss":0.0,"damage_taken":0.0},{"damage_healed":0.0,"max_hp_gain":0.0,"max_hp_loss":0.0,"gold_gain":0.0,"event_name":"Upgrade Shrine","player_choice":"Upgraded","floor":5.0,"gold_loss":0.0,"damage_taken":0.0,"cards_upgraded":["Zap"]},{"damage_healed":0.0,"max_hp_gain":0.0,"max_hp_loss":0.0,"gold_gain":0.0,"event_name":"Cursed Tome","player_choice":"Obtained Book","floor":20.0,"gold_loss":0.0,"damage_taken":21.0},{"damage_healed":0.0,"max_hp_gain":0.0,"max_hp_loss":0.0,"gold_gain":50.0,"event_name":"Nest","player_choice":"Stole From Cult","floor":21.0,"gold_loss":0.0,"damage_taken":0.0},{"damage_healed":0.0,"max_hp_gain":0.0,"max_hp_loss":0.0,"gold_gain":0.0,"event_name":"Tomb of Lord Red Mask","player_choice":"Ignored","floor":39.0,"gold_loss":0.0,"damage_taken":0.0},{"damage_healed":0.0,"max_hp_gain":0.0,"max_hp_loss":0.0,"gold_gain":0.0,"event_name":"Mysterious Sphere","player_choice":"Fight","floor":46.0,"gold_loss":0.0,"damage_taken":0.0},{"cards_removed":["Zap"],"damage_healed":0.0,"max_hp_gain":0.0,"max_hp_loss":0.0,"gold_gain":0.0,"event_name":"Falling","player_choice":"Removed Skill","floor":48.0,"gold_loss":0.0,"damage_taken":0.0}],"is_beta":false,"boss_relics":[{"not_picked":["Philosopher\u0027s Stone","Empty Cage"],"picked":"Pandora\u0027s Box"},{"not_picked":["SacredBark","Astrolabe"],"picked":"Snecko Eye"}],"items_purged_floors":[28,45,54],"is_endless":false,"potions_floor_spawned":[1,8,10,14,16,18,22,27,29,31,33,44,46,47,55],"killed_by":"The Heart","ascension_level":20}}