{"host":"6ahom0dz06olb67e","time":1613975677,"event":{"mods":["BaseMod","Colored Map","Colored Powertips","Minty Spire (QoL Compilation)","Random Character Button","StSLib","The Hierophant"],"gold_per_floor":[114,114,124,136,106,136,155,166,166,166,166,3,3,3,3,107,107,124,144,144,144,156,156,156,156,156,156,156,182,82,100,100,198,198,215,41,52,71,85,85,110,121,121,121,121,151,164,164,164,164,164],"floor_reached":50,"language":"ENG","playtime":3958,"items_purged":["Strike_R","Strike_R","Bash"],"score":595,"play_id":"62fb6cc5-f31c-4d48-87be-ff7bea5aa436","local_time":"20210222013437","is_ascension_mode":false,"campfire_choices":[{"floor":11,"key":"DIG"},{"floor":15,"key":"DIG"},{"floor":23,"key":"DIG"},{"floor":27,"key":"DIG"},{"floor":28,"key":"DIG"},{"floor":32,"key":"DIG"},{"floor":40,"key":"DIG"},{"floor":45,"key":"DIG"},{"floor":49,"key":"DIG"}],"circlet_count":0,"master_deck":["Strike_R","Defend_R","Defend_R","Defend_R","Metallicize","Rampage","Sword Boomerang","Iron Wave","Swift Strike+1","Immolate+1","CurseOfTheBell","Pommel Strike+1","Thunderclap+1","Sword Boomerang+1","Iron Wave+1","Cleave+1","Thunderclap+1","Sword Boomerang+1","Immolate+1","Rampage+1","Seeing Red","Metallicize+1","Limit Break","Feed+1","Infernal Blade","Seeing Red+1","Feed+1"],"relics":["Burning Blood","Shovel","Molten Egg 2","WingedGreaves","Red Skull","Calling Bell","Nunchaku","Eternal Feather","Prayer Wheel","Kunai","Juzu Bracelet","Nloth\u0027s Gift","Oddly Smooth Stone","Pantograph","Pen Nib","Champion Belt","Omamori","Black Star","Letter Opener","Centennial Puzzle","Bronze Scales","Question Card","WarpedTongs","MealTicket","Happy Flower","Mercury Hourglass","Gremlin Horn"],"acts_visited":["Exordium","TheCity","TheBeyond"],"potions_floor_usage":[8,16,16,19,33,41,46,50,50],"damage_taken":[{"damage":2,"enemies":"2 Louse","floor":1,"turns":4},{"damage":10,"enemies":"Jaw Worm","floor":3,"turns":4},{"damage":10,"enemies":"Cultist","floor":4,"turns":4},{"damage":30,"enemies":"3 Sentries","floor":6,"turns":9},{"damage":9,"enemies":"2 Fungi Beasts","floor":7,"turns":4},{"damage":0,"enemies":"Looter","floor":8,"turns":1},{"damage":49,"enemies":"Hexaghost","floor":16,"turns":10},{"damage":38,"enemies":"Shell Parasite","floor":18,"turns":8},{"damage":16,"enemies":"3 Byrds","floor":19,"turns":5},{"damage":29,"enemies":"Sentry and Sphere","floor":22,"turns":4},{"damage":26,"enemies":"Gremlin Leader","floor":29,"turns":6},{"damage":0,"enemies":"Chosen and Byrds","floor":31,"turns":2},{"damage":58,"enemies":"Automaton","floor":33,"turns":10},{"damage":10,"enemies":"Orb Walker","floor":35,"turns":3},{"damage":0,"enemies":"3 Darklings","floor":37,"turns":2},{"damage":16,"enemies":"Transient","floor":38,"turns":5},{"damage":47,"enemies":"Spire Growth","floor":39,"turns":5},{"damage":43,"enemies":"Reptomancer","floor":41,"turns":6},{"damage":12,"enemies":"4 Shapes","floor":42,"turns":1},{"damage":39,"enemies":"Giant Head","floor":46,"turns":8},{"damage":0,"enemies":"Jaw Worm Horde","floor":47,"turns":2},{"damage":67,"enemies":"Donu and Deca","floor":50,"turns":6}],"seed_played":"1926204409103604064","potions_obtained":[{"floor":3,"key":"AttackPotion"},{"floor":5,"key":"DistilledChaos"},{"floor":5,"key":"BlessingOfTheForge"},{"floor":6,"key":"SkillPotion"},{"floor":7,"key":"EssenceOfSteel"},{"floor":18,"key":"SteroidPotion"},{"floor":29,"key":"Block Potion"},{"floor":38,"key":"BloodPotion"},{"floor":41,"key":"Ancient Potion"},{"floor":46,"key":"Block Potion"}],"is_trial":false,"path_per_floor":["M","?","M","M","?","E","M","M","T","?","R","$","?","$","R","B",null,"M","M","?","T","M","R","?","?","T","R","R","E","$","M","R","B",null,"M","$","M","M","M","R","E","M","T","?","R","E","M","?","R","B"],"character_chosen":"IRONCLAD","items_purchased":["Swift Strike+1","FearPotion"],"campfire_rested":0,"item_purchase_floors":[12,36],"current_hp_per_floor":[88,81,77,73,73,49,46,52,52,45,55,55,87,87,87,44,98,66,56,56,56,33,42,42,42,42,51,60,40,40,46,58,31,98,94,94,98,88,47,59,41,35,35,35,50,17,27,27,42,0,0],"gold":164,"neow_bonus":"TEN_PERCENT_HP_BONUS","is_daily":false,"chose_seed":false,"campfire_upgraded":0,"win_rate":0.0,"timestamp":1613975677,"path_taken":["M","?","M","M","?","E","M","?","T","?","R","$","?","?","R","BOSS","M","M","?","?","M","R","?","?","T","R","R","E","$","M","R","BOSS","M","$","M","M","M","R","E","M","T","?","R","E","M","?","R","BOSS"],"items_purchased_type":["Card","Potion"],"build_version":"2020-12-22","purchased_purges":3,"victory":false,"max_hp_per_floor":[88,88,88,88,88,88,88,88,88,88,98,98,98,98,98,98,98,98,98,98,98,98,98,98,98,98,98,98,98,98,98,98,98,98,98,98,98,98,98,98,98,98,98,98,98,98,102,102,102,102,102],"card_choices":[{"not_picked":["Anger","Clothesline"],"picked":"Metallicize","floor":1},{"not_picked":["Twin Strike","Body Slam"],"picked":"Rampage","floor":3},{"not_picked":["Uppercut","Body Slam"],"picked":"Sword Boomerang","floor":4},{"not_picked":["Hemokinesis","Warcry","Anger"],"picked":"SKIP","floor":6},{"not_picked":["Clash","True Grit","Sever Soul"],"picked":"SKIP","floor":7},{"not_picked":["Sword Boomerang","Fiend Fire"],"picked":"Iron Wave","floor":8},{"not_picked":["Bludgeon+1","Corruption"],"picked":"Immolate+1","floor":16},{"not_picked":["Clash+1","Hemokinesis+1"],"picked":"Pommel Strike+1","floor":18},{"not_picked":["Searing Blow+1","Body Slam+1","Burning Pact"],"picked":"SKIP","floor":18},{"not_picked":["Wild Strike+1","Warcry"],"picked":"Thunderclap+1","floor":19},{"not_picked":["Flex+1","True Grit","Hemokinesis+1"],"picked":"SKIP","floor":19},{"not_picked":["Havoc+1","Perfected Strike+1"],"picked":"Sword Boomerang+1","floor":22},{"not_picked":["Reckless Charge+1","True Grit"],"picked":"Iron Wave+1","floor":22},{"not_picked":["Barricade","Armaments"],"picked":"Cleave+1","floor":29},{"not_picked":["Pummel+1","Inflame"],"picked":"Thunderclap+1","floor":31},{"not_picked":["Clothesline+1","Armaments"],"picked":"Sword Boomerang+1","floor":31},{"not_picked":["Offering","Exhume"],"picked":"Immolate+1","floor":33},{"not_picked":["Cleave+1","Seeing Red+1"],"picked":"Rampage+1","floor":35},{"not_picked":["Clothesline+1","Warcry","Heavy Blade+1"],"picked":"SKIP","floor":35},{"not_picked":["Heavy Blade+1","Warcry"],"picked":"Seeing Red","floor":37},{"not_picked":["Flex+1","Burning Pact+1","Body Slam+1"],"picked":"SKIP","floor":37},{"not_picked":["True Grit","Sever Soul+1"],"picked":"Metallicize+1","floor":38},{"not_picked":["Fire Breathing","Twin Strike+1","Havoc+1"],"picked":"SKIP","floor":38},{"not_picked":["Heavy Blade+1","Wild Strike+1"],"picked":"Limit Break","floor":39},{"not_picked":["Anger+1","Wild Strike+1","Body Slam+1"],"picked":"SKIP","floor":39},{"not_picked":["Carnage+1","Barricade"],"picked":"Feed+1","floor":41},{"not_picked":["Combust+1","Uppercut+1"],"picked":"Infernal Blade","floor":42},{"not_picked":["Body Slam+1","Clash+1"],"picked":"Seeing Red+1","floor":42},{"not_picked":["Corruption","Sever Soul+1","Searing Blow+1","Wild Strike+1"],"picked":"SKIP","floor":46},{"not_picked":["Wild Strike+1","Thunderclap+1","Cleave+1"],"picked":"Feed+1","floor":47},{"not_picked":["Cleave+1","Dual Wield","Anger+1","Iron Wave+1"],"picked":"SKIP","floor":47}],"player_experience":40006,"relics_obtained":[{"floor":6,"key":"Shovel"},{"floor":9,"key":"Molten Egg 2"},{"floor":11,"key":"Pear"},{"floor":15,"key":"Red Skull"},{"floor":17,"key":"Nunchaku"},{"floor":17,"key":"Eternal Feather"},{"floor":17,"key":"Prayer Wheel"},{"floor":21,"key":"Kunai"},{"floor":23,"key":"Juzu Bracelet"},{"floor":26,"key":"Oddly Smooth Stone"},{"floor":27,"key":"Pantograph"},{"floor":28,"key":"Pen Nib"},{"floor":29,"key":"Champion Belt"},{"floor":32,"key":"Omamori"},{"floor":40,"key":"Letter Opener"},{"floor":41,"key":"Centennial Puzzle"},{"floor":41,"key":"Bronze Scales"},{"floor":43,"key":"Question Card"},{"floor":45,"key":"MealTicket"},{"floor":46,"key":"Happy Flower"},{"floor":46,"key":"Mercury Hourglass"},{"floor":49,"key":"Gremlin Horn"}],"event_choices":[{"cards_removed":["Defend_R"],"damage_healed":0,"gold_gain":0,"player_choice":"Card Removal","damage_taken":7,"max_hp_gain":0,"max_hp_loss":0,"event_name":"Golden Wing","floor":2,"gold_loss":0},{"damage_healed":0,"gold_gain":0,"player_choice":"Bought 2 Potions","damage_taken":0,"max_hp_gain":0,"max_hp_loss":0,"event_name":"The Woman in Blue","floor":5,"gold_loss":0},{"damage_healed":0,"gold_gain":0,"player_choice":"Success","damage_taken":7,"relics_obtained":["WingedGreaves"],"max_hp_gain":0,"max_hp_loss":0,"event_name":"Scrap Ooze","floor":10,"gold_loss":0},{"damage_healed":32,"gold_gain":0,"player_choice":"Banana","damage_taken":0,"max_hp_gain":0,"max_hp_loss":0,"event_name":"Big Fish","floor":13,"gold_loss":0},{"damage_healed":0,"gold_gain":0,"player_choice":"Ignored","damage_taken":0,"max_hp_gain":0,"max_hp_loss":0,"event_name":"Ghosts","floor":20,"gold_loss":0},{"cards_removed":["Strike_R"],"damage_healed":0,"gold_gain":0,"player_choice":"Purged","damage_taken":0,"max_hp_gain":0,"max_hp_loss":0,"event_name":"Purifier","floor":24,"gold_loss":0},{"damage_healed":0,"gold_gain":0,"player_choice":"Traded Relic","damage_taken":0,"relics_obtained":["Nloth\u0027s Gift"],"max_hp_gain":0,"max_hp_loss":0,"event_name":"N\u0027loth","floor":25,"relics_lost":["Pear"],"gold_loss":0},{"damage_healed":0,"gold_gain":0,"player_choice":"Rummage","damage_taken":0,"relics_obtained":["WarpedTongs"],"max_hp_gain":0,"max_hp_loss":0,"event_name":"Accursed Blacksmith","floor":44,"gold_loss":0,"cards_obtained":["Pain"]},{"cards_removed":["Strike_R"],"damage_healed":0,"gold_gain":0,"player_choice":"Offered Basic","damage_taken":0,"max_hp_gain":0,"max_hp_loss":0,"event_name":"Bonfire Elementals","floor":48,"gold_loss":0}],"is_beta":false,"boss_relics":[{"not_picked":["Snecko Eye","Sozu"],"picked":"Calling Bell"},{"not_picked":["Philosopher\u0027s Stone","Velvet Choker"],"picked":"Black Star"}],"items_purged_floors":[12,30,36],"is_endless":false,"potions_floor_spawned":[3,6,7,18,29,38,41,46],"killed_by":"Donu and Deca","ascension_level":0}}