{"host":"fevvm7bbzuh4s1jc","time":1613969002,"event":{"mods":["BaseMod","Highlight Path","Minty Spire (QoL Compilation)","Relic Stats"],"gold_per_floor":[211,225,225,241,2,2,26,57,57,57,81,81,146,170,170,170,170],"floor_reached":16,"language":"ENG","playtime":612,"items_purged":["Strike_B"],"score":204,"play_id":"dffa7dea-1282-4caf-980f-18d6f1276fdd","local_time":"20210221234322","is_ascension_mode":true,"campfire_choices":[{"data":"Zap","floor":6.0,"key":"SMITH"},{"floor":10.0,"key":"REST"},{"floor":12.0,"key":"REST"},{"floor":15,"key":"REST"}],"circlet_count":0,"master_deck":["AscendersBane","Strike_B","Strike_B","Strike_B","Defend_B","Defend_B","Defend_B","Defend_B","Zap+1","Dualcast","Barrage","Defragment","Compile Driver","Coolheaded","Genetic Algorithm","Ball Lightning","Cold Snap","Undo"],"relics":["Cracked Core","Golden Idol","DataDisk","Singing Bowl","Girya","Bird Faced Urn"],"acts_visited":["Exordium"],"potions_floor_usage":[16],"damage_taken":[{"damage":1.0,"enemies":"Cultist","floor":1.0,"turns":3.0},{"damage":4.0,"enemies":"Jaw Worm","floor":2.0,"turns":4.0},{"damage":2.0,"enemies":"2 Louse","floor":4.0,"turns":3.0},{"damage":19.0,"enemies":"Exordium Thugs","floor":7.0,"turns":4.0},{"damage":32.0,"enemies":"Gremlin Nob","floor":8.0,"turns":4.0},{"damage":13.0,"enemies":"Lots of Slimes","floor":11.0,"turns":4.0},{"damage":24.0,"enemies":"3 Sentries","floor":13.0,"turns":6.0},{"damage":3.0,"enemies":"Looter","floor":14.0,"turns":3.0},{"damage":33,"enemies":"Slime Boss","floor":16,"turns":8}],"seed_played":"-8421979780149959014","potions_obtained":[{"floor":7.0,"key":"Dexterity Potion"},{"floor":13.0,"key":"Strength Potion"}],"is_trial":false,"path_per_floor":["M","M","?","M","$","R","M","E","T","R","M","R","?","M","R","B"],"character_chosen":"DEFECT","items_purchased":["DataDisk"],"campfire_rested":3,"item_purchase_floors":[5],"current_hp_per_floor":[63,59,59,57,57,57,38,6,6,25,12,31,7,4,23,0,0],"gold":170,"neow_bonus":"HUNDRED_GOLD","is_daily":false,"chose_seed":false,"campfire_upgraded":1,"win_rate":0.0,"timestamp":1613969002,"path_taken":["M","M","?","M","$","R","M","E","T","R","M","R","?","M","R","BOSS"],"items_purchased_type":["Relic"],"build_version":"2020-12-22","purchased_purges":1,"victory":false,"max_hp_per_floor":[71,71,64,64,64,64,64,64,64,64,64,64,64,64,64,64,64],"relic_stats":{"Singing Bowl":0,"counters":[9,39],"Golden Idol":36,"Bird Faced Urn":[2],"obtain_stats":[{"Girya":9,"DataDisk":5,"Singing Bowl":8,"Golden Idol":3,"Bird Faced Urn":13,"Cracked Core":0},{"Girya":5,"DataDisk":3,"Singing Bowl":5,"Golden Idol":2,"Bird Faced Urn":7,"Cracked Core":0},{"Girya":18,"DataDisk":10,"Singing Bowl":18,"Golden Idol":7,"Bird Faced Urn":28,"Cracked Core":0}]},"card_choices":[{"not_picked":["Streamline","Steam Power"],"picked":"Barrage","floor":1.0},{"not_picked":["Redo","Streamline"],"picked":"Defragment","floor":2.0},{"not_picked":["Steam","Leap"],"picked":"Compile Driver","floor":4.0},{"not_picked":["Ball Lightning","Steam"],"picked":"Coolheaded","floor":7.0},{"not_picked":["Chaos","Double Energy"],"picked":"Genetic Algorithm","floor":8.0},{"not_picked":["Stack","Aggregate"],"picked":"Ball Lightning","floor":11.0},{"not_picked":["Tempest","Chaos"],"picked":"Cold Snap","floor":13.0},{"not_picked":["Aggregate","Recycle"],"picked":"Undo","floor":14}],"player_experience":2854358,"relics_obtained":[{"floor":8.0,"key":"Singing Bowl"},{"floor":9.0,"key":"Girya"},{"floor":13.0,"key":"Bird Faced Urn"}],"event_choices":[{"damage_healed":0.0,"max_hp_gain":0.0,"max_hp_loss":7.0,"gold_gain":0.0,"event_name":"Golden Idol","player_choice":"Lose Max HP","floor":3.0,"gold_loss":0.0,"damage_taken":0.0,"relics_obtained":["Golden Idol"]},{"damage_healed":0.0,"max_hp_gain":0.0,"max_hp_loss":0.0,"gold_gain":30.0,"event_name":"Dead Adventurer","player_choice":"Searched \u00273\u0027 times","floor":13.0,"gold_loss":0.0,"damage_taken":0.0}],"is_beta":false,"boss_relics":[],"items_purged_floors":[5],"is_endless":false,"potions_floor_spawned":[7,13],"killed_by":"Slime Boss","ascension_level":20}}