{"host":"42037lo9e0pj78nv","time":1613960409,"event":{"mods":["AchievementEnabler","BaseMod","Downfall","Hermit","Highlight Path","Minty Spire (QoL Compilation)","Replay The Spire","Shop Mod","StSLib","The Mystic","The Necromancer"],"gold_per_floor":[116,116,216,85,95,95,195,195,195,214,214,214],"floor_reached":11,"language":"ENG","playtime":1024,"items_purged":[],"score":161,"play_id":"c5f29b9f-c9ae-449e-9a81-8eaf30deadce","local_time":"20210221182009","is_ascension_mode":false,"campfire_choices":[{"floor":6,"key":"REST"},{"floor":8,"key":"RECALL"}],"circlet_count":0,"master_deck":["mysticmod:Strike_Mystic","mysticmod:Strike_Mystic","mysticmod:Strike_Mystic","mysticmod:Strike_Mystic","mysticmod:Defend_Mystic","mysticmod:Defend_Mystic","mysticmod:Defend_Mystic","mysticmod:Defend_Mystic","mysticmod:ArcaneDodge","mysticmod:ShockingGrasp","mysticmod:TomeOfSpells","Voices","mysticmod:HeavyStrike","mysticmod:RapidCaster","mysticmod:Alacrity","ReplayTheSpireMod:Restless Dread","mysticmod:GeminiForm","Writhe","Amnesia","Shame","mysticmod:Snowball"],"relics":["mysticmod:SpellBook","Ring of Panic","Ring of Searing","downfall:ExtraCursedKey"],"acts_visited":["Exordium"],"potions_floor_usage":[],"damage_taken":[{"damage":1,"enemies":"2 Louse","floor":1,"turns":3},{"damage":20,"enemies":"Cultist","floor":5,"turns":5},{"damage":22,"enemies":"Small Slimes","floor":10,"turns":6},{"damage":73,"enemies":"Gremlin Nob","floor":11,"turns":5}],"seed_played":"6240784882271350602","potions_obtained":[],"is_trial":false,"path_per_floor":["M","?","?","$","M","R","?","R","T","M","E"],"character_chosen":"MYSTIC_CLASS","items_purchased":["mysticmod:HeavyStrike","mysticmod:RapidCaster"],"campfire_rested":1,"item_purchase_floors":[4,4],"current_hp_per_floor":[81,81,81,81,61,82,82,82,82,60,0,0],"gold":214,"neow_bonus":"RANDOM_EVENT","is_daily":false,"chose_seed":false,"campfire_upgraded":0,"win_rate":0.0,"timestamp":1613960409,"path_taken":["M","?","?","$","?","R","?","R","T","M","E"],"items_purchased_type":["Card","Card"],"build_version":"2020-12-22","purchased_purges":0,"victory":false,"max_hp_per_floor":[82,82,82,82,82,82,82,82,82,82,82,82],"card_choices":[{"not_picked":["mysticmod:Shield","mysticmod:PureInstinct"],"picked":"mysticmod:TomeOfSpells","floor":1},{"not_picked":["mysticmod:EnergizedRift","mysticmod:LightningBolt"],"picked":"mysticmod:Alacrity","floor":5},{"not_picked":["mysticmod:Sideswipe","mysticmod:KeenEdge"],"picked":"mysticmod:Snowball","floor":10}],"player_experience":85702,"relics_obtained":[{"floor":2,"key":"Ring of Panic"},{"floor":2,"key":"Ring of Searing"}],"event_choices":[{"damage_healed":0,"gold_gain":0,"player_choice":"Donut","damage_taken":0,"max_hp_gain":5,"max_hp_loss":0,"event_name":"Big Fish","floor":0,"gold_loss":0},{"damage_healed":0,"gold_gain":100,"player_choice":"Pray","damage_taken":0,"max_hp_gain":0,"max_hp_loss":0,"event_name":"Golden Shrine","floor":3,"gold_loss":0}],"is_beta":false,"boss_relics":[],"items_purged_floors":[],"is_endless":false,"potions_floor_spawned":[],"killed_by":"Gremlin Nob","ascension_level":0}}