{"host":"birdoosa9v9yfc1w","time":1613956651,"event":{"mods":["2.2 Compatiblity","BaseMod","Bestiary","Bossed Relics","Colored Map","Colored Powertips","Dark Map","Halation","Highlight Path","Hyrulean Relics","Minty Spire (QoL Compilation)","Relic Filter","SacredBarkPlus","StSLib","Thrall Mod"],"gold_per_floor":[111,128,128,146,157,157,157],"floor_reached":6,"language":"ENG","playtime":168,"items_purged":[],"score":46,"play_id":"fe747e73-3415-4c61-9a9d-df068c644b9e","local_time":"20210221201731","is_ascension_mode":true,"campfire_choices":[],"circlet_count":0,"master_deck":["Strike_Thrall","Strike_Thrall","Strike_Thrall","Strike_Thrall","Strike_Thrall","Defend_Thrall","Defend_Thrall","Defend_Thrall","Defend_Thrall","Defend_Thrall","Lightningbolt","Thecoin","Volcano","Earthshock","Pain","Zap","Spiritofthefrog"],"relics":["Totem","WarpedTongs"],"acts_visited":["Exordium"],"potions_floor_usage":[5],"damage_taken":[{"damage":0,"enemies":"Small Slimes","floor":1,"turns":2},{"damage":0,"enemies":"Cultist","floor":2,"turns":1},{"damage":0,"enemies":"2 Louse","floor":4,"turns":1},{"damage":50,"enemies":"Gremlin Gang","floor":5,"turns":5},{"damage":33,"enemies":"Gremlin Nob","floor":6,"turns":3}],"seed_played":"-2810958194038251699","potions_obtained":[{"floor":2,"key":"ColorlessPotion"},{"floor":4,"key":"LiquidBronze"},{"floor":5,"key":"SteroidPotion"}],"is_trial":false,"path_per_floor":["M","M","?","M","M","E"],"character_chosen":"THRALL","items_purchased":[],"campfire_rested":0,"item_purchase_floors":[],"current_hp_per_floor":[77,77,77,77,29,0,0],"gold":157,"neow_bonus":"TEN_PERCENT_HP_BONUS","is_daily":false,"chose_seed":false,"campfire_upgraded":0,"win_rate":0.0,"timestamp":1613956651,"path_taken":["M","M","?","?","M","E"],"items_purchased_type":[],"build_version":"2020-12-22","purchased_purges":0,"victory":false,"max_hp_per_floor":[77,77,77,77,77,77,77],"card_choices":[{"not_picked":["Tidalsurge","Manatidetotem"],"picked":"Volcano","floor":1},{"not_picked":["Drakkaridefender","Thecoin"],"picked":"Earthshock","floor":2},{"not_picked":["Thecoin","Rockbiter"],"picked":"Zap","floor":4},{"not_picked":["Farsight","Thecoin"],"picked":"Spiritofthefrog","floor":5}],"player_experience":633798,"relics_obtained":[],"event_choices":[{"damage_healed":0,"gold_gain":0,"player_choice":"Rummage","damage_taken":0,"relics_obtained":["WarpedTongs"],"max_hp_gain":0,"max_hp_loss":0,"event_name":"Accursed Blacksmith","floor":3,"gold_loss":0,"cards_obtained":["Pain"]}],"is_beta":false,"boss_relics":[],"items_purged_floors":[],"is_endless":false,"potions_floor_spawned":[2,4,5],"killed_by":"Gremlin Nob","ascension_level":4}}