{"host":"anwy0on6frka0i3a","time":1613962427,"event":{"mods":["AchievementEnabler","BaseMod","Colored Powertips","Highlight Path","Minty Spire (QoL Compilation)","Rare Cards Sparkle","Relic Sorter","Relic Stats","StSLib","Waifu the Spire"],"gold_per_floor":[109,127,140,215,215,215,390,424,424,424,424],"floor_reached":10,"language":"ENG","playtime":1156,"items_purged":[],"score":134,"play_id":"ffd73170-8678-419f-956e-304571944fdc","local_time":"20210221215347","is_ascension_mode":true,"campfire_choices":[{"data":"Eruption","floor":6,"key":"SMITH"}],"circlet_count":0,"master_deck":["AscendersBane","Strike_P","Strike_P","Strike_P","Strike_P","Defend_P","Defend_P","Defend_P","Defend_P","Eruption+1","Vigilance","ThirdEye","EmptyFist","Devotion","Doubt","ThirdEye"],"relics":["PureWater","Eternal Feather","Strawberry"],"acts_visited":["Exordium"],"potions_floor_usage":[8],"damage_taken":[{"damage":5,"enemies":"Cultist","floor":1,"turns":4},{"damage":2,"enemies":"Jaw Worm","floor":2,"turns":4},{"damage":0,"enemies":"2 Louse","floor":3,"turns":3},{"damage":18,"enemies":"3 Sentries","floor":8,"turns":12},{"damage":71,"enemies":"Gremlin Nob","floor":10,"turns":5}],"seed_played":"707072031479592571","potions_obtained":[{"floor":2,"key":"Fire Potion"}],"is_trial":false,"path_per_floor":["M","M","M","?","?","R","?","E","T","E"],"character_chosen":"WATCHER","items_purchased":[],"campfire_rested":0,"item_purchase_floors":[],"current_hp_per_floor":[67,65,65,54,59,59,59,41,48,0,0],"gold":424,"neow_bonus":"TEN_PERCENT_HP_BONUS","is_daily":false,"chose_seed":false,"campfire_upgraded":1,"win_rate":0.0,"timestamp":1613962427,"path_taken":["M","M","M","?","?","R","?","E","T","E"],"items_purchased_type":[],"build_version":"2020-12-22","purchased_purges":0,"victory":false,"max_hp_per_floor":[79,79,79,79,84,84,84,84,91,91,91],"relic_stats":{"counters":[5,28],"Eternal Feather":0,"obtain_stats":[{"Strawberry":9,"Eternal Feather":8,"PureWater":0},{"Strawberry":4,"Eternal Feather":4,"PureWater":0},{"Strawberry":23,"Eternal Feather":23,"PureWater":0}]},"card_choices":[{"not_picked":["Pray","Collect"],"picked":"ThirdEye","floor":1},{"not_picked":["PathToVictory","EmptyBody"],"picked":"EmptyFist","floor":2},{"not_picked":["ClearTheMind","ThirdEye"],"picked":"Devotion","floor":3},{"not_picked":["EmptyFist","PathToVictory"],"picked":"ThirdEye","floor":8}],"player_experience":1451903,"relics_obtained":[{"floor":8,"key":"Eternal Feather"},{"floor":9,"key":"Strawberry"}],"event_choices":[{"damage_healed":0,"gold_gain":75,"player_choice":"Gather Gold","damage_taken":11,"max_hp_gain":0,"max_hp_loss":0,"event_name":"World of Goop","floor":4,"gold_loss":0},{"damage_healed":0,"gold_gain":0,"player_choice":"Donut","damage_taken":0,"max_hp_gain":5,"max_hp_loss":0,"event_name":"Big Fish","floor":5,"gold_loss":0},{"damage_healed":0,"gold_gain":175,"player_choice":"AGREE","damage_taken":0,"max_hp_gain":0,"max_hp_loss":0,"event_name":"Liars Game","floor":7,"gold_loss":0,"cards_obtained":["Doubt"]}],"is_beta":false,"boss_relics":[],"items_purged_floors":[],"is_endless":false,"potions_floor_spawned":[2],"killed_by":"Gremlin Nob","ascension_level":13}}