{"host":"qc1sjgtdjonvdsd8","time":1613974539,"event":{"mods":["BaseMod","Colored Map","Colored Powertips","Curses Come First","Minty Spire (QoL Compilation)","Replay The Spire","StSLib"],"gold_per_floor":[111,111,121,131,131,131,164,183,183,183,358,369,369,369,369,472,472,482,507,518,403,403,403],"floor_reached":22,"language":"ENG","playtime":1213,"items_purged":["Defend_P"],"score":212,"play_id":"b1f1172e-215c-4f1f-8c3e-35e3234d12c1","local_time":"20210221221539","is_ascension_mode":true,"campfire_choices":[{"data":"Crescendo","floor":6,"key":"SMITH"},{"data":"Adaptation","floor":10,"key":"SMITH"},{"data":"Blasphemy","floor":15,"key":"SMITH"}],"circlet_count":0,"master_deck":["Strike_P","Strike_P","Defend_P","Eruption+1","Vigilance","Replay:BluntJabs","ClearTheMind","Crescendo+1","Adaptation+1","Consecrate","Blasphemy+1","Vault","Meditate+1","Devotion+1","Protect+1","TalkToTheHand","Consecrate+1","Pray"],"relics":["SlaversCollar","StrikeDummy","Dead Branch","Astrolabe"],"acts_visited":["Exordium","TheCity"],"potions_floor_usage":[7,16,22],"damage_taken":[{"damage":4,"enemies":"2 Louse","floor":1,"turns":4},{"damage":0,"enemies":"Cultist","floor":3,"turns":2},{"damage":7,"enemies":"Small Slimes","floor":4,"turns":2},{"damage":22,"enemies":"Lagavulin","floor":7,"turns":6},{"damage":0,"enemies":"2 Fungi Beasts","floor":8,"turns":2},{"damage":18,"enemies":"3 Louse","floor":12,"turns":3},{"damage":14,"enemies":"Hexaghost","floor":16,"turns":7},{"damage":14,"enemies":"2 Thieves","floor":18,"turns":2},{"damage":16,"enemies":"Spheric Guardian","floor":20,"turns":5},{"damage":100015,"enemies":"Chosen and Byrds","floor":22,"turns":3}],"seed_played":"-3390560465761257351","potions_obtained":[{"floor":1,"key":"Elixir"},{"floor":3,"key":"Weak Potion"},{"floor":7,"key":"ColorlessPotion"},{"floor":16,"key":"Death Potion"}],"is_trial":false,"path_per_floor":["M","?","M","M","?","R","E","M","T","R","?","M","?","?","R","B",null,"M","T","M","$","M"],"character_chosen":"WATCHER","items_purchased":["Pray"],"campfire_rested":0,"item_purchase_floors":[21],"current_hp_per_floor":[68,68,68,61,61,61,39,39,39,39,39,21,45,45,45,31,72,58,58,42,42,0,0],"gold":403,"neow_bonus":"BOSS_RELIC","is_daily":false,"chose_seed":false,"campfire_upgraded":3,"win_rate":0.0,"timestamp":1613974539,"path_taken":["M","?","?","M","?","R","E","M","T","R","?","M","?","?","R","BOSS","M","?","M","?","M"],"items_purchased_type":["Card"],"build_version":"2020-12-22","purchased_purges":1,"victory":false,"max_hp_per_floor":[72,72,72,72,72,72,72,72,72,72,72,72,72,72,72,72,72,72,72,72,72,72,72],"card_choices":[{"not_picked":["BattleHymn","CrushJoints"],"picked":"Replay:BluntJabs","floor":1},{"not_picked":["Protect","FlurryOfBlows"],"picked":"ClearTheMind","floor":3},{"not_picked":["Replay:AtTheReady","CutThroughFate"],"picked":"Crescendo","floor":4},{"not_picked":["Replay:AtTheReady","ThirdEye"],"picked":"Adaptation","floor":7},{"not_picked":["Evaluate","Sanctity"],"picked":"Consecrate","floor":8},{"not_picked":["EmptyFist","FlyingSleeves"],"picked":"Blasphemy","floor":12},{"not_picked":["Blasphemy","DeusExMachina"],"picked":"Vault","floor":16},{"not_picked":["ClearTheMind+1","Crescendo"],"picked":"TalkToTheHand","floor":18},{"not_picked":["PathToVictory","Replay:DivineShield"],"picked":"Consecrate+1","floor":20}],"player_experience":361446,"relics_obtained":[{"floor":7,"key":"StrikeDummy"},{"floor":9,"key":"Dead Branch"}],"event_choices":[{"damage_healed":0,"gold_gain":0,"player_choice":"Upgraded","damage_taken":0,"max_hp_gain":0,"max_hp_loss":0,"event_name":"Upgrade Shrine","floor":2,"gold_loss":0,"cards_upgraded":["Eruption"]},{"damage_healed":0,"gold_gain":175,"player_choice":"AGREE","damage_taken":0,"max_hp_gain":0,"max_hp_loss":0,"event_name":"Liars Game","floor":11,"gold_loss":0,"cards_obtained":["Doubt"]},{"damage_healed":24,"gold_gain":0,"player_choice":"Banana","damage_taken":0,"max_hp_gain":0,"max_hp_loss":0,"event_name":"Big Fish","floor":13,"gold_loss":0},{"cards_removed":["Doubt"],"damage_healed":0,"gold_gain":0,"player_choice":"Purged","damage_taken":0,"max_hp_gain":0,"max_hp_loss":0,"event_name":"Purifier","floor":14,"gold_loss":0}],"is_beta":false,"boss_relics":[{"not_picked":["Runic Dome","Replay:Bronze Core"],"picked":"Astrolabe"}],"items_purged_floors":[21],"is_endless":false,"potions_floor_spawned":[1,3,7,16],"killed_by":"Chosen and Byrds","ascension_level":3}}