{"host":"0mk07bycsqo1qk03","time":1613991365,"event":{"mods":["BaseMod","Downfall","Hermit","Hubris","Minty Spire (QoL Compilation)","Reliquary","Replay The Spire","StSLib"],"gold_per_floor":[111,111,122,122,71,104,104,104,175,175,118,118,118,130,130,157,157,121,121,171,185,212,212,256,256,256,307,333,333,364,401,401,411,411],"floor_reached":33,"language":"ENG","playtime":1207,"items_purged":[],"score":554,"play_id":"bef19c34-0a5b-48b0-a4ae-85d6ef671973","local_time":"20210222115605","is_ascension_mode":true,"campfire_choices":[{"floor":7,"key":"REST"},{"data":"Replay:Poison Smokescreen","floor":10,"key":"SMITH"},{"data":"Defend_G","floor":12,"key":"SMITH"},{"data":"PiercingWail","floor":15,"key":"SMITH"},{"floor":23,"key":"REST"},{"floor":25,"key":"REST"},{"floor":32,"key":"REST"}],"circlet_count":0,"master_deck":["AscendersBane","Strike_G","Strike_G","Strike_G","Strike_G","Strike_G","Defend_G","Defend_G","Defend_G+1","Defend_G+1","Defend_G","Survivor","Neutralize+1","Deadly Poison","Poisoned Stab","ReplayTheSpireMod:From All Sides","Replay:Poison Smokescreen+1","Neutralize+1","Noxious Fumes+1","PiercingWail+1","ReplayTheSpireMod:Necrosis","Normality","Catalyst","Blur","Dash","Pain"],"relics":["Ring of the Snake","Snake Skull","hubris:Icosahedron","ReplayTheSpireMod:Ninjato","Replay:Bottled Eggs","hubris:ScarierMask","Enchiridion","ReplayTheSpireMod:Ring of Exchange","Replay:Wax Seal","Replay:Bandana","reliquary:Sideboard","Byrd Skull","reliquary:FeatherDuster","Nloth\u0027s Gift"],"acts_visited":["Exordium","TheCity"],"potions_floor_usage":[16,24,24,30,33],"damage_taken":[{"damage":1,"enemies":"Cultist","floor":1,"turns":5},{"damage":2,"enemies":"Small Slimes","floor":3,"turns":4},{"damage":39,"enemies":"Gremlin Nob","floor":6,"turns":4},{"damage":1,"enemies":"Jaw Worm","floor":14,"turns":4},{"damage":25,"enemies":"Fading Forest","floor":16,"turns":11},{"damage":0,"enemies":"3 Byrds","floor":18,"turns":4},{"damage":10,"enemies":"Spheric Guardian","floor":21,"turns":4},{"damage":10,"enemies":"Snecko","floor":22,"turns":6},{"damage":17,"enemies":"Slavers","floor":24,"turns":8},{"damage":14,"enemies":"Gremlin Leader","floor":27,"turns":7},{"damage":11,"enemies":"Snake Plant","floor":28,"turns":5},{"damage":4,"enemies":"3 Cultists","floor":30,"turns":5},{"damage":0,"enemies":"Cultist and Chosen","floor":31,"turns":3},{"damage":29,"enemies":"hubris:MusketHawk","floor":33,"turns":6}],"seed_played":"-1036826387317298997","potions_obtained":[{"floor":3,"key":"SteroidPotion"},{"floor":16,"key":"LifebloodPotion"},{"floor":21,"key":"PowerPotion"},{"floor":24,"key":"champ:CounterPotion"},{"floor":31,"key":"SkillPotion"}],"is_trial":false,"path_per_floor":["M","?","M","?","$","E","R","?","T","R","$","R","$","M","R","B",null,"M","?","?","M","M","R","E","R","T","E","M","?","M","M","R","B"],"character_chosen":"THE_SILENT","items_purchased":["Poisoned Stab","Noxious Fumes+1"],"campfire_rested":4,"item_purchase_floors":[5,11],"current_hp_per_floor":[58,58,56,56,56,17,36,36,36,36,36,36,36,35,35,18,54,54,33,33,23,13,32,15,34,34,20,9,9,5,5,24,0,0],"gold":411,"neow_bonus":"RANDOM_COMMON_RELIC","is_daily":false,"chose_seed":false,"campfire_upgraded":3,"win_rate":0.0,"timestamp":1613991365,"path_taken":["M","?","M","?","?","E","R","?","T","R","$","R","$","M","R","BOSS","M","?","?","M","M","R","E","R","T","E","M","?","?","M","R","BOSS"],"items_purchased_type":["Card","Card"],"build_version":"2020-12-22","purchased_purges":0,"victory":false,"max_hp_per_floor":[66,66,66,66,66,66,66,66,66,66,66,66,66,66,66,66,66,66,66,66,66,66,66,66,66,66,66,66,66,66,66,66,66,66],"card_choices":[{"not_picked":["PiercingWail","Deflect"],"picked":"Flying Knee","floor":1},{"not_picked":["Bane","Eviscerate"],"picked":"Deadly Poison","floor":3},{"not_picked":["Fluid Movement","Slice"],"picked":"ReplayTheSpireMod:From All Sides","floor":6},{"not_picked":["Distraction","Dagger Spray"],"picked":"PiercingWail","floor":14},{"not_picked":["Die Die Die","Unload"],"picked":"ReplayTheSpireMod:Necrosis","floor":16},{"not_picked":["Poisoned Stab","Outmaneuver+1","Endless Agony"],"picked":"SKIP","floor":18},{"not_picked":["Poisoned Stab","Predator"],"picked":"Catalyst","floor":21},{"not_picked":["Bane","Dodge and Roll"],"picked":"Blur","floor":22},{"not_picked":["Choke","Expertise"],"picked":"Dash","floor":24},{"not_picked":["Setup","Expertise"],"picked":"Flying Knee","floor":27},{"not_picked":["Dagger Throw","Poisoned Stab+1","Masterful Stab"],"picked":"SKIP","floor":28},{"not_picked":["ReplayTheSpireMod:Shiv Toss","ReplayTheSpireMod:Necrosis","Underhanded Strike"],"picked":"SKIP","floor":30},{"not_picked":["Dagger Throw","Outmaneuver"],"picked":"Dodge and Roll","floor":31}],"player_experience":1053988,"relics_obtained":[{"floor":6,"key":"ReplayTheSpireMod:Ninjato"},{"floor":9,"key":"Replay:Bottled Eggs"},{"floor":19,"key":"Enchiridion"},{"floor":20,"key":"ReplayTheSpireMod:Ring of Exchange"},{"floor":20,"key":"Ring of Greed"},{"floor":20,"key":"Replay:Wax Seal"},{"floor":20,"key":"Replay:Bandana"},{"floor":24,"key":"reliquary:Sideboard"},{"floor":26,"key":"Byrd Skull"},{"floor":27,"key":"reliquary:FeatherDuster"}],"event_choices":[{"damage_healed":0,"gold_gain":0,"player_choice":"2 cards matched","damage_taken":0,"max_hp_gain":0,"max_hp_loss":0,"event_name":"Match and Keep!","floor":8,"gold_loss":0,"cards_obtained":["Replay:Poison Smokescreen","Neutralize"]},{"damage_healed":0,"gold_gain":0,"player_choice":"Obtained Book","damage_taken":21,"max_hp_gain":0,"max_hp_loss":0,"event_name":"Cursed Tome","floor":19,"gold_loss":0},{"damage_healed":0,"gold_gain":0,"player_choice":"Traded Relic","damage_taken":0,"relics_obtained":["Nloth\u0027s Gift"],"max_hp_gain":0,"max_hp_loss":0,"event_name":"N\u0027loth","floor":29,"relics_lost":["Ring of Greed"],"gold_loss":0}],"is_beta":false,"boss_relics":[{"not_picked":["reliquary:WritOfMandamus","reliquary:Craggleroot"],"picked":"hubris:ScarierMask"}],"items_purged_floors":[],"is_endless":false,"potions_floor_spawned":[3,14,16,21,22,24,31],"killed_by":"hubris:MusketHawk","ascension_level":16}}