{"host":"4ag909k4xupnj24b","time":1613999144,"event":{"mods":["BaseMod","Downfall","Minty Spire (QoL Compilation)","StSLib"],"gold_per_floor":[118,134,134,150,162,188,207,207,207,207,223,257,257,275,275,351,351,364,379,210,228,5,5,5,39,63,76,76,76,94,110,110,185,185,195,205,36,36,36],"floor_reached":38,"language":"ENG","playtime":1855,"items_purged":["Strike_B","Strike_B"],"score":763,"play_id":"7d99c104-2393-4b93-8801-75ca2f648464","local_time":"20210222050544","is_ascension_mode":true,"campfire_choices":[{"data":"Zap","floor":8.0,"key":"SMITH"},{"data":"Rip and Tear","floor":10.0,"key":"SMITH"},{"data":"Gash","floor":13.0,"key":"SMITH"},{"data":"Coolheaded","floor":15.0,"key":"SMITH"},{"data":"Defragment","floor":23.0,"key":"SMITH"},{"data":"Barrage","floor":28.0,"key":"SMITH"},{"floor":32.0,"key":"REST"}],"circlet_count":0,"master_deck":["AscendersBane","Strike_B+1","Defend_B+1","Defend_B+1","Defend_B+1","Defend_B+1","Zap+1","Dualcast+1","Rip and Tear+1","Rip and Tear","Ball Lightning","Self Repair","Gash","Barrage+1","Rebound","Gash+1","Coolheaded+1","Electrodynamics","Coolheaded","Go for the Eyes","Swift Strike","Hologram+1","Defragment+1","Melter","Shame","White Noise","Buffer","Leap","Biased Cognition","Glacier","Hyperbeam","CurseOfTheBell","Loop","Hologram+1","All For One"],"relics":["Velvet Choker","Shuriken","Eternal Feather","Toy Ornithopter","Cursed Key","Dead Branch","War Paint","Calling Bell","Potion Belt","Mummified Hand","Unceasing Top"],"acts_visited":["Exordium","TheCity","TheBeyond"],"potions_floor_usage":[38],"damage_taken":[{"damage":5.0,"enemies":"Cultist","floor":1.0,"turns":4.0},{"damage":1.0,"enemies":"Jaw Worm","floor":2.0,"turns":4.0},{"damage":0.0,"enemies":"Small Slimes","floor":4.0,"turns":3.0},{"damage":13.0,"enemies":"Exordium Thugs","floor":5.0,"turns":4.0},{"damage":25.0,"enemies":"Lagavulin","floor":6.0,"turns":4.0},{"damage":8.0,"enemies":"3 Louse","floor":7.0,"turns":3.0},{"damage":5.0,"enemies":"2 Fungi Beasts","floor":11.0,"turns":3.0},{"damage":20.0,"enemies":"3 Sentries","floor":12.0,"turns":5.0},{"damage":0.0,"enemies":"Exordium Wildlife","floor":14.0,"turns":2.0},{"damage":9.0,"enemies":"Slime Boss","floor":16.0,"turns":7.0},{"damage":14.0,"enemies":"Chosen","floor":18.0,"turns":4.0},{"damage":5.0,"enemies":"Shell Parasite","floor":19.0,"turns":4.0},{"damage":32.0,"enemies":"Snake Plant","floor":21.0,"turns":4.0},{"damage":9.0,"enemies":"Gremlin Leader","floor":25.0,"turns":6.0},{"damage":21.0,"enemies":"Shelled Parasite and Fungi","floor":27.0,"turns":4.0},{"damage":19.0,"enemies":"Snecko","floor":30.0,"turns":5.0},{"damage":22.0,"enemies":"Cultist and Chosen","floor":31.0,"turns":5.0},{"damage":38.0,"enemies":"Champ","floor":33.0,"turns":14.0},{"damage":35,"enemies":"3 Darklings","floor":35,"turns":6},{"damage":14,"enemies":"Orb Walker","floor":36,"turns":3},{"damage":35,"enemies":"Writhing Mass","floor":38,"turns":2}],"seed_played":"-4227059319617723678","potions_obtained":[{"floor":1.0,"key":"Fruit Juice"},{"floor":2.0,"key":"SteroidPotion"},{"floor":6.0,"key":"PowerPotion"},{"floor":7.0,"key":"FocusPotion"},{"floor":12.0,"key":"LiquidBronze"},{"floor":18.0,"key":"Explosive Potion"},{"floor":27.0,"key":"Dexterity Potion"},{"floor":33.0,"key":"EssenceOfSteel"},{"floor":36,"key":"PowerPotion"}],"is_trial":false,"path_per_floor":["M","M","?","M","M","E","M","R","T","R","M","E","R","M","R","B",null,"M","M","$","M","$","R","?","E","T","M","R","?","M","M","R","B",null,"M","M","$","M"],"character_chosen":"DEFECT","items_purchased":["Swift Strike","Defragment","Melter","All For One"],"campfire_rested":1,"item_purchase_floors":[20,22,22,37],"current_hp_per_floor":[59,58,58,58,45,20,24,24,24,33,35,22,31,31,40,43,68,61,63,63,43,43,55,55,46,46,25,40,40,21,4,44,18,62,34,20,20,0,0],"gold":36,"neow_bonus":"BOSS_RELIC","is_daily":false,"chose_seed":false,"campfire_upgraded":6,"win_rate":0.0,"timestamp":1613999144,"path_taken":["M","M","?","?","M","E","M","R","T","R","M","E","R","M","R","BOSS","M","M","$","M","$","R","?","E","T","M","R","?","M","?","R","BOSS","M","M","$","M"],"items_purchased_type":["Card","Card","Card","Card"],"build_version":"2020-12-22","purchased_purges":2,"victory":false,"max_hp_per_floor":[71,71,71,71,71,71,76,76,76,76,76,76,76,76,76,76,76,76,76,76,76,76,76,76,76,76,76,76,76,76,76,76,76,76,76,76,76,76,76],"card_choices":[{"not_picked":["Scrape","Go for the Eyes"],"picked":"Rip and Tear","floor":1.0},{"not_picked":["Compile Driver","Lockon"],"picked":"Rip and Tear","floor":2.0},{"not_picked":["Capacitor","Rebound"],"picked":"Ball Lightning","floor":4.0},{"not_picked":["Ball Lightning","Rainbow"],"picked":"Self Repair","floor":5.0},{"not_picked":["Hello World","Stack"],"picked":"Gash","floor":6.0},{"not_picked":["Turbo","Chaos"],"picked":"Barrage","floor":7.0},{"not_picked":["Steam","Turbo"],"picked":"Rebound","floor":11.0},{"not_picked":["Creative AI","Ball Lightning"],"picked":"Gash","floor":12.0},{"not_picked":["Cold Snap","Sweeping Beam"],"picked":"Coolheaded","floor":14.0},{"not_picked":["Thunder Strike","Rainbow"],"picked":"Electrodynamics","floor":16.0},{"not_picked":["Go for the Eyes","Turbo"],"picked":"Coolheaded","floor":18.0},{"not_picked":["Steam","Gash"],"picked":"Go for the Eyes","floor":19.0},{"not_picked":["Compile Driver","Genetic Algorithm"],"picked":"Hologram","floor":21.0},{"not_picked":["Conserve Battery","Rip and Tear","Coolheaded"],"picked":"SKIP","floor":25.0},{"not_picked":["Turbo","Force Field+1"],"picked":"White Noise","floor":27.0},{"not_picked":["Hologram","Steam+1"],"picked":"Biased Cognition","floor":30.0},{"not_picked":["Leap","Fusion"],"picked":"Glacier","floor":31.0},{"not_picked":["Seek","Rainbow"],"picked":"Hyperbeam","floor":33.0},{"not_picked":["White Noise","Gash"],"picked":"Loop","floor":35},{"not_picked":["Steam","Go for the Eyes"],"picked":"Hologram+1","floor":36}],"player_experience":904327,"relics_obtained":[{"floor":6.0,"key":"Shuriken"},{"floor":9.0,"key":"Eternal Feather"},{"floor":12.0,"key":"Toy Ornithopter"},{"floor":25.0,"key":"Dead Branch"},{"floor":26.0,"key":"War Paint"},{"floor":34,"key":"Potion Belt"},{"floor":34,"key":"Mummified Hand"},{"floor":34,"key":"Unceasing Top"}],"event_choices":[{"cards_removed":["Strike_B"],"damage_healed":0.0,"max_hp_gain":0.0,"max_hp_loss":0.0,"gold_gain":0.0,"event_name":"Wheel of Change","player_choice":"Card Removal","floor":3.0,"gold_loss":0.0,"damage_taken":0.0},{"damage_healed":0.0,"max_hp_gain":0.0,"max_hp_loss":0.0,"gold_gain":0.0,"event_name":"Back to Basics","player_choice":"Simplicity","floor":24.0,"gold_loss":0.0,"damage_taken":0.0,"cards_upgraded":["Strike_B","Defend_B","Defend_B","Defend_B","Defend_B"]},{"damage_healed":0.0,"max_hp_gain":0.0,"max_hp_loss":0.0,"gold_gain":0.0,"event_name":"Match and Keep!","player_choice":"2 cards matched","floor":29.0,"gold_loss":0.0,"damage_taken":0.0,"cards_obtained":["Buffer","Leap"]}],"is_beta":false,"boss_relics":[{"not_picked":["Fusion Hammer","Sozu"],"picked":"Cursed Key"},{"not_picked":["Runic Dome","Empty Cage"],"picked":"Calling Bell"}],"items_purged_floors":[20,22],"is_endless":false,"potions_floor_spawned":[1,2,6,7,12,18,27,33,36],"killed_by":"Writhing Mass","ascension_level":16}}