{"host":"kh6fvhxn285ncg0o","time":1613964169,"event":{"mods":["Act Like it!","BaseMod","Colored Map","Friendly Minions","Keyboard Shortcuts","Minty Spire (QoL Compilation)","Quick Restart","Relic Stats","StSLib","SuperFastMode","UnlockEverythingMod"],"gold_per_floor":[119,136,136,136,147,178,178,205,229,263,228,239,239,273,273,345,345,355,355,405,405,417,417,452,452,533,544,544,544,575,588,588,666,666,686,686,686,705,352,352,352,386,386,386,386],"floor_reached":44,"language":"KOR","playtime":844,"items_purged":["Blood for Blood+1"],"score":1150,"play_id":"0d7e6e42-37bf-49f8-8cc3-4f4d403699ed","local_time":"20210222122249","is_ascension_mode":true,"campfire_choices":[{"data":"Carnage","floor":7.0,"key":"SMITH"},{"data":"Bash","floor":15.0,"key":"SMITH"},{"data":"Evolve","floor":23.0,"key":"SMITH"},{"data":"Sword Boomerang","floor":25.0,"key":"SMITH"},{"data":"Wild Strike","floor":28.0,"key":"SMITH"},{"data":"Blood for Blood","floor":32.0,"key":"SMITH"},{"floor":40.0,"key":"RECALL"}],"circlet_count":0,"master_deck":["AscendersBane","Defend_R","Bash+1","Reaper+1","Carnage+1","Reckless Charge+1","Metallicize+1","Burning Pact+1","Heavy Blade+1","Sword Boomerang+1","Wild Strike+1","Evolve+1","Writhe","Juggernaut+1","Fire Breathing+1","Shrug It Off","Dark Embrace+1","Magnetism+1","Madness","Madness"],"relics":["Busted Crown","Anchor","Smiling Mask","Lantern","FossilizedHelix","Red Skull","Astrolabe","Whetstone","Frozen Egg 2","Incense Burner","TungstenRod","Runic Dome","Strawberry"],"acts_visited":["Exordium","TheCity","TheBeyond"],"potions_floor_usage":[],"damage_taken":[{"damage":1.0,"enemies":"Small Slimes","floor":1.0,"turns":3.0},{"damage":4.0,"enemies":"2 Louse","floor":2.0,"turns":3.0},{"damage":2.0,"enemies":"Jaw Worm","floor":5.0,"turns":4.0},{"damage":50.0,"enemies":"3 Sentries","floor":6.0,"turns":11.0},{"damage":20.0,"enemies":"Lagavulin","floor":8.0,"turns":5.0},{"damage":25.0,"enemies":"3 Sentries","floor":10.0,"turns":7.0},{"damage":0.0,"enemies":"2 Fungi Beasts","floor":12.0,"turns":3.0},{"damage":0.0,"enemies":"Gremlin Nob","floor":14.0,"turns":3.0},{"damage":16.0,"enemies":"Hexaghost","floor":16.0,"turns":5.0},{"damage":12.0,"enemies":"Shell Parasite","floor":18.0,"turns":4.0},{"damage":0.0,"enemies":"Spheric Guardian","floor":22.0,"turns":3.0},{"damage":24.0,"enemies":"Book of Stabbing","floor":24.0,"turns":4.0},{"damage":8.0,"enemies":"Snake Plant","floor":27.0,"turns":2.0},{"damage":22.0,"enemies":"Gremlin Leader","floor":30.0,"turns":4.0},{"damage":0.0,"enemies":"Centurion and Healer","floor":31.0,"turns":6.0},{"damage":0.0,"enemies":"Collector","floor":33.0,"turns":6.0},{"damage":0.0,"enemies":"Orb Walker","floor":35.0,"turns":3.0},{"damage":21.0,"enemies":"3 Darklings","floor":38.0,"turns":4.0},{"damage":35.0,"enemies":"Giant Head","floor":42.0,"turns":5.0},{"damage":39,"enemies":"Nemesis","floor":44,"turns":3}],"seed_played":"4039859602591078143","potions_obtained":[{"floor":2.0,"key":"SpeedPotion"},{"floor":5.0,"key":"AttackPotion"},{"floor":10.0,"key":"Block Potion"},{"floor":14.0,"key":"Swift Potion"},{"floor":24.0,"key":"ElixirPotion"},{"floor":27.0,"key":"DuplicationPotion"},{"floor":31.0,"key":"SkillPotion"}],"is_trial":false,"path_per_floor":["M","M","?","?","M","E","R","E","T","E","?","M","?","E","R","B",null,"M","?","?","?","M","R","E","R","T","M","R","?","E","M","R","B",null,"M","?","?","M","$","R","?","E","T","E"],"character_chosen":"IRONCLAD","items_purchased":["Dark Embrace+1","Magnetism+1"],"campfire_rested":0,"item_purchase_floors":[39,39],"current_hp_per_floor":[67,63,68,68,72,34,34,18,18,1,21,31,24,30,30,14,64,58,58,58,58,62,62,45,45,45,37,37,37,15,31,31,40,70,80,80,80,71,71,71,58,36,36,0,0],"gold":386,"neow_bonus":"BOSS_RELIC","is_daily":false,"chose_seed":false,"campfire_upgraded":6,"win_rate":0.0,"timestamp":1613964169,"path_taken":["M","M","?","?","M","E","R","E","T","E","?","M","?","E","R","BOSS","M","?","?","?","?","R","E","R","T","M","R","?","E","M","R","BOSS","M","?","?","M","$","R","?","E","T","E"],"items_purchased_type":["Card","Card"],"build_version":"2020-12-22","purchased_purges":1,"victory":false,"max_hp_per_floor":[75,75,80,80,80,80,80,80,80,80,80,80,80,80,80,80,80,80,80,80,80,80,80,80,80,80,80,80,80,80,80,80,80,80,80,80,80,80,80,80,80,87,87,87,87],"relic_stats":{"Busted Crown":38,"counters":[20,88],"Astrolabe":["Reckless Charge","Metallicize","Burning Pact"],"Whetstone":["Reaper","Heavy Blade"],"Smiling Mask":25,"obtain_stats":[{"Lantern":9,"Astrolabe":17,"Incense Burner":29,"Whetstone":24,"Frozen Egg 2":26,"Smiling Mask":8,"Burning Blood":0,"Runic Dome":34,"Anchor":6,"Busted Crown":0,"Strawberry":42,"FossilizedHelix":10,"Red Skull":14,"TungstenRod":30},{"Lantern":5,"Astrolabe":9,"Incense Burner":13,"Whetstone":12,"Frozen Egg 2":12,"Smiling Mask":5,"Burning Blood":0,"Runic Dome":16,"Anchor":4,"Busted Crown":0,"Strawberry":19,"FossilizedHelix":6,"Red Skull":8,"TungstenRod":14},{"Lantern":26,"Astrolabe":44,"Incense Burner":57,"Whetstone":55,"Frozen Egg 2":55,"Smiling Mask":26,"Burning Blood":0,"Runic Dome":73,"Anchor":21,"Busted Crown":0,"Strawberry":85,"FossilizedHelix":33,"Red Skull":39,"TungstenRod":61}],"TungstenRod":11},"card_choices":[{"not_picked":[],"picked":"Blood for Blood","floor":5.0},{"not_picked":[],"picked":"Carnage","floor":6.0},{"not_picked":["Perfected Strike"],"picked":"SKIP","floor":14.0},{"not_picked":["Pommel Strike"],"picked":"SKIP","floor":18.0},{"not_picked":[],"picked":"Evolve","floor":22.0},{"not_picked":["Anger"],"picked":"SKIP","floor":24.0},{"not_picked":["Warcry"],"picked":"SKIP","floor":27.0},{"not_picked":[],"picked":"Juggernaut+1","floor":30.0},{"not_picked":[],"picked":"Fire Breathing+1","floor":31.0},{"not_picked":[],"picked":"Reaper","floor":33.0},{"not_picked":[],"picked":"Shrug It Off","floor":35.0},{"not_picked":["Body Slam+1"],"picked":"SKIP","floor":38.0},{"not_picked":["Shrug It Off"],"picked":"SKIP","floor":42.0}],"player_experience":1494843,"relics_obtained":[{"floor":6.0,"key":"Anchor"},{"floor":8.0,"key":"Smiling Mask"},{"floor":9.0,"key":"Lantern"},{"floor":10.0,"key":"FossilizedHelix"},{"floor":14.0,"key":"Red Skull"},{"floor":24.0,"key":"Whetstone"},{"floor":26.0,"key":"Frozen Egg 2"},{"floor":30.0,"key":"TungstenRod"},{"floor":42.0,"key":"Strawberry"}],"event_choices":[{"damage_healed":0.0,"max_hp_gain":5.0,"max_hp_loss":0.0,"gold_gain":0.0,"event_name":"Big Fish","player_choice":"Donut","floor":3.0,"gold_loss":0.0,"damage_taken":0.0},{"damage_healed":0.0,"max_hp_gain":0.0,"max_hp_loss":0.0,"gold_gain":0.0,"cards_transformed":["Strike_R"],"event_name":"Living Wall","player_choice":"Change","floor":4.0,"gold_loss":0.0,"damage_taken":0.0,"cards_obtained":["Reaper"]},{"damage_healed":20.0,"max_hp_gain":0.0,"max_hp_loss":0.0,"gold_gain":0.0,"event_name":"The Cleric","player_choice":"Healed","floor":11.0,"gold_loss":35.0,"damage_taken":0.0},{"cards_removed":["Strike_R"],"damage_healed":0.0,"max_hp_gain":0.0,"max_hp_loss":0.0,"gold_gain":0.0,"event_name":"Golden Wing","player_choice":"Card Removal","floor":13.0,"gold_loss":0.0,"damage_taken":7.0},{"damage_healed":0.0,"max_hp_gain":0.0,"max_hp_loss":0.0,"gold_gain":0.0,"cards_transformed":["Defend_R","Defend_R"],"event_name":"Drug Dealer","player_choice":"Became Test Subject","floor":19.0,"gold_loss":0.0,"damage_taken":0.0,"cards_obtained":["Heavy Blade","Sword Boomerang"]},{"damage_healed":0.0,"max_hp_gain":0.0,"max_hp_loss":0.0,"gold_gain":50.0,"event_name":"Nest","player_choice":"Stole From Cult","floor":20.0,"gold_loss":0.0,"damage_taken":0.0},{"damage_healed":0.0,"max_hp_gain":0.0,"max_hp_loss":0.0,"gold_gain":0.0,"cards_transformed":["Defend_R"],"event_name":"Transmorgrifier","player_choice":"Transformed","floor":21.0,"gold_loss":0.0,"damage_taken":0.0,"cards_obtained":["Wild Strike"]},{"damage_healed":0.0,"max_hp_gain":0.0,"max_hp_loss":0.0,"gold_gain":0.0,"event_name":"The Mausoleum","player_choice":"Opened","floor":29.0,"gold_loss":0.0,"damage_taken":0.0,"relics_obtained":["Incense Burner"],"cards_obtained":["Writhe"]},{"damage_healed":0.0,"max_hp_gain":0.0,"max_hp_loss":0.0,"gold_gain":0.0,"event_name":"Tomb of Lord Red Mask","player_choice":"Ignored","floor":36.0,"gold_loss":0.0,"damage_taken":0.0},{"cards_removed":["Reaper"],"damage_healed":0.0,"max_hp_gain":0.0,"max_hp_loss":0.0,"gold_gain":0.0,"event_name":"Falling","player_choice":"Removed Attack","floor":37.0,"gold_loss":0.0,"damage_taken":0.0},{"damage_healed":0.0,"max_hp_gain":0.0,"max_hp_loss":0.0,"gold_gain":0.0,"event_name":"Winding Halls","player_choice":"Embrace Madness","floor":41.0,"gold_loss":0.0,"damage_taken":14.0,"cards_obtained":["Madness","Madness"]}],"is_beta":false,"boss_relics":[{"not_picked":["Tiny House","Fusion Hammer"],"picked":"Astrolabe"},{"not_picked":["Pandora\u0027s Box","Velvet Choker"],"picked":"Runic Dome"}],"items_purged_floors":[39],"is_endless":false,"potions_floor_spawned":[2,5,10,14,24,27,31,38],"killed_by":"Nemesis","ascension_level":20}}