{"host":"fuszjwm6fqgjjp4d","time":1613966962,"event":{"mods":["BaseMod","Colored Map","Minty Spire (QoL Compilation)","Permanent Neow","Relic Sorter","Relic Stats","StSLib"],"gold_per_floor":[113,113,113,188,200,200,200,234,258,272,25,35,52,78,78,78,78],"floor_reached":16,"language":"ENG","playtime":264,"items_purged":[],"score":200,"play_id":"1b3ddca1-e093-4079-af52-53b0b02aebc8","local_time":"20210221220922","is_ascension_mode":true,"campfire_choices":[{"data":"Zap","floor":6.0,"key":"SMITH"},{"data":"Static Discharge","floor":15.0,"key":"SMITH"}],"circlet_count":0,"master_deck":["AscendersBane","Strike_B+1","Strike_B","Strike_B","Strike_B","Defend_B+1","Defend_B+1","Defend_B+1","Zap+1","Dualcast","BootSequence","Conserve Battery","Cold Snap","Sweeping Beam","Self Repair","Static Discharge+1","Lockon"],"relics":["Cracked Core","Omamori","Question Card","Centennial Puzzle","Bronze Scales","War Paint"],"acts_visited":["Exordium"],"potions_floor_usage":[],"damage_taken":[{"damage":1.0,"enemies":"Small Slimes","floor":1.0,"turns":4.0},{"damage":0.0,"enemies":"2 Louse","floor":5.0,"turns":2.0},{"damage":12.0,"enemies":"Lagavulin","floor":8.0,"turns":7.0},{"damage":0.0,"enemies":"Jaw Worm","floor":10.0,"turns":3.0},{"damage":0.0,"enemies":"Exordium Wildlife","floor":12.0,"turns":3.0},{"damage":2.0,"enemies":"Exordium Thugs","floor":13.0,"turns":3.0},{"damage":34,"enemies":"The Guardian","floor":16,"turns":5}],"seed_played":"3035467419617013195","potions_obtained":[{"floor":1.0,"key":"Ancient Potion"},{"floor":5.0,"key":"Swift Potion"},{"floor":10.0,"key":"LiquidBronze"},{"floor":13.0,"key":"PotionOfCapacity"}],"is_trial":false,"path_per_floor":["M","?","?","?","M","R","?","E","T","M","$","M","M","T","R","B"],"character_chosen":"DEFECT","items_purchased":["Bronze Scales","Self Repair"],"campfire_rested":0,"item_purchase_floors":[11,11],"current_hp_per_floor":[63,42,47,36,36,36,29,17,17,17,17,24,29,29,29,0,0],"gold":78,"neow_bonus":"RANDOM_COMMON_RELIC","is_daily":false,"chose_seed":false,"campfire_upgraded":2,"win_rate":0.0,"timestamp":1613966962,"path_taken":["M","?","?","?","M","R","?","E","T","M","$","?","M","?","R","BOSS"],"items_purchased_type":["Relic","Card"],"build_version":"2020-12-22","purchased_purges":0,"victory":false,"max_hp_per_floor":[71,71,76,76,76,76,76,76,76,76,76,76,76,76,76,76,76],"relic_stats":{"Centennial Puzzle":[6],"counters":[7,27],"Bronze Scales":[18],"War Paint":["Defend_B","Defend_B"],"Question Card":3,"obtain_stats":[{"Centennial Puzzle":9,"Bronze Scales":11,"Omamori":0,"War Paint":14,"Cracked Core":0,"Question Card":8},{"Centennial Puzzle":3,"Bronze Scales":4,"Omamori":0,"War Paint":6,"Cracked Core":0,"Question Card":3},{"Centennial Puzzle":13,"Bronze Scales":16,"Omamori":0,"War Paint":22,"Cracked Core":0,"Question Card":13}]},"card_choices":[{"not_picked":["Aggregate","Beam Cell"],"picked":"BootSequence","floor":1.0},{"not_picked":["Force Field","Beam Cell"],"picked":"Conserve Battery","floor":5.0},{"not_picked":["Leap","Reprogram"],"picked":"Cold Snap","floor":8.0},{"not_picked":["Steam","BootSequence","Barrage"],"picked":"Sweeping Beam","floor":10.0},{"not_picked":["Auto Shields","Beam Cell","Compile Driver"],"picked":"Static Discharge","floor":12.0},{"not_picked":["Leap","Streamline","Loop"],"picked":"Lockon","floor":13.0}],"player_experience":1510068,"relics_obtained":[{"floor":8.0,"key":"Question Card"},{"floor":9.0,"key":"Centennial Puzzle"},{"floor":14.0,"key":"War Paint"}],"event_choices":[{"damage_healed":0.0,"max_hp_gain":0.0,"max_hp_loss":0.0,"gold_gain":0.0,"event_name":"Shining Light","player_choice":"Entered Light","floor":2.0,"gold_loss":0.0,"damage_taken":21.0,"cards_upgraded":["Strike_B","Defend_B"]},{"damage_healed":0.0,"max_hp_gain":5.0,"max_hp_loss":0.0,"gold_gain":0.0,"event_name":"Big Fish","player_choice":"Donut","floor":3.0,"gold_loss":0.0,"damage_taken":0.0},{"damage_healed":0.0,"max_hp_gain":0.0,"max_hp_loss":0.0,"gold_gain":75.0,"event_name":"World of Goop","player_choice":"Gather Gold","floor":4.0,"gold_loss":0.0,"damage_taken":11.0},{"cards_removed":["Defend_B"],"damage_healed":0.0,"max_hp_gain":0.0,"max_hp_loss":0.0,"gold_gain":0.0,"event_name":"Golden Wing","player_choice":"Card Removal","floor":7.0,"gold_loss":0.0,"damage_taken":7.0}],"is_beta":false,"boss_relics":[],"items_purged_floors":[],"is_endless":false,"potions_floor_spawned":[1,5,10,13],"killed_by":"The Guardian","ascension_level":20}}