{"host":"w2kjv12xyhtt0cv2","time":1613999754,"event":{"mods":["100% Spire Juice","Act Like it!","BaseMod","Colored Map","Friendly Minions","Gensokyo","GifTheSpireLib","Highlight Path","Hubris","Marisa（F雨　魔理沙）","Minty Spire (QoL Compilation)","Prisma Mod","Quick Restart","Reimu（博丽灵梦）","Relic Stats","Reliquary","Replay The Spire","Robot Space Explorer","RumiaBox-露米娅的神秘盒子","Shop Mod","Spicy Shops","StSLib","The Bug Knight","The Cursed","The Dragon Tamer","The Servant 0.9.4","UnlockEverythingMod","Waifu the Spire","[功能]功能增强和修复MOD","【功能Mod】Neow奖励","【遗物卡牌】REMEMod","没有小屋子和绿帽子啦"],"gold_per_floor":[217,227,26,38,38,73,73,107,134,163,163,190,206,206,206,309,309,327,602,30,30,30,57,75,101,101,135,135,135,206,121,121,257,257,317,317,317,90,90,117,50,121,169,183,183,212,212,278,278,278,278,278,383,414,454],"floor_reached":56,"language":"ZHS","playtime":4051,"items_purged":["HollowMod:NailStrikeStart","Regret","Normality"],"score":1915,"play_id":"24aa8b77-d393-46c1-b7e4-b33dd863258a","local_time":"20210222211554","is_ascension_mode":true,"campfire_choices":[{"data":"Mirror Shield","floor":7.0,"key":"SMITH"},{"floor":15.0,"key":"DIG"},{"data":"HandOfGreedSenior","floor":29.0,"key":"SMITH"},{"data":"Moonworks:BindingChains","floor":32.0,"key":"SMITH"},{"data":"Moonworks:x16BigRocket+1","floor":47.0,"key":"SMITH"},{"floor":49,"key":"RECALL"},{"data":"Moonworks:x16BigRocket+2","floor":52,"key":"SMITH"}],"circlet_count":0,"master_deck":["HollowMod:NailStrikeStart","HollowMod:NailStrikeStart","HollowMod:NailStrikeStart","HollowMod:QuickDashStart","HollowMod:QuickDashStart","HollowMod:QuickDashStart","HollowMod:QuickDashStart","HollowMod:FocusHealStart","HollowMod:PogoStrike","Mirror Shield+1","HollowMod:CloakDash","DoubleEdge+1","RealityMarble","RobotSpaceExplorer:DroneSwarm","PrismaMod:ChloeUncommonDefend+1","HollowMod:CloakDash","Impatience","HandOfGreedSenior+1","Moonworks:BindingChains+1","REME_BodyOfCthun","Rewind+1","HollowMod:HuntersJournal","Worship+1","Mirror Shield+1","REME_BodyOfCthun","Deep Breath","REME_Flogging","Moonworks:x16BigRocket+3","Stack+1","HollowMod:DreamGate+1","Battle Trance+1"],"relics":["HollowMod:VesselMask","REME_ComplimentaryCards","Blue Doll","PrismaticShard","reliquary:PorcupineQuills","Bird Faced Urn","Replay:Rubber Ducky","hubris:OldNail","Juzu Bracelet","hubris:CrystalStatue","Art of War","hubris:RunicObelisk","Replay:Towering Pillar of Hats","Replay:Bottled Eggs","reliquary:PurpleTingedLeaf","MagicDraw4","HollowMod:MantisClawRelic","Centennial Puzzle","Happy Flower","Coffee Dripper","hubris:Icosahedron","hubris:Towel","Strawberry","reliquary:BrokenClock","reliquary:SharkskinSheath","GodSword7","DollysMirror","Simple Rune","reliquary:RosewoodLute","ReplayTheSpireMod:Ninjato","Whetstone","Torii","hubris:ToyBattleship","hubris:NiceRug","Cauldron","Bottled Flame","HollowMod:MillibellesNoteRelic","HandDrill","hubris:Spice"],"acts_visited":["Exordium","TheCity","TheBeyond","TheEnding"],"potions_floor_usage":[48,48,48,54,55],"damage_taken":[{"damage":0.0,"enemies":"Cultist","floor":1.0,"turns":4.0},{"damage":0.0,"enemies":"2 Louse","floor":2.0,"turns":2.0},{"damage":0.0,"enemies":"Small Slimes","floor":4.0,"turns":6.0},{"damage":1.0,"enemies":"3 Sentries","floor":6.0,"turns":12.0},{"damage":2.0,"enemies":"Lagavulin","floor":8.0,"turns":12.0},{"damage":37.0,"enemies":"Gremlin Nob","floor":10.0,"turns":5.0},{"damage":6.0,"enemies":"3 Sentries","floor":12.0,"turns":8.0},{"damage":0.0,"enemies":"Blue Slaver","floor":13.0,"turns":3.0},{"damage":0.0,"enemies":"Hexaghost","floor":16.0,"turns":8.0},{"damage":2.0,"enemies":"2 Thieves","floor":18.0,"turns":4.0},{"damage":0.0,"enemies":"HollowMod:Nosk","floor":23.0,"turns":6.0},{"damage":0.0,"enemies":"Shell Parasite","floor":24.0,"turns":4.0},{"damage":0.0,"enemies":"Book of Stabbing","floor":25.0,"turns":4.0},{"damage":0.0,"enemies":"HollowMod:Nosk","floor":27.0,"turns":5.0},{"damage":0.0,"enemies":"REME_1_Revenger","floor":30.0,"turns":4.0},{"damage":41.0,"enemies":"hubris:MusketHawk","floor":33.0,"turns":8.0},{"damage":0.0,"enemies":"Orb Walker","floor":35.0,"turns":3.0},{"damage":0.0,"enemies":"Giant Head","floor":40.0,"turns":8.0},{"damage":0.0,"enemies":"Reptomancer","floor":42.0,"turns":4.0},{"damage":0.0,"enemies":"3 Darklings","floor":44.0,"turns":6.0},{"damage":0.0,"enemies":"Giant Head","floor":46.0,"turns":6.0},{"damage":25,"enemies":"Reptomancer","floor":48,"turns":3},{"damage":50,"enemies":"Time Eater","floor":50,"turns":9},{"damage":12,"enemies":"hubris:Merchant","floor":53,"turns":6},{"damage":0,"enemies":"Shield and Spear","floor":54,"turns":5},{"damage":1,"enemies":"The Heart","floor":55,"turns":10}],"seed_played":"2213138893465879561","potions_obtained":[{"floor":4.0,"key":"EntropicBrew"},{"floor":8.0,"key":"AttackPotion"},{"floor":10.0,"key":"ZuzhouPotion:ReiMu"},{"floor":12.0,"key":"BlessingOfTheForge"},{"floor":16.0,"key":"Swift Potion"},{"floor":23.0,"key":"Explosive Potion"},{"floor":24.0,"key":"AttackPotion"},{"floor":27.0,"key":"BlessingOfTheForge"},{"floor":33.0,"key":"PowerPotion"},{"floor":42.0,"key":"Cursed Concoction"},{"floor":46.0,"key":"SneckoOil"},{"floor":53,"key":"SkillPotion"},{"floor":53,"key":"PowerPotion"}],"is_trial":false,"path_per_floor":["M","M","$","M","?","E","R","E","T","E","?","E","M","T","R_BF","B",null,"M","?","$","?","?","E","M","E","T","E","?","R","E","?","R","B",null,"M","?","?","$","T","E","$","E","T","M","?","E","R","E","R","B",null,"R","$","E","B",null],"character_chosen":"THE_BUGKNIGHT","items_purchased":["Blue Doll","Replay:Towering Pillar of Hats","Replay:Bottled Eggs","Strawberry","reliquary:BrokenClock","HollowMod:HuntersJournal","DollysMirror","Torii","hubris:ToyBattleship","HollowMod:DreamGate+1"],"campfire_rested":0,"item_purchase_floors":[3,20,20,38,38,38,41,53,53,53],"current_hp_per_floor":[75,75,75,75,75,75,75,75,75,38,38,42,44,44,44,58,75,75,75,75,75,75,75,75,75,75,75,75,75,75,75,75,47,75,75,75,75,82,82,82,82,82,82,82,72,82,82,57,57,16,82,82,76,90,90],"gold":454,"neow_bonus":"HUNDRED_GOLD","is_daily":false,"chose_seed":false,"campfire_upgraded":5,"win_rate":0.0,"timestamp":1613999754,"path_taken":["M","?","$","M","?","E","R","E","T","E","?","E","M","?","R_BF","BOSS","M","?","$","?","?","E","M","E","T","E","?","R","E","?","R","BOSS","M","?","?","$","?","E","?","E","T","M","?","E","R","E","R","BOSS","R","$","E","BOSS"],"items_purchased_type":["Relic","Relic","Relic","Relic","Relic","Card","Relic","Relic","Relic","Card"],"build_version":"2020-12-22","purchased_purges":3,"victory":true,"max_hp_per_floor":[75,75,75,75,75,75,75,75,75,75,75,75,75,75,75,75,75,75,75,75,75,75,75,75,75,75,75,75,75,75,75,75,75,75,75,75,75,82,82,82,82,82,82,82,82,82,82,82,82,82,82,82,82,90,90],"relic_stats":{"Centennial Puzzle":[13],"Happy Flower":[22],"Torii":18,"counters":[26,155],"Bird Faced Urn":[28],"Juzu Bracelet":2,"Art of War":[23],"HandDrill":[0],"Whetstone":["HollowMod:NailStrikeStart","HollowMod:NailStrikeStart"],"obtain_stats":[{"hubris:CrystalStatue":14,"Torii":53,"HollowMod:VesselMask":0,"Blue Doll":3,"Juzu Bracelet":12,"Whetstone":48,"hubris:RunicObelisk":17,"MagicDraw4":25,"PrismaticShard":5,"HollowMod:MillibellesNoteRelic":53,"Replay:Rubber Ducky":9,"Centennial Puzzle":30,"hubris:Icosahedron":36,"DollysMirror":41,"Strawberry":38,"HandDrill":53,"Replay:Bottled Eggs":20,"HollowMod:MantisClawRelic":27,"reliquary:SharkskinSheath":39,"ReplayTheSpireMod:Ninjato":46,"Replay:Towering Pillar of Hats":20,"Happy Flower":31,"hubris:Towel":37,"reliquary:RosewoodLute":43,"Cauldron":53,"Bottled Flame":53,"reliquary:PorcupineQuills":6,"hubris:Spice":54,"Bird Faced Urn":8,"Simple Rune":42,"GodSword7":40,"Art of War":15,"Coffee Dripper":34,"reliquary:BrokenClock":38,"hubris:ToyBattleship":53,"hubris:OldNail":10,"reliquary:PurpleTingedLeaf":23,"REME_ComplimentaryCards":0,"hubris:NiceRug":53},{"hubris:CrystalStatue":8,"Torii":23,"HollowMod:VesselMask":0,"Blue Doll":2,"Juzu Bracelet":7,"Whetstone":22,"hubris:RunicObelisk":9,"MagicDraw4":13,"PrismaticShard":3,"HollowMod:MillibellesNoteRelic":24,"Replay:Rubber Ducky":5,"Centennial Puzzle":15,"hubris:Icosahedron":17,"DollysMirror":18,"Strawberry":17,"HandDrill":24,"Replay:Bottled Eggs":10,"HollowMod:MantisClawRelic":14,"reliquary:SharkskinSheath":17,"ReplayTheSpireMod:Ninjato":21,"Replay:Towering Pillar of Hats":10,"Happy Flower":15,"hubris:Towel":17,"reliquary:RosewoodLute":19,"Cauldron":24,"Bottled Flame":24,"reliquary:PorcupineQuills":4,"hubris:Spice":25,"Bird Faced Urn":5,"Simple Rune":19,"GodSword7":18,"Art of War":8,"Coffee Dripper":16,"reliquary:BrokenClock":17,"hubris:ToyBattleship":23,"hubris:OldNail":6,"reliquary:PurpleTingedLeaf":11,"REME_ComplimentaryCards":0,"hubris:NiceRug":24},{"hubris:CrystalStatue":52,"Torii":134,"HollowMod:VesselMask":0,"Blue Doll":6,"Juzu Bracelet":49,"Whetstone":125,"hubris:RunicObelisk":60,"MagicDraw4":78,"PrismaticShard":12,"HollowMod:MillibellesNoteRelic":140,"Replay:Rubber Ducky":36,"Centennial Puzzle":87,"hubris:Icosahedron":98,"DollysMirror":106,"Strawberry":98,"HandDrill":140,"Replay:Bottled Eggs":64,"HollowMod:MantisClawRelic":83,"reliquary:SharkskinSheath":98,"ReplayTheSpireMod:Ninjato":122,"Replay:Towering Pillar of Hats":64,"Happy Flower":87,"hubris:Towel":98,"reliquary:RosewoodLute":110,"Cauldron":140,"Bottled Flame":140,"reliquary:PorcupineQuills":24,"hubris:Spice":145,"Bird Faced Urn":36,"Simple Rune":110,"GodSword7":106,"Art of War":52,"Coffee Dripper":95,"reliquary:BrokenClock":98,"hubris:ToyBattleship":134,"hubris:OldNail":41,"reliquary:PurpleTingedLeaf":70,"REME_ComplimentaryCards":0,"hubris:NiceRug":140}]},"card_choices":[{"not_picked":["HollowMod:DungDefenderAura","HollowMod:LifebloodCocoon","HollowMod:TaintedHusks"],"picked":"SKIP","floor":1.0},{"not_picked":["HollowMod:DescendingDark","HollowMod:HowlingWraiths","HollowMod:ShadowDash"],"picked":"SKIP","floor":2.0},{"not_picked":["HollowMod:SoulEater","HollowMod:DreamGate"],"picked":"HollowMod:CloakDash","floor":4.0},{"not_picked":["RobotSpaceExplorer:Explosion","RobotSpaceExplorer:MetalStrike","Moonworks:MixPhenomenon"],"picked":"SKIP","floor":6.0},{"not_picked":["FoulBorder2:ReiMu","Moonworks:Assault","HollowMod:InfectedCysts"],"picked":"SKIP","floor":8.0},{"not_picked":["PrismaMod:MiyuUberAOEAttack","HollowMod:SoulSplash"],"picked":"DoubleEdge","floor":10.0},{"not_picked":["Gathering:ReiMu","Slice"],"picked":"RealityMarble","floor":12.0},{"not_picked":["RobotSpaceExplorer:FrostMissile","PrismaMod:IllyaFriendMaker","Flex"],"picked":"SKIP","floor":13.0},{"not_picked":["TheCursedMod:VoidForm","PrismaMod:ChloeGreatTracePools"],"picked":"RobotSpaceExplorer:DroneSwarm","floor":16.0},{"not_picked":["HollowMod:GoodIntentions","Combust+1"],"picked":"PrismaMod:ChloeUncommonDefend+1","floor":18.0},{"not_picked":["TheCursedMod:CursedSpellbook","Moonworks:SakisCookie"],"picked":"Impatience","floor":23.0},{"not_picked":["REME_Compress+1","Robbery+1"],"picked":"HandOfGreedSenior","floor":24.0},{"not_picked":["UnstableBomb","HollowMod:MothsMistake","DTMod:LastStand"],"picked":"SKIP","floor":25.0},{"not_picked":["PrismaMod:ChloeCheapAttack+1","PrismaMod:IllyaEvokeAll","Bane"],"picked":"SKIP","floor":27.0},{"not_picked":["REME_Cut","TheCursedMod:RavingStaff"],"picked":"Moonworks:BindingChains","floor":30.0},{"not_picked":["PrismaMod:MiyuEvokeAllAttack","Magnetism"],"picked":"REME_BodyOfCthun","floor":33.0},{"not_picked":["FairyDestructionRay","HollowMod:DashSlash"],"picked":"Rewind+1","floor":35.0},{"not_picked":["ShootingEcho","PrismaMod:IllyaPoisonBomb"],"picked":"Worship+1","floor":40.0},{"not_picked":["IllusionStar+1","TheCursedMod:RavingStaff+1","HollowMod:MonomonsArchive"],"picked":"SKIP","floor":42.0},{"not_picked":["RobotSpaceExplorer:Ammunition","ReplayTheSpireMod:Repulse+1","DTMod:DragonDance"],"picked":"SKIP","floor":44.0},{"not_picked":["hubris:Ssssneak","Replay:Parry"],"picked":"REME_BodyOfCthun","floor":45.0},{"not_picked":["Secret Weapon","PanicButton"],"picked":"Deep Breath","floor":45.0},{"not_picked":["Impatience","Replay:Sssssssssstrike"],"picked":"REME_Flogging","floor":45.0},{"not_picked":["Adaptation","PrismaMod:MiyuChristmas+1"],"picked":"Moonworks:x16BigRocket+1","floor":46.0},{"not_picked":["DTMod:MagicField+1","HollowMod:SoulMaster"],"picked":"Stack+1","floor":48},{"not_picked":["HollowMod:VengefulVoid"],"picked":"SKIP","floor":53},{"not_picked":["HollowMod:HowlingWraiths"],"picked":"SKIP","floor":53},{"not_picked":["HollowMod:MonomonsArchive"],"picked":"SKIP","floor":53},{"not_picked":["HollowMod:Grubsong"],"picked":"SKIP","floor":53},{"not_picked":["HandOfGreedSenior"],"picked":"SKIP","floor":53},{"not_picked":["Chrysalis"],"picked":"SKIP","floor":53},{"not_picked":["EmergencyTakeOff:ReiMu+1","BottledTime+1"],"picked":"Battle Trance+1","floor":54}],"player_experience":278170,"relics_obtained":[{"floor":6.0,"key":"reliquary:PorcupineQuills"},{"floor":8.0,"key":"Bird Faced Urn"},{"floor":9.0,"key":"Replay:Rubber Ducky"},{"floor":10.0,"key":"hubris:OldNail"},{"floor":12.0,"key":"Juzu Bracelet"},{"floor":14.0,"key":"hubris:CrystalStatue"},{"floor":15.0,"key":"Art of War"},{"floor":23.0,"key":"reliquary:PurpleTingedLeaf"},{"floor":25.0,"key":"MagicDraw4"},{"floor":27.0,"key":"HollowMod:MantisClawRelic"},{"floor":30.0,"key":"Centennial Puzzle"},{"floor":39.0,"key":"reliquary:SharkskinSheath"},{"floor":40.0,"key":"GodSword7"},{"floor":42.0,"key":"Simple Rune"},{"floor":43.0,"key":"reliquary:RosewoodLute"},{"floor":46.0,"key":"ReplayTheSpireMod:Ninjato"},{"floor":48,"key":"Whetstone"},{"floor":53,"key":"Cauldron"},{"floor":53,"key":"Bottled Flame"},{"floor":53,"key":"HollowMod:MillibellesNoteRelic"},{"floor":53,"key":"HandDrill"},{"floor":54,"key":"hubris:Spice"}],"event_choices":[{"damage_healed":0.0,"max_hp_gain":0.0,"max_hp_loss":0.0,"gold_gain":275.0,"event_name":"Golden Shrine","player_choice":"Desecrate","floor":19.0,"gold_loss":0.0,"damage_taken":0.0,"cards_obtained":["Regret"]},{"damage_healed":0.0,"max_hp_gain":0.0,"max_hp_loss":0.0,"gold_gain":0.0,"event_name":"The Library","player_choice":"Read","floor":21.0,"gold_loss":0.0,"damage_taken":0.0,"cards_obtained":["HollowMod:CloakDash"]},{"damage_healed":0.0,"max_hp_gain":0.0,"max_hp_loss":0.0,"gold_gain":0.0,"event_name":"Addict","player_choice":"Obtained Relic","floor":31.0,"gold_loss":85.0,"damage_taken":0.0,"relics_obtained":["Happy Flower"]},{"damage_healed":0.0,"max_hp_gain":0.0,"max_hp_loss":0.0,"gold_gain":0.0,"event_name":"SensoryStone","player_choice":"Memory 3","floor":45.0,"gold_loss":0.0,"damage_taken":10.0}],"is_beta":false,"boss_relics":[{"not_picked":["ReplayTheSpireMod:DimensionalGlitch","Runic Dome"],"picked":"hubris:RunicObelisk"},{"not_picked":["hubris:HollowSoul","Empty Cage"],"picked":"Coffee Dripper"}],"items_purged_floors":[3,20,20],"is_endless":false,"potions_floor_spawned":[4,8,10,12,16,23,24,27,33,40,42,46],"ascension_level":3}}