{"host":"pifa3o3uv2a0m12r","time":1613964061,"event":{"mods":["AchievementEnabler","BaseMod","Colored Map","Minty Spire (QoL Compilation)","StSLib","SuperFastMode"],"gold_per_floor":[118,193,193,213,233,233,262,55,82,82,102,121,136,156,156,257,257,277,277,202,202,127,127,127],"floor_reached":23,"language":"FRA","playtime":496,"items_purged":["Clash+1"],"score":216,"play_id":"ba3e29ec-09a1-4dbc-9d38-57a373006a23","local_time":"20210221172101","is_ascension_mode":false,"campfire_choices":[{"data":"Carnage","floor":6,"key":"SMITH"},{"data":"Heavy Blade","floor":15,"key":"SMITH"}],"circlet_count":0,"master_deck":["Defend_R","Defend_R","Defend_R","Defend_R","Bash","Carnage+1","Spot Weakness","Heavy Blade+1","Flex","Carnage","Feed","Rampage+1","Reaper+1","Bite","Bite","Bite","Bite","Bite"],"relics":["Burning Blood","NeowsBlessing","Happy Flower","CaptainsWheel","Brimstone","Bag of Marbles","Astrolabe","Nilry\u0027s Codex"],"acts_visited":["Exordium","TheCity"],"potions_floor_usage":[16],"damage_taken":[{"damage":0,"enemies":"Small Slimes","floor":1,"turns":1},{"damage":0,"enemies":"2 Louse","floor":4,"turns":1},{"damage":0,"enemies":"Jaw Worm","floor":5,"turns":1},{"damage":17,"enemies":"Gremlin Nob","floor":7,"turns":4},{"damage":13,"enemies":"3 Louse","floor":11,"turns":3},{"damage":11,"enemies":"Looter","floor":12,"turns":2},{"damage":0,"enemies":"2 Fungi Beasts","floor":13,"turns":2},{"damage":12,"enemies":"Exordium Wildlife","floor":14,"turns":3},{"damage":49,"enemies":"Hexaghost","floor":16,"turns":6},{"damage":7,"enemies":"Chosen","floor":18,"turns":3},{"damage":65,"enemies":"Book of Stabbing","floor":23,"turns":4}],"seed_played":"1023123745325455618","potions_obtained":[{"floor":5,"key":"BloodPotion"},{"floor":11,"key":"BloodPotion"},{"floor":12,"key":"HeartOfIron"}],"is_trial":false,"path_per_floor":["M","?","?","M","M","R","E","$","T","?","M","M","M","M","R","B",null,"M","?","$","?","?","E"],"character_chosen":"IRONCLAD","items_purchased":["Brimstone","Heavy Blade"],"campfire_rested":0,"item_purchase_floors":[8,8],"current_hp_per_floor":[80,69,51,57,63,63,52,52,52,78,71,66,72,66,66,23,80,80,64,64,56,56,0,0],"gold":127,"neow_bonus":"THREE_ENEMY_KILL","is_daily":false,"chose_seed":false,"campfire_upgraded":2,"win_rate":0.0,"timestamp":1613964061,"path_taken":["M","?","?","M","M","R","E","$","T","?","M","M","?","M","R","BOSS","M","?","$","?","?","E"],"items_purchased_type":["Relic","Card"],"build_version":"2020-12-22","purchased_purges":1,"victory":false,"max_hp_per_floor":[80,80,80,80,80,80,80,80,80,80,80,80,80,80,80,80,80,80,80,80,56,56,56,56],"card_choices":[{"not_picked":["Iron Wave","Dark Embrace"],"picked":"Carnage","floor":1},{"not_picked":["Headbutt","Fire Breathing"],"picked":"Body Slam","floor":4},{"not_picked":["Cleave","Pommel Strike","Pummel"],"picked":"SKIP","floor":5},{"not_picked":["Power Through","Body Slam"],"picked":"Spot Weakness","floor":7},{"not_picked":["Pommel Strike","Bloodletting"],"picked":"Flex","floor":11},{"not_picked":["Dual Wield","Twin Strike","Sentinel"],"picked":"SKIP","floor":12},{"not_picked":["Headbutt","Bloodletting","Seeing Red"],"picked":"SKIP","floor":13},{"not_picked":["Clothesline","Armaments"],"picked":"Carnage","floor":14},{"not_picked":["Corruption","Reaper"],"picked":"Feed","floor":16},{"not_picked":["Cleave","Twin Strike","Searing Blow+1"],"picked":"SKIP","floor":18}],"player_experience":142061,"relics_obtained":[{"floor":7,"key":"CaptainsWheel"},{"floor":9,"key":"Bag of Marbles"},{"floor":19,"key":"Nilry\u0027s Codex"}],"event_choices":[{"damage_healed":0,"gold_gain":75,"player_choice":"Gather Gold","damage_taken":11,"max_hp_gain":0,"max_hp_loss":0,"event_name":"World of Goop","floor":2,"gold_loss":0},{"damage_healed":0,"gold_gain":0,"player_choice":"Success","damage_taken":18,"relics_obtained":["Happy Flower"],"max_hp_gain":0,"max_hp_loss":0,"event_name":"Scrap Ooze","floor":3,"gold_loss":0},{"damage_healed":26,"gold_gain":0,"player_choice":"Banana","damage_taken":0,"max_hp_gain":0,"max_hp_loss":0,"event_name":"Big Fish","floor":10,"gold_loss":0},{"damage_healed":0,"gold_gain":0,"player_choice":"Obtained Book","damage_taken":16,"max_hp_gain":0,"max_hp_loss":0,"event_name":"Cursed Tome","floor":19,"gold_loss":0},{"damage_healed":0,"gold_gain":0,"player_choice":"Became a vampire","damage_taken":0,"max_hp_gain":0,"max_hp_loss":24,"event_name":"Vampires","floor":21,"gold_loss":0,"cards_obtained":["Bite","Bite","Bite","Bite","Bite"]},{"cards_removed":["Body Slam"],"damage_healed":0,"gold_gain":0,"player_choice":"Gave Gold","damage_taken":0,"max_hp_gain":0,"max_hp_loss":0,"event_name":"Beggar","floor":22,"gold_loss":75}],"is_beta":false,"boss_relics":[{"not_picked":["Pandora\u0027s Box","Cursed Key"],"picked":"Astrolabe"}],"items_purged_floors":[20],"is_endless":false,"potions_floor_spawned":[5,11,12,14],"killed_by":"Book of Stabbing","ascension_level":0}}