{"host":"me7pax5d7uwssv6n","time":1613963997,"event":{"mods":["Act Like it!","BaseMod","Minty Spire (QoL Compilation)","StSLib","The Hierophant"],"gold_per_floor":[113,124,124,138,138,138,160,160,160,179,191,205,217,72,72,72,72],"floor_reached":16,"language":"ENG","playtime":996,"items_purged":[],"score":104,"play_id":"243cc09f-1276-4ee7-b1e5-3286ca70c52f","local_time":"20210222111957","is_ascension_mode":false,"campfire_choices":[{"data":"hierophant:Punish","floor":6,"key":"SMITH"},{"data":"hierophant:PassingBell","floor":8,"key":"SMITH"},{"data":"hierophant:Repentance","floor":15,"key":"SMITH"}],"circlet_count":0,"master_deck":["hierophant:Strike_Hierophant","hierophant:Strike_Hierophant","hierophant:Strike_Hierophant","hierophant:Strike_Hierophant","hierophant:Punish+1","hierophant:Defend_Hierophant","hierophant:Defend_Hierophant","hierophant:Defend_Hierophant","hierophant:Defend_Hierophant","hierophant:ChurchCoffers+1","hierophant:HolyVerse","hierophant:Racketeering","hierophant:Chorus","hierophant:PassingBell+1","hierophant:PristineSoul","hierophant:Repentance+1"],"relics":["hierophant:PropheticMaskRelic","NeowsBlessing","Matryoshka","MealTicket","Vajra"],"acts_visited":["Exordium"],"potions_floor_usage":[16],"damage_taken":[{"damage":0,"enemies":"Cultist","floor":1,"turns":1},{"damage":0,"enemies":"Small Slimes","floor":2,"turns":1},{"damage":0,"enemies":"Jaw Worm","floor":4,"turns":1},{"damage":23,"enemies":"Gremlin Nob","floor":7,"turns":4},{"damage":9,"enemies":"Exordium Wildlife","floor":10,"turns":2},{"damage":0,"enemies":"Lots of Slimes","floor":11,"turns":1},{"damage":2,"enemies":"Blue Slaver","floor":12,"turns":2},{"damage":6,"enemies":"Exordium Wildlife","floor":13,"turns":3},{"damage":52,"enemies":"Hexaghost","floor":16,"turns":9}],"seed_played":"4273095708025483884","potions_obtained":[{"floor":7,"key":"SpeedPotion"},{"floor":12,"key":"SpeedPotion"},{"floor":13,"key":"CultistPotion"}],"is_trial":false,"path_per_floor":["M","M","$","M","?","R","E","R","T","M","M","M","M","$","R","B"],"character_chosen":"HIEROPHANT","items_purchased":["Vajra"],"campfire_rested":0,"item_purchase_floors":[14],"current_hp_per_floor":[75,75,75,75,75,75,52,52,52,43,43,41,35,50,50,0,0],"gold":72,"neow_bonus":"THREE_ENEMY_KILL","is_daily":false,"chose_seed":false,"campfire_upgraded":3,"win_rate":0.0,"timestamp":1613963997,"path_taken":["M","?","$","M","?","R","E","R","T","M","M","M","M","$","R","BOSS"],"items_purchased_type":["Relic"],"build_version":"2020-12-22","purchased_purges":0,"victory":false,"max_hp_per_floor":[75,75,75,75,75,75,75,75,75,75,75,75,75,75,75,75,75],"card_choices":[{"not_picked":["hierophant:RepressedViolence","hierophant:Zeal"],"picked":"hierophant:HolyVerse","floor":1},{"not_picked":["hierophant:Remorse","hierophant:RustyCrate"],"picked":"hierophant:Racketeering","floor":2},{"not_picked":["hierophant:HolyVerse","hierophant:Rebuild"],"picked":"hierophant:Chorus","floor":4},{"not_picked":["hierophant:Remorse","hierophant:ThreeLashes"],"picked":"hierophant:PassingBell","floor":7},{"not_picked":["hierophant:Remorse","hierophant:Zeal"],"picked":"hierophant:PristineSoul","floor":10},{"not_picked":["hierophant:FieryStrike","hierophant:PassingBell","hierophant:HolyVerse"],"picked":"SKIP","floor":11},{"not_picked":["hierophant:MorningPrayer","hierophant:BulkyChest"],"picked":"hierophant:Repentance","floor":12},{"not_picked":["hierophant:ArchangelShield","hierophant:DisplayOfPower","hierophant:Sermon"],"picked":"SKIP","floor":13}],"player_experience":40914,"relics_obtained":[{"floor":7,"key":"Matryoshka"},{"floor":9,"key":"MealTicket"}],"event_choices":[{"damage_healed":0,"gold_gain":0,"player_choice":"Grow","damage_taken":0,"max_hp_gain":0,"max_hp_loss":0,"event_name":"Living Wall","floor":5,"gold_loss":0,"cards_upgraded":["hierophant:ChurchCoffers"]}],"is_beta":false,"boss_relics":[],"items_purged_floors":[],"is_endless":false,"potions_floor_spawned":[7,12,13],"killed_by":"Hexaghost","ascension_level":0}}