{"host":"30jsp143e4v19aze","time":1613968150,"event":{"mods":["BaseMod","Colored Map","Colored Powertips","Curses Come First","DeckTracker","Highlight Path","Minty Spire (QoL Compilation)","Quick Restart","Relic Stats","StSLib","everything is the same but u backflip on backflip","slay the spire mod where everything is the same but ironclad has a cowboy hat"],"gold_per_floor":[113,113,133,12,12,12,44,15,15,15,47,47,64,25,25,97,97,116,143,143,143,143],"floor_reached":21,"language":"ENG","playtime":405,"items_purged":[],"score":416,"play_id":"997a0f1e-4305-47a0-a1a8-75bac146861e","local_time":"20210222052910","is_ascension_mode":true,"campfire_choices":[{"data":"Carnage","floor":6,"key":"SMITH"},{"data":"Combust","floor":10,"key":"SMITH"},{"data":"True Grit","floor":12,"key":"SMITH"},{"data":"Shockwave","floor":15,"key":"SMITH"}],"circlet_count":0,"master_deck":["AscendersBane","Strike_R","Strike_R","Strike_R","Strike_R","Defend_R","Defend_R","Defend_R","Defend_R","Bash","True Grit+1","Intimidate","Shockwave+1","Combust+1","Carnage+1","Headbutt","Corruption","Feel No Pain","Rampage","Fiend Fire","Feel No Pain","Fiend Fire"],"relics":["Burning Blood","NeowsBlessing","Lantern","Pen Nib","StrikeDummy","Regal Pillow","Philosopher\u0027s Stone","Red Mask"],"acts_visited":["Exordium","TheCity"],"potions_floor_usage":[19],"damage_taken":[{"damage":0,"enemies":"Cultist","floor":1,"turns":1},{"damage":0,"enemies":"Jaw Worm","floor":3,"turns":1},{"damage":0,"enemies":"Lagavulin","floor":7,"turns":1},{"damage":8,"enemies":"Gremlin Nob","floor":11,"turns":3},{"damage":0,"enemies":"2 Louse","floor":13,"turns":3},{"damage":45,"enemies":"The Guardian","floor":16,"turns":9},{"damage":30,"enemies":"Spheric Guardian","floor":18,"turns":4},{"damage":30,"enemies":"Masked Bandits","floor":19,"turns":4},{"damage":16,"enemies":"Shell Parasite","floor":21,"turns":4}],"seed_played":"4845987508832127675","potions_obtained":[{"floor":1,"key":"Ancient Potion"},{"floor":11,"key":"Dexterity Potion"}],"is_trial":false,"path_per_floor":["M","?","M","$","?","R","E","$","T","R","E","R","M","$","R","B",null,"M","?","?","M"],"character_chosen":"IRONCLAD","items_purchased":["Combust","Carnage","Headbutt","Rampage"],"campfire_rested":0,"item_purchase_floors":[4,4,8,14],"current_hp_per_floor":[74,74,75,75,57,57,63,63,63,63,61,61,67,67,67,28,63,39,15,15,0,0],"gold":143,"neow_bonus":"THREE_ENEMY_KILL","is_daily":false,"chose_seed":false,"campfire_upgraded":4,"win_rate":0.0,"timestamp":1613968150,"path_taken":["M","?","M","$","?","R","E","$","T","R","E","R","M","?","R","BOSS","M","?","?","?"],"items_purchased_type":["Card","Card","Card","Card"],"build_version":"2020-12-22","purchased_purges":0,"victory":false,"max_hp_per_floor":[75,75,75,75,75,75,75,75,75,75,75,75,75,75,75,75,75,75,75,75,75,75],"relic_stats":{"Regal Pillow":0,"counters":[9,30],"Pen Nib":[4],"obtain_stats":[{"Lantern":5,"Regal Pillow":11,"NeowsBlessing":0,"Philosopher\u0027s Stone":17,"Pen Nib":7,"Red Mask":19,"StrikeDummy":9,"Burning Blood":0},{"Lantern":2,"Regal Pillow":4,"NeowsBlessing":0,"Philosopher\u0027s Stone":6,"Pen Nib":3,"Red Mask":8,"StrikeDummy":3,"Burning Blood":0},{"Lantern":2,"Regal Pillow":6,"NeowsBlessing":0,"Philosopher\u0027s Stone":18,"Pen Nib":3,"Red Mask":26,"StrikeDummy":3,"Burning Blood":0}],"Burning Blood":43},"card_choices":[{"not_picked":["Intimidate","Flex"],"picked":"True Grit","floor":1},{"not_picked":["Disarm","Pummel"],"picked":"Shockwave","floor":3},{"not_picked":["Intimidate","Wild Strike","Flex"],"picked":"SKIP","floor":7},{"not_picked":["Armaments","Warcry"],"picked":"Corruption","floor":11},{"not_picked":["Reckless Charge","True Grit"],"picked":"Feel No Pain","floor":13},{"not_picked":["Feed","Immolate"],"picked":"Fiend Fire","floor":16},{"not_picked":["Warcry","Rage","Armaments"],"picked":"SKIP","floor":18},{"not_picked":["Perfected Strike","Fiend Fire"],"picked":"Feel No Pain","floor":19}],"player_experience":3294854,"relics_obtained":[{"floor":7,"key":"Pen Nib"},{"floor":9,"key":"StrikeDummy"},{"floor":11,"key":"Regal Pillow"},{"floor":19,"key":"Red Mask"}],"event_choices":[{"damage_healed":0,"gold_gain":0,"cards_transformed":["Strike_R"],"player_choice":"Change","damage_taken":0,"max_hp_gain":0,"max_hp_loss":0,"event_name":"Living Wall","floor":2,"gold_loss":0,"cards_obtained":["Intimidate"]},{"damage_healed":0,"gold_gain":0,"player_choice":"Success","damage_taken":18,"relics_obtained":["Lantern"],"max_hp_gain":0,"max_hp_loss":0,"event_name":"Scrap Ooze","floor":5,"gold_loss":0},{"damage_healed":0,"gold_gain":0,"player_choice":"Fought Bandits","damage_taken":0,"max_hp_gain":0,"max_hp_loss":0,"event_name":"Masked Bandits","floor":19,"gold_loss":0},{"damage_healed":0,"gold_gain":0,"player_choice":"Copied","damage_taken":0,"max_hp_gain":0,"max_hp_loss":0,"event_name":"Duplicator","floor":20,"gold_loss":0,"cards_obtained":["Fiend Fire"]}],"is_beta":false,"boss_relics":[{"not_picked":["Runic Cube","SacredBark"],"picked":"Philosopher\u0027s Stone"}],"items_purged_floors":[],"is_endless":false,"potions_floor_spawned":[1,11,18],"killed_by":"Shell Parasite","ascension_level":20}}