{"host":"gzz35fplm60aw28t","time":1613957411,"event":{"mods":["AchievementEnabler","BaseMod","Colored Powertips","DeckTracker","Minty Spire (QoL Compilation)"],"gold_per_floor":[109,34,34,50,68,102,102,136,136,150,76,109,123,0,0,104,104,117,132,7,7,19,19,19,48,75,110,110,110,127,52,52,52,52],"floor_reached":33,"language":"ENG","playtime":1607,"items_purged":["Strike_R","Strike_R","Strike_R"],"score":343,"play_id":"9c049a04-ac3e-4466-8987-7e6030dbeaf2","local_time":"20210222023011","is_ascension_mode":true,"campfire_choices":[{"data":"Uppercut","floor":7.0,"key":"SMITH"},{"data":"True Grit","floor":15.0,"key":"SMITH"},{"data":"True Grit","floor":23.0,"key":"SMITH"},{"data":"Shrug It Off","floor":28.0,"key":"SMITH"},{"data":"Cleave","floor":32.0,"key":"SMITH"}],"circlet_count":0,"master_deck":["Defend_R","Defend_R","Bash","Parasite","Cleave+1","Thunderclap","Uppercut+1","Dark Embrace+1","Twin Strike+1","True Grit+1","Twin Strike+1","Shrug It Off+1","Immolate+1","Carnage+1","Bite+1","Bite+1","Bite+1","Bite+1","Bite+1","True Grit+1","Seeing Red+1","Intimidate","Hemokinesis+1","Barricade+1"],"relics":["Burning Blood","Champion Belt","Ornamental Fan","Frozen Egg 2","Vajra","Molten Egg 2","Mercury Hourglass","Anchor","SacredBark","Orichalcum","Gremlin Horn","Bronze Scales","HornCleat"],"acts_visited":["Exordium","TheCity"],"potions_floor_usage":[33],"damage_taken":[{"damage":7.0,"enemies":"2 Louse","floor":1.0,"turns":3.0},{"damage":1.0,"enemies":"Small Slimes","floor":4.0,"turns":3.0},{"damage":4.0,"enemies":"Cultist","floor":5.0,"turns":3.0},{"damage":35.0,"enemies":"Lagavulin","floor":6.0,"turns":7.0},{"damage":16.0,"enemies":"Gremlin Nob","floor":8.0,"turns":4.0},{"damage":0.0,"enemies":"2 Fungi Beasts","floor":10.0,"turns":2.0},{"damage":21.0,"enemies":"Lagavulin","floor":12.0,"turns":4.0},{"damage":0.0,"enemies":"Blue Slaver","floor":13.0,"turns":2.0},{"damage":9.0,"enemies":"The Guardian","floor":16.0,"turns":8.0},{"damage":6.0,"enemies":"Shell Parasite","floor":18.0,"turns":5.0},{"damage":5.0,"enemies":"3 Byrds","floor":19.0,"turns":4.0},{"damage":26.0,"enemies":"Sentry and Sphere","floor":22.0,"turns":4.0},{"damage":13.0,"enemies":"Gremlin Leader","floor":25.0,"turns":5.0},{"damage":17.0,"enemies":"Book of Stabbing","floor":27.0,"turns":4.0},{"damage":0.0,"enemies":"Snecko","floor":30.0,"turns":3.0},{"damage":85,"enemies":"Champ","floor":33,"turns":13}],"seed_played":"4651147597254000284","potions_obtained":[{"floor":4.0,"key":"Strength Potion"},{"floor":10.0,"key":"FearPotion"},{"floor":12.0,"key":"PowerPotion"},{"floor":18.0,"key":"LiquidMemories"},{"floor":22.0,"key":"Energy Potion"},{"floor":25.0,"key":"Weak Potion"}],"is_trial":false,"path_per_floor":["M","$","?","M","M","E","R","E","T","M","?","E","M","$","R","B",null,"M","M","$","?","M","R","?","E","T","E","R","?","M","?","R","B"],"character_chosen":"IRONCLAD","items_purchased":["Shrug It Off"],"campfire_rested":0,"item_purchase_floors":[14],"current_hp_per_floor":[79,79,61,66,68,39,39,29,29,35,35,20,26,26,26,23,80,80,80,80,56,36,36,36,38,38,33,33,33,51,51,51,0,0],"gold":52,"neow_bonus":"ONE_RARE_RELIC","is_daily":false,"chose_seed":false,"campfire_upgraded":5,"win_rate":0.0,"timestamp":1613957411,"path_taken":["M","$","?","M","M","E","R","E","T","M","?","E","?","$","R","BOSS","M","M","$","?","M","R","?","E","T","E","R","?","?","?","R","BOSS"],"items_purchased_type":["Card"],"build_version":"2020-12-22","purchased_purges":3,"victory":false,"max_hp_per_floor":[80,80,80,80,80,80,80,80,80,80,80,80,80,80,80,80,80,80,80,80,56,56,56,56,56,56,56,56,56,56,56,56,56,56],"card_choices":[{"not_picked":["Shrug It Off","Heavy Blade"],"picked":"Cleave","floor":1.0},{"not_picked":["Twin Strike","Searing Blow"],"picked":"Thunderclap","floor":4.0},{"not_picked":["Headbutt","Heavy Blade","Cleave"],"picked":"SKIP","floor":5.0},{"not_picked":["Armaments","Clash"],"picked":"Uppercut","floor":6.0},{"not_picked":["Warcry","Sword Boomerang"],"picked":"Dark Embrace+1","floor":8.0},{"not_picked":["Battle Trance","Thunderclap+1"],"picked":"Twin Strike+1","floor":10.0},{"not_picked":["Corruption+1","Clash+1"],"picked":"True Grit","floor":12.0},{"not_picked":["Armaments","Flex"],"picked":"Twin Strike+1","floor":13.0},{"not_picked":["Demon Form+1","Barricade+1"],"picked":"Immolate+1","floor":16.0},{"not_picked":["Dark Embrace+1","Perfected Strike+1"],"picked":"Carnage+1","floor":18.0},{"not_picked":["Anger+1","Ghostly Armor","Sword Boomerang+1"],"picked":"SKIP","floor":19.0},{"not_picked":["Cleave+1","Shrug It Off"],"picked":"True Grit","floor":22.0},{"not_picked":["Thunderclap+1","True Grit"],"picked":"Seeing Red+1","floor":25.0},{"not_picked":["Heavy Blade+1","Anger+1","True Grit"],"picked":"SKIP","floor":27.0},{"not_picked":["Clash+1","Armaments+1"],"picked":"Barricade+1","floor":30.0}],"player_experience":16666,"relics_obtained":[{"floor":6.0,"key":"Frozen Egg 2"},{"floor":8.0,"key":"Vajra"},{"floor":9.0,"key":"Molten Egg 2"},{"floor":12.0,"key":"Anchor"},{"floor":25.0,"key":"Gremlin Horn"},{"floor":26.0,"key":"Bronze Scales"},{"floor":27.0,"key":"HornCleat"}],"event_choices":[{"damage_healed":0.0,"max_hp_gain":0.0,"max_hp_loss":0.0,"gold_gain":0.0,"event_name":"Scrap Ooze","player_choice":"Success","floor":3.0,"gold_loss":0.0,"damage_taken":18.0,"relics_obtained":["Ornamental Fan"]},{"damage_healed":0.0,"max_hp_gain":0.0,"max_hp_loss":0.0,"gold_gain":0.0,"event_name":"WeMeetAgain","player_choice":"Paid Gold","floor":11.0,"gold_loss":74.0,"damage_taken":0.0,"relics_obtained":["Mercury Hourglass"]},{"damage_healed":0.0,"max_hp_gain":0.0,"max_hp_loss":24.0,"gold_gain":0.0,"event_name":"Vampires","player_choice":"Became a vampire","floor":21.0,"gold_loss":0.0,"damage_taken":0.0,"cards_obtained":["Bite","Bite","Bite","Bite","Bite"]},{"damage_healed":0.0,"max_hp_gain":0.0,"max_hp_loss":0.0,"gold_gain":0.0,"event_name":"Addict","player_choice":"Stole Relic","floor":24.0,"gold_loss":0.0,"damage_taken":0.0,"relics_obtained":["Orichalcum"],"cards_obtained":["Shame"]},{"damage_healed":0.0,"max_hp_gain":0.0,"max_hp_loss":0.0,"gold_gain":0.0,"cards_transformed":["Defend_R","Defend_R"],"event_name":"Drug Dealer","player_choice":"Became Test Subject","floor":29.0,"gold_loss":0.0,"damage_taken":0.0,"cards_obtained":["Intimidate","Hemokinesis"]},{"cards_removed":["Shame"],"damage_healed":0.0,"max_hp_gain":0.0,"max_hp_loss":0.0,"gold_gain":0.0,"event_name":"Beggar","player_choice":"Gave Gold","floor":31.0,"gold_loss":75.0,"damage_taken":0.0}],"is_beta":false,"boss_relics":[{"not_picked":["Busted Crown","Snecko Eye"],"picked":"SacredBark"}],"items_purged_floors":[2,14,20],"is_endless":false,"potions_floor_spawned":[4,10,12,13,18,22,25],"killed_by":"Champ","ascension_level":1}}