{"host":"1poy056mauca3bbh","time":1613953745,"event":{"mods":["Ascension Unlocker","BaseMod","Bestiary","Block Reminder","Colored Map","Colored Powertips","Curses Come First","Highlight Path","Minty Spire (QoL Compilation)","Permanent Neow","Quick Restart","Rare Cards Sparkle","Relic Stats","Smile Girya","StSLib","UnlockEverythingMod"],"gold_per_floor":[367,367,367,8,83,83,119,36,117,117,142,157,157,180,180,180,180],"floor_reached":16,"language":"ENG","playtime":905,"items_purged":[],"score":196,"play_id":"f5555843-f02d-4c1b-a54a-10591010dcd2","local_time":"20210221192905","is_ascension_mode":true,"campfire_choices":[{"floor":6.0,"key":"REST"},{"floor":13,"key":"REST"},{"floor":15,"key":"REST"}],"circlet_count":0,"master_deck":["AscendersBane","Strike_G","Strike_G","Strike_G","Strike_G","Strike_G","Defend_G","Defend_G","Defend_G","Defend_G","Defend_G","Survivor","Neutralize","Dagger Spray","Injury","Cloak And Dagger","Blur","Skewer","Backstab","PiercingWail","Finisher"],"relics":["Ring of the Snake","Golden Idol","Ice Cream","Pantograph","The Courier"],"acts_visited":["Exordium"],"potions_floor_usage":[14],"damage_taken":[{"damage":4.0,"enemies":"2 Louse","floor":1.0,"turns":4.0},{"damage":53.0,"enemies":"Gremlin Nob","floor":7.0,"turns":6.0},{"damage":5,"enemies":"Small Slimes","floor":11,"turns":4},{"damage":1,"enemies":"Cultist","floor":12,"turns":3},{"damage":0,"enemies":"Lots of Slimes","floor":14,"turns":3},{"damage":73,"enemies":"Hexaghost","floor":16,"turns":11}],"seed_played":"6336910613254393011","potions_obtained":[{"floor":1.0,"key":"LiquidMemories"},{"floor":12,"key":"Explosive Potion"},{"floor":14,"key":"SmokeBomb"}],"is_trial":false,"path_per_floor":["M","?","?","$","?","R","E","$","T","?","M","M","R","M","R","B"],"character_chosen":"THE_SILENT","items_purchased":["Ice Cream","Cloak And Dagger","Skewer"],"campfire_rested":3,"item_purchase_floors":[4,4,8],"current_hp_per_floor":[55,55,55,55,44,63,10,10,10,10,5,4,23,23,42,0,0],"gold":180,"neow_bonus":"TWO_FIFTY_GOLD","is_daily":false,"chose_seed":false,"campfire_upgraded":0,"win_rate":0.0,"timestamp":1613953745,"path_taken":["M","?","?","$","?","R","E","?","T","?","M","?","R","M","R","BOSS"],"items_purchased_type":["Relic","Card","Card"],"build_version":"2020-12-22","purchased_purges":0,"victory":false,"max_hp_per_floor":[66,66,66,66,66,66,66,66,66,66,66,66,66,66,66,66,66],"relic_stats":{"counters":[6,31],"Golden Idol":20,"Pantograph":24,"obtain_stats":[{"Ice Cream":4,"Golden Idol":2,"Pantograph":7,"The Courier":9,"Ring of the Snake":0},{"Ice Cream":1,"Golden Idol":1,"Pantograph":2,"The Courier":2,"Ring of the Snake":0},{"Ice Cream":4,"Golden Idol":4,"Pantograph":10,"The Courier":10,"Ring of the Snake":0}],"Ring of the Snake":[12]},"card_choices":[{"not_picked":["Cloak And Dagger","Deadly Poison"],"picked":"Dagger Spray","floor":1.0},{"not_picked":["All Out Attack","Reflex"],"picked":"Blur","floor":7.0},{"not_picked":["Flying Knee","Underhanded Strike"],"picked":"Backstab","floor":11},{"not_picked":["Reflex","Acrobatics"],"picked":"PiercingWail","floor":12},{"not_picked":["Cloak And Dagger","Flying Knee"],"picked":"Finisher","floor":14}],"player_experience":167870,"relics_obtained":[{"floor":7.0,"key":"Pantograph"},{"floor":9.0,"key":"The Courier"}],"event_choices":[{"damage_healed":0.0,"max_hp_gain":0.0,"max_hp_loss":0.0,"gold_gain":0.0,"event_name":"Golden Idol","player_choice":"Take Wound","floor":2.0,"gold_loss":0.0,"damage_taken":0.0,"relics_obtained":["Golden Idol"],"cards_obtained":["Injury"]},{"cards_removed":["Clumsy"],"damage_healed":0.0,"max_hp_gain":0.0,"max_hp_loss":0.0,"gold_gain":0.0,"event_name":"Living Wall","player_choice":"Forget","floor":3.0,"gold_loss":0.0,"damage_taken":0.0},{"damage_healed":0.0,"max_hp_gain":0.0,"max_hp_loss":0.0,"gold_gain":75.0,"event_name":"World of Goop","player_choice":"Gather Gold","floor":5.0,"gold_loss":0.0,"damage_taken":11.0},{"damage_healed":0,"gold_gain":0,"player_choice":"Fled","damage_taken":0,"max_hp_gain":0,"max_hp_loss":0,"event_name":"Scrap Ooze","floor":10,"gold_loss":0}],"is_beta":false,"boss_relics":[],"items_purged_floors":[],"is_endless":false,"potions_floor_spawned":[1,12,14],"killed_by":"Hexaghost","ascension_level":20}}