{"host":"dztixnx9b0gu6w9i","time":1613969242,"event":{"mods":["BaseMod","Bestiary","Minty Spire (QoL Compilation)","Relic Stats","Slay the Relics Exporter","SpireBot","ojb\u0027s Better Paths Mod","ojb\u0027s Info Mod"],"gold_per_floor":[113,188,204,214,489,489,514,21,21,52,52,122,180,13,13,131,131,164,181,231,146,146,146,499,562,562,409,409,409,409,409,409,509,509,528,528,561,615,660,712,712,746,746,311,311,311,311,168,168,218,243,243,243,16,43,43],"floor_reached":57,"language":"ENG","playtime":9094,"items_purged":["Regret","Pain","Strike_B"],"score":2909,"play_id":"9c930cd3-072e-49a2-b3df-adcb2446cc99","local_time":"20210221234722","is_ascension_mode":true,"campfire_choices":[{"data":"Go for the Eyes","floor":6,"key":"SMITH"},{"data":"Doom and Gloom","floor":11,"key":"SMITH"},{"data":"Buffer","floor":15,"key":"SMITH"},{"data":"Electrodynamics","floor":23,"key":"SMITH"},{"data":"Biased Cognition","floor":29,"key":"SMITH"},{"data":"Capacitor","floor":32,"key":"SMITH"},{"data":"Strike_B","floor":41,"key":"PURGE"},{"data":"Strike_B","floor":45,"key":"PURGE"},{"floor":47,"key":"RECALL"},{"data":"Sweeping Beam","floor":49,"key":"PURGE"},{"data":"HandOfGreed","floor":53,"key":"PURGE"}],"circlet_count":0,"master_deck":["AscendersBane","Zap","Dualcast","Go for the Eyes+1","Lockon","Hologram","Doom and Gloom+1","Biased Cognition+1","Buffer+1","Cold Snap","Chill","Steam","Steam Power+1","Electrodynamics+1","Glacier+1","Glacier","Capacitor+1","Compile Driver","Tempest","Reinforced Body","Capacitor+1","Seek","Barrage+1","Heatsinks+1","Glacier","Loop+1","Loop+1","Static Discharge+1","Writhe","Amplify","Cold Snap","Creative AI+1"],"relics":["Cracked Core","Turnip","Toy Ornithopter","Mango","Blue Candle","Question Card","Orrery","Coffee Dripper","Orichalcum","WarpedTongs","Old Coin","Frozen Egg 2","Fusion Hammer","Peace Pipe","DataDisk","Lantern","Membership Card","Du-Vu Doll","Bottled Tornado","War Paint"],"acts_visited":["Exordium","TheCity","TheBeyond","TheEnding"],"potions_floor_usage":[12,16,20,25,33,33,54,56,56],"damage_taken":[{"damage":11,"enemies":"Small Slimes","floor":1,"turns":3},{"damage":0,"enemies":"2 Louse","floor":3,"turns":2},{"damage":0,"enemies":"Cultist","floor":4,"turns":3},{"damage":40,"enemies":"3 Sentries","floor":7,"turns":6},{"damage":27,"enemies":"Lagavulin","floor":10,"turns":6},{"damage":24,"enemies":"3 Sentries","floor":12,"turns":6},{"damage":0,"enemies":"2 Fungi Beasts","floor":13,"turns":2},{"damage":0,"enemies":"Slime Boss","floor":16,"turns":7},{"damage":7,"enemies":"Shell Parasite","floor":18,"turns":3},{"damage":0,"enemies":"Chosen","floor":19,"turns":4},{"damage":26,"enemies":"Shelled Parasite and Fungi","floor":20,"turns":15},{"damage":13,"enemies":"Gremlin Leader","floor":24,"turns":5},{"damage":10,"enemies":"Centurion and Healer","floor":25,"turns":8},{"damage":0,"enemies":"Automaton","floor":33,"turns":10},{"damage":0,"enemies":"3 Darklings","floor":35,"turns":3},{"damage":0,"enemies":"Orb Walker","floor":37,"turns":4},{"damage":0,"enemies":"Jaw Worm Horde","floor":38,"turns":9},{"damage":0,"enemies":"Mind Bloom Boss Battle","floor":39,"turns":6},{"damage":3,"enemies":"Reptomancer","floor":40,"turns":6},{"damage":0,"enemies":"Nemesis","floor":42,"turns":13},{"damage":12,"enemies":"Donu and Deca","floor":50,"turns":17},{"damage":14,"enemies":"Awakened One","floor":51,"turns":28},{"damage":22,"enemies":"Shield and Spear","floor":55,"turns":8},{"damage":25,"enemies":"The Heart","floor":56,"turns":11}],"seed_played":"3047762353540758980","potions_obtained":[{"floor":7,"key":"FairyPotion"},{"floor":10,"key":"PowerPotion"},{"floor":12,"key":"EssenceOfDarkness"},{"floor":19,"key":"AttackPotion"},{"floor":24,"key":"FearPotion"},{"floor":33,"key":"ColorlessPotion"},{"floor":37,"key":"Block Potion"},{"floor":38,"key":"Energy Potion"}],"is_trial":false,"path_per_floor":["M","?","M","M","?","R","E","$","T","E","R","E","M","$","R","B",null,"M","M","M","?","?","R","E","M","T","$","?","R","?","?","R","B",null,"M","?","M","M","?","E","R","E","T","$","R","?","R","$","R","B","B",null,"R","$","E","B",null],"character_chosen":"DEFECT","items_purchased":["PowerPotion","HandOfGreed","Toy Ornithopter","Orrery","Block Potion","Membership Card","Du-Vu Doll","Static Discharge+1","Bottled Tornado","Amplify","Fruit Juice","FocusPotion","DuplicationPotion","Cold Snap"],"campfire_rested":0,"item_purchase_floors":[8,8,8,14,27,44,44,44,48,54,54,54,54,54],"current_hp_per_floor":[53,42,42,42,42,42,2,2,16,23,23,4,4,4,4,9,61,54,54,33,33,33,33,20,15,15,15,15,15,15,15,15,25,65,65,65,65,65,65,62,62,62,62,62,62,78,78,78,78,66,52,72,72,82,60,45],"gold":43,"neow_bonus":"REMOVE_TWO","is_daily":false,"chose_seed":false,"campfire_upgraded":6,"win_rate":0.0,"timestamp":1613969242,"path_taken":["M","?","M","M","?","R","E","$","T","E","R","E","M","$","R","BOSS","M","?","M","?","?","R","E","?","T","$","?","R","?","?","R","BOSS","M","?","?","M","?","E","R","E","T","$","R","?","R","?","R","BOSS","BOSS","R","$","E","BOSS"],"items_purchased_type":["Potion","Card","Relic","Relic","Potion","Relic","Relic","Card","Relic","Card","Potion","Potion","Potion","Card"],"build_version":"2020-12-22","purchased_purges":3,"victory":true,"max_hp_per_floor":[64,64,64,64,64,64,64,64,78,78,78,78,78,78,78,78,78,78,78,78,78,78,78,78,78,78,78,78,78,78,78,78,78,78,78,78,78,78,78,78,78,78,78,78,78,78,78,78,78,78,78,78,78,83,83,83],"relic_stats":{"Peace Pipe":6,"counters":[24,185],"Blue Candle":[6],"Turnip":[17],"Orichalcum":[168],"War Paint":["Glacier","Steam Power"],"Question Card":20,"obtain_stats":[{"Lantern":42,"Blue Candle":10,"Mango":9,"Orichalcum":21,"Frozen Egg 2":26,"Bottled Tornado":48,"War Paint":55,"Question Card":12,"WarpedTongs":22,"Old Coin":24,"Peace Pipe":39,"Du-Vu Doll":44,"DataDisk":40,"Orrery":14,"Turnip":7,"Fusion Hammer":34,"Coffee Dripper":17,"Membership Card":44,"Cracked Core":0,"Toy Ornithopter":8},{"Lantern":20,"Blue Candle":5,"Mango":4,"Orichalcum":11,"Frozen Egg 2":13,"Bottled Tornado":20,"War Paint":23,"Question Card":6,"WarpedTongs":11,"Old Coin":12,"Peace Pipe":18,"Du-Vu Doll":20,"DataDisk":19,"Orrery":7,"Turnip":4,"Fusion Hammer":14,"Coffee Dripper":8,"Membership Card":20,"Cracked Core":0,"Toy Ornithopter":4},{"Lantern":121,"Blue Candle":20,"Mango":14,"Orichalcum":57,"Frozen Egg 2":70,"Bottled Tornado":121,"War Paint":174,"Question Card":26,"WarpedTongs":57,"Old Coin":62,"Peace Pipe":102,"Du-Vu Doll":121,"DataDisk":108,"Orrery":28,"Turnip":14,"Fusion Hammer":80,"Coffee Dripper":35,"Membership Card":121,"Cracked Core":0,"Toy Ornithopter":14}],"Toy Ornithopter":45,"WarpedTongs":[107]},"card_choices":[{"not_picked":["Steam","Rebound"],"picked":"Go for the Eyes","floor":1},{"not_picked":["Sweeping Beam","Coolheaded"],"picked":"Lockon","floor":3},{"not_picked":["Capacitor","Streamline"],"picked":"Sweeping Beam","floor":4},{"not_picked":["Stack","Storm"],"picked":"Hologram","floor":7},{"not_picked":["Streamline","Cold Snap"],"picked":"Doom and Gloom","floor":10},{"not_picked":["Undo","Melter"],"picked":"Biased Cognition","floor":12},{"not_picked":["Stack","Double Energy","Redo","Beam Cell"],"picked":"SKIP","floor":13},{"not_picked":["Hello World","Beam Cell","Ball Lightning"],"picked":"Buffer","floor":14},{"not_picked":["Storm","Coolheaded","Hologram"],"picked":"Cold Snap","floor":14},{"not_picked":["Barrage","Heatsinks","Leap"],"picked":"Chill","floor":14},{"not_picked":["Coolheaded","Sweeping Beam","Gash"],"picked":"Steam","floor":14},{"not_picked":["Coolheaded","Fusion","Rebound"],"picked":"Steam Power","floor":14},{"not_picked":["Meteor Strike","Rainbow","Creative AI"],"picked":"Electrodynamics","floor":16},{"not_picked":["Turbo","Loop","Compile Driver"],"picked":"Glacier","floor":18},{"not_picked":["Ball Lightning","Hologram","Recycle+1"],"picked":"Glacier","floor":19},{"not_picked":["Gash","Beam Cell+1","Rip and Tear+1","Genetic Algorithm"],"picked":"SKIP","floor":20},{"not_picked":["Force Field","Aggregate","Lockon+1"],"picked":"Capacitor","floor":24},{"not_picked":["Chill","Sunder","Streamline"],"picked":"Compile Driver","floor":25},{"not_picked":["Fission","Thunder Strike","Multi-Cast"],"picked":"Seek","floor":33},{"not_picked":["Compile Driver","Ball Lightning","Capacitor+1"],"picked":"Barrage+1","floor":35},{"not_picked":["Steam","Recycle","Turbo","Conserve Battery"],"picked":"SKIP","floor":37},{"not_picked":["Steam","Recycle","Turbo","Conserve Battery"],"picked":"SKIP","floor":37},{"not_picked":["Ball Lightning+1","Turbo","Melter"],"picked":"Heatsinks+1","floor":38},{"not_picked":["Gash","Steam","Cold Snap"],"picked":"Glacier","floor":39},{"not_picked":["Double Energy","Leap","All For One"],"picked":"Loop+1","floor":40},{"not_picked":["Reinforced Body","Recycle","Redo"],"picked":"Loop+1","floor":42},{"not_picked":["Coolheaded+1","Scrape","Melter"],"picked":"Creative AI+1","floor":55}],"player_experience":8764752,"relics_obtained":[{"floor":7,"key":"Turnip"},{"floor":9,"key":"Mango"},{"floor":10,"key":"Blue Candle"},{"floor":12,"key":"Question Card"},{"floor":24,"key":"Old Coin"},{"floor":26,"key":"Frozen Egg 2"},{"floor":39,"key":"Peace Pipe"},{"floor":40,"key":"DataDisk"},{"floor":42,"key":"Lantern"},{"floor":55,"key":"War Paint"}],"event_choices":[{"damage_healed":0,"gold_gain":75,"player_choice":"Gather Gold","damage_taken":11,"max_hp_gain":0,"max_hp_loss":0,"event_name":"World of Goop","floor":2,"gold_loss":0},{"damage_healed":0,"gold_gain":275,"player_choice":"Desecrate","damage_taken":0,"max_hp_gain":0,"max_hp_loss":0,"event_name":"Golden Shrine","floor":5,"gold_loss":0,"cards_obtained":["Regret"]},{"damage_healed":0,"gold_gain":0,"player_choice":"Obtained Relic","damage_taken":0,"relics_obtained":["Orichalcum"],"max_hp_gain":0,"max_hp_loss":0,"event_name":"Addict","floor":21,"gold_loss":85},{"damage_healed":0,"gold_gain":0,"player_choice":"Rummage","damage_taken":0,"relics_obtained":["WarpedTongs"],"max_hp_gain":0,"max_hp_loss":0,"event_name":"Accursed Blacksmith","floor":22,"gold_loss":0,"cards_obtained":["Pain"]},{"damage_healed":0,"gold_gain":0,"player_choice":"Ignored","damage_taken":0,"max_hp_gain":0,"max_hp_loss":0,"event_name":"Cursed Tome","floor":28,"gold_loss":0},{"damage_healed":0,"gold_gain":0,"cards_transformed":["Defend_B","Defend_B"],"player_choice":"Became Test Subject","damage_taken":0,"max_hp_gain":0,"max_hp_loss":0,"event_name":"Drug Dealer","floor":30,"gold_loss":0,"cards_obtained":["Tempest","Reinforced Body"]},{"damage_healed":0,"gold_gain":0,"player_choice":"Read","damage_taken":0,"max_hp_gain":0,"max_hp_loss":0,"event_name":"The Library","floor":31,"gold_loss":0,"cards_obtained":["Capacitor"]},{"cards_removed":["Defend_B"],"damage_healed":0,"gold_gain":0,"player_choice":"Purged","damage_taken":0,"max_hp_gain":0,"max_hp_loss":0,"event_name":"Purifier","floor":36,"gold_loss":0},{"damage_healed":0,"gold_gain":0,"player_choice":"Fight","damage_taken":0,"max_hp_gain":0,"max_hp_loss":0,"event_name":"MindBloom","floor":39,"gold_loss":0},{"damage_healed":16,"gold_gain":0,"player_choice":"Writhe","damage_taken":0,"max_hp_gain":0,"max_hp_loss":0,"event_name":"Winding Halls","floor":46,"gold_loss":0,"cards_obtained":["Writhe"]}],"is_beta":false,"boss_relics":[{"not_picked":["Ectoplasm","Pandora\u0027s Box"],"picked":"Coffee Dripper"},{"not_picked":["Inserter","SacredBark"],"picked":"Fusion Hammer"}],"items_purged_floors":[8,27,44],"is_endless":false,"potions_floor_spawned":[7,10,12,13,19,24,33,37,38,39,55],"ascension_level":20}}