{"host":"gjwzgdilc53yxmt0","time":1613965587,"event":{"mods":["2.2 Compatiblity","BaseMod","Bestiary","Highlight Path","Minty Spire (QoL Compilation)","Relic Stats","StSLib","ojb\u0027s Info Mod"],"gold_per_floor":[117,127,137,34,34,62,62,96,122,140,140,165,165,240,240,240,240],"floor_reached":16,"language":"ENG","playtime":508,"items_purged":["Strike_G"],"score":286,"play_id":"d2d6e868-6d97-425f-90d2-1972e0e3ae2a","local_time":"20210221224627","is_ascension_mode":true,"campfire_choices":[{"data":"Neutralize","floor":7.0,"key":"SMITH"},{"data":"Sucker Punch","floor":13,"key":"SMITH"},{"data":"Outmaneuver","floor":15,"key":"SMITH"}],"circlet_count":0,"master_deck":["AscendersBane","Strike_G","Strike_G","Strike_G","Strike_G","Defend_G","Defend_G","Defend_G","Defend_G","Defend_G","Survivor","Neutralize+1","Sucker Punch+1","Dagger Throw","Terror","Deflect","Backflip","Die Die Die","Outmaneuver+1","Endless Agony"],"relics":["Ring of the Snake","Anchor","PreservedInsect","Boot","Bottled Flame","Potion Belt","Darkstone Periapt"],"acts_visited":["Exordium"],"potions_floor_usage":[8],"damage_taken":[{"damage":2.0,"enemies":"Jaw Worm","floor":1.0,"turns":6.0},{"damage":2.0,"enemies":"2 Louse","floor":2.0,"turns":4.0},{"damage":0.0,"enemies":"Cultist","floor":3.0,"turns":4.0},{"damage":1.0,"enemies":"Gremlin Nob","floor":6.0,"turns":3.0},{"damage":6,"enemies":"3 Sentries","floor":8,"turns":7},{"damage":1,"enemies":"Large Slime","floor":10,"turns":5},{"damage":0,"enemies":"Gremlin Nob","floor":12,"turns":3},{"damage":30,"enemies":"Hexaghost","floor":16,"turns":11}],"seed_played":"4935170198762983183","potions_obtained":[{"floor":3.0,"key":"AttackPotion"},{"floor":6.0,"key":"Strength Potion"},{"floor":12,"key":"SpeedPotion"}],"is_trial":false,"path_per_floor":["M","M","M","$","?","E","R","E","T","M","?","E","R","?","R","B"],"character_chosen":"THE_SILENT","items_purchased":["Deflect"],"campfire_rested":0,"item_purchase_floors":[4],"current_hp_per_floor":[57,55,55,55,44,43,43,37,37,36,41,41,41,30,30,0,0],"gold":240,"neow_bonus":"RANDOM_COMMON_RELIC","is_daily":false,"chose_seed":false,"campfire_upgraded":3,"win_rate":0.0,"timestamp":1613965587,"path_taken":["M","M","M","$","?","E","R","E","T","M","?","E","R","?","R","BOSS"],"items_purchased_type":["Card"],"build_version":"2020-12-22","purchased_purges":1,"victory":false,"max_hp_per_floor":[66,66,66,66,66,66,66,66,66,66,71,71,71,71,71,71,71],"relic_stats":{"Darkstone Periapt":0,"counters":[8,43],"PreservedInsect":75,"Boot":[7],"obtain_stats":[{"Potion Belt":9,"Darkstone Periapt":12,"Anchor":0,"Bottled Flame":8,"PreservedInsect":5,"Boot":6,"Ring of the Snake":0},{"Potion Belt":5,"Darkstone Periapt":7,"Anchor":0,"Bottled Flame":5,"PreservedInsect":3,"Boot":4,"Ring of the Snake":0},{"Potion Belt":24,"Darkstone Periapt":32,"Anchor":0,"Bottled Flame":24,"PreservedInsect":14,"Boot":17,"Ring of the Snake":0}],"Ring of the Snake":[16]},"card_choices":[{"not_picked":["Deflect","Eviscerate"],"picked":"Sucker Punch","floor":1.0},{"not_picked":["Prepared","Deadly Poison"],"picked":"Dagger Throw","floor":2.0},{"not_picked":["Blade Dance","Setup"],"picked":"Terror","floor":3.0},{"not_picked":["Sucker Punch","Prepared"],"picked":"Backflip","floor":6.0},{"not_picked":["Concentrate","Deadly Poison"],"picked":"Die Die Die","floor":8},{"not_picked":["Dodge and Roll","Bane"],"picked":"Outmaneuver","floor":10},{"not_picked":["Sucker Punch","Dagger Throw"],"picked":"Endless Agony","floor":12}],"player_experience":4975416,"relics_obtained":[{"floor":6.0,"key":"Boot"},{"floor":8,"key":"Bottled Flame"},{"floor":9,"key":"Potion Belt"},{"floor":12,"key":"Darkstone Periapt"}],"event_choices":[{"damage_healed":0.0,"max_hp_gain":0.0,"max_hp_loss":0.0,"gold_gain":0.0,"event_name":"Scrap Ooze","player_choice":"Success","floor":5.0,"gold_loss":0.0,"damage_taken":11.0,"relics_obtained":["PreservedInsect"]},{"damage_healed":0,"gold_gain":0,"player_choice":"Donut","damage_taken":0,"max_hp_gain":5,"max_hp_loss":0,"event_name":"Big Fish","floor":11,"gold_loss":0},{"damage_healed":0,"gold_gain":75,"player_choice":"Gather Gold","damage_taken":11,"max_hp_gain":0,"max_hp_loss":0,"event_name":"World of Goop","floor":14,"gold_loss":0}],"is_beta":false,"boss_relics":[],"items_purged_floors":[4],"is_endless":false,"potions_floor_spawned":[3,6,12],"killed_by":"Hexaghost","ascension_level":20}}