{"host":"nwd160me4iqdtr8u","time":1613952149,"event":{"mods":["AchievementEnabler","Act Like it!","BaseMod","Colored Map","DeckTracker","Keyboard Shortcuts","Minty Spire (QoL Compilation)","Quick Restart","Rare Cards Sparkle","Smile Girya","StSLib","SuperFastMode","everything is the same but u backflip on backflip"],"gold_per_floor":[114,134,149,163,88,116,116,136,136,148,176,195,195,195,195,316,316,331,345,345,345,365,365,375,375,398,398,417,434,434,34,34,136,136,151,163,163,174,188,213,213,243,243,263,283,296,346,359,359,359],"floor_reached":51,"language":"KOR","playtime":3697,"items_purged":["Strike_B","Strike_B"],"score":777,"play_id":"389d1d56-6e35-4694-9aa6-ec9b3ef93746","local_time":"20210222090229","is_ascension_mode":false,"campfire_choices":[{"data":"Rip and Tear","floor":7.0,"key":"SMITH"},{"data":"Streamline","floor":15.0,"key":"SMITH"},{"data":"Buffer","floor":23.0,"key":"SMITH"},{"data":"Glacier","floor":25.0,"key":"SMITH"},{"data":"Coolheaded","floor":27.0,"key":"SMITH"},{"data":"Electrodynamics","floor":30.0,"key":"SMITH"},{"data":"Force Field","floor":32.0,"key":"SMITH"},{"data":"Loop","floor":41.0,"key":"SMITH"},{"data":"Defragment","floor":49,"key":"SMITH"}],"circlet_count":0,"master_deck":["Strike_B","Defend_B","Defend_B","Defend_B","Defend_B","Zap","Dualcast","Finesse","Conserve Battery","Coolheaded+1","Rip and Tear+1","Undo","Streamline+1","Glacier+1","Electrodynamics+1","BootSequence","Buffer+1","Ball Lightning","White Noise","Glacier+1","Force Field+1","Seek+1","Hologram","Loop+1","Skim+1","Recycle+1","Defragment+1","Consume","Tempest+1","Fusion+1","Buffer"],"relics":["Cracked Core","Singing Bowl","Shuriken","Art of War","Bloody Idol","Snecko Eye","Oddly Smooth Stone","Runic Capacitor","Pen Nib","Cursed Key","Prayer Wheel","Regal Pillow","Bird Faced Urn"],"acts_visited":["Exordium","TheCity","TheBeyond"],"potions_floor_usage":[50,50],"damage_taken":[{"damage":1.0,"enemies":"Cultist","floor":1.0,"turns":3.0},{"damage":4.0,"enemies":"Jaw Worm","floor":2.0,"turns":5.0},{"damage":0.0,"enemies":"Small Slimes","floor":3.0,"turns":4.0},{"damage":2.0,"enemies":"Looter","floor":4.0,"turns":3.0},{"damage":20.0,"enemies":"3 Sentries","floor":6.0,"turns":11.0},{"damage":1.0,"enemies":"Red Slaver","floor":8.0,"turns":3.0},{"damage":5.0,"enemies":"3 Louse","floor":10.0,"turns":3.0},{"damage":9.0,"enemies":"Lagavulin","floor":11.0,"turns":6.0},{"damage":0.0,"enemies":"Gremlin Gang","floor":12.0,"turns":2.0},{"damage":25.0,"enemies":"Slime Boss","floor":16.0,"turns":6.0},{"damage":5.0,"enemies":"Shell Parasite","floor":18.0,"turns":8.0},{"damage":0.0,"enemies":"3 Byrds","floor":19.0,"turns":4.0},{"damage":0.0,"enemies":"Snecko","floor":22.0,"turns":4.0},{"damage":0.0,"enemies":"Shelled Parasite and Fungi","floor":24.0,"turns":6.0},{"damage":0.0,"enemies":"Centurion and Healer","floor":28.0,"turns":10.0},{"damage":7.0,"enemies":"Snake Plant","floor":29.0,"turns":4.0},{"damage":0.0,"enemies":"Collector","floor":33.0,"turns":16.0},{"damage":0.0,"enemies":"Orb Walker","floor":35.0,"turns":5.0},{"damage":0.0,"enemies":"3 Shapes","floor":36.0,"turns":3.0},{"damage":0.0,"enemies":"Writhing Mass","floor":38.0,"turns":8.0},{"damage":0.0,"enemies":"Transient","floor":39.0,"turns":5.0},{"damage":0.0,"enemies":"Reptomancer","floor":40.0,"turns":9.0},{"damage":0.0,"enemies":"Nemesis","floor":42.0,"turns":11.0},{"damage":0.0,"enemies":"3 Darklings","floor":44.0,"turns":4.0},{"damage":0,"enemies":"4 Shapes","floor":45,"turns":3},{"damage":0,"enemies":"Sphere and 2 Shapes","floor":46,"turns":4},{"damage":0,"enemies":"Mind Bloom Boss Battle","floor":47,"turns":4},{"damage":0,"enemies":"Transient","floor":48,"turns":5},{"damage":5,"enemies":"Awakened One","floor":50,"turns":13}],"seed_played":"6447034203863988716","potions_obtained":[{"floor":2.0,"key":"Block Potion"},{"floor":4.0,"key":"DuplicationPotion"},{"floor":8.0,"key":"Dexterity Potion"},{"floor":12.0,"key":"PowerPotion"},{"floor":16.0,"key":"AttackPotion"},{"floor":19.0,"key":"FearPotion"},{"floor":33.0,"key":"Energy Potion"},{"floor":36.0,"key":"SkillPotion"},{"floor":38.0,"key":"Regen Potion"},{"floor":39.0,"key":"Block Potion"},{"floor":40.0,"key":"Strength Potion"},{"floor":42.0,"key":"SpeedPotion"},{"floor":46,"key":"AttackPotion"}],"is_trial":false,"path_per_floor":["M","M","M","M","$","E","R","M","T","M","E","M","?","?","R","B",null,"M","M","?","?","M","R","M","R","T","R","M","M","R","$","R","B",null,"M","M","?","M","M","E","R","E","T","M","M","M","?","M","R","B",null],"character_chosen":"DEFECT","items_purchased":["Runic Capacitor","Pen Nib"],"campfire_rested":0,"item_purchase_floors":[31,31],"current_hp_per_floor":[74,70,70,68,68,48,48,49,49,44,35,35,35,35,35,10,71,66,66,66,66,71,71,73,73,73,73,75,73,73,73,73,75,75,77,79,79,79,79,79,79,79,79,81,81,85,85,87,87,87],"gold":359,"neow_bonus":"RANDOM_COLORLESS","is_daily":false,"chose_seed":false,"campfire_upgraded":9,"win_rate":0.0,"timestamp":1613952149,"path_taken":["M","M","M","M","?","E","R","M","T","M","E","?","?","?","R","BOSS","M","M","?","?","M","R","?","R","T","R","M","M","R","$","R","BOSS","M","M","?","M","M","E","R","E","T","M","M","?","?","M","R","BOSS"],"items_purchased_type":["Relic","Relic"],"build_version":"2020-12-22","purchased_purges":2,"victory":true,"max_hp_per_floor":[75,75,75,75,75,75,75,77,77,77,77,77,71,71,71,71,71,71,71,71,71,71,71,73,73,73,73,75,75,75,75,75,75,75,77,79,79,79,79,79,79,79,79,81,81,85,85,87,87,87],"card_choices":[{"not_picked":["Madness","PanicButton"],"picked":"Finesse","floor":0.0},{"not_picked":["Sweeping Beam","Leap"],"picked":"Conserve Battery","floor":1.0},{"not_picked":["Rebound","Leap"],"picked":"Coolheaded","floor":2.0},{"not_picked":["Auto Shields","Leap"],"picked":"Rip and Tear","floor":3.0},{"not_picked":["Gash","Rebound"],"picked":"Undo","floor":4.0},{"not_picked":["Multi-Cast","Lockon"],"picked":"Streamline","floor":6.0},{"not_picked":["Capacitor","Sweeping Beam","Compile Driver"],"picked":"Singing Bowl","floor":8.0},{"not_picked":["Undo","Steam Power"],"picked":"Glacier","floor":10.0},{"not_picked":["Static Discharge","Reprogram"],"picked":"Electrodynamics","floor":11.0},{"not_picked":["Undo","Conserve Battery"],"picked":"BootSequence","floor":12.0},{"not_picked":["Reboot","Core Surge"],"picked":"Buffer","floor":16.0},{"not_picked":["Lockon","Reprogram"],"picked":"Ball Lightning","floor":18.0},{"not_picked":["Steam+1","Undo+1"],"picked":"White Noise","floor":19.0},{"not_picked":["Reprogram+1","Chill+1"],"picked":"Glacier","floor":22.0},{"not_picked":["Beam Cell","Streamline+1","Chill"],"picked":"Singing Bowl","floor":24.0},{"not_picked":["Heatsinks+1","Conserve Battery","Static Discharge"],"picked":"Singing Bowl","floor":28.0},{"not_picked":["Cold Snap","Static Discharge"],"picked":"Force Field","floor":29.0},{"not_picked":["Core Surge","Reboot"],"picked":"Seek","floor":33.0},{"not_picked":["Turbo","Redo+1","Melter"],"picked":"Singing Bowl","floor":35.0},{"not_picked":["Hello World+1","Rebound+1","Stack+1"],"picked":"Singing Bowl","floor":36.0},{"not_picked":["Undo","White Noise"],"picked":"Hologram","floor":38.0},{"not_picked":["Stack+1","Sunder"],"picked":"Loop","floor":39.0},{"not_picked":["Coolheaded","Melter+1"],"picked":"Skim+1","floor":40.0},{"not_picked":["Buffer","Storm"],"picked":"Recycle+1","floor":42.0},{"not_picked":["Ball Lightning+1","FTL"],"picked":"Defragment","floor":44},{"not_picked":["BootSequence+1","Gash","Cold Snap"],"picked":"Singing Bowl","floor":44},{"not_picked":["Leap+1","Conserve Battery"],"picked":"Consume","floor":45},{"not_picked":["Beam Cell+1","Auto Shields+1"],"picked":"Tempest+1","floor":45},{"not_picked":["Skim","Ball Lightning","Consume"],"picked":"Singing Bowl","floor":46},{"not_picked":["Turbo+1","Coolheaded+1","Skim"],"picked":"Singing Bowl","floor":46},{"not_picked":["Compile Driver","Streamline"],"picked":"Fusion+1","floor":47},{"not_picked":["Hello World+1","Skim","Steam"],"picked":"Singing Bowl","floor":48},{"not_picked":["Go for the Eyes","Hologram+1"],"picked":"Buffer","floor":48}],"player_experience":437879,"relics_obtained":[{"floor":6.0,"key":"Singing Bowl"},{"floor":9.0,"key":"Shuriken"},{"floor":11.0,"key":"Art of War"},{"floor":26.0,"key":"Oddly Smooth Stone"},{"floor":40.0,"key":"Prayer Wheel"},{"floor":42.0,"key":"Regal Pillow"},{"floor":47,"key":"Bird Faced Urn"}],"event_choices":[{"damage_healed":0.0,"max_hp_gain":0.0,"max_hp_loss":6.0,"gold_gain":0.0,"event_name":"Golden Idol","player_choice":"Lose Max HP","floor":13.0,"gold_loss":0.0,"damage_taken":0.0,"relics_obtained":["Golden Idol"]},{"damage_healed":0.0,"max_hp_gain":0.0,"max_hp_loss":0.0,"gold_gain":0.0,"event_name":"Living Wall","player_choice":"Grow","floor":14.0,"gold_loss":0.0,"damage_taken":0.0,"cards_upgraded":["Glacier"]},{"damage_healed":0.0,"max_hp_gain":0.0,"max_hp_loss":0.0,"gold_gain":0.0,"event_name":"Forgotten Altar","player_choice":"Gave Idol","floor":20.0,"relics_lost":["Golden Idol"],"gold_loss":0.0,"damage_taken":0.0,"relics_obtained":["Bloody Idol"]},{"cards_removed":["Strike_B"],"damage_healed":0.0,"max_hp_gain":0.0,"max_hp_loss":0.0,"gold_gain":0.0,"event_name":"Purifier","player_choice":"Purged","floor":21.0,"gold_loss":0.0,"damage_taken":0.0},{"damage_healed":0.0,"max_hp_gain":0.0,"max_hp_loss":0.0,"gold_gain":0.0,"event_name":"Upgrade Shrine","player_choice":"Upgraded","floor":37.0,"gold_loss":0.0,"damage_taken":0.0,"cards_upgraded":["Seek"]},{"damage_healed":0,"gold_gain":0,"player_choice":"Fight","damage_taken":0,"max_hp_gain":0,"max_hp_loss":0,"event_name":"MindBloom","floor":47,"gold_loss":0}],"is_beta":false,"boss_relics":[{"not_picked":["Philosopher\u0027s Stone","Ectoplasm"],"picked":"Snecko Eye"},{"not_picked":["Tiny House","Runic Pyramid"],"picked":"Cursed Key"}],"items_purged_floors":[5,31],"is_endless":false,"potions_floor_spawned":[2,4,8,12,16,19,33,36,38,39,40,42,46],"ascension_level":0}}