{"host":"ju1b3c4x8n2jtjm7","time":1613995005,"event":{"mods":["AchievementEnabler","BaseMod","Colored Map","Colored Powertips","Highlight Path","Minty Spire (QoL Compilation)","Quick Restart","Rare Cards Sparkle","Relic Stats"],"gold_per_floor":[116,127,141,14,14,14,39,39,62,62,82,94,113,123,123,227,227,242,262,294,307,307,307,317,42,42,42,42,42,60,60,60],"floor_reached":31,"language":"ENG","playtime":1960,"items_purged":["Zap"],"score":370,"play_id":"253ebe0d-5ab1-4472-9d6d-bd4c07579fda","local_time":"20210222125645","is_ascension_mode":true,"campfire_choices":[{"data":"Sweeping Beam","floor":6.0,"key":"SMITH"},{"floor":10.0,"key":"REST"},{"data":"Defragment","floor":15.0,"key":"SMITH"},{"data":"Fission","floor":23.0,"key":"SMITH"},{"floor":29.0,"key":"REST"}],"circlet_count":0,"master_deck":["AscendersBane","Strike_B+1","Strike_B+1","Strike_B+1","Defend_B+1","Defend_B+1","Defend_B+1","Aggregate+1","Defragment+1","Aggregate+1","Ball Lightning","Streamline+1","Sweeping Beam+1","Defragment+1","Leap","Reinforced Body","Tempest","Cold Snap","Coolheaded","Fission+1","Hologram","Blizzard","Chaos+1","Stack","Capacitor","Cold Snap","Stack"],"relics":["Astrolabe","Bottled Flame","Smiling Mask","SacredBark","Red Mask","DataDisk","Happy Flower"],"acts_visited":["Exordium","TheCity"],"potions_floor_usage":[],"damage_taken":[{"damage":1.0,"enemies":"Cultist","floor":1.0,"turns":4.0},{"damage":3.0,"enemies":"2 Louse","floor":2.0,"turns":3.0},{"damage":12.0,"enemies":"Jaw Worm","floor":3.0,"turns":3.0},{"damage":30.0,"enemies":"Lagavulin","floor":7.0,"turns":5.0},{"damage":0.0,"enemies":"3 Louse","floor":11.0,"turns":2.0},{"damage":1.0,"enemies":"2 Fungi Beasts","floor":12.0,"turns":4.0},{"damage":0.0,"enemies":"Large Slime","floor":13.0,"turns":4.0},{"damage":0.0,"enemies":"Blue Slaver","floor":14.0,"turns":3.0},{"damage":1.0,"enemies":"Hexaghost","floor":16.0,"turns":12.0},{"damage":6.0,"enemies":"3 Byrds","floor":18.0,"turns":5.0},{"damage":11.0,"enemies":"Spheric Guardian","floor":19.0,"turns":4.0},{"damage":15.0,"enemies":"Masked Bandits","floor":20.0,"turns":5.0},{"damage":18.0,"enemies":"Snake Plant","floor":21.0,"turns":4.0},{"damage":4.0,"enemies":"Chosen and Byrds","floor":24.0,"turns":5.0},{"damage":0,"enemies":"Snecko","floor":30,"turns":6},{"damage":38,"enemies":"Shelled Parasite and Fungi","floor":31,"turns":4}],"seed_played":"-6312949702751683456","potions_obtained":[{"floor":7.0,"key":"GamblersBrew"},{"floor":14.0,"key":"Energy Potion"},{"floor":18.0,"key":"Fire Potion"},{"floor":30,"key":"PotionOfCapacity"}],"is_trial":false,"path_per_floor":["M","M","M","$","?","R","E","T","T","R","M","M","M","M","R","B",null,"M","M","?","M","?","R","M","$","T","?","$","R","M","M"],"character_chosen":"DEFECT","items_purchased":["Defragment","Swift Potion","DataDisk","Cold Snap","Stack"],"campfire_rested":2,"item_purchase_floors":[4,4,25,25,25],"current_hp_per_floor":[67,64,52,52,37,37,7,7,7,29,29,28,28,28,28,27,63,57,46,31,13,13,13,9,9,9,9,9,31,31,0,0],"gold":60,"neow_bonus":"BOSS_RELIC","is_daily":false,"chose_seed":false,"campfire_upgraded":3,"win_rate":0.0,"timestamp":1613995005,"path_taken":["M","M","?","?","?","R","E","?","T","R","M","M","M","M","R","BOSS","M","M","?","M","?","R","M","$","T","?","?","R","?","M"],"items_purchased_type":["Card","Potion","Relic","Card","Card"],"build_version":"2020-12-22","purchased_purges":1,"victory":false,"max_hp_per_floor":[75,75,75,75,75,75,75,75,75,75,75,75,75,75,75,75,75,75,75,75,75,75,75,75,75,75,75,75,75,75,75,75],"relic_stats":{"Happy Flower":[3],"counters":[16,73],"Astrolabe":["Aggregate","Defragment","Aggregate"],"Smiling Mask":25,"obtain_stats":[{"Bottled Flame":7,"DataDisk":25,"Happy Flower":26,"Astrolabe":0,"SacredBark":17,"Red Mask":20,"Cracked Core":0,"Smiling Mask":9},{"Bottled Flame":4,"DataDisk":14,"Happy Flower":14,"Astrolabe":0,"SacredBark":9,"Red Mask":12,"Cracked Core":0,"Smiling Mask":4},{"Bottled Flame":15,"DataDisk":63,"Happy Flower":63,"Astrolabe":0,"SacredBark":40,"Red Mask":54,"Cracked Core":0,"Smiling Mask":15}]},"card_choices":[{"not_picked":["Beam Cell","Gash"],"picked":"Ball Lightning","floor":1.0},{"not_picked":["Blizzard","Turbo"],"picked":"Streamline","floor":2.0},{"not_picked":["Streamline","Hologram"],"picked":"Sweeping Beam","floor":3.0},{"not_picked":["Go for the Eyes","Doom and Gloom"],"picked":"Leap","floor":7.0},{"not_picked":["Recycle","Leap"],"picked":"Reinforced Body","floor":11.0},{"not_picked":["Redo","Barrage"],"picked":"Tempest","floor":12.0},{"not_picked":["Consume","Scrape"],"picked":"Cold Snap","floor":13.0},{"not_picked":["Beam Cell","Rainbow"],"picked":"Coolheaded","floor":14.0},{"not_picked":["Biased Cognition","Core Surge"],"picked":"Fission","floor":16.0},{"not_picked":["Conserve Battery","Sweeping Beam+1"],"picked":"Hologram","floor":18.0},{"not_picked":["Tempest","Lockon"],"picked":"Blizzard","floor":19.0},{"not_picked":["FTL","Melter+1"],"picked":"Chaos+1","floor":20.0},{"not_picked":["Hello World+1","Doom and Gloom"],"picked":"Stack","floor":21.0},{"not_picked":["Recycle","Beam Cell"],"picked":"Capacitor","floor":24.0},{"not_picked":["Static Discharge","Compile Driver","Gash"],"picked":"SKIP","floor":30}],"player_experience":472588,"relics_obtained":[{"floor":7.0,"key":"Bottled Flame"},{"floor":9.0,"key":"Smiling Mask"},{"floor":20.0,"key":"Red Mask"},{"floor":26.0,"key":"Happy Flower"}],"event_choices":[{"damage_healed":0.0,"max_hp_gain":0.0,"max_hp_loss":0.0,"gold_gain":0.0,"event_name":"Shining Light","player_choice":"Entered Light","floor":5.0,"gold_loss":0.0,"damage_taken":15.0,"cards_upgraded":["Strike_B","Streamline"]},{"damage_healed":0.0,"max_hp_gain":0.0,"max_hp_loss":0.0,"gold_gain":0.0,"event_name":"Masked Bandits","player_choice":"Fought Bandits","floor":20.0,"gold_loss":0.0,"damage_taken":0.0},{"damage_healed":0.0,"max_hp_gain":0.0,"max_hp_loss":0.0,"gold_gain":0.0,"event_name":"The Mausoleum","player_choice":"Ignored","floor":22.0,"gold_loss":0.0,"damage_taken":0.0},{"damage_healed":0.0,"max_hp_gain":0.0,"max_hp_loss":0.0,"gold_gain":0.0,"event_name":"Back to Basics","player_choice":"Simplicity","floor":27.0,"gold_loss":0.0,"damage_taken":0.0,"cards_upgraded":["Strike_B","Strike_B","Defend_B","Defend_B","Defend_B"]}],"is_beta":false,"boss_relics":[{"not_picked":["Fusion Hammer","Runic Dome"],"picked":"SacredBark"}],"items_purged_floors":[25],"is_endless":false,"potions_floor_spawned":[7,11,13,14,18,30],"killed_by":"Shelled Parasite and Fungi","ascension_level":11}}