{"host":"xr2w6q7a088fu8w2","time":1613982794,"event":{"mods":["AchievementEnabler","BaseMod","Colored Powertips","Good Game Mod","Mimic Mod","Minty Spire (QoL Compilation)","MostiFishMod","Relic Filter Mod","Reliquary","StSLib","UnlockEverythingMod"],"gold_per_floor":[119,138,62,74,84,110,174,187,266,266,49,49,65,97,97,194,194,214,226,226,226],"floor_reached":20,"language":"ZHS","playtime":922,"items_purged":["Defend_G"],"score":286,"play_id":"ff073f8a-3669-42f3-a2c6-2eeb92e69823","local_time":"20210222163314","daily_mods":["Vintage","Red Cards","Green Cards","Colorless Cards","Heirloom","Time Dilation"],"is_ascension_mode":false,"campfire_choices":[{"floor":12,"key":"REST"},{"floor":15,"key":"REST"}],"circlet_count":0,"master_deck":["Strike_G","Strike_G","Strike_G","Strike_G","Strike_G","Defend_G+1","Defend_G","Defend_G","Defend_G","Survivor+1","Neutralize","Backstab","Rage","MostiFishMod:GrandStart","Survivor+1"],"relics":["Ring of the Serpent","REME:ComplimentaryCards","DaveBox","HaiYi:Twilight","BionicSphere","Question Card","SynthV:TestCard","Mummified Hand","Snake Skull","Pen Nib","CaptainsWheel","War Paint","InkBottle","reliquary:TridentHead","Lantern","reliquary:Knoch","Tingsha","Ice Cream"],"acts_visited":["Exordium","TheCity"],"potions_floor_usage":[6,14,16],"damage_taken":[{"damage":5,"enemies":"Jaw Worm","floor":1,"turns":6},{"damage":0,"enemies":"2 Louse","floor":2,"turns":2},{"damage":0,"enemies":"Small Slimes","floor":4,"turns":2},{"damage":0,"enemies":"3 Louse","floor":5,"turns":3},{"damage":23,"enemies":"3 Sentries","floor":6,"turns":10},{"damage":12,"enemies":"3 Sentries","floor":7,"turns":12},{"damage":7,"enemies":"Large Slime","floor":8,"turns":7},{"damage":0,"enemies":"2 Fungi Beasts","floor":13,"turns":3},{"damage":19,"enemies":"Gremlin Nob","floor":14,"turns":5},{"damage":13,"enemies":"The Guardian","floor":16,"turns":5},{"damage":0,"enemies":"Spheric Guardian","floor":18,"turns":1},{"damage":10,"enemies":"2 Thieves","floor":19,"turns":5}],"seed_played":"207669572529114950","potions_obtained":[{"floor":5,"key":"SkillPotion"},{"floor":8,"key":"LiquidMemories"},{"floor":14,"key":"PowerPotion"},{"floor":18,"key":"Dexterity Potion"},{"floor":19,"key":"Regen Potion"}],"is_trial":true,"path_per_floor":["M","M","$","M","M","E","?","M","T","?","$","R","M","E","R","B",null,"M","M","$"],"character_chosen":"THE_SILENT","items_purchased":["Backstab","MostiFishMod:GrandStart"],"campfire_rested":2,"item_purchase_floors":[3,11],"current_hp_per_floor":[65,65,65,65,65,58,46,39,39,39,39,60,60,41,62,49,70,70,60,60,60],"gold":226,"neow_bonus":"","is_daily":false,"chose_seed":false,"campfire_upgraded":0,"win_rate":0.0,"timestamp":1613982794,"path_taken":["M","M","$","M","M","E","?","M","T","?","$","R","?","E","R","BOSS","M","M","$"],"items_purchased_type":["Card","Card"],"build_version":"2020-12-22","purchased_purges":1,"victory":false,"max_hp_per_floor":[70,70,70,70,70,70,70,70,70,70,70,70,70,70,70,70,70,70,70,70,70],"card_choices":[{"not_picked":["Expertise","Prepared","Trip","Flechettes","Body Slam"],"picked":"Rage","floor":6},{"not_picked":["Twin Strike","MostiFishMod:MusicBox","Warcry","Havoc","Underhanded Strike","MostiFishMod:FrostNova"],"picked":"SKIP","floor":14}],"player_experience":149081,"relics_obtained":[{"floor":1,"key":"Question Card"},{"floor":1,"key":"SynthV:TestCard"},{"floor":2,"key":"Mummified Hand"},{"floor":4,"key":"Snake Skull"},{"floor":5,"key":"Pen Nib"},{"floor":6,"key":"CaptainsWheel"},{"floor":8,"key":"InkBottle"},{"floor":9,"key":"reliquary:TridentHead"},{"floor":13,"key":"Lantern"},{"floor":14,"key":"reliquary:Knoch"},{"floor":18,"key":"Tingsha"},{"floor":19,"key":"Ice Cream"}],"event_choices":[{"damage_healed":0,"gold_gain":0,"player_choice":"Searched \u00272\u0027 times","damage_taken":0,"relics_obtained":["War Paint"],"max_hp_gain":0,"max_hp_loss":0,"event_name":"Dead Adventurer","floor":7,"gold_loss":0},{"damage_healed":0,"gold_gain":0,"player_choice":"Ignored","damage_taken":0,"max_hp_gain":0,"max_hp_loss":0,"event_name":"Liars Game","floor":10,"gold_loss":0}],"is_beta":false,"boss_relics":[{"not_picked":["MoonlightInvasionPlan","xbg"],"picked":"Ring of the Serpent"}],"items_purged_floors":[11],"is_endless":true,"potions_floor_spawned":[5,8,14,18,19],"ascension_level":0}}