{"host":"nptej036rrbiurf5","time":1613970457,"event":{"mods":["BaseMod","Colored Map","Colored Powertips","DeckTracker","Minty Spire (QoL Compilation)","StSLib","SuperFastMode"],"gold_per_floor":[115,125,139,139,139,156,156,172,172,187,187,187],"floor_reached":11,"language":"KOR","playtime":204,"items_purged":[],"score":134,"play_id":"20803ee2-df0f-4174-a52e-531e30f9e8fe","local_time":"20210222140737","is_ascension_mode":true,"campfire_choices":[{"data":"Lockon","floor":7,"key":"SMITH"}],"circlet_count":0,"master_deck":["AscendersBane","Strike_B","Strike_B","Defend_B+1","Defend_B+1","Defend_B","Zap","Dualcast","Melter","Genetic Algorithm","Cold Snap","Lockon+1","Streamline","Capacitor"],"relics":["Cracked Core","Blood Vial"],"acts_visited":["Exordium"],"potions_floor_usage":[6,11],"damage_taken":[{"damage":3,"enemies":"2 Louse","floor":1,"turns":3},{"damage":9,"enemies":"Jaw Worm","floor":2,"turns":3},{"damage":1,"enemies":"Cultist","floor":3,"turns":3},{"damage":5,"enemies":"Gremlin Gang","floor":6,"turns":4},{"damage":3,"enemies":"Looter","floor":8,"turns":3},{"damage":19,"enemies":"3 Louse","floor":10,"turns":3},{"damage":18,"enemies":"Lagavulin","floor":11,"turns":2}],"seed_played":"2876741295771660399","potions_obtained":[{"floor":1,"key":"Fire Potion"},{"floor":8,"key":"SkillPotion"},{"floor":10,"key":"Explosive Potion"}],"is_trial":false,"path_per_floor":["M","M","M","?","?","M","R","M","T","M","E"],"character_chosen":"DEFECT","items_purchased":[],"campfire_rested":0,"item_purchase_floors":[],"current_hp_per_floor":[61,52,51,32,32,27,27,24,24,7,0,0],"gold":187,"neow_bonus":"REMOVE_TWO","is_daily":false,"chose_seed":false,"campfire_upgraded":1,"win_rate":0.0,"timestamp":1613970457,"path_taken":["M","M","M","?","?","M","R","?","T","M","E"],"items_purchased_type":[],"build_version":"2020-12-22","purchased_purges":0,"victory":false,"max_hp_per_floor":[64,64,64,64,64,64,64,64,64,64,64,64],"card_choices":[{"not_picked":["Undo","Gash"],"picked":"Melter","floor":1},{"not_picked":["Defragment","Reprogram"],"picked":"Genetic Algorithm","floor":2},{"not_picked":["Barrage","Leap"],"picked":"Cold Snap","floor":3},{"not_picked":["Steam","Aggregate"],"picked":"Lockon","floor":6},{"not_picked":["Stack","Beam Cell"],"picked":"Streamline","floor":8},{"not_picked":["Turbo","Consume"],"picked":"Capacitor","floor":10}],"player_experience":1005165,"relics_obtained":[{"floor":9,"key":"Blood Vial"}],"event_choices":[{"damage_healed":0,"gold_gain":0,"player_choice":"Entered Light","damage_taken":19,"max_hp_gain":0,"max_hp_loss":0,"event_name":"Shining Light","floor":4,"gold_loss":0,"cards_upgraded":["Defend_B","Defend_B"]},{"cards_removed":["Strike_B"],"damage_healed":0,"gold_gain":0,"player_choice":"Offered Basic","damage_taken":0,"max_hp_gain":0,"max_hp_loss":0,"event_name":"Bonfire Elementals","floor":5,"gold_loss":0}],"is_beta":false,"boss_relics":[],"items_purged_floors":[],"is_endless":false,"potions_floor_spawned":[1,8,10],"killed_by":"Lagavulin","ascension_level":20}}