{"host":"zwfn3igoxym2o8ah","time":1613973306,"event":{"mods":["AchievementEnabler","BaseMod","Downfall","Hermit","Minty Spire (QoL Compilation)","Quick Restart","Replay The Spire","StSLib","The Cursed"],"gold_per_floor":[113,128,139,24,37,67,85,114,188,200,210,210,244,344,344,449,449,461,480,412,428,428,428,428],"floor_reached":23,"language":"ENG","playtime":2223,"items_purged":[],"score":240,"play_id":"159b1e8b-7275-4afa-9880-24f7660dc470","local_time":"20210222005506","is_ascension_mode":false,"campfire_choices":[{"floor":12,"key":"REST"},{"floor":15,"key":"REST"}],"circlet_count":0,"master_deck":["Strike_G","Strike_G","Strike_G","Strike_G","Strike_G","Defend_G","Defend_G","Defend_G","Defend_G","Defend_G","Survivor","Neutralize","Deadly Poison","Blade Dance","Adrenaline","Infinite Blades","Poisoned Stab","Quick Slash","Noxious Fumes","ReplayTheSpireMod:Tripwire","Poisoned Stab","Infinite Blades","Deadly Poison","Choke","Envenom","Backflip","Caltrops","CommonCold"],"relics":["Ring of the Snake","Blood Vial","Strawberry","Replay:WaspNest","Replay:Kaleidoscope","Busted Crown","ReplayTheSpireMod:Ring of Collecting","Ring of Peace"],"acts_visited":["Exordium","TheCity"],"potions_floor_usage":[6,11,13,16,16,23,23],"damage_taken":[{"damage":0,"enemies":"Jaw Worm","floor":1,"turns":6},{"damage":0,"enemies":"Cultist","floor":2,"turns":4},{"damage":2,"enemies":"Small Slimes","floor":3,"turns":4},{"damage":14,"enemies":"Gremlin Gang","floor":5,"turns":4},{"damage":11,"enemies":"Gremlin Nob","floor":6,"turns":4},{"damage":3,"enemies":"Exordium Thugs","floor":7,"turns":4},{"damage":13,"enemies":"Lagavulin","floor":8,"turns":5},{"damage":7,"enemies":"Blue Slaver","floor":10,"turns":4},{"damage":5,"enemies":"2 Fungi Beasts","floor":11,"turns":3},{"damage":12,"enemies":"Gremlin Nob","floor":13,"turns":4},{"damage":14,"enemies":"Fading Forest","floor":16,"turns":11},{"damage":12,"enemies":"Shell Parasite","floor":18,"turns":5},{"damage":22,"enemies":"2 Thieves","floor":19,"turns":4},{"damage":21,"enemies":"Snake Plant","floor":21,"turns":4},{"damage":43,"enemies":"Gremlin Leader","floor":23,"turns":4}],"seed_played":"3447512818131383212","potions_obtained":[{"floor":5,"key":"SpeedPotion"},{"floor":8,"key":"AttackPotion"},{"floor":10,"key":"Fruit Juice"},{"floor":11,"key":"champ:CounterPotion"},{"floor":13,"key":"Block Potion"},{"floor":16,"key":"SpeedPotion"},{"floor":18,"key":"Energy Potion"}],"is_trial":false,"path_per_floor":["M","M","M","$","M","E","M","E","T","M","M","R","E","?","R","B",null,"M","M","$","M","?","E"],"character_chosen":"THE_SILENT","items_purchased":["Infinite Blades","Poisoned Stab","Caltrops"],"campfire_rested":2,"item_purchase_floors":[4,4,20],"current_hp_per_floor":[77,77,75,75,61,50,49,45,45,40,42,68,58,58,84,84,89,77,57,57,38,38,0,0],"gold":428,"neow_bonus":"TEN_PERCENT_HP_BONUS","is_daily":false,"chose_seed":false,"campfire_upgraded":0,"win_rate":0.0,"timestamp":1613973306,"path_taken":["M","M","M","$","M","E","M","E","T","M","M","R","E","?","R","BOSS","M","M","$","M","?","E"],"items_purchased_type":["Card","Card","Card"],"build_version":"2020-12-22","purchased_purges":0,"victory":false,"max_hp_per_floor":[77,77,77,77,77,77,77,84,84,84,89,89,89,89,89,89,89,89,89,89,89,89,89,89],"card_choices":[{"not_picked":["Backflip","Hidden Blade"],"picked":"Deadly Poison","floor":1},{"not_picked":["Heel Hook","Deflect"],"picked":"Blade Dance","floor":2},{"not_picked":["All Out Attack","Prepared"],"picked":"Adrenaline","floor":3},{"not_picked":["Bane","Calculated Gamble"],"picked":"Quick Slash","floor":5},{"not_picked":["Hidden Blade","Slice"],"picked":"Noxious Fumes","floor":6},{"not_picked":["Flying Knee","Underhanded Strike"],"picked":"ReplayTheSpireMod:Tripwire","floor":7},{"not_picked":["Dagger Throw","Blade Dance"],"picked":"Poisoned Stab","floor":8},{"not_picked":["Deflect","Slice"],"picked":"Infinite Blades","floor":10},{"not_picked":["Dash","Masterful Stab"],"picked":"Deadly Poison","floor":11},{"not_picked":["Dash","Slice"],"picked":"Choke","floor":13},{"not_picked":["Venomology","Atom Bomb"],"picked":"Envenom","floor":16},{"not_picked":[],"picked":"Backflip","floor":18},{"not_picked":["Hidden Blade"],"picked":"SKIP","floor":19},{"not_picked":["Quick Slash"],"picked":"SKIP","floor":21}],"player_experience":15335,"relics_obtained":[{"floor":6,"key":"Blood Vial"},{"floor":8,"key":"Strawberry"},{"floor":9,"key":"Replay:WaspNest"},{"floor":13,"key":"Replay:Kaleidoscope"},{"floor":22,"key":"ReplayTheSpireMod:Ring of Collecting"},{"floor":22,"key":"Ring of Peace"}],"event_choices":[{"damage_healed":0,"gold_gain":100,"player_choice":"Pray","damage_taken":0,"max_hp_gain":0,"max_hp_loss":0,"event_name":"Golden Shrine","floor":14,"gold_loss":0}],"is_beta":false,"boss_relics":[{"not_picked":["Coffee Dripper","ChewingGum"],"picked":"Busted Crown"}],"items_purged_floors":[],"is_endless":false,"potions_floor_spawned":[5,8,10,11,13,16,18],"killed_by":"Gremlin Leader","ascension_level":0}}