{"host":"j9610sde00vfp93k","time":1613979099,"event":{"mods":["AchievementEnabler","BaseMod","Dio Mod","Gold Saver","Minty Spire (QoL Compilation)","Permanent Neow","Rare Cards Sparkle","Spire Arcade","StSLib","SuperFastMode"],"gold_per_floor":[421,432,432,607,623,623,374,390,390,404,417,417,433,452,452,555,555,568,568,584,601,601,601],"floor_reached":22,"language":"ENG","playtime":964,"items_purged":["Doubt"],"score":232,"play_id":"8b0ff1e4-4606-41ca-9f89-bdba11b1c706","local_time":"20210222153139","is_ascension_mode":false,"campfire_choices":[{"data":"dioMod:DaggerSpree","floor":6,"key":"SMITH"},{"data":"dioMod:PathToHeaven","floor":15,"key":"SMITH"}],"circlet_count":0,"master_deck":["dioMod:Strike","dioMod:Strike","dioMod:Strike","dioMod:Strike","Bite","dioMod:Defend","dioMod:Defend","dioMod:Defend","dioMod:Defend","dioMod:DaggerSpree+1","dioMod:BlendIn","dioMod:LaserVision","dioMod:LaserVision","dioMod:Minions","Bandage Up","dioMod:DoubleTime","dioMod:StreetSign","dioMod:Minions","dioMod:Muda","dioMod:PathToHeaven+1","dioMod:Regeneration","dioMod:BloodShield","dioMod:Minions","dioMod:VengefulMuda+1"],"relics":["dioMod:VampireBlood","Matryoshka","Sozu"],"acts_visited":["Exordium","TheCity"],"potions_floor_usage":[21,21],"damage_taken":[{"damage":7,"enemies":"Small Slimes","floor":1,"turns":3},{"damage":1,"enemies":"2 Louse","floor":2,"turns":3},{"damage":15,"enemies":"Cultist","floor":5,"turns":4},{"damage":0,"enemies":"2 Fungi Beasts","floor":8,"turns":3},{"damage":6,"enemies":"Large Slime","floor":10,"turns":5},{"damage":18,"enemies":"Exordium Thugs","floor":11,"turns":4},{"damage":12,"enemies":"Blue Slaver","floor":13,"turns":2},{"damage":17,"enemies":"Looter","floor":14,"turns":4},{"damage":0,"enemies":"Slime Boss","floor":16,"turns":6},{"damage":27,"enemies":"Spheric Guardian","floor":18,"turns":4},{"damage":38,"enemies":"Shell Parasite","floor":20,"turns":5},{"damage":39,"enemies":"Cultist and Chosen","floor":21,"turns":6},{"damage":19,"enemies":"Snecko","floor":22,"turns":3}],"seed_played":"-453253355782008961","potions_obtained":[{"floor":2,"key":"SteroidPotion"},{"floor":5,"key":"DistilledChaos"},{"floor":11,"key":"Explosive Potion"},{"floor":13,"key":"DuplicationPotion"}],"is_trial":false,"path_per_floor":["M","M","?","?","M","R","$","M","T","M","M","?","M","M","R","B",null,"M","?","M","M","M"],"character_chosen":"THE_DEFAULT","items_purchased":["dioMod:Minions","Bandage Up"],"campfire_rested":0,"item_purchase_floors":[7,7],"current_hp_per_floor":[75,75,75,75,63,63,63,75,75,75,63,63,58,50,50,68,75,58,58,34,12,0,0],"gold":601,"neow_bonus":"THREE_CARDS","is_daily":false,"chose_seed":false,"campfire_upgraded":2,"win_rate":0.0,"timestamp":1613979099,"path_taken":["M","M","?","?","M","R","$","M","T","M","M","?","M","M","R","BOSS","M","?","M","M","M"],"items_purchased_type":["Card","Card"],"build_version":"2020-12-22","purchased_purges":1,"victory":false,"max_hp_per_floor":[75,75,75,75,75,75,75,75,75,75,75,75,75,75,75,75,75,75,75,75,75,75,75],"card_choices":[{"not_picked":["dioMod:WRYYY","dioMod:BloodShield"],"picked":"dioMod:DaggerSpree","floor":0},{"not_picked":["dioMod:StreetSign","dioMod:Roundabout"],"picked":"dioMod:BlendIn","floor":1},{"not_picked":["dioMod:BloodSuck","dioMod:BloodShield"],"picked":"dioMod:LaserVision","floor":2},{"not_picked":["dioMod:TripleThreat","dioMod:PathToHeaven"],"picked":"dioMod:LaserVision","floor":5},{"not_picked":["dioMod:BloodShield","dioMod:Donut"],"picked":"dioMod:DoubleTime","floor":8},{"not_picked":["dioMod:ComboFever","dioMod:FlyAway"],"picked":"dioMod:StreetSign","floor":10},{"not_picked":["dioMod:DisarmingVoice","dioMod:ComboFever"],"picked":"dioMod:Minions","floor":11},{"not_picked":["dioMod:LaserVision","dioMod:BloodSplash"],"picked":"dioMod:Muda","floor":13},{"not_picked":["dioMod:TripleThreat","dioMod:LaserVision"],"picked":"dioMod:PathToHeaven","floor":14},{"not_picked":["dioMod:PathToHeaven","dioMod:PhantomBlood"],"picked":"dioMod:Regeneration","floor":16},{"not_picked":["dioMod:ComboFever","dioMod:BlendIn"],"picked":"dioMod:BloodShield","floor":18},{"not_picked":["dioMod:CoffinBath+1","dioMod:BloodTransfusion","dioMod:DaggerToss"],"picked":"SKIP","floor":20},{"not_picked":["dioMod:LaserVision","dioMod:DaggerSpree+1"],"picked":"dioMod:VengefulMuda+1","floor":21}],"player_experience":227299,"relics_obtained":[{"floor":9,"key":"Matryoshka"}],"event_choices":[{"damage_healed":0,"gold_gain":0,"player_choice":"Leave","damage_taken":0,"max_hp_gain":0,"max_hp_loss":0,"event_name":"The Cleric","floor":3,"gold_loss":0},{"damage_healed":0,"gold_gain":175,"player_choice":"AGREE","damage_taken":0,"max_hp_gain":0,"max_hp_loss":0,"event_name":"Liars Game","floor":4,"gold_loss":0,"cards_obtained":["Doubt"]},{"damage_healed":0,"gold_gain":0,"player_choice":"Bought 0 Potions","damage_taken":0,"max_hp_gain":0,"max_hp_loss":0,"event_name":"The Woman in Blue","floor":12,"gold_loss":0},{"damage_healed":0,"gold_gain":0,"player_choice":"Read","damage_taken":0,"max_hp_gain":0,"max_hp_loss":0,"event_name":"The Library","floor":19,"gold_loss":0,"cards_obtained":["dioMod:Minions"]}],"is_beta":false,"boss_relics":[{"not_picked":["Cursed Key","SlaversCollar"],"picked":"Sozu"}],"items_purged_floors":[7],"is_endless":false,"potions_floor_spawned":[2,5,11,13,16,20,21],"killed_by":"Snecko","ascension_level":0}}