{"host":"89iuq2p5kwriuwfq","time":1613989323,"event":{"mods":["BaseMod","Curses Come First","Custom Start","Minty Spire (QoL Compilation)","Permanent Neow","StSLib"],"gold_per_floor":[118,129,54,65,65,65,79,79,160,179,189,205,0,0,0,72,72,72,72,72,42,42,42,42,42,42,42,42,42,42,42,42,42,42,42,0,0,0,0,0,0,0,0,0,0,0],"floor_reached":45,"language":"ENG","playtime":3225,"items_purged":["Strike_G","Defend_G"],"score":993,"play_id":"f1cf2870-27f6-40db-a9a5-bc732a26d483","local_time":"20210222102203","is_ascension_mode":true,"campfire_choices":[{"data":"Calculated Gamble","floor":6.0,"key":"SMITH"},{"data":"Grand Finale","floor":8.0,"key":"SMITH"},{"floor":15,"key":"REST"},{"data":"Expertise","floor":27,"key":"SMITH"},{"data":"Acrobatics","floor":29,"key":"SMITH"},{"floor":32,"key":"REST"},{"data":"Burst","floor":41,"key":"SMITH"}],"circlet_count":0,"master_deck":["AscendersBane","Strike_G+1","Defend_G+1","Defend_G+1","Defend_G+1","Defend_G+1","Neutralize","Grand Finale+1","Expertise+1","Dagger Throw","Calculated Gamble+1","Acrobatics+1","Well Laid Plans","Well Laid Plans","Calculated Gamble","Burst+1","Quick Slash","Reflex","Adrenaline+1","Acrobatics"],"relics":["Ring of the Snake","Letter Opener","Ectoplasm","PreservedInsect","Nunchaku","Pear","Singing Bowl","Empty Cage","Red Mask","Toy Ornithopter","Peace Pipe","InkBottle"],"acts_visited":["Exordium","TheCity","TheBeyond"],"potions_floor_usage":[16,23,33,33,45,45],"damage_taken":[{"damage":11.0,"enemies":"Jaw Worm","floor":1.0,"turns":6.0},{"damage":12.0,"enemies":"Cultist","floor":2.0,"turns":6.0},{"damage":2.0,"enemies":"2 Louse","floor":4.0,"turns":3.0},{"damage":0.0,"enemies":"Blue Slaver","floor":7.0,"turns":6.0},{"damage":0.0,"enemies":"Looter","floor":10.0,"turns":2.0},{"damage":6.0,"enemies":"2 Fungi Beasts","floor":11.0,"turns":4.0},{"damage":0,"enemies":"Exordium Wildlife","floor":12,"turns":1},{"damage":21,"enemies":"The Guardian","floor":16,"turns":12},{"damage":1,"enemies":"Chosen","floor":18,"turns":4},{"damage":6,"enemies":"2 Thieves","floor":21,"turns":2},{"damage":5,"enemies":"Gremlin Leader","floor":23,"turns":5},{"damage":0,"enemies":"Slavers","floor":25,"turns":1},{"damage":2,"enemies":"Snake Plant","floor":28,"turns":2},{"damage":0,"enemies":"Chosen and Byrds","floor":31,"turns":4},{"damage":66,"enemies":"Collector","floor":33,"turns":8},{"damage":15,"enemies":"3 Shapes","floor":35,"turns":3},{"damage":2,"enemies":"Orb Walker","floor":38,"turns":4},{"damage":0,"enemies":"Nemesis","floor":40,"turns":1},{"damage":24,"enemies":"Giant Head","floor":42,"turns":6},{"damage":4,"enemies":"Sphere and 2 Shapes","floor":44,"turns":1},{"damage":36,"enemies":"Writhing Mass","floor":45,"turns":3}],"seed_played":"-5557846710938900794","potions_obtained":[{"floor":7.0,"key":"Weak Potion"},{"floor":10.0,"key":"Energy Potion"},{"floor":18,"key":"SteroidPotion"},{"floor":25,"key":"Dexterity Potion"},{"floor":38,"key":"PowerPotion"},{"floor":42,"key":"BlessingOfTheForge"}],"is_trial":false,"path_per_floor":["M","M","$","M","?","R","M","R","T","M","M","M","$","?","R","B",null,"M","?","?","M","$","E","T","E","T","R","M","R","?","M","R","B",null,"M","?","?","M","$","E","R","E","T","M","M"],"character_chosen":"THE_SILENT","items_purchased":["Well Laid Plans","Calculated Gamble"],"campfire_rested":2,"item_purchase_floors":[13,13],"current_hp_per_floor":[33,21,21,19,19,19,19,19,19,19,13,13,13,13,32,11,52,51,51,51,45,45,40,40,50,50,50,48,48,48,50,73,7,60,47,47,47,45,45,47,47,25,25,23,0,0],"gold":0,"neow_bonus":"THREE_RARE_CARDS","is_daily":false,"chose_seed":false,"campfire_upgraded":5,"win_rate":0.0,"timestamp":1613989323,"path_taken":["M","M","$","M","?","R","M","R","T","M","?","M","$","?","R","BOSS","M","?","?","M","$","E","?","E","T","R","M","R","?","M","R","BOSS","M","?","?","?","?","E","R","E","T","M","M"],"items_purchased_type":["Card","Card"],"build_version":"2020-12-22","purchased_purges":2,"victory":false,"max_hp_per_floor":[66,66,66,66,66,66,66,66,66,66,66,66,66,66,66,66,66,66,66,66,66,66,66,66,76,76,76,76,76,76,78,78,78,78,80,80,80,80,80,82,82,84,84,86,86,86],"card_choices":[{"not_picked":["Venomology","Corpse Explosion"],"picked":"Grand Finale","floor":0.0},{"not_picked":["Deflect","PiercingWail"],"picked":"Expertise","floor":1.0},{"not_picked":["Dodge and Roll","Accuracy"],"picked":"Dagger Throw","floor":2.0},{"not_picked":["Quick Slash","Dagger Throw"],"picked":"Calculated Gamble","floor":4.0},{"not_picked":["Concentrate","Outmaneuver","Masterful Stab"],"picked":"SKIP","floor":7.0},{"not_picked":["Leg Sweep","Underhanded Strike"],"picked":"Acrobatics","floor":10.0},{"not_picked":["Slice","Backstab","Corpse Explosion"],"picked":"SKIP","floor":11.0},{"not_picked":["Bane","Slice"],"picked":"Well Laid Plans","floor":12},{"not_picked":["Bullet Time","Die Die Die"],"picked":"Burst","floor":16},{"not_picked":["Dodge and Roll","Choke","Outmaneuver+1"],"picked":"SKIP","floor":18},{"not_picked":["Flying Knee+1","Deflect","Predator"],"picked":"SKIP","floor":21},{"not_picked":["Poisoned Stab+1","Burst"],"picked":"Quick Slash","floor":23},{"not_picked":["Slice","Bane","Dagger Spray"],"picked":"SKIP","floor":25},{"not_picked":["Choke","Slice+1"],"picked":"Reflex","floor":28},{"not_picked":["Calculated Gamble","Flying Knee+1","Dodge and Roll"],"picked":"Singing Bowl","floor":31},{"not_picked":["Storm of Steel","Bullet Time"],"picked":"Adrenaline","floor":33},{"not_picked":["PiercingWail","Infinite Blades","Noxious Fumes+1"],"picked":"Singing Bowl","floor":35},{"not_picked":["Endless Agony","Blade Dance"],"picked":"Acrobatics","floor":38},{"not_picked":["Leg Sweep","Deadly Poison","Blade Dance"],"picked":"Singing Bowl","floor":40},{"not_picked":["Phantasmal Killer","Choke","Blur"],"picked":"Singing Bowl","floor":42},{"not_picked":["Blur","Terror+1","Sucker Punch"],"picked":"Singing Bowl","floor":44}],"player_experience":764158,"relics_obtained":[{"floor":9.0,"key":"Letter Opener"},{"floor":23,"key":"PreservedInsect"},{"floor":24,"key":"Nunchaku"},{"floor":25,"key":"Pear"},{"floor":26,"key":"Singing Bowl"},{"floor":40,"key":"Toy Ornithopter"},{"floor":42,"key":"Peace Pipe"},{"floor":43,"key":"InkBottle"}],"event_choices":[{"cards_removed":["Strike_G"],"damage_healed":0.0,"max_hp_gain":0.0,"max_hp_loss":0.0,"gold_gain":0.0,"event_name":"Purifier","player_choice":"Purged","floor":5.0,"gold_loss":0.0,"damage_taken":0.0},{"cards_removed":["Strike_G"],"damage_healed":0,"gold_gain":0,"player_choice":"Forget","damage_taken":0,"max_hp_gain":0,"max_hp_loss":0,"event_name":"Living Wall","floor":14,"gold_loss":0},{"damage_healed":0,"gold_gain":0,"player_choice":"Simplicity","damage_taken":0,"max_hp_gain":0,"max_hp_loss":0,"event_name":"Back to Basics","floor":19,"gold_loss":0,"cards_upgraded":["Strike_G","Strike_G","Defend_G","Defend_G","Defend_G","Defend_G"]},{"damage_healed":0,"gold_gain":50,"player_choice":"Stole From Cult","damage_taken":0,"max_hp_gain":0,"max_hp_loss":0,"event_name":"Nest","floor":20,"gold_loss":0},{"damage_healed":0,"gold_gain":0,"player_choice":"Ignored","damage_taken":0,"max_hp_gain":0,"max_hp_loss":0,"event_name":"Vampires","floor":30,"gold_loss":0},{"damage_healed":0,"gold_gain":0,"player_choice":"Paid","damage_taken":0,"relics_obtained":["Red Mask"],"max_hp_gain":0,"max_hp_loss":0,"event_name":"Tomb of Lord Red Mask","floor":36,"gold_loss":42},{"damage_healed":0,"gold_gain":0,"player_choice":"Upgraded","damage_taken":0,"max_hp_gain":0,"max_hp_loss":0,"event_name":"Upgrade Shrine","floor":37,"gold_loss":0,"cards_upgraded":["Adrenaline"]}],"is_beta":false,"boss_relics":[{"not_picked":["Coffee Dripper","Cursed Key"],"picked":"Ectoplasm"},{"not_picked":["Black Star","WristBlade"],"picked":"Empty Cage"}],"items_purged_floors":[3,13],"is_endless":false,"potions_floor_spawned":[7,10,12,18,25,38,42,44],"killed_by":"Writhing Mass","ascension_level":15}}