{"host":"jwrrfqk4fsz2wgjc","time":1613971461,"event":{"mods":["BaseMod","Colored Map","Minty Spire (QoL Compilation)","Relic Stats","StSLib"],"gold_per_floor":[114,114,130,141,154,188,113,113,113,113,140,157,169,169,169,270,270,287,305,305,66,76,108,108,142,167,167,186,186,202,202,202,297,297,307,307,326,326,346,381,381,381,407,419,449,475,245,245,245,245,245,245,89,123,123,123],"floor_reached":55,"language":"ENG","playtime":2406,"items_purged":["Zap"],"score":849,"play_id":"5b3ad3f8-7067-48ad-b12a-a7ca5a9e108b","local_time":"20210222082421","is_ascension_mode":true,"campfire_choices":[{"data":"Gash","floor":10.0,"key":"SMITH"},{"data":"Gash","floor":15.0,"key":"SMITH"},{"data":"Defragment","floor":24.0,"key":"SMITH"},{"data":"Blizzard","floor":27.0,"key":"SMITH"},{"data":"Chill","floor":29.0,"key":"SMITH"},{"data":"Machine Learning","floor":32.0,"key":"SMITH"},{"data":"Defragment","floor":41,"key":"SMITH"},{"floor":44,"key":"RECALL"},{"data":"Gash","floor":49,"key":"SMITH"},{"data":"Coolheaded","floor":52,"key":"SMITH"}],"circlet_count":0,"master_deck":["Defend_B","Defend_B","Defend_B","Cold Snap","Gash+1","Coolheaded+1","Chill+1","Gash+1","Conserve Battery","Rebound","Machine Learning+1","Blizzard+1","All For One","Defragment+1","Defragment+1","Bite","Bite","Bite","Bite","Gash+1","Defragment+1","Defragment+1","Go for the Eyes+1"],"relics":["Sozu","Boot","Eternal Feather","Velvet Choker","Bronze Scales","Anchor","Regal Pillow","SlaversCollar","Bottled Tornado","MawBank","HornCleat","OrangePellets","Pocketwatch"],"acts_visited":["Exordium","TheCity","TheBeyond","TheEnding"],"potions_floor_usage":[],"damage_taken":[{"damage":3.0,"enemies":"Cultist","floor":1.0,"turns":5.0},{"damage":2.0,"enemies":"2 Louse","floor":3.0,"turns":2.0},{"damage":7.0,"enemies":"Jaw Worm","floor":4.0,"turns":4.0},{"damage":2.0,"enemies":"3 Louse","floor":5.0,"turns":3.0},{"damage":9.0,"enemies":"3 Sentries","floor":6.0,"turns":13.0},{"damage":4.0,"enemies":"Lots of Slimes","floor":12.0,"turns":5.0},{"damage":0.0,"enemies":"Large Slime","floor":13.0,"turns":6.0},{"damage":29.0,"enemies":"Slime Boss","floor":16.0,"turns":14.0},{"damage":4.0,"enemies":"Chosen","floor":18.0,"turns":6.0},{"damage":7.0,"enemies":"Shell Parasite","floor":19.0,"turns":6.0},{"damage":8.0,"enemies":"Chosen and Byrds","floor":22.0,"turns":8.0},{"damage":34.0,"enemies":"Book of Stabbing","floor":23.0,"turns":7.0},{"damage":5.0,"enemies":"Gremlin Leader","floor":25.0,"turns":7.0},{"damage":0.0,"enemies":"Sentry and Sphere","floor":28.0,"turns":5.0},{"damage":0.0,"enemies":"Snecko","floor":30.0,"turns":6.0},{"damage":11.0,"enemies":"Champ","floor":33.0,"turns":13.0},{"damage":4,"enemies":"Orb Walker","floor":35,"turns":5},{"damage":4,"enemies":"3 Shapes","floor":37,"turns":5},{"damage":6,"enemies":"Sphere and 2 Shapes","floor":39,"turns":5},{"damage":47,"enemies":"Nemesis","floor":40,"turns":7},{"damage":2,"enemies":"Spire Growth","floor":45,"turns":6},{"damage":4,"enemies":"4 Shapes","floor":46,"turns":10},{"damage":0,"enemies":"Time Eater","floor":50,"turns":13},{"damage":38,"enemies":"Shield and Spear","floor":54,"turns":8},{"damage":64,"enemies":"The Heart","floor":55,"turns":8}],"seed_played":"5446792827801132917","potions_obtained":[],"is_trial":false,"path_per_floor":["M","?","M","M","M","E","$","?","T","R","T","M","M","?","R","B",null,"M","M","?","$","M","E","R","E","T","R","M","R","M","?","R","B",null,"M","?","M","?","M","E","R","?","T","R","M","M","$","?","R","B",null,"R","$","E","B"],"character_chosen":"DEFECT","items_purchased":["All For One","Defragment","HornCleat","OrangePellets"],"campfire_rested":0,"item_purchase_floors":[21,21,47,53],"current_hp_per_floor":[72,72,70,63,61,52,52,49,49,55,55,53,55,55,64,37,75,71,66,66,66,60,28,40,37,37,49,51,63,65,65,75,64,75,73,73,75,75,73,40,52,52,52,64,75,75,75,75,75,75,75,75,75,49,0,0],"gold":123,"neow_bonus":"BOSS_RELIC","is_daily":false,"chose_seed":false,"campfire_upgraded":9,"win_rate":0.0,"timestamp":1613971461,"path_taken":["M","?","M","M","?","E","$","?","T","R","?","M","M","?","R","BOSS","M","?","?","$","?","E","R","E","T","R","M","R","M","?","R","BOSS","M","?","?","?","M","E","R","?","T","R","?","M","$","?","R","BOSS","R","$","E","BOSS"],"items_purchased_type":["Card","Card","Relic","Relic"],"build_version":"2020-12-22","purchased_purges":1,"victory":false,"max_hp_per_floor":[75,75,75,75,75,75,75,75,75,75,75,75,75,75,75,75,75,75,75,75,75,75,75,75,75,75,75,75,75,75,75,75,75,75,75,75,75,75,75,75,75,75,75,75,75,75,75,75,75,75,75,75,75,75,75,75],"relic_stats":{"Sozu":13,"OrangePellets":[1],"Regal Pillow":0,"counters":[25,177],"Bronze Scales":[326],"Eternal Feather":85,"Boot":[132],"MawBank":48,"obtain_stats":[{"Regal Pillow":26,"Velvet Choker":17,"Eternal Feather":8,"Bottled Tornado":40,"Boot":6,"MawBank":43,"Sozu":0,"Blood Vial":9,"SlaversCollar":34,"OrangePellets":53,"Anchor":25,"HornCleat":47,"Bronze Scales":23,"Cracked Core":0,"Pocketwatch":54},{"Regal Pillow":13,"Velvet Choker":8,"Eternal Feather":5,"Bottled Tornado":20,"Boot":5,"MawBank":20,"Sozu":0,"Blood Vial":5,"SlaversCollar":16,"OrangePellets":23,"Anchor":13,"HornCleat":22,"Bronze Scales":12,"Cracked Core":0,"Pocketwatch":24},{"Regal Pillow":86,"Velvet Choker":52,"Eternal Feather":27,"Bottled Tornado":132,"Boot":27,"MawBank":132,"Sozu":0,"Blood Vial":27,"SlaversCollar":110,"OrangePellets":161,"Anchor":86,"HornCleat":148,"Bronze Scales":79,"Cracked Core":0,"Pocketwatch":169}],"Pocketwatch":[6]},"card_choices":[{"not_picked":["Hello World","Loop"],"picked":"Cold Snap","floor":1.0},{"not_picked":["Go for the Eyes","Cold Snap"],"picked":"Gash","floor":3.0},{"not_picked":["Auto Shields","Steam"],"picked":"Coolheaded","floor":4.0},{"not_picked":["Streamline","Force Field"],"picked":"Chill","floor":5.0},{"not_picked":["Redo","Sweeping Beam"],"picked":"Gash","floor":6.0},{"not_picked":["Rip and Tear","BootSequence"],"picked":"Conserve Battery","floor":12.0},{"not_picked":["Streamline","Rebound","Amplify"],"picked":"SKIP","floor":13.0},{"not_picked":["Streamline","Amplify"],"picked":"Rebound","floor":13.0},{"not_picked":["Seek","Buffer"],"picked":"Machine Learning","floor":16.0},{"not_picked":["Loop","Glacier"],"picked":"Blizzard","floor":18.0},{"not_picked":["Steam","Redo","Reprogram"],"picked":"SKIP","floor":19.0},{"not_picked":["Hello World","Melter","Stack"],"picked":"SKIP","floor":22.0},{"not_picked":["Capacitor","Coolheaded+1"],"picked":"Defragment+1","floor":23.0},{"not_picked":["Amplify","Hologram","Chill"],"picked":"SKIP","floor":25.0},{"not_picked":["Double Energy+1","Chill","Stack"],"picked":"SKIP","floor":28.0},{"not_picked":["Ball Lightning","Leap+1","Beam Cell"],"picked":"SKIP","floor":30.0},{"not_picked":["Undo","Leap+1","Rebound+1"],"picked":"SKIP","floor":35},{"not_picked":["Coolheaded","Rebound"],"picked":"Defragment","floor":37},{"not_picked":["Streamline+1","Double Energy+1","Amplify"],"picked":"SKIP","floor":39},{"not_picked":["Tempest+1","Rainbow","Static Discharge+1"],"picked":"SKIP","floor":40},{"not_picked":["Conserve Battery","Reprogram"],"picked":"Go for the Eyes+1","floor":45},{"not_picked":["White Noise","Undo+1","FTL"],"picked":"SKIP","floor":46},{"not_picked":["Stack+1","Darkness","Steam+1"],"picked":"SKIP","floor":54}],"player_experience":7450,"relics_obtained":[{"floor":6.0,"key":"Boot"},{"floor":9.0,"key":"Blood Vial"},{"floor":23.0,"key":"Bronze Scales"},{"floor":25.0,"key":"Anchor"},{"floor":26.0,"key":"Regal Pillow"},{"floor":40,"key":"Bottled Tornado"},{"floor":43,"key":"MawBank"},{"floor":54,"key":"Pocketwatch"}],"event_choices":[{"damage_healed":0.0,"max_hp_gain":0.0,"max_hp_loss":0.0,"gold_gain":0.0,"event_name":"Lab","player_choice":"Got Potions","floor":2.0,"gold_loss":0.0,"damage_taken":0.0},{"damage_healed":0.0,"max_hp_gain":0.0,"max_hp_loss":0.0,"gold_gain":0.0,"event_name":"Scrap Ooze","player_choice":"Success","floor":8.0,"gold_loss":0.0,"damage_taken":3.0,"relics_obtained":["Eternal Feather"]},{"cards_removed":["Dualcast"],"damage_healed":0.0,"max_hp_gain":0.0,"max_hp_loss":0.0,"gold_gain":0.0,"event_name":"Purifier","player_choice":"Purged","floor":14.0,"gold_loss":0.0,"damage_taken":0.0},{"damage_healed":0.0,"max_hp_gain":0.0,"max_hp_loss":0.0,"gold_gain":0.0,"event_name":"Match and Keep!","player_choice":"0 cards matched","floor":20.0,"gold_loss":0.0,"damage_taken":0.0,"cards_obtained":[]},{"damage_healed":0.0,"max_hp_gain":0.0,"max_hp_loss":0.0,"gold_gain":0.0,"event_name":"Vampires","player_choice":"Became a vampire (Vial)","floor":31.0,"relics_lost":["Blood Vial"],"gold_loss":0.0,"damage_taken":0.0,"cards_obtained":["Bite","Bite","Bite","Bite","Bite"]},{"damage_healed":0,"gold_gain":0,"cards_transformed":["Defend_B"],"player_choice":"Transformed","damage_taken":0,"max_hp_gain":0,"max_hp_loss":0,"event_name":"Transmorgrifier","floor":36,"gold_loss":0,"cards_obtained":["Gash"]},{"cards_removed":["Bite"],"damage_healed":0,"gold_gain":0,"player_choice":"Removed Attack","damage_taken":0,"max_hp_gain":0,"max_hp_loss":0,"event_name":"Falling","floor":38,"gold_loss":0},{"damage_healed":0,"gold_gain":0,"player_choice":"Copied","damage_taken":0,"max_hp_gain":0,"max_hp_loss":0,"event_name":"Duplicator","floor":42,"gold_loss":0,"cards_obtained":["Defragment"]},{"damage_healed":0,"gold_gain":0,"player_choice":"Ignored","damage_taken":0,"max_hp_gain":0,"max_hp_loss":0,"event_name":"Tomb of Lord Red Mask","floor":48,"gold_loss":0}],"is_beta":false,"boss_relics":[{"not_picked":["Cursed Key","Philosopher\u0027s Stone"],"picked":"Velvet Choker"},{"not_picked":["Snecko Eye","Coffee Dripper"],"picked":"SlaversCollar"}],"items_purged_floors":[7],"is_endless":false,"potions_floor_spawned":[1,3,6,13,18,19,30,33,35,45],"killed_by":"The Heart","ascension_level":1}}