{"host":"2uowsvn2ljd29942","time":1613973926,"event":{"mods":["BaseMod","Better Third Choice","Block Reminder","Colored Map","Colored Powertips","Dark Map","DeckTracker","Highlight Path","LagranYue(???·?)","Marisa????????","Minty Spire (QoL Compilation)","Permanent Neow","Quick Restart","Random Character Button","Rare Cards Sparkle","Relic Sorter","Relic Stats","StSLib","The Bug Knight","The Cursed","The Exalted","The Senshi","The Servant 0.9.4","WarShipGirlsR/????R mod","Yuri Mod","everything is the same but u backflip on backflip","slay the spire mod where everything is the same but ironclad has a cowboy hat"],"gold_per_floor":[99,119,134,152,176,188,210,222,234,273,285,330,358,386,398,410,410],"floor_reached":16,"language":"ENG","playtime":5376,"items_purged":[],"score":164,"play_id":"5fc5b740-3807-4709-9173-28817a80fb62","local_time":"20210222000526","is_ascension_mode":false,"campfire_choices":[{"data":"HollowMod:HowlingWraiths","floor":6.0,"key":"SMITH"},{"data":"HollowMod:MawleksShell","floor":8.0,"key":"SMITH"},{"floor":11.0,"key":"REST"},{"floor":15.0,"key":"REST"}],"circlet_count":0,"master_deck":["HollowMod:NailStrikeStart","HollowMod:NailStrikeStart","HollowMod:NailStrikeStart","HollowMod:NailStrikeStart","HollowMod:QuickDashStart","HollowMod:QuickDashStart","HollowMod:QuickDashStart","HollowMod:QuickDashStart","HollowMod:FocusHealStart","HollowMod:PogoStrike","HollowMod:DoubleDash","HollowMod:SoulStrike","HollowMod:HowlingWraiths+1","HollowMod:MawleksShell+1","HollowMod:PerfectDash","HollowMod:GoodIntentions","HollowMod:CloakDash"],"relics":["HollowMod:VesselMask","LagranYue:RandomDrawCardRelic","Omamori","MawBank","HollowMod:PaleOreRelic","Mango"],"acts_visited":["Exordium"],"potions_floor_usage":[],"damage_taken":[{"damage":0.0,"enemies":"Cultist","floor":1.0,"turns":4.0},{"damage":6.0,"enemies":"Jaw Worm","floor":2.0,"turns":2.0},{"damage":2.0,"enemies":"Small Slimes","floor":3.0,"turns":4.0},{"damage":11.0,"enemies":"Gremlin Gang","floor":4.0,"turns":7.0},{"damage":7.0,"enemies":"Blue Slaver","floor":7.0,"turns":4.0},{"damage":51.0,"enemies":"Lagavulin","floor":10.0,"turns":9.0},{"damage":32.0,"enemies":"Gremlin Nob","floor":12.0,"turns":6.0},{"damage":1.0,"enemies":"2 Fungi Beasts","floor":13.0,"turns":2.0},{"damage":0.0,"enemies":"Looter","floor":14.0,"turns":4.0},{"damage":22.0,"enemies":"Slime Boss","floor":16.0,"turns":10.0}],"seed_played":"5503094296160180341","potions_obtained":[{"floor":10.0,"key":"BlessingOfTheForge"},{"floor":14.0,"key":"Dexterity Potion"}],"is_trial":false,"path_per_floor":["M","M","M","M","T","R","M","R","T","E","R","E","M","M","R","B"],"character_chosen":"THE_BUGKNIGHT","items_purchased":[],"campfire_rested":2,"item_purchase_floors":[],"current_hp_per_floor":[75,69,73,68,68,68,61,61,61,16,38,30,29,35,61,39,39],"gold":410,"neow_bonus":"RANDOM_COMMON_RELIC","is_daily":false,"chose_seed":false,"campfire_upgraded":2,"win_rate":0.0,"timestamp":1613973926,"path_taken":["M","M","M","?","?","R","M","R","T","E","R","E","M","M","R","BOSS","BOSS"],"items_purchased_type":[],"build_version":"2020-12-22","purchased_purges":0,"victory":false,"max_hp_per_floor":[75,75,75,75,75,75,75,75,75,75,75,89,89,89,89,89,89],"relic_stats":{"counters":[10,52],"MawBank":132,"obtain_stats":[{"LagranYue:RandomDrawCardRelic":0,"HollowMod:VesselMask":0,"Mango":12,"Omamori":0,"HollowMod:PaleOreRelic":10,"MawBank":5},{"LagranYue:RandomDrawCardRelic":0,"HollowMod:VesselMask":0,"Mango":7,"Omamori":0,"HollowMod:PaleOreRelic":6,"MawBank":4},{"LagranYue:RandomDrawCardRelic":0,"HollowMod:VesselMask":0,"Mango":36,"Omamori":0,"HollowMod:PaleOreRelic":30,"MawBank":17}]},"card_choices":[{"not_picked":["HollowMod:FallenFury","HollowMod:FastStrike"],"picked":"HollowMod:DoubleDash","floor":2.0},{"not_picked":["HollowMod:SharpenedNail","HollowMod:DescendingDark"],"picked":"HollowMod:SoulStrike","floor":3.0},{"not_picked":["HollowMod:DashSlash","HollowMod:DesolateDive"],"picked":"HollowMod:HowlingWraiths","floor":4.0},{"not_picked":["HollowMod:GrimmsGift","HollowMod:VengefulVoid"],"picked":"HollowMod:MawleksShell","floor":7.0},{"not_picked":["HollowMod:HowlingWraiths","HollowMod:CycloneSlash"],"picked":"HollowMod:PerfectDash","floor":10.0},{"not_picked":["HollowMod:ShapeofUnn","HollowMod:CoiledNail","HollowMod:CornifersMapStart"],"picked":"SKIP","floor":12.0},{"not_picked":["HollowMod:NewInfectedGuardian","HollowMod:DesolateDive"],"picked":"HollowMod:GoodIntentions","floor":13.0},{"not_picked":["HollowMod:ShadowDash","HollowMod:CrystalDash"],"picked":"HollowMod:CloakDash","floor":14.0}],"player_experience":298185,"relics_obtained":[{"floor":5.0,"key":"MawBank"},{"floor":10.0,"key":"HollowMod:PaleOreRelic"},{"floor":12.0,"key":"Mango"}],"event_choices":[],"is_beta":false,"boss_relics":[],"items_purged_floors":[],"is_endless":false,"potions_floor_spawned":[1,10,14],"killed_by":"Slime Boss","ascension_level":0}}