{"host":"ypphcgdomtfqpc2w","time":1613981643,"event":{"mods":["BaseMod","Marisa（霧雨　魔理沙）","Minty Spire (QoL Compilation)","StSLib"],"gold_per_floor":[110,124,140,160,160,194,194,226,226,226,256,52,67,82,82,155,155,172,42,53,103,113,113,139,156,182,193,218,218,249,268,268,340,340,360,370,419,99,0,28,28,59,59,59,84,84,84,84,84,84,84,84,5,37,37],"floor_reached":56,"language":"ENG","playtime":4966,"items_purged":["Eruption","Strike_P","Strike_P"],"score":2317,"play_id":"5bad497e-f633-46f7-b0df-91c8caf9bc78","local_time":"20210222171403","is_ascension_mode":true,"campfire_choices":[{"data":"Vault","floor":7.0,"key":"SMITH"},{"data":"Vigilance","floor":10.0,"key":"SMITH"},{"data":"CrushJoints","floor":15.0,"key":"SMITH"},{"data":"1","floor":23.0,"key":"LIFT"},{"data":"2","floor":29.0,"key":"LIFT"},{"floor":32.0,"key":"REST"},{"data":"3","floor":41,"key":"LIFT"},{"floor":44,"key":"REST"},{"floor":46,"key":"RECALL"},{"floor":49,"key":"REST"},{"floor":52,"key":"REST"}],"circlet_count":0,"master_deck":["AscendersBane","Defend_P","Defend_P","Vigilance+1","Devotion+1","ClearTheMind+1","Wallop+1","ReachHeaven","ThirdEye","DeceiveReality","Tantrum","Vault+1","CutThroughFate","MentalFortress","WheelKick","CrushJoints+1","Devotion","InnerPeace","Weave","WaveOfTheHand","Protect","Prostrate","TalkToTheHand","Meditate","Halt","Ragnarok","Protect+1","TalkToTheHand","Adaptation","Wireheading+1"],"relics":["Astrolabe","Bag of Marbles","Girya","Dead Branch","Turnip","Membership Card","Fusion Hammer","Frozen Eye","Darkstone Periapt","MealTicket","CaptainsWheel","Prayer Wheel","VioletLotus","Pocketwatch","Sundial","ClockworkSouvenir","Red Mask","StoneCalendar","Centennial Puzzle","Blood Vial","Damaru","Unceasing Top"],"acts_visited":["Exordium","TheCity","TheBeyond","TheEnding"],"potions_floor_usage":[54,55],"damage_taken":[{"damage":0.0,"enemies":"Jaw Worm","floor":1.0,"turns":4.0},{"damage":0.0,"enemies":"Cultist","floor":2.0,"turns":3.0},{"damage":0.0,"enemies":"Small Slimes","floor":3.0,"turns":2.0},{"damage":0.0,"enemies":"2 Fungi Beasts","floor":4.0,"turns":2.0},{"damage":9.0,"enemies":"3 Sentries","floor":6.0,"turns":8.0},{"damage":0.0,"enemies":"Lagavulin","floor":8.0,"turns":4.0},{"damage":6.0,"enemies":"3 Sentries","floor":11.0,"turns":6.0},{"damage":0.0,"enemies":"Large Slime","floor":13.0,"turns":6.0},{"damage":0.0,"enemies":"Exordium Thugs","floor":14.0,"turns":3.0},{"damage":6.0,"enemies":"Slime Boss","floor":16.0,"turns":5.0},{"damage":0.0,"enemies":"3 Byrds","floor":18.0,"turns":6.0},{"damage":0.0,"enemies":"2 Thieves","floor":20.0,"turns":2.0},{"damage":5.0,"enemies":"Snake Plant","floor":22.0,"turns":4.0},{"damage":21.0,"enemies":"Slavers","floor":24.0,"turns":3.0},{"damage":0.0,"enemies":"Cultist and Chosen","floor":25.0,"turns":6.0},{"damage":7.0,"enemies":"3 Cultists","floor":27.0,"turns":4.0},{"damage":4.0,"enemies":"Gremlin Leader","floor":28.0,"turns":5.0},{"damage":0.0,"enemies":"Book of Stabbing","floor":30.0,"turns":4.0},{"damage":0.0,"enemies":"Centurion and Healer","floor":31.0,"turns":5.0},{"damage":12.0,"enemies":"Collector","floor":33.0,"turns":8.0},{"damage":0.0,"enemies":"3 Darklings","floor":35.0,"turns":5.0},{"damage":2.0,"enemies":"Orb Walker","floor":36.0,"turns":5.0},{"damage":35.0,"enemies":"2 Orb Walkers","floor":37.0,"turns":6.0},{"damage":4,"enemies":"Reptomancer","floor":40,"turns":5},{"damage":2,"enemies":"Giant Head","floor":42,"turns":6},{"damage":0,"enemies":"Nemesis","floor":45,"turns":2},{"damage":13,"enemies":"Donu and Deca","floor":50,"turns":11},{"damage":32,"enemies":"Shield and Spear","floor":54,"turns":7},{"damage":1,"enemies":"The Heart","floor":55,"turns":9}],"seed_played":"7067126104520305331","potions_obtained":[{"floor":1.0,"key":"GamblersBrew"},{"floor":8.0,"key":"AttackPotion"},{"floor":20.0,"key":"SkillPotion"},{"floor":25.0,"key":"Block Potion"},{"floor":33.0,"key":"Strength Potion"},{"floor":36.0,"key":"Swift Potion"},{"floor":37.0,"key":"Energy Potion"},{"floor":48,"key":"Swift Potion"}],"is_trial":false,"path_per_floor":["M","M","M","M","?","E","R","E","T","R","E","$","M","M","R","B",null,"M","$","M","?","M","R","E","M","T","M","E","R","E","M","R","B",null,"M","M","?","$","?","E","R","E","T","R","E","R","?","?","R","B",null,"R","$","E","B",null],"character_chosen":"WATCHER","items_purchased":["Membership Card","Frozen Eye","Sundial","ClockworkSouvenir","TalkToTheHand","Damaru"],"campfire_rested":4,"item_purchase_floors":[12,19,38,38,38,53],"current_hp_per_floor":[61,61,61,61,61,52,52,52,52,52,46,46,46,46,46,40,61,61,61,61,61,56,56,35,35,35,28,24,24,24,24,44,32,59,59,57,22,37,37,33,33,31,31,51,51,51,51,51,65,52,62,65,65,33,34],"gold":37,"neow_bonus":"BOSS_RELIC","is_daily":false,"chose_seed":false,"campfire_upgraded":3,"win_rate":0.0,"timestamp":1613981643,"path_taken":["M","M","M","M","?","E","R","E","T","R","E","$","M","M","R","BOSS","M","$","M","?","?","R","E","M","T","M","E","R","E","M","R","BOSS","M","M","?","$","?","E","R","E","T","R","E","R","?","?","R","BOSS","R","$","E","BOSS"],"items_purchased_type":["Relic","Relic","Relic","Relic","Card","Relic"],"build_version":"2020-12-22","purchased_purges":3,"victory":true,"max_hp_per_floor":[68,68,68,68,68,68,68,68,68,68,68,68,68,68,68,68,68,68,68,68,68,68,68,68,68,68,68,68,68,68,68,68,68,68,68,68,68,68,68,68,68,68,68,68,68,68,65,65,65,65,65,65,65,65,65],"card_choices":[{"not_picked":["FollowUp","EmptyFist"],"picked":"ReachHeaven","floor":1.0},{"not_picked":["ClearTheMind","FollowUp","Worship"],"picked":"SKIP","floor":2.0},{"not_picked":["FlyingSleeves","InnerPeace"],"picked":"ThirdEye","floor":3.0},{"not_picked":["EmptyBody","Crescendo"],"picked":"DeceiveReality","floor":4.0},{"not_picked":["TalkToTheHand","Halt"],"picked":"Vault","floor":6.0},{"not_picked":["PathToVictory","LikeWater"],"picked":"CutThroughFate","floor":8.0},{"not_picked":["SignatureMove","InnerPeace"],"picked":"MentalFortress","floor":11.0},{"not_picked":["InnerPeace","Protect"],"picked":"WheelKick","floor":13.0},{"not_picked":["Swivel","Evaluate"],"picked":"CrushJoints","floor":14.0},{"not_picked":["ConjureBlade","Ragnarok"],"picked":"Devotion","floor":16.0},{"not_picked":["FollowUp","LikeWater"],"picked":"InnerPeace","floor":18.0},{"not_picked":["PathToVictory+1","Consecrate"],"picked":"Weave","floor":20.0},{"not_picked":["CarveReality","SashWhip"],"picked":"WaveOfTheHand","floor":22.0},{"not_picked":["Indignation","FlurryOfBlows"],"picked":"Protect","floor":24.0},{"not_picked":["BowlingBash+1","Collect"],"picked":"Prostrate","floor":25.0},{"not_picked":["CutThroughFate+1","Perseverance"],"picked":"TalkToTheHand","floor":27.0},{"not_picked":["CarveReality","FlyingSleeves"],"picked":"Meditate","floor":28.0},{"not_picked":["LikeWater","Swivel+1","EmptyBody"],"picked":"SKIP","floor":30.0},{"not_picked":["PathToVictory+1","SignatureMove"],"picked":"Halt","floor":31.0},{"not_picked":["ClearTheMind+1","ReachHeaven","JustLucky"],"picked":"SKIP","floor":31.0},{"not_picked":["ConjureBlade","Devotion"],"picked":"Ragnarok","floor":33.0},{"not_picked":["Prostrate","JustLucky","Weave"],"picked":"SKIP","floor":35.0},{"not_picked":["Protect","InnerPeace","MentalFortress"],"picked":"SKIP","floor":35.0},{"not_picked":["ForeignInfluence","Pray","FlyingSleeves"],"picked":"SKIP","floor":36.0},{"not_picked":["Halt","BowlingBash","Prostrate+1"],"picked":"SKIP","floor":36.0},{"not_picked":["FollowUp","BowlingBash"],"picked":"Protect+1","floor":37.0},{"not_picked":["WheelKick","EmptyFist","Halt"],"picked":"SKIP","floor":40},{"not_picked":["ClearTheMind","Omniscience"],"picked":"Adaptation","floor":42},{"not_picked":["Judgement","Prostrate"],"picked":"Wireheading+1","floor":45},{"not_picked":["FollowUp+1","InnerPeace+1","SashWhip"],"picked":"SKIP","floor":54}],"player_experience":3369597,"relics_obtained":[{"floor":6.0,"key":"Bag of Marbles"},{"floor":8.0,"key":"Girya"},{"floor":9.0,"key":"Dead Branch"},{"floor":11.0,"key":"Turnip"},{"floor":24.0,"key":"Darkstone Periapt"},{"floor":26.0,"key":"MealTicket"},{"floor":28.0,"key":"CaptainsWheel"},{"floor":30.0,"key":"Prayer Wheel"},{"floor":37.0,"key":"Pocketwatch"},{"floor":40,"key":"StoneCalendar"},{"floor":42,"key":"Centennial Puzzle"},{"floor":45,"key":"Blood Vial"},{"floor":54,"key":"Unceasing Top"}],"event_choices":[{"damage_healed":0.0,"max_hp_gain":0.0,"max_hp_loss":0.0,"gold_gain":0.0,"cards_transformed":["Defend_P"],"event_name":"Transmorgrifier","player_choice":"Transformed","floor":5.0,"gold_loss":0.0,"damage_taken":0.0,"cards_obtained":["Tantrum"]},{"damage_healed":0.0,"max_hp_gain":0.0,"max_hp_loss":0.0,"gold_gain":100.0,"event_name":"The Joust","player_choice":"Bet on Murderer","floor":21.0,"gold_loss":50.0,"damage_taken":0.0},{"damage_healed":0.0,"max_hp_gain":0.0,"max_hp_loss":0.0,"gold_gain":0.0,"event_name":"Mysterious Sphere","player_choice":"Fight","floor":37.0,"gold_loss":0.0,"damage_taken":0.0},{"damage_healed":0.0,"max_hp_gain":0.0,"max_hp_loss":0.0,"gold_gain":0.0,"event_name":"Tomb of Lord Red Mask","player_choice":"Paid","floor":39.0,"gold_loss":99.0,"damage_taken":0.0,"relics_obtained":["Red Mask"]},{"damage_healed":0,"gold_gain":0,"player_choice":"Max HP","damage_taken":0,"max_hp_gain":0,"max_hp_loss":3,"event_name":"Winding Halls","floor":47,"gold_loss":0},{"damage_healed":0,"gold_gain":0,"player_choice":"Got Potions","damage_taken":0,"max_hp_gain":0,"max_hp_loss":0,"event_name":"Lab","floor":48,"gold_loss":0}],"is_beta":false,"boss_relics":[{"not_picked":["Calling Bell","Ectoplasm"],"picked":"Fusion Hammer"},{"not_picked":["Coffee Dripper","Cursed Key"],"picked":"VioletLotus"}],"items_purged_floors":[12,19,38],"is_endless":false,"potions_floor_spawned":[1,8,11,13,14,20,22,25,33,36,37],"ascension_level":18}}