{"host":"f0dbpmn0khgeoqc0","time":1613975955,"event":{"mods":["2.2 Compatiblity","AchievementEnabler","Act Like it!","Ascension Unlocker","Aspiration","BaseMod","Better Altar","Better Match","Better Sensory Stone","Better Skull","Better Third Choice","BetterRewards","Block Reminder","Colored Map","Colored Powertips","Conspire","DNKmod","Disable Question Mark Monsters","Displayed Cursed Tome","Evolution","Friendly Minions","Hermit","Highlight Path","Humility","Infinite Spire","Jorbs\u0027s Wanderer Trilogy","Koishi","Marisa????????","Minty Spire (QoL Compilation)","Monster B Gone","MostiFishMod","Permanent Neow","Random Character Button","Relic Filter","Relic Stats","Replay The Spire","Spicy Shops","Spire Arcade","StSLib","Td1madao Mod","The Gatherer","Treasure Hunter","Wandering Minibosses","??????REMEMod"],"gold_per_floor":[1296,785,795,795,374,418,418,461,487,503,503,542,188,203,203,294,294,308,0,0,0,15,50,50,86,86,117,97,97,146,169,169,296,296,338,394,55,55,105,105,105,105,168,168,186,186,259,290,290,361,361,361,361,361],"floor_reached":53,"language":"ENG","playtime":2774,"items_purged":["Sickly","Injury"],"score":2070,"play_id":"1cf4b75a-1ebf-409f-b700-146669039b68","local_time":"20210222013915","is_ascension_mode":true,"campfire_choices":[{"data":"Mind Blast","floor":15.0,"key":"SMITH"},{"data":"REME_Scribble","floor":15.0,"key":"SMITH"},{"data":"Inflame","floor":24.0,"key":"SMITH"},{"data":"Armaments","floor":24.0,"key":"SMITH"},{"data":"Pummel","floor":32.0,"key":"SMITH"},{"data":"Pummel","floor":32.0,"key":"SMITH"},{"floor":42.0,"key":"RECALL"},{"floor":44.0,"key":"REST"},{"data":"Bash","floor":46.0,"key":"SMITH"},{"data":"Pommel Strike","floor":46.0,"key":"SMITH"},{"data":"Barricade","floor":51.0,"key":"SMITH"},{"data":"Shockwave","floor":51.0,"key":"SMITH"}],"circlet_count":0,"master_deck":["AscendersBane","Iron Wave","Sword Boomerang","Pommel Strike+1","Cleave","Headbutt","True Grit+1","Armaments+1","Shrug It Off","True Grit+1","Bash+1","TreasureHunter","REME_SingleHolding","infinitespire:TheBestDefense","Thunderclap","Inflame+1","Mind Blast+1","Pummel+1","Pummel+1","TH:CursedSword+1","ReplayTheSpireMod:Limb From Limb+1","TH:CursedSword+1","Pummel+1","TH:CursedSword+1","Shockwave+1","Clothesline+1","Dark Embrace","Twin Strike+1","Headbutt+1","REME_Scribble+1","Thunderclap+1","TH:BikiniMail","Barricade+1","CurseOfTheBell","Spot Weakness+1","Bludgeon+1","TH:ElvenBoots+1","Demon Form+1","TH:TreasureMap+1","Massacre+1","Replay:Hysterical Blindness","TH:BikiniMail+1","TH:TreasureMap+1","conspire:HitWhereItHurts+1","TH:BikiniMail+1","MostiFishMod:KnuckleDown+1","MostiFishMod:RacingGame+1","TH:TreasureMap+1","Limit Break+1","Infernal Blade","Heavy Blade+1","Whirlwind+1","Whirlwind+1","TH:PixieDust+1","Sever Soul+1","infinitespire:Pacifist","TH:TreasureMap+1","TH:TreasureMap+1","Impervious+1","TH:CursedSword+1","Power Through+1"],"relics":["EVO:Axolotl","DaveBox","REME_ComplimentaryCards","Nloth\u0027s Gift","Black Star","SynthV:TestCard","Golden Idol","conspire:Boomerang","Ginger","Oddly Smooth Stone","Matryoshka","Replay:Bottled Snecko","Vajra","War Paint","Molten Egg 2","Pantograph","aspiration:SeaSaltIceCream","Replay:Arrowhead","Whetstone","ReplayTheSpireMod:CursedCoin","Potion Belt","Orrery","Replay:Grab Bag","Cursed Key","Busted Crown","RhineCircuit","Calling Bell","Red Skull","Golden Egg","Replay:Kaleidoscope","Replay:Bottled Eggs","Counterbalance","Bottled Lightning","ReplayTheSpireMod:Lightbulb","infinitespire:EmpoweringShard","Juzu Bracelet","Replay:Baseball","Boot","OriginationStaff","CeramicFish","Nunchaku","infinitespire:EvilPickle","xbg","wanderingMiniBosses:ThiefScarf","Membership Card","Torii","Chameleon Ring","Art of War","Dead Branch","Bag of Marbles","Happy Flower","Bag of Preparation","Centennial Puzzle","aspiration:Legacy_Headhunter","Ice Cream"],"acts_visited":["Exordium","TheCity","TheBeyond"],"potions_floor_usage":[],"damage_taken":[{"damage":0.0,"enemies":"Jaw Worm","floor":1.0,"turns":3.0},{"damage":1.0,"enemies":"2 Louse","floor":3.0,"turns":2.0},{"damage":23.0,"enemies":"Lagavulin","floor":6.0,"turns":6.0},{"damage":4.0,"enemies":"Replay:BlueRogue","floor":8.0,"turns":2.0},{"damage":0.0,"enemies":"conspire:RoseBush","floor":10.0,"turns":1.0},{"damage":10.0,"enemies":"Lagavulin","floor":12.0,"turns":5.0},{"damage":0.0,"enemies":"2 Fungi Beasts","floor":14.0,"turns":2.0},{"damage":34.0,"enemies":"Hexaghost","floor":16.0,"turns":7.0},{"damage":3.0,"enemies":"conspire:FuzzyDice","floor":18.0,"turns":2.0},{"damage":5.0,"enemies":"2 Thieves","floor":22.0,"turns":2.0},{"damage":0.0,"enemies":"conspire:Head Lice","floor":23.0,"turns":2.0},{"damage":3.0,"enemies":"REME_1_Revenger","floor":25.0,"turns":1.0},{"damage":12.0,"enemies":"Replay:Snechameleon","floor":27.0,"turns":2.0},{"damage":6.0,"enemies":"conspire:Head Lice","floor":30.0,"turns":2.0},{"damage":3.0,"enemies":"Snake Plant","floor":31.0,"turns":1.0},{"damage":40.0,"enemies":"Pondfish","floor":33.0,"turns":7.0},{"damage":24.0,"enemies":"3 Darklings","floor":35.0,"turns":3.0},{"damage":26.0,"enemies":"3 Shapes","floor":36.0,"turns":2.0},{"damage":2.0,"enemies":"R_Hoarder","floor":43.0,"turns":2.0},{"damage":11.0,"enemies":"Nemesis","floor":47.0,"turns":3.0},{"damage":3.0,"enemies":"Jaw Worm Horde","floor":48.0,"turns":2.0},{"damage":0.0,"enemies":"R_Hoarder","floor":50.0,"turns":2.0},{"damage":5.0,"enemies":"Replay:Hell Engine","floor":52.0,"turns":4.0},{"damage":999,"enemies":"Donu and Deca","floor":53,"turns":1}],"seed_played":"5458550916672348239","potions_obtained":[{"floor":6.0,"key":"BlessingOfTheForge"},{"floor":8.0,"key":"Venom Potion"},{"floor":14.0,"key":"DistilledChaos"},{"floor":22.0,"key":"ColorlessPotion"},{"floor":23.0,"key":"BloodPotion"},{"floor":33.0,"key":"Milkshake"},{"floor":43.0,"key":"SkillPotion"},{"floor":48.0,"key":"ColorlessPotion"}],"is_trial":false,"path_per_floor":["M","?","M","?","$","E","?","E","T","M","?","E","$","M","R","B",null,"M","$","?","?","M","E","R","E","T","E","?","$","E","M","R","B",null,"M","M","$","?","?","PTL","PTL","R","E","R","T","R","E","M","?","E","R","B","B"],"character_chosen":"IRONCLAD","items_purchased":["Inflame","Mind Blast","Pummel","ReplayTheSpireMod:CursedCoin","Potion Belt","Orrery","Spot Weakness","Replay:Bottled Eggs","Membership Card","Torii","Whirlwind+1"],"campfire_rested":1,"item_purchase_floors":[5,5,5,13,13,13,19,19,37,37,37],"current_hp_per_floor":[73,73,72,72,72,49,54,50,50,50,50,40,40,40,40,34,69,69,69,64,64,59,59,59,59,59,50,50,50,47,47,47,54,87,66,43,43,43,43,43,43,43,44,76,76,76,68,68,71,74,74,101,0,0],"gold":361,"neow_bonus":"BOSS_RELIC","is_daily":false,"chose_seed":false,"campfire_upgraded":10,"win_rate":0.0,"timestamp":1613975955,"path_taken":["M","?","M","?","$","E","?","E","T","M","?","E","$","?","R","BOSS","M","$","?","?","M","E","R","E","T","E","?","?","E","M","R","BOSS","M","M","$","?","?","PTL","PTL","R","E","R","T","R","E","M","?","E","R","BOSS","BOSS"],"items_purchased_type":["Card","Card","Card","Relic","Relic","Relic","Card","Relic","Relic","Relic","Card"],"build_version":"2020-12-22","purchased_purges":2,"victory":false,"max_hp_per_floor":[80,80,80,72,72,72,77,77,77,77,77,77,77,77,77,80,80,83,83,83,83,83,83,83,86,86,89,89,89,92,95,95,98,98,101,104,104,104,104,104,104,104,107,107,107,107,110,113,113,116,116,119,119,119],"relic_stats":{"Torii":4,"Happy Flower":[3],"counters":[24,66],"Golden Idol":158,"CeramicFish":153,"Dead Branch":[19],"Juzu Bracelet":2,"Bag of Preparation":[2],"Ginger":[11],"Whetstone":["Pummel","ReplayTheSpireMod:Limb From Limb"],"War Paint":["True Grit","True Grit"],"Cursed Key":2,"Boot":[50],"Nunchaku":[6],"Centennial Puzzle":[3],"Busted Crown":94,"Pantograph":93,"Nloth\u0027s Gift":24,"Black Star":10,"Art of War":[0],"obtain_stats":[{"Ice Cream":53,"Golden Egg":17,"CeramicFish":30,"Vajra":9,"EVO:Axolotl":0,"Ginger":6,"Whetstone":12,"Boot":27,"Centennial Puzzle":50,"infinitespire:ShieldingShard":50,"MealTicket":48,"infinitespire:Golems Mask":50,"wanderingMiniBosses:ThiefScarf":35,"Happy Flower":47,"ReplayTheSpireMod:CursedCoin":13,"Replay:Grab Bag":17,"Counterbalance":23,"Dead Branch":45,"Oddly Smooth Stone":8,"conspire:Boomerang":6,"aspiration:SeaSaltIceCream":12,"Replay:Kaleidoscope":17,"War Paint":9,"Question Card":36,"RhineCircuit":17,"infinitespire:EvilPickle":33,"Replay:Baseball":26,"REME_HourglassOfDeath":52,"Ooze Armor":0,"infinitespire:Broken Mirror":47,"Molten Egg 2":11,"Nloth\u0027s Gift":0,"Black Star":1,"infinitespire:EmpoweringShard":25,"OriginationStaff":27,"xbg":34,"DaveBox":0,"Torii":37,"Juzu Bracelet":26,"Bag of Preparation":50,"Cursed Key":17,"Burning Blood":0,"Nunchaku":30,"Matryoshka":8,"Chameleon Ring":43,"Pantograph":12,"Gambling Chip":48,"Replay:Bottled Snecko":8,"Replay:Bottled Eggs":19,"Red Skull":17,"Paper Frog":43,"aspiration:Legacy_Headhunter":53,"Potion Belt":13,"Golden Idol":4,"PreservedInsect":36,"Replay:Arrowhead":12,"Calling Bell":17,"SynthV:TestCard":1,"Busted Crown":17,"Orrery":13,"Art of War":43,"Bag of Marbles":47,"Snack Pack":52,"Bottled Lightning":23,"Membership Card":37,"REME_PuzzleBoxRelic":6,"ReplayTheSpireMod:Lightbulb":25,"TungstenRod":43,"REME_ComplimentaryCards":0},{"Ice Cream":23,"Golden Egg":8,"CeramicFish":14,"Vajra":4,"EVO:Axolotl":0,"Ginger":3,"Whetstone":6,"Boot":13,"Centennial Puzzle":22,"infinitespire:ShieldingShard":21,"MealTicket":20,"infinitespire:Golems Mask":21,"wanderingMiniBosses:ThiefScarf":17,"Happy Flower":20,"ReplayTheSpireMod:CursedCoin":6,"Replay:Grab Bag":8,"Counterbalance":11,"Dead Branch":19,"Oddly Smooth Stone":4,"conspire:Boomerang":3,"aspiration:SeaSaltIceCream":6,"Replay:Kaleidoscope":8,"War Paint":4,"Question Card":17,"RhineCircuit":8,"infinitespire:EvilPickle":16,"Replay:Baseball":12,"REME_HourglassOfDeath":22,"Ooze Armor":0,"infinitespire:Broken Mirror":19,"Molten Egg 2":5,"Nloth\u0027s Gift":0,"Black Star":1,"infinitespire:EmpoweringShard":12,"OriginationStaff":13,"xbg":16,"DaveBox":0,"Torii":18,"Juzu Bracelet":12,"Bag of Preparation":22,"Cursed Key":8,"Burning Blood":0,"Nunchaku":14,"Matryoshka":4,"Chameleon Ring":19,"Pantograph":6,"Gambling Chip":20,"Replay:Bottled Snecko":4,"Replay:Bottled Eggs":9,"Red Skull":8,"Paper Frog":18,"aspiration:Legacy_Headhunter":23,"Potion Belt":6,"Golden Idol":2,"PreservedInsect":17,"Replay:Arrowhead":6,"Calling Bell":8,"SynthV:TestCard":1,"Busted Crown":8,"Orrery":6,"Art of War":19,"Bag of Marbles":20,"Snack Pack":22,"Bottled Lightning":11,"Membership Card":18,"REME_PuzzleBoxRelic":3,"ReplayTheSpireMod:Lightbulb":12,"TungstenRod":18,"REME_ComplimentaryCards":0},{"Ice Cream":65,"Golden Egg":28,"CeramicFish":39,"Vajra":13,"EVO:Axolotl":0,"Ginger":11,"Whetstone":19,"Boot":37,"Centennial Puzzle":61,"infinitespire:ShieldingShard":59,"MealTicket":57,"infinitespire:Golems Mask":59,"wanderingMiniBosses:ThiefScarf":50,"Happy Flower":57,"ReplayTheSpireMod:CursedCoin":19,"Replay:Grab Bag":28,"Counterbalance":34,"Dead Branch":54,"Oddly Smooth Stone":13,"conspire:Boomerang":11,"aspiration:SeaSaltIceCream":19,"Replay:Kaleidoscope":28,"War Paint":13,"Question Card":50,"RhineCircuit":28,"infinitespire:EvilPickle":47,"Replay:Baseball":35,"REME_HourglassOfDeath":61,"Ooze Armor":0,"infinitespire:Broken Mirror":54,"Molten Egg 2":14,"Nloth\u0027s Gift":0,"Black Star":2,"infinitespire:EmpoweringShard":35,"OriginationStaff":37,"xbg":47,"DaveBox":0,"Torii":52,"Juzu Bracelet":35,"Bag of Preparation":61,"Cursed Key":28,"Burning Blood":0,"Nunchaku":39,"Matryoshka":13,"Chameleon Ring":54,"Pantograph":19,"Gambling Chip":57,"Replay:Bottled Snecko":13,"Replay:Bottled Eggs":30,"Red Skull":28,"Paper Frog":52,"aspiration:Legacy_Headhunter":65,"Potion Belt":19,"Golden Idol":5,"PreservedInsect":50,"Replay:Arrowhead":19,"Calling Bell":28,"SynthV:TestCard":3,"Busted Crown":28,"Orrery":19,"Art of War":54,"Bag of Marbles":57,"Snack Pack":61,"Bottled Lightning":34,"Membership Card":52,"REME_PuzzleBoxRelic":11,"ReplayTheSpireMod:Lightbulb":35,"TungstenRod":52,"REME_ComplimentaryCards":0}]},"card_choices":[{"not_picked":["ReplayTheSpireMod:Corrosion Curse","Havoc"],"picked":"REME_SingleHolding","floor":1.0},{"not_picked":["infinitespire:DeathsTouch","ReplayTheSpireMod:Haul"],"picked":"infinitespire:TheBestDefense","floor":2.0},{"not_picked":["Body Slam","Havoc","True Grit","Warcry"],"picked":"Thunderclap","floor":3.0},{"not_picked":["TH:EnergyPotion","TH:BikiniMail","TH:DeckOfManyThings"],"picked":"TH:CopperCoins","floor":6.0},{"not_picked":["Perfected Strike","Combust","Cleave","MostiFishMod:404NotFound"],"picked":"Pummel","floor":6.0},{"not_picked":["TH:Mimic","TH:BikiniMail","TH:CopperCoins"],"picked":"TH:CursedSword","floor":8.0},{"not_picked":["MostiFishMod:FireWorks","ReplayReversal","ReplayTheSpireMod:Stacked","Iron Wave"],"picked":"ReplayTheSpireMod:Limb From Limb","floor":8.0},{"not_picked":["TH:CopperCoins","TH:ElvenBoots","TH:TreasureMap"],"picked":"TH:CursedSword","floor":9.0},{"not_picked":["Evolve","True Grit","Dropkick","MostiFishMod:BrandingRite"],"picked":"Pummel","floor":10.0},{"not_picked":["TH:CopperCoins","TH:TreasureMap","TH:DeckOfManyThings"],"picked":"TH:CursedSword","floor":12.0},{"not_picked":["Exhume","Brutality","Intimidate","ReplayTheSpireMod:Muscle Training"],"picked":"Shockwave","floor":12.0},{"not_picked":["Iron Wave+1","Armaments","Cleave+1","Replay:Undeath\u0027s Touch+1"],"picked":"Clothesline+1","floor":13.0},{"not_picked":["Thunderclap+1","Body Slam+1","MostiFishMod:Mania","Clothesline+1"],"picked":"Dark Embrace","floor":13.0},{"not_picked":["Run Through+1","MostiFishMod:Mania","Evolve","Warcry"],"picked":"Twin Strike+1","floor":13.0},{"not_picked":["Clothesline+1","Body Slam+1","Perfected Strike+1","ReplayTheSpireMod:Strike From Hell+1"],"picked":"Headbutt+1","floor":13.0},{"not_picked":["Body Slam+1","Havoc","Feel No Pain","REME_Cut"],"picked":"REME_Scribble","floor":13.0},{"not_picked":["Sword Boomerang+1","Run Through+1","ReplayTheSpireMod:Limb From Limb+1","Shrug It Off"],"picked":"Thunderclap+1","floor":14.0},{"not_picked":["TH:DeckOfManyThings","TH:EnergyPotion","TH:Mimic"],"picked":"TH:BikiniMail","floor":16.0},{"not_picked":["REME_ACTH","MostiFishMod:Chiaki","MostiFishMod:Mania","Impervious"],"picked":"Barricade","floor":16.0},{"not_picked":["Thunderclap+1","Cleave+1","Flex"],"picked":"SKIP","floor":18.0},{"not_picked":["Second Wind+1","Clash+1"],"picked":"Bludgeon+1","floor":22.0},{"not_picked":["TH:TreasureMap"],"picked":"TH:ElvenBoots","floor":23.0},{"not_picked":["ReplayTheSpireMod:Corrosion Curse","Heavy Blade+1"],"picked":"Demon Form","floor":23.0},{"not_picked":["TH:EnergyPotion"],"picked":"TH:TreasureMap","floor":25.0},{"not_picked":["Iron Wave+1","Searing Blow+1"],"picked":"Massacre+1","floor":25.0},{"not_picked":["TH:CopperCoins"],"picked":"TH:BikiniMail","floor":26.0},{"not_picked":["TH:BikiniMail"],"picked":"TH:TreasureMap","floor":27.0},{"not_picked":["ReplayTheSpireMod:Strike From Hell+1","MostiFishMod:Chiaki"],"picked":"conspire:HitWhereItHurts+1","floor":27.0},{"not_picked":["TH:PixieDust"],"picked":"TH:BikiniMail","floor":30.0},{"not_picked":["Warcry","Brutality"],"picked":"MostiFishMod:KnuckleDown","floor":30.0},{"not_picked":["Fire Breathing","Heavy Blade+1"],"picked":"MostiFishMod:RacingGame","floor":31.0},{"not_picked":["TH:EnergyPotion"],"picked":"TH:TreasureMap","floor":33.0},{"not_picked":["MostiFishMod:HellRitual","Brutality"],"picked":"Limit Break","floor":33.0},{"not_picked":["Power Through","Seeing Red+1"],"picked":"Infernal Blade","floor":35.0},{"not_picked":["Warcry","Flex"],"picked":"Heavy Blade+1","floor":36.0},{"not_picked":["TH:Mimic"],"picked":"TH:PixieDust","floor":43.0},{"not_picked":["Wild Strike+1","MostiFishMod:FireWorks"],"picked":"Sever Soul+1","floor":43.0},{"not_picked":["TH:PixieDust"],"picked":"TH:TreasureMap","floor":45.0},{"not_picked":["TH:ArmorSpikes"],"picked":"TH:TreasureMap","floor":47.0},{"not_picked":["Replay:Many Hands","Feel No Pain"],"picked":"Impervious","floor":47.0},{"not_picked":["Clothesline+1","Blood for Blood+1","Run Through+1"],"picked":"SKIP","floor":48.0},{"not_picked":["TH:CopperCoins"],"picked":"TH:CursedSword","floor":50.0},{"not_picked":["Dropkick+1","Clothesline+1"],"picked":"Power Through+1","floor":50.0}],"player_experience":591293,"relics_obtained":[{"floor":1.0,"key":"SynthV:TestCard"},{"floor":6.0,"key":"REME_PuzzleBoxRelic"},{"floor":6.0,"key":"conspire:Boomerang"},{"floor":6.0,"key":"Ginger"},{"floor":8.0,"key":"Oddly Smooth Stone"},{"floor":8.0,"key":"Matryoshka"},{"floor":8.0,"key":"Replay:Bottled Snecko"},{"floor":9.0,"key":"Vajra"},{"floor":9.0,"key":"War Paint"},{"floor":12.0,"key":"Pantograph"},{"floor":12.0,"key":"aspiration:SeaSaltIceCream"},{"floor":12.0,"key":"Whetstone"},{"floor":17.0,"key":"Red Skull"},{"floor":17.0,"key":"Golden Egg"},{"floor":17.0,"key":"Replay:Kaleidoscope"},{"floor":23.0,"key":"Counterbalance"},{"floor":23.0,"key":"Bottled Lightning"},{"floor":25.0,"key":"ReplayTheSpireMod:Lightbulb"},{"floor":25.0,"key":"infinitespire:EmpoweringShard"},{"floor":26.0,"key":"Juzu Bracelet"},{"floor":26.0,"key":"Replay:Baseball"},{"floor":27.0,"key":"Boot"},{"floor":27.0,"key":"OriginationStaff"},{"floor":30.0,"key":"CeramicFish"},{"floor":30.0,"key":"Nunchaku"},{"floor":35.0,"key":"wanderingMiniBosses:ThiefScarf"},{"floor":43.0,"key":"Chameleon Ring"},{"floor":43.0,"key":"Art of War"},{"floor":45.0,"key":"Dead Branch"},{"floor":47.0,"key":"Bag of Marbles"},{"floor":47.0,"key":"Happy Flower"},{"floor":50.0,"key":"Bag of Preparation"},{"floor":50.0,"key":"Centennial Puzzle"}],"event_choices":[{"damage_healed":0.0,"max_hp_gain":0.0,"max_hp_loss":8.0,"gold_gain":0.0,"event_name":"Golden Idol","player_choice":"Lose Max HP","floor":4.0,"gold_loss":0.0,"damage_taken":0.0,"relics_obtained":["Golden Idol"]},{"damage_healed":0.0,"max_hp_gain":5.0,"max_hp_loss":0.0,"gold_gain":0.0,"event_name":"Big Fish","player_choice":"Donut","floor":7.0,"gold_loss":0.0,"damage_taken":0.0},{"damage_healed":0.0,"max_hp_gain":0.0,"max_hp_loss":0.0,"gold_gain":0.0,"event_name":"conspire:Investor","player_choice":"Leave","floor":20.0,"gold_loss":0.0,"damage_taken":0.0},{"cards_removed":["TH:CopperCoins"],"damage_healed":0.0,"max_hp_gain":0.0,"max_hp_loss":0.0,"gold_gain":0.0,"event_name":"Purifier","player_choice":"Purged","floor":21.0,"gold_loss":0.0,"damage_taken":0.0},{"damage_healed":0.0,"max_hp_gain":0.0,"max_hp_loss":0.0,"gold_gain":0.0,"event_name":"The Woman in Blue","player_choice":"Bought 1 Potion","floor":28.0,"gold_loss":0.0,"damage_taken":0.0},{"damage_healed":0.0,"max_hp_gain":0.0,"max_hp_loss":0.0,"gold_gain":50.0,"event_name":"Golden Shrine","player_choice":"Pray","floor":39.0,"gold_loss":0.0,"damage_taken":0.0},{"damage_healed":3.0,"max_hp_gain":0.0,"max_hp_loss":0.0,"gold_gain":0.0,"event_name":"betterSkull:BetterSkull","player_choice":"LEAVE ","floor":49.0,"gold_loss":0.0,"damage_taken":0.0,"cards_upgraded":[],"relics_obtained":[]}],"is_beta":false,"boss_relics":[{"not_picked":["infinitespire:Cupcake","Replay:Drink Me"],"picked":"Replay:Grab Bag"},{"not_picked":["aspiration:FutureDiary","ChewingGum"],"picked":"Cursed Key"},{"not_picked":["conspire:RoyalGoblet","Fusion Hammer"],"picked":"Busted Crown"},{"not_picked":["Runic Cube","REME_DuelDisc"],"picked":"RhineCircuit"},{"not_picked":["aspiration:RitualDagger","REME_DemonsWealth"],"picked":"Calling Bell"},{"not_picked":["RhineSuit","JellyFishMachine"],"picked":"xbg"}],"items_purged_floors":[13,13],"is_endless":false,"potions_floor_spawned":[6,8,14,22,23,25,31,33,43,48],"killed_by":"Donu and Deca","ascension_level":20,"is_humility":true}}