{"host":"u3jso2n2r8azv7u2","time":1613991937,"event":{"mods":["BaseMod","Downfall","Lobotomy","Minty Spire (QoL Compilation)","Replay The Spire","StSLib","The Necromancer"],"gold_per_floor":[99,114,114,130,149,35,35,35,49,34,34,68,68,82,102,102,102,102],"floor_reached":16,"language":"RUS","playtime":1498,"items_purged":[],"score":102,"play_id":"10748eea-1792-453f-8b65-0ace7c8538b6","local_time":"20210222140537","is_ascension_mode":false,"campfire_choices":[{"floor":1,"key":"RECALL"},{"data":"hexamod:SoulSteal","floor":8,"key":"SMITH"},{"floor":11,"key":"REST"},{"floor":13,"key":"REST"}],"circlet_count":0,"master_deck":["hexamod:Strike+1","hexamod:Strike+1","hexamod:Strike+1","hexamod:Strike+1","hexamod:Defend","hexamod:Defend","hexamod:Defend","hexamod:Defend","hexamod:Sear","hexamod:Float","hexamod:GhostLash","Sickly","hexamod:BacktrackSmack","hexamod:SpectersWail","hexamod:UnleashSpirits","hexamod:SoulSteal+1","hexamod:NightmareGuise","hexamod:Hexaguard","hexamod:InspiringFlames","hexamod:HexaLevel","hexamod:GhostOfSpireFuture"],"relics":["hexamod:SpiritBrand","PreservedInsect","Replay:Bottled Eggs"],"acts_visited":["Exordium"],"potions_floor_usage":[16],"damage_taken":[{"damage":0,"enemies":"2 Louse","floor":2,"turns":4},{"damage":0,"enemies":"Jaw Worm","floor":4,"turns":4},{"damage":8,"enemies":"Small Slimes","floor":5,"turns":3},{"damage":0,"enemies":"downfall:FleeingMerchant","floor":6,"turns":4},{"damage":8,"enemies":"Red Slaver","floor":9,"turns":4},{"damage":13,"enemies":"downfall:FleeingMerchant","floor":10,"turns":4},{"damage":25,"enemies":"Gremlin Nob","floor":12,"turns":4},{"damage":0,"enemies":"Large Slime","floor":14,"turns":4},{"damage":0,"enemies":"Blue Slaver","floor":15,"turns":4},{"damage":96,"enemies":"DF_ARCHETYPE_STREAMLINE","floor":16,"turns":15}],"seed_played":"7408288961471351409","potions_obtained":[{"floor":2,"key":"SmokeBomb"},{"floor":15,"key":"Flashbang"}],"is_trial":false,"path_per_floor":["R","M","?","M","M","$","T","R","M","$","R","E","R","M","M","B"],"character_chosen":"THE_SPIRIT","items_purchased":["hexamod:SoulSteal","hexamod:NightmareGuise"],"campfire_rested":2,"item_purchase_floors":[6,6],"current_hp_per_floor":[77,77,77,77,69,69,69,69,61,48,71,46,69,69,69,0,0,0],"gold":102,"neow_bonus":"TEN_PERCENT_HP_BONUS","is_daily":false,"chose_seed":false,"campfire_upgraded":1,"win_rate":0.0,"timestamp":1613991937,"path_taken":["R","M","?","M","M","$","T","R","M","$","R","E","R","M","M","BOSS"],"items_purchased_type":["Card","Card"],"build_version":"2020-12-22","purchased_purges":0,"victory":false,"max_hp_per_floor":[77,77,77,77,77,77,77,77,77,77,77,77,77,77,77,77,77,77],"card_choices":[{"not_picked":["hexamod:EtherealExpedition","hexamod:ShieldOfDarkness"],"picked":"hexamod:GhostLash","floor":2},{"not_picked":["hexamod:ShieldOfDarkness","hexamod:FourthSeal"],"picked":"hexamod:BacktrackSmack","floor":4},{"not_picked":["hexamod:HauntingEcho","hexamod:ExtraCrispy"],"picked":"hexamod:SpectersWail","floor":5},{"not_picked":["hexamod:Firestarter","hexamod:SecondSeal"],"picked":"hexamod:UnleashSpirits","floor":6},{"not_picked":["hexamod:FastForward","hexamod:GhostLash"],"picked":"hexamod:Hexaguard","floor":9},{"not_picked":["hexamod:Hexaguard","hexamod:ShieldOfDarkness"],"picked":"hexamod:InspiringFlames","floor":10},{"not_picked":["hexamod:HeatCrush","hexamod:HauntingEcho","hexamod:ShieldOfDarkness"],"picked":"SKIP","floor":12},{"not_picked":["hexamod:SpectersWail","hexamod:BacktrackSmack"],"picked":"hexamod:HexaLevel","floor":14},{"not_picked":["hexamod:GhostflameBarrier","hexamod:HeatMetal"],"picked":"hexamod:GhostOfSpireFuture","floor":15}],"player_experience":55532,"relics_obtained":[{"floor":7,"key":"PreservedInsect"},{"floor":12,"key":"Replay:Bottled Eggs"}],"event_choices":[],"is_beta":false,"boss_relics":[],"items_purged_floors":[],"is_endless":false,"potions_floor_spawned":[2,12,15],"killed_by":"DF_ARCHETYPE_STREAMLINE","ascension_level":0}}