{"host":"ymw71f7rc9ndansy","time":1613967804,"event":{"mods":["100% Spire Juice","ATMod(阿瑾Mod)","Act Like it!","Aspiration","BaseMod","DeckTracker","Energized Spire","Gensokyo","Hubris","Koishi","Library of Ruina","Library of Ruina Extra","Minty Spire (QoL Compilation)","MostiFishMod","Relic Filter Mod","Reliquary","Remove Card Discount Mod","Replay The Spire","RumiaBox-露米娅的神秘盒子","StSLib","TestMod","【功能Mod】精心准备","【遗物卡牌】REMEMod"],"gold_per_floor":[116,126,126,126,138,169,169,200,227,298,298,327,343,361,361,439,439,454,454,454,297,310,345,363,392,392,423,33,33,96,165,165,293,293,388,161,202,202,243,303,417,474,474,1032,1044,1598,1646,2243,2255,2392,2954,2966,2978,2990,1712,2289,2314],"floor_reached":58,"language":"ZHS","playtime":2633,"items_purged":["LightAttack","Dodge","ChargeAndCover","FocusedStrikes","LightAttack","LightDefense","LightDefense","LightDefense","LightDefense","SturdyDefense","testmod-ComboMaster","GaleKick","SharpenedBlade","FieryWaltz","InnerArdor","Outburst","Good Instincts"],"score":3328,"play_id":"51728b13-4e9d-4a11-be43-e951c8debf9b","local_time":"20210222122324","is_ascension_mode":true,"campfire_choices":[{"data":"Vault","floor":15,"key":"SMITH"},{"data":"SunsetBlade","floor":29,"key":"SMITH"},{"floor":45,"key":"REST"},{"floor":49,"key":"RECALL"},{"data":"FrontalAssault","floor":54,"key":"SMITH"}],"circlet_count":0,"master_deck":["AscendersBane","AT_FamilyPortrait+1","Vault+1","Transpierce+1","SuanNi+1","FieryDragonSlash+1","FrontalAssault+1","CoordinatedAssault","ViolentFlame","UnforgettableMelody+1","RagingStormLove+1","SunsetBlade+1","SturdyDefense+1","BiXi+1","FrontalAssault+1","UnforgettableMelody+1","Sadistic Nature+1","ViolentFlame","FieryDragonSlash+1","TieShanKao+1","ViolentFlame","FervidEmotions+1","FrontalAssault+1","FrontalAssault+1","FrontalAssault+1","testmod-SelfRegulatingSystem+1","AlloutWar"],"relics":["PageOfLibrarian","testmod-TestBox","DaveBox","REME_ComplimentaryCards","AT_ATBox","BrkXgEgg","testmod-Antiphasic","SynthV:TestCard","reliquary:OuijaBoard","ReplayTheSpireMod:TigerMarble","ImprovedEquipment","testmod-IndustrialRevolution","xbg","ReplayTheSpireMod:Ring of Collecting","testmod-Hope","hubris:ToyBattleship","reliquary:PurpleTingedLeaf","aspiration:Lifesprig","AT_MibuBalloonWealth","hubris:Backtick","reliquary:BoilingFlask","PageOfTodaysShyLook","hubris:SlimyHat","Pen Nib","ReplayTheSpireMod:Ring of Challenge","reliquary:RoseTintedGlasses","GodSword3","REME_HourglassOfDeath","DianDianMeat","MawBank","Bronze Scales","aspiration:ChemicalBlood","reliquary:Boomerang","InkBottle","Lantern","Nunchaku","PageOfAlriune","Vajra","reliquary:Spinner","Bag of Preparation","Smiling Mask","AT_ArchangelStaff","AT_SilvercatRing","AT_BladeRuinedKing","MostiFishMod:AdaptiveDefenses","reliquary:Stiletto","GodSword6","Garlic","aspiration:AnachronicSnailShell","reliquary:ExpiredCoupon","Whetstone"],"acts_visited":["Exordium","Gensokyo:Gensokyo","Gensokyo:Gensokyoer","TheEnding"],"potions_floor_usage":[33,57],"damage_taken":[{"damage":17,"enemies":"Gensokyo:3_Fairies","floor":1,"turns":6},{"damage":0,"enemies":"Gensokyo:Python","floor":2,"turns":2},{"damage":0,"enemies":"Gensokyo:Gryphon","floor":5,"turns":2},{"damage":17,"enemies":"Gensokyo:Aya","floor":6,"turns":3},{"damage":0,"enemies":"Gensokyo:Mamizou","floor":8,"turns":4},{"damage":0,"enemies":"Gensokyo:Aya","floor":12,"turns":2},{"damage":0,"enemies":"Gensokyo:3_Kodama","floor":13,"turns":1},{"damage":3,"enemies":"Gensokyo:CorruptedTreant","floor":14,"turns":1},{"damage":22,"enemies":"Gensokyo:Kokoro","floor":16,"turns":6},{"damage":18,"enemies":"Gensokyo:CosmicMonolith","floor":18,"turns":3},{"damage":0,"enemies":"Gensokyo:Chomper","floor":22,"turns":3},{"damage":0,"enemies":"Gensokyo:Reisen","floor":23,"turns":4},{"damage":0,"enemies":"Gensokyo:Wraith","floor":24,"turns":5},{"damage":0,"enemies":"Gensokyo:Tenshi","floor":25,"turns":1},{"damage":0,"enemies":"Gensokyo:Reisen","floor":27,"turns":3},{"damage":0,"enemies":"Gensokyo:Chomper_and_Gloop","floor":30,"turns":3},{"damage":0,"enemies":"Gensokyo:Mirror_and_Dog","floor":31,"turns":1},{"damage":65,"enemies":"Gensokyo:Eternal_Rivals","floor":33,"turns":8},{"damage":0,"enemies":"Gensokyo:3_Boulders","floor":35,"turns":3},{"damage":1,"enemies":"Gensokyo:AncientGuardian","floor":37,"turns":2},{"damage":2,"enemies":"Gensokyo:Sharpion","floor":39,"turns":3},{"damage":0,"enemies":"Gensokyo:Marisa","floor":40,"turns":4},{"damage":0,"enemies":"Gensokyo:4_Bats","floor":41,"turns":1},{"damage":21,"enemies":"Gensokyo:Doremy","floor":42,"turns":5},{"damage":29,"enemies":"Gensokyo:Marisa","floor":44,"turns":5},{"damage":0,"enemies":"Gensokyo:AtlasGolem","floor":46,"turns":3},{"damage":0,"enemies":"Gensokyo:Rafflesia","floor":47,"turns":1},{"damage":0,"enemies":"Gensokyo:3_Boulders","floor":48,"turns":2},{"damage":0,"enemies":"Gensokyo:Yuyuko","floor":50,"turns":2},{"damage":0,"enemies":"Gensokyo:Shinki","floor":51,"turns":5},{"damage":16,"enemies":"Shield and Spear","floor":56,"turns":3},{"damage":27,"enemies":"The Heart","floor":57,"turns":5}],"seed_played":"-7600458246142087818","potions_obtained":[{"floor":6,"key":"Swift Potion"},{"floor":13,"key":"Weak Potion"},{"floor":16,"key":"Elixir"},{"floor":18,"key":"testmod-SpacePotion"},{"floor":35,"key":"Adrenaline Potion"},{"floor":42,"key":"PowerPotion"}],"is_trial":false,"path_per_floor":["M","M","?","?","M","E","?","E","T","T","?","E","M","M","R","B",null,"M","?","?","$","M","E","M","E","T","E","$","R","M","M","R","B",null,"M","$","M","?","M","E","M","E","T","E","R","M","M","M","R","B","B",null,null,"R","$","E","B",null],"character_chosen":"Librarian","items_purchased":["SturdyDefense","BiXi","AT_MibuBalloonWealth","Sadistic Nature+1","Weak Potion","PageOfTodaysShyLook","AT_SilvercatRing","AT_BladeRuinedKing","MostiFishMod:AdaptiveDefenses","InnerArdor","FrontalAssault","SharpenedBlade","FieryWaltz","testmod-SelfRegulatingSystem+1","Outburst","Good Instincts","SteroidPotion"],"campfire_rested":1,"item_purchase_floors":[21,21,28,28,36,36,55,55,55,55,55,55,55,55,55,55,55],"current_hp_per_floor":[37,37,37,41,41,24,46,46,46,46,46,46,46,43,43,21,70,52,52,52,52,52,52,52,52,52,53,53,53,53,53,78,21,74,74,74,74,79,78,79,79,58,58,30,57,59,59,62,62,62,63,63,86,86,128,122,124],"gold":2314,"neow_bonus":"ONE_RANDOM_RARE_CARD","is_daily":false,"chose_seed":false,"campfire_upgraded":3,"win_rate":0.0,"timestamp":1613967804,"path_taken":["M","M","?","?","?","E","?","E","T","?","?","E","?","M","R","BOSS","M","?","?","$","M","E","M","E","T","E","$","R","M","M","R","BOSS","M","$","M","?","M","E","M","E","T","E","R","M","M","M","R","BOSS","BOSS","R","$","E","BOSS"],"items_purchased_type":["Card","Card","Relic","Card","Potion","Relic","Relic","Relic","Relic","Card","Card","Card","Card","Card","Card","Card","Potion"],"build_version":"2020-12-22","purchased_purges":17,"victory":true,"max_hp_per_floor":[86,86,86,86,86,86,86,86,86,86,86,86,86,86,86,86,86,86,86,86,86,86,86,86,86,86,86,86,86,86,86,86,91,91,91,91,91,91,91,91,91,91,91,91,91,92,92,94,94,94,94,94,94,94,136,146,146],"card_choices":[{"not_picked":["HighSpeedStabbing","PreemptiveStrike","SnakesPrey"],"picked":"SKIP","floor":1},{"not_picked":["Outburst","TasteMyFlamingBat","MultiHit","Thrust","ShrineToMusic"],"picked":"SKIP","floor":2},{"not_picked":["BackAttack","MultiBlock","SuanNi+1","FleetFootsteps"],"picked":"GaleKick","floor":5},{"not_picked":["SparkingSpear","BiXi","SturdyDefense","BurningFlash"],"picked":"FieryDragonSlash","floor":6},{"not_picked":["SuanNi+1","BackAttack","DarkCloud","Parry"],"picked":"FrontalAssault","floor":8},{"not_picked":["BurningFlash","HighKick","FleetFootsteps","SharpenedBlade"],"picked":"CoordinatedAssault","floor":12},{"not_picked":["RushDown","FleetEdge","FeatherShield","BiXi"],"picked":"ViolentFlame","floor":13},{"not_picked":["SetFire","BackAttack","SnakesPrey","Outburst"],"picked":"UnforgettableMelody+1","floor":14},{"not_picked":["UnforgettableMelody+1","Transpierce+1","FormingStorm+1","ChargeUp+1"],"picked":"RagingStormLove+1","floor":16},{"not_picked":["Standoff","SnakesPrey","JiaoTu","QuickAttack"],"picked":"SunsetBlade","floor":18},{"not_picked":["Parry","BackAttack","MultiHit","PreparedMind","HighSpeedStabbing"],"picked":"SKIP","floor":22},{"not_picked":["JiaoTu","PreparedMind","Thrust+1","Standoff"],"picked":"FrontalAssault+1","floor":23},{"not_picked":["DefenseOrder","FieryWaltz","RagingStormLove+1","SharpSwipe","FleetEdge"],"picked":"SKIP","floor":24},{"not_picked":["Parry2","Diversion+1","Thrust","FierceCharge+1","SharpSwipe"],"picked":"SKIP","floor":25},{"not_picked":["AutonomousRush","CoordinatedAssault","GuidanceOfTheGears","BurningFlash"],"picked":"UnforgettableMelody+1","floor":27},{"not_picked":["Parry","TieShanKao+1","DefenseOrder","Collision"],"picked":"ViolentFlame","floor":31},{"not_picked":["ChargeUp+1","SilentNight+1","SuanNi+1","FormingStorm+1"],"picked":"EmotionalTurbulence+1","floor":33},{"not_picked":["TasteMyFlamingBat+1","SunsetBlade+1","IronWall","BurningFlash+1"],"picked":"FieryDragonSlash","floor":35},{"not_picked":["SharpSwipe","QuickAttack","Wallop_lor","FleetFootsteps","SinglePointStab"],"picked":"SKIP","floor":37},{"not_picked":["AutonomousRush","MindPrepared","Quickness","DefenseOrder+1"],"picked":"TieShanKao+1","floor":39},{"not_picked":["BlazingStrike+1","GaleKick","CoordinatedAssault+1","FleetEdge"],"picked":"ViolentFlame","floor":40},{"not_picked":["Diversion+1","FormingStorm+1","Pound","SinglePointStab","Thrust"],"picked":"SKIP","floor":41},{"not_picked":["JiaoTu","SharpSwipe","AlloutWar","Standoff"],"picked":"FervidEmotions","floor":42},{"not_picked":["Parry","TieShanKao+1","Bvapour+1","MindPrepared","IronWall"],"picked":"SKIP","floor":44},{"not_picked":["Diversion","FleetFootsteps","JiaoTu","FierceCharge"],"picked":"FrontalAssault+1","floor":46},{"not_picked":["BiAn+1","AutonomousRush","Parry2","BackAttack+1"],"picked":"FrontalAssault+1","floor":48},{"not_picked":["Outburst","BiAn","StrongStrike","MultiHit"],"picked":"AlloutWar","floor":56}],"player_experience":1113062,"relics_obtained":[{"floor":1,"key":"SynthV:TestCard"},{"floor":6,"key":"reliquary:OuijaBoard"},{"floor":8,"key":"ReplayTheSpireMod:TigerMarble"},{"floor":10,"key":"ImprovedEquipment"},{"floor":12,"key":"testmod-IndustrialRevolution"},{"floor":20,"key":"ReplayTheSpireMod:Ring of Collecting"},{"floor":23,"key":"testmod-Hope"},{"floor":25,"key":"hubris:ToyBattleship"},{"floor":26,"key":"reliquary:PurpleTingedLeaf"},{"floor":27,"key":"aspiration:Lifesprig"},{"floor":40,"key":"hubris:SlimyHat"},{"floor":42,"key":"Pen Nib"},{"floor":43,"key":"ReplayTheSpireMod:Ring of Challenge"},{"floor":43,"key":"reliquary:RoseTintedGlasses"},{"floor":44,"key":"GodSword3"},{"floor":44,"key":"REME_HourglassOfDeath"},{"floor":44,"key":"DianDianMeat"},{"floor":44,"key":"MawBank"},{"floor":44,"key":"Bronze Scales"},{"floor":44,"key":"aspiration:ChemicalBlood"},{"floor":46,"key":"reliquary:Boomerang"},{"floor":46,"key":"InkBottle"},{"floor":46,"key":"Lantern"},{"floor":46,"key":"Nunchaku"},{"floor":46,"key":"PageOfAlriune"},{"floor":48,"key":"Vajra"},{"floor":48,"key":"reliquary:Spinner"},{"floor":48,"key":"Bag of Preparation"},{"floor":48,"key":"Smiling Mask"},{"floor":48,"key":"AT_ArchangelStaff"},{"floor":56,"key":"reliquary:Stiletto"},{"floor":56,"key":"GodSword6"},{"floor":56,"key":"Garlic"},{"floor":56,"key":"aspiration:AnachronicSnailShell"},{"floor":56,"key":"reliquary:ExpiredCoupon"},{"floor":56,"key":"Whetstone"}],"event_choices":[],"is_beta":false,"boss_relics":[{"not_picked":["Busted Crown","REME_LowDesire"],"picked":"xbg"},{"not_picked":["SoulBox","Philosopher\u0027s Stone"],"picked":"hubris:Backtick"}],"items_purged_floors":[21,21,21,21,21,21,21,28,28,28,36,36,55,55,55,55,55],"is_endless":false,"potions_floor_spawned":[6,13,16,18,22,27,30,35,37,42,48],"ascension_level":20}}