{"host":"i5vvwdf42szr3cje","time":1613981624,"event":{"mods":["BaseMod","Colored Map","Hermit","Minty Spire (QoL Compilation)","Replay The Spire","StSLib","The Disciple","The Hierophant"],"gold_per_floor":[115,129,129,146,162,176,167,129,153,143,143],"floor_reached":10,"language":"ENG","playtime":870,"items_purged":[],"score":79,"play_id":"15704b05-e813-4bce-9640-d64e1d441367","local_time":"20210222001344","is_ascension_mode":true,"campfire_choices":[],"circlet_count":0,"master_deck":["hierophant:Strike_Hierophant","hierophant:Strike_Hierophant","hierophant:Strike_Hierophant","hierophant:Strike_Hierophant","hierophant:Punish","hierophant:Defend_Hierophant","hierophant:Defend_Hierophant","hierophant:Defend_Hierophant","hierophant:ChurchCoffers+1","hierophant:Alms","hierophant:AuricBeam","hierophant:Rebuild","hierophant:Blessing","hierophant:Community","hierophant:Batter","hierophant:SealAway"],"relics":["hierophant:PropheticMaskRelic","FossilizedHelix","MealTicket"],"acts_visited":["Exordium"],"potions_floor_usage":[8],"damage_taken":[{"damage":0.0,"enemies":"Cultist","floor":1.0,"turns":4.0},{"damage":0.0,"enemies":"2 Louse","floor":2.0,"turns":2.0},{"damage":1.0,"enemies":"Jaw Worm","floor":4.0,"turns":4.0},{"damage":25.0,"enemies":"Exordium Thugs","floor":5.0,"turns":7.0},{"damage":5.0,"enemies":"Gremlin Gang","floor":6.0,"turns":3.0},{"damage":11.0,"enemies":"Lots of Slimes","floor":7.0,"turns":2.0},{"damage":28,"enemies":"Lagavulin","floor":8,"turns":6},{"damage":26,"enemies":"Replay:BlueRogue","floor":10,"turns":6}],"seed_played":"3121585045783002431","potions_obtained":[{"floor":1.0,"key":"Toxic Potion"},{"floor":4.0,"key":"FearPotion"},{"floor":8,"key":"Block Potion"}],"is_trial":false,"path_per_floor":["M","M","?","M","M","M","M","E","T","E"],"character_chosen":"HIEROPHANT","items_purchased":[],"campfire_rested":0,"item_purchase_floors":[],"current_hp_per_floor":[75,75,75,74,56,58,54,26,26,0,0],"gold":143,"neow_bonus":"UPGRADE_CARD","is_daily":false,"chose_seed":false,"campfire_upgraded":0,"win_rate":0.0,"timestamp":1613981624,"path_taken":["M","M","?","M","M","M","M","E","T","E"],"items_purchased_type":[],"build_version":"2020-12-22","purchased_purges":0,"victory":false,"max_hp_per_floor":[75,75,75,75,75,75,75,75,75,75,75],"card_choices":[{"not_picked":["hierophant:SealAway","hierophant:Smite"],"picked":"hierophant:Alms","floor":1.0},{"not_picked":["hierophant:HolyVerse","hierophant:Shelter"],"picked":"hierophant:AuricBeam","floor":2.0},{"not_picked":["hierophant:Mercenaries","hierophant:Doubloon"],"picked":"hierophant:Blessing","floor":4.0},{"not_picked":["hierophant:Remorse","hierophant:Empathy"],"picked":"hierophant:Community","floor":5.0},{"not_picked":["hierophant:Shelter","hierophant:Refuge"],"picked":"hierophant:Batter","floor":6.0},{"not_picked":["hierophant:Doomsaying","hierophant:HolyVerse","hierophant:SecretStash"],"picked":"SKIP","floor":7.0},{"not_picked":["hierophant:Repentance","hierophant:Community"],"picked":"hierophant:SealAway","floor":8}],"player_experience":198094,"relics_obtained":[{"floor":8,"key":"FossilizedHelix"},{"floor":9,"key":"MealTicket"}],"event_choices":[{"damage_healed":0.0,"max_hp_gain":0.0,"max_hp_loss":0.0,"gold_gain":0.0,"cards_transformed":["hierophant:Defend_Hierophant"],"event_name":"Transmorgrifier","player_choice":"Transformed","floor":3.0,"gold_loss":0.0,"damage_taken":0.0,"cards_obtained":["hierophant:Rebuild"]}],"is_beta":false,"boss_relics":[],"items_purged_floors":[],"is_endless":false,"potions_floor_spawned":[1,4,8],"killed_by":"Replay:BlueRogue","ascension_level":2}}