{"host":"fwdkxxz7291ipt0p","time":1613998816,"event":{"mods":["Act Like it!","BaseMod","GifTheSpireLib","Minty Spire (QoL Compilation)","Reimu£®≤©¿ˆ¡È√Œ£©","Relic Filter Mod","StSLib","Stuff the Spire"],"gold_per_floor":[118,134,148,162,65,65,100,100,100,113,113,126,146,65,65,139,139,156,168,168,178,193,193,210,39,39,39,52,52,52,70,70,148,148,168,180,111,111,128,158,158,156,156,185,185,185,200,200,200,200],"floor_reached":51,"language":"ENG","playtime":5823,"items_purged":["Strike_G","Strike_G"],"score":1292,"play_id":"7c0a0d86-2da6-4754-a0a3-6cdb4bba1eb7","local_time":"20210222210016","is_ascension_mode":true,"campfire_choices":[{"data":"Underhanded Strike","floor":6.0,"key":"SMITH"},{"floor":8.0,"key":"REST"},{"data":"Neutralize","floor":11.0,"key":"SMITH"},{"floor":15.0,"key":"REST"},{"data":"Cloak And Dagger","floor":23.0,"key":"SMITH"},{"data":"Footwork","floor":30.0,"key":"SMITH"},{"data":"Prepared","floor":32.0,"key":"SMITH"},{"data":"Accuracy","floor":41,"key":"SMITH"},{"data":"Prepared","floor":46,"key":"SMITH"},{"data":"Acrobatics","floor":49,"key":"SMITH"}],"circlet_count":0,"master_deck":["AscendersBane","Strike_G","Strike_G","Defend_G","Defend_G","Defend_G","Defend_G","Defend_G","Survivor","Neutralize+1","Dagger Throw","Reflex","Quick Slash","Prepared+1","Blade Dance","Well Laid Plans","Venomology","Deflect+1","Writhe","Cloak And Dagger+1","Blade Dance","Footwork+1","StuffTheSpire:CuriosityCurse","Deflect","StuffTheSpire:Shiver","Adrenaline","Accuracy+1","Cloak And Dagger","Acrobatics+1","Backflip","Prepared+1"],"relics":["Ring of the Snake","Pen Nib","Bottled Flame","StuffTheSpire:RunicHypercube","Du-Vu Doll","Kunai","Bronze Scales","StuffTheSpire:RunicConfusion","Letter Opener","Molten Egg 2","Vajra"],"acts_visited":["Exordium","TheCity","TheBeyond"],"potions_floor_usage":[39,50],"damage_taken":[{"damage":1.0,"enemies":"Cultist","floor":1.0,"turns":4.0},{"damage":4.0,"enemies":"Small Slimes","floor":2.0,"turns":5.0},{"damage":0.0,"enemies":"Jaw Worm","floor":3.0,"turns":6.0},{"damage":3.0,"enemies":"Looter","floor":4.0,"turns":4.0},{"damage":39.0,"enemies":"Lagavulin","floor":7.0,"turns":12.0},{"damage":2.0,"enemies":"3 Louse","floor":10.0,"turns":2.0},{"damage":1.0,"enemies":"2 Fungi Beasts","floor":12.0,"turns":3.0},{"damage":17.0,"enemies":"Exordium Thugs","floor":13.0,"turns":5.0},{"damage":23.0,"enemies":"Hexaghost","floor":16.0,"turns":11.0},{"damage":0.0,"enemies":"3 Byrds","floor":18.0,"turns":4.0},{"damage":0.0,"enemies":"Spheric Guardian","floor":19.0,"turns":3.0},{"damage":0.0,"enemies":"Shelled Parasite and Fungi","floor":21.0,"turns":3.0},{"damage":0.0,"enemies":"3 Cultists","floor":22.0,"turns":4.0},{"damage":0.0,"enemies":"Snake Plant","floor":24.0,"turns":4.0},{"damage":14.0,"enemies":"Centurion and Healer","floor":28.0,"turns":3.0},{"damage":0.0,"enemies":"Shelled Parasite and Fungi","floor":31.0,"turns":3.0},{"damage":7.0,"enemies":"Collector","floor":33.0,"turns":5.0},{"damage":12.0,"enemies":"3 Shapes","floor":35.0,"turns":3.0},{"damage":0.0,"enemies":"Orb Walker","floor":36.0,"turns":3.0},{"damage":17,"enemies":"Jaw Worm Horde","floor":39,"turns":5},{"damage":0,"enemies":"Nemesis","floor":40,"turns":5},{"damage":0,"enemies":"Sphere and 2 Shapes","floor":42,"turns":3},{"damage":8,"enemies":"Reptomancer","floor":44,"turns":4},{"damage":0,"enemies":"4 Shapes","floor":47,"turns":4},{"damage":0,"enemies":"Awakened One","floor":50,"turns":7}],"seed_played":"9202851252212238822","potions_obtained":[{"floor":1.0,"key":"Fire Potion"},{"floor":4.0,"key":"GhostInAJar"},{"floor":7.0,"key":"SpeedPotion"},{"floor":10.0,"key":"SmokeBomb"},{"floor":18.0,"key":"Energy Potion"},{"floor":19.0,"key":"Weak Potion"},{"floor":21.0,"key":"PowerPotion"}],"is_trial":false,"path_per_floor":["M","M","M","M","$","R","E","R","T","M","R","M","M","$","R","B",null,"M","M","?","M","M","R","M","$","T","?","M","?","R","M","R","B",null,"M","M","$","?","M","E","R","M","T","E","?","R","M","?","R","B",null],"character_chosen":"THE_SILENT","items_purchased":["Underhanded Strike","Well Laid Plans","Footwork","Accuracy"],"campfire_rested":2,"item_purchase_floors":[5,14,25,37],"current_hp_per_floor":[58,54,54,51,51,51,12,31,31,29,29,28,11,11,30,7,51,51,51,51,51,51,51,51,51,51,51,37,37,37,37,37,30,57,45,45,45,45,28,28,28,28,28,20,20,20,20,20,20,20],"gold":200,"neow_bonus":"REMOVE_CARD","is_daily":false,"chose_seed":false,"campfire_upgraded":8,"win_rate":0.0,"timestamp":1613998816,"path_taken":["M","M","?","M","$","R","E","R","T","M","R","M","M","$","R","BOSS","M","M","?","M","M","R","M","$","T","?","M","?","R","M","R","BOSS","M","M","$","?","M","E","R","M","T","E","?","R","M","?","R","BOSS"],"items_purchased_type":["Card","Card","Card","Card"],"build_version":"2020-12-22","purchased_purges":2,"victory":true,"max_hp_per_floor":[66,66,66,66,66,66,66,66,66,66,66,66,66,66,66,66,66,66,66,66,66,66,66,66,66,66,66,66,66,66,66,66,66,66,66,66,66,66,66,66,66,66,66,66,66,66,66,63,63,63],"card_choices":[{"not_picked":["Predator","Dagger Spray"],"picked":"Dagger Throw","floor":1.0},{"not_picked":["StuffTheSpire:Sprint","Backflip"],"picked":"Reflex","floor":2.0},{"not_picked":["Sucker Punch","Outmaneuver","StuffTheSpire:ReptileScales"],"picked":"SKIP","floor":3.0},{"not_picked":["Grand Finale","StuffTheSpire:BrimstoneBlast"],"picked":"Quick Slash","floor":4.0},{"not_picked":["Expertise","PiercingWail"],"picked":"Prepared","floor":7.0},{"not_picked":["Masterful Stab","Choke","StuffTheSpire:ClusterCrunch"],"picked":"SKIP","floor":10.0},{"not_picked":["Masterful Stab","Choke","StuffTheSpire:ClusterCrunch"],"picked":"SKIP","floor":10.0},{"not_picked":["Riddle With Holes","Sucker Punch","Predator"],"picked":"SKIP","floor":12.0},{"not_picked":["Well Laid Plans","Escape Plan"],"picked":"Blade Dance","floor":13.0},{"not_picked":["Grand Finale","Corpse Explosion"],"picked":"Venomology","floor":16.0},{"not_picked":["StuffTheSpire:BumpUp","Slice+1"],"picked":"Deflect+1","floor":18.0},{"not_picked":["Dagger Spray","Poisoned Stab","Slice"],"picked":"SKIP","floor":19.0},{"not_picked":["Dagger Spray","StuffTheSpire:BumpUp"],"picked":"Cloak And Dagger","floor":21.0},{"not_picked":["Quick Slash","Prepared"],"picked":"Blade Dance","floor":22.0},{"not_picked":["PiercingWail","Deadly Poison","Wraith Form v2"],"picked":"SKIP","floor":24.0},{"not_picked":["Backstab","Backflip"],"picked":"Deflect","floor":28.0},{"not_picked":["Leg Sweep","Deadly Poison","Deflect"],"picked":"SKIP","floor":31.0},{"not_picked":["Die Die Die","Glass Knife"],"picked":"Adrenaline","floor":33.0},{"not_picked":["StuffTheSpire:ClusterCrunch","StuffTheSpire:Injection+1","Slice+1"],"picked":"SKIP","floor":35.0},{"not_picked":["StuffTheSpire:ClusterCrunch","StuffTheSpire:Injection+1","Slice+1"],"picked":"SKIP","floor":35.0},{"not_picked":["StuffTheSpire:ClusterCrunch","StuffTheSpire:Injection+1","Slice+1"],"picked":"SKIP","floor":35.0},{"not_picked":["Flying Knee","StuffTheSpire:BumpUp+1","Poisoned Stab+1"],"picked":"SKIP","floor":36.0},{"not_picked":["Flying Knee","StuffTheSpire:BumpUp+1","Poisoned Stab+1"],"picked":"SKIP","floor":36.0},{"not_picked":["Bane","Dagger Spray"],"picked":"Cloak And Dagger","floor":39},{"not_picked":["Dagger Throw","Noxious Fumes"],"picked":"Acrobatics","floor":40},{"not_picked":["Reflex","Footwork"],"picked":"Backflip","floor":42},{"not_picked":["Quick Slash+1","StuffTheSpire:Shiver+1"],"picked":"Prepared","floor":44},{"not_picked":["Glass Knife+1","Underhanded Strike+1","Dagger Throw+1"],"picked":"SKIP","floor":47}],"player_experience":534322,"relics_obtained":[{"floor":7.0,"key":"Pen Nib"},{"floor":9.0,"key":"Bottled Flame"},{"floor":26.0,"key":"Kunai"},{"floor":40,"key":"Letter Opener"},{"floor":43,"key":"Molten Egg 2"},{"floor":44,"key":"Vajra"}],"event_choices":[{"damage_healed":0.0,"max_hp_gain":0.0,"max_hp_loss":0.0,"gold_gain":0.0,"event_name":"The Mausoleum","player_choice":"Opened","floor":20.0,"gold_loss":0.0,"damage_taken":0.0,"relics_obtained":["Du-Vu Doll"],"cards_obtained":["Writhe"]},{"damage_healed":0.0,"max_hp_gain":0.0,"max_hp_loss":0.0,"gold_gain":0.0,"event_name":"The Library","player_choice":"Read","floor":29.0,"gold_loss":0.0,"damage_taken":0.0,"cards_obtained":["StuffTheSpire:Shiver"]},{"damage_healed":0,"gold_gain":0,"player_choice":"Ignored","damage_taken":0,"max_hp_gain":0,"max_hp_loss":0,"event_name":"Mysterious Sphere","floor":38,"gold_loss":0},{"cards_removed":["Underhanded Strike"],"damage_healed":0,"gold_gain":0,"player_choice":"Removed Attack","damage_taken":0,"max_hp_gain":0,"max_hp_loss":0,"event_name":"Falling","floor":45,"gold_loss":0},{"damage_healed":0,"gold_gain":0,"player_choice":"Max HP","damage_taken":0,"max_hp_gain":0,"max_hp_loss":3,"event_name":"Winding Halls","floor":48,"gold_loss":0}],"is_beta":false,"boss_relics":[{"not_picked":["Calling Bell","WristBlade"],"picked":"StuffTheSpire:RunicHypercube"},{"not_picked":["StuffTheSpire:Kangaroo","RedLine:ReiMu"],"picked":"StuffTheSpire:RunicConfusion"}],"items_purged_floors":[5,25],"is_endless":false,"potions_floor_spawned":[1,4,7,10,18,19,21,28,33,35,40,42],"ascension_level":15}}