{"host":"gzz35fplm60aw28t","time":1613999535,"event":{"mods":["AchievementEnabler","BaseMod","Colored Powertips","DeckTracker","Minty Spire (QoL Compilation)","SuperFastMode"],"gold_per_floor":[113,113,113,133,150,150,176,176,176,204,169,189,189,207,207,207,207],"floor_reached":16,"language":"ENG","playtime":736,"items_purged":[],"score":116,"play_id":"429f103b-a94c-4f27-9bac-a383eb3bf418","local_time":"20210222141215","is_ascension_mode":true,"campfire_choices":[{"data":"Apotheosis","floor":6,"key":"SMITH"},{"data":"Shrug It Off","floor":8,"key":"SMITH"},{"data":"Whirlwind","floor":13,"key":"SMITH"},{"data":"Dark Embrace","floor":15,"key":"SMITH"}],"circlet_count":0,"master_deck":["Strike_R","Strike_R","Strike_R","Strike_R","Strike_R","Defend_R+1","Defend_R","Defend_R","Defend_R","Bash+1","Apotheosis+1","Burning Pact","Iron Wave","Whirlwind+1","Shrug It Off+1","Immolate+1","Iron Wave+1","Dark Embrace+1"],"relics":["Burning Blood","Ginger","Ancient Tea Set","Molten Egg 2","Bottled Flame"],"acts_visited":["Exordium"],"potions_floor_usage":[5],"damage_taken":[{"damage":8,"enemies":"Jaw Worm","floor":1,"turns":4},{"damage":0,"enemies":"Small Slimes","floor":4,"turns":3},{"damage":2,"enemies":"2 Louse","floor":5,"turns":2},{"damage":17,"enemies":"Lagavulin","floor":7,"turns":6},{"damage":3,"enemies":"3 Sentries","floor":10,"turns":10},{"damage":7,"enemies":"Blue Slaver","floor":12,"turns":3},{"damage":0,"enemies":"3 Louse","floor":14,"turns":1},{"damage":41,"enemies":"The Guardian","floor":16,"turns":12}],"seed_played":"3748272678946794424","potions_obtained":[{"floor":1,"key":"Fire Potion"},{"floor":5,"key":"LiquidBronze"},{"floor":12,"key":"SneckoOil"}],"is_trial":false,"path_per_floor":["M","?","?","M","M","R","E","R","T","E","?","M","R","M","R","B"],"character_chosen":"IRONCLAD","items_purchased":[],"campfire_rested":0,"item_purchase_floors":[],"current_hp_per_floor":[54,29,13,19,23,23,12,12,12,15,35,34,34,40,40,0,0],"gold":207,"neow_bonus":"RANDOM_COLORLESS_2","is_daily":false,"chose_seed":false,"campfire_upgraded":4,"win_rate":0.0,"timestamp":1613999535,"path_taken":["M","?","?","M","M","R","E","R","T","E","?","M","R","M","R","BOSS"],"items_purchased_type":[],"build_version":"2020-12-22","purchased_purges":0,"victory":false,"max_hp_per_floor":[80,80,80,80,80,80,80,80,80,80,80,80,80,80,80,80,80],"card_choices":[{"not_picked":["Master of Strategy","Mayhem"],"picked":"Apotheosis","floor":0},{"not_picked":["Blood for Blood","Flame Barrier"],"picked":"Burning Pact","floor":1},{"not_picked":["Rage","Thunderclap"],"picked":"Iron Wave","floor":4},{"not_picked":["Anger","Pommel Strike"],"picked":"Whirlwind","floor":5},{"not_picked":["Pommel Strike","Clothesline"],"picked":"Shrug It Off","floor":7},{"not_picked":["Battle Trance","Armaments"],"picked":"Immolate+1","floor":10},{"not_picked":["Infernal Blade","Cleave+1"],"picked":"Iron Wave+1","floor":12},{"not_picked":["Clothesline+1","Rampage+1"],"picked":"Dark Embrace","floor":14}],"player_experience":35979,"relics_obtained":[{"floor":7,"key":"Ancient Tea Set"},{"floor":9,"key":"Molten Egg 2"},{"floor":10,"key":"Bottled Flame"}],"event_choices":[{"damage_healed":0,"gold_gain":0,"player_choice":"Success","damage_taken":25,"relics_obtained":["Ginger"],"max_hp_gain":0,"max_hp_loss":0,"event_name":"Scrap Ooze","floor":2,"gold_loss":0},{"damage_healed":0,"gold_gain":0,"player_choice":"Entered Light","damage_taken":16,"max_hp_gain":0,"max_hp_loss":0,"event_name":"Shining Light","floor":3,"gold_loss":0,"cards_upgraded":["Defend_R","Bash"]},{"damage_healed":20,"gold_gain":0,"player_choice":"Healed","damage_taken":0,"max_hp_gain":0,"max_hp_loss":0,"event_name":"The Cleric","floor":11,"gold_loss":35}],"is_beta":false,"boss_relics":[],"items_purged_floors":[],"is_endless":false,"potions_floor_spawned":[1,5,12],"killed_by":"The Guardian","ascension_level":1}}