{"host":"h49usdrjeju7gyhi","time":1613962918,"event":{"mods":["Act Like it!","BaseMod","Minty Spire (QoL Compilation)","Ruina","StSLib","The Animator"],"gold_per_floor":[119,119,119,35,64,102,121,155,155,171,52,52,69,80,80,155,155,172,172,191,191,215,240,257,257,257,289,289,72,91,107,107,181,181,192,208,208,228,246,272,272,272],"floor_reached":41,"language":"ENG","playtime":4900,"items_purged":["animator:Strike","animator:Defend_NoGameNoLife"],"score":748,"play_id":"fd437490-bb64-486c-ad03-f64f0e66b7ad","local_time":"20210221220158","is_ascension_mode":true,"campfire_choices":[{"floor":15,"key":"REST"},{"floor":25,"key":"REST"},{"data":"animator:FeridBathory","floor":32,"key":"SMITH"}],"circlet_count":0,"master_deck":["AscendersBane","animator:Strike_NoGameNoLife","animator:DolaSchwi","animator:DolaCouronne","animator:PandorasActor","animator:FielNirvalen","animator:DolaRiku","animator:Lancer","animator:IzunaHatsuse","animator:NarberalGamma","animator:ElricAlphonse","animator:YachiyoNanami","animator:CowGirl","animator:DolaRiku","animator:GoblinSlayer","animator:IzunaHatsuse","animator:DolaRiku","animator:IzunaHatsuse","animator:EmiyaShirou","animator:GazelDwargon","animator:ChlammyZell","animator:Witch","animator:Alexander","ruina:Smile","animator:FeridBathory+1","animator:Chung","animator:Ainz","animator:Eve","animator:DolaStephanie","animator:DolaStephanie","animator:Pride"],"relics":["animator:LivingPicture","animator:TheMissingPiece","animator:PurgingStone","NeowsBlessing","Ornamental Fan","Blood Vial","Pocketwatch","Paper Crane","animator:RacePiece","ruina:PrescriptsGrace","The Courier","Bronze Scales","Coffee Dripper","Bottled Lightning"],"acts_visited":["Exordium","Exordium","TheBeyond"],"potions_floor_usage":[20,23,33,38,39,40],"damage_taken":[{"damage":0,"enemies":"2 Louse","floor":1,"turns":1},{"damage":0,"enemies":"Jaw Worm","floor":5,"turns":1},{"damage":0,"enemies":"Lagavulin","floor":6,"turns":1},{"damage":1,"enemies":"Small Slimes","floor":7,"turns":4},{"damage":45,"enemies":"3 Sentries","floor":8,"turns":11},{"damage":0,"enemies":"Looter","floor":10,"turns":5},{"damage":8,"enemies":"2 Fungi Beasts","floor":13,"turns":4},{"damage":1,"enemies":"Exordium Wildlife","floor":14,"turns":6},{"damage":23,"enemies":"The Guardian","floor":16,"turns":11},{"damage":2,"enemies":"ruina:Nosferatu","floor":18,"turns":5},{"damage":9,"enemies":"ruina:3_Bats","floor":20,"turns":6},{"damage":17,"enemies":"ruina:KingOfGreed","floor":22,"turns":10},{"damage":15,"enemies":"ruina:RoadHome","floor":23,"turns":7},{"damage":2,"enemies":"ruina:KnightOfDespair","floor":24,"turns":5},{"damage":0,"enemies":"ruina:Woodsman","floor":27,"turns":7},{"damage":0,"enemies":"ruina:QueenOfHate","floor":30,"turns":6},{"damage":2,"enemies":"ruina:Nos_and_Bat","floor":31,"turns":5},{"damage":19,"enemies":"ruina:Ozma","floor":33,"turns":13},{"damage":2,"enemies":"3 Darklings","floor":35,"turns":5},{"damage":5,"enemies":"3 Shapes","floor":36,"turns":3},{"damage":31,"enemies":"Jaw Worm Horde","floor":38,"turns":4},{"damage":0,"enemies":"Transient","floor":39,"turns":6},{"damage":15,"enemies":"Nemesis","floor":40,"turns":7},{"damage":21,"enemies":"Spire Growth","floor":41,"turns":2}],"seed_played":"-8398430262783480359","potions_obtained":[{"floor":6,"key":"DuplicationPotion"},{"floor":10,"key":"Weak Potion"},{"floor":23,"key":"Block Potion"},{"floor":24,"key":"DistilledChaos"},{"floor":33,"key":"SteroidPotion"},{"floor":38,"key":"SkillPotion"},{"floor":39,"key":"ColorlessPotion"}],"is_trial":false,"path_per_floor":["M","?","?","$","M","E","M","E","T","M","$","?","M","M","R","B",null,"M","?","M","?","M","E","M","R","T","M","?","$","M","M","R","B",null,"M","M","T","M","M","E","M"],"character_chosen":"THE_ANIMATOR","items_purchased":["animator:FielNirvalen","animator:YachiyoNanami","animator:FeridBathory"],"campfire_rested":2,"item_purchase_floors":[4,11,29],"current_hp_per_floor":[54,59,59,59,59,59,59,14,14,20,20,13,15,20,39,18,54,55,55,48,48,33,20,20,40,40,42,42,42,44,44,44,27,57,58,55,55,26,28,15,0,0],"gold":272,"neow_bonus":"THREE_ENEMY_KILL","is_daily":false,"chose_seed":false,"campfire_upgraded":1,"win_rate":0.0,"timestamp":1613962918,"path_taken":["M","?","?","$","M","E","M","E","T","M","?","?","M","M","R","BOSS","M","?","M","?","M","E","?","R","T","M","?","$","M","M","R","BOSS","M","M","?","M","M","E","M"],"items_purchased_type":["Card","Card","Card"],"build_version":"2020-12-22","purchased_purges":2,"victory":false,"max_hp_per_floor":[60,65,65,65,65,65,66,66,66,66,66,66,66,66,66,66,66,67,67,67,67,67,67,67,67,67,67,67,67,67,67,67,67,67,68,68,68,68,68,68,68,68],"card_choices":[{"not_picked":["animator:Shigure","animator:Priestess"],"picked":"animator:PandorasActor","floor":1},{"not_picked":["animator:PandorasActor","animator:ShinjiMatou"],"picked":"animator:DolaRiku","floor":5},{"not_picked":["animator:Spearman","animator:Shuna"],"picked":"animator:Lancer","floor":6},{"not_picked":["animator:Tet","animator:Jibril"],"picked":"animator:IzunaHatsuse","floor":7},{"not_picked":["animator:NagisaMomoe","animator:GazelDwargon"],"picked":"animator:NarberalGamma","floor":8},{"not_picked":["animator:Benimaru","animator:Shion"],"picked":"animator:ElricAlphonse","floor":10},{"not_picked":["animator:IzunaHatsuse","animator:RoyMustang"],"picked":"animator:CowGirl","floor":13},{"not_picked":["animator:IzunaHatsuse","animator:DolaSchwi"],"picked":"animator:DolaRiku","floor":14},{"not_picked":["animator:Envy","animator:MadokaKaname"],"picked":"animator:GoblinSlayer","floor":16},{"not_picked":["animator:Assassin","animator:Vesta"],"picked":"animator:EmiyaShirou","floor":18},{"not_picked":["animator:Millim","animator:Mitsuba"],"picked":"animator:GazelDwargon","floor":20},{"not_picked":["animator:Shinoa","animator:Scar"],"picked":"animator:ChlammyZell","floor":22},{"not_picked":["animator:CowGirl","animator:Priestess"],"picked":"animator:Witch","floor":23},{"not_picked":["animator:EmiyaShirou","animator:Yoichi","animator:Rider"],"picked":"SKIP","floor":24},{"not_picked":["animator:Hakurou","animator:Rider"],"picked":"animator:Alexander","floor":27},{"not_picked":["animator:Ain","animator:Illya"],"picked":"animator:Chung","floor":30},{"not_picked":["animator:Demiurge","animator:PandorasActor"],"picked":"animator:Ainz","floor":31},{"not_picked":["animator:SwordMaiden","animator:Saber"],"picked":"animator:Eve","floor":33},{"not_picked":["animator:Demiurge","animator:Hakurou+1"],"picked":"animator:DolaStephanie","floor":35},{"not_picked":["animator:Yoichi","animator:Priestess","animator:ChlammyZell"],"picked":"SKIP","floor":36},{"not_picked":["animator:Demiurge","animator:IrohaTamaki","animator:Shuna"],"picked":"SKIP","floor":38},{"not_picked":["animator:IzunaHatsuse","animator:FielNirvalen"],"picked":"animator:DolaStephanie","floor":39},{"not_picked":["animator:SuzuneAmano","animator:Kaijin"],"picked":"animator:Pride","floor":40}],"player_experience":1589327,"relics_obtained":[{"floor":6,"key":"Ornamental Fan"},{"floor":8,"key":"Blood Vial"},{"floor":8,"key":"Pocketwatch"},{"floor":9,"key":"Paper Crane"},{"floor":23,"key":"The Courier"},{"floor":26,"key":"Bronze Scales"},{"floor":40,"key":"Bottled Lightning"}],"event_choices":[{"damage_healed":0,"gold_gain":0,"player_choice":"Donut","damage_taken":0,"max_hp_gain":5,"max_hp_loss":0,"event_name":"Big Fish","floor":2,"gold_loss":0},{"damage_healed":0,"gold_gain":0,"player_choice":"Ignored","damage_taken":0,"max_hp_gain":0,"max_hp_loss":0,"event_name":"Liars Game","floor":3,"gold_loss":0},{"cards_removed":["animator:Strike"],"damage_healed":0,"gold_gain":0,"player_choice":"Card Removal","damage_taken":7,"max_hp_gain":0,"max_hp_loss":0,"event_name":"Golden Wing","floor":12,"gold_loss":0}],"is_beta":false,"boss_relics":[{"not_picked":["animator:HolyGrailRelic","SacredBark"],"picked":"animator:RacePiece"},{"not_picked":["Pandora\u0027s Box","Runic Dome"],"picked":"Coffee Dripper"}],"items_purged_floors":[11,29],"is_endless":false,"potions_floor_spawned":[6,10,13,14,18,23,24,30,33,38,39],"killed_by":"Spire Growth","ascension_level":20}}