{"host":"338bkdl2yirdp2ct","time":1613993586,"event":{"mods":["AchievementEnabler","Aspiration","BaseMod","BetterRewards","Clawfect","Colored Powertips","Conspire","Energized Spire","Googly Eyes","Halation","Hubris","Infinite Spire","Mimic Mod","Minty Spire (QoL Compilation)","Quick Restart","Relic Sorter","Replay The Spire","Shop Mod","StSLib","Unceasing Turn Reminder","slay the spire mod where everything is the same but ironclad has a cowboy hat"],"gold_per_floor":[112,112,123,87,87,122,142,142,168,198,208,241,74,108,108,108,108],"floor_reached":16,"language":"ENG","playtime":580,"items_purged":[],"score":153,"play_id":"10e1e917-46d4-481a-8ce2-4efb34ee1e53","local_time":"20210222033306","is_ascension_mode":false,"campfire_choices":[{"data":"Disarm","floor":15,"key":"SMITH"}],"circlet_count":0,"master_deck":["Strike_R","Strike_R","Strike_R","Strike_R","Strike_R","Defend_R","Defend_R","Defend_R","Bash","Iron Wave","Flex","Metallicize","Pommel Strike","Pommel Strike","Headbutt","Disarm+1","Armaments"],"relics":["Burning Blood","NeowsBlessing","hubris:BundleOfHerbs","CultistMask","halation:PromiseList","ReplayTheSpireMod:Spearhead","hubris:Reverence","Bag of Marbles","Blue Candle"],"acts_visited":["Exordium"],"potions_floor_usage":[10,12,16,16],"damage_taken":[{"damage":0,"enemies":"Small Slimes","floor":1,"turns":1},{"damage":0,"enemies":"2 Louse","floor":3,"turns":1},{"damage":0,"enemies":"Lagavulin","floor":6,"turns":1},{"damage":1,"enemies":"Cultist","floor":7,"turns":4},{"damage":12,"enemies":"3 Sentries","floor":10,"turns":8},{"damage":9,"enemies":"Blue Slaver","floor":11,"turns":3},{"damage":11,"enemies":"Gremlin Nob","floor":12,"turns":3},{"damage":18,"enemies":"Replay:BlueRogue","floor":14,"turns":4},{"damage":67,"enemies":"Fading Forest","floor":16,"turns":10}],"seed_played":"-1226338564985577586","potions_obtained":[{"floor":3,"key":"Dexterity Potion"},{"floor":6,"key":"Energy Potion"},{"floor":10,"key":"Adrenaline Potion"},{"floor":12,"key":"ColorlessPotion"}],"is_trial":false,"path_per_floor":["M","?","M","$","?","E","M","?","T","E","M","E","$","E","R","B"],"character_chosen":"IRONCLAD","items_purchased":["Metallicize","Bag of Marbles","Armaments"],"campfire_rested":0,"item_purchase_floors":[4,13,13],"current_hp_per_floor":[80,73,79,79,79,80,80,80,80,74,71,66,66,54,54,0,0],"gold":108,"neow_bonus":"THREE_ENEMY_KILL","is_daily":false,"chose_seed":false,"campfire_upgraded":1,"win_rate":0.0,"timestamp":1613993586,"path_taken":["M","?","M","$","?","E","M","?","T","E","?","E","$","E","R","BOSS"],"items_purchased_type":["Card","Relic","Card"],"build_version":"2020-12-22","purchased_purges":0,"victory":false,"max_hp_per_floor":[80,80,80,80,80,80,80,80,80,80,80,80,80,80,80,80,80],"card_choices":[{"not_picked":["Body Slam","Pommel Strike"],"picked":"Iron Wave","floor":1},{"not_picked":["Heavy Blade","Evolve"],"picked":"Flex","floor":3},{"not_picked":["Battle Trance","Twin Strike"],"picked":"Pommel Strike","floor":6},{"not_picked":["ReplayTheSpireMod:Stacked","Havoc","Demon Form"],"picked":"SKIP","floor":7},{"not_picked":["Heavy Blade","True Grit"],"picked":"Pommel Strike","floor":10},{"not_picked":["Heavy Blade","Wild Strike"],"picked":"Headbutt","floor":11},{"not_picked":["Replay:Undeath\u0027s Touch","ReplayTheSpireMod:Stacked"],"picked":"Disarm","floor":12},{"not_picked":["Thunderclap","Clash","Metallicize"],"picked":"SKIP","floor":14}],"player_experience":1259114,"relics_obtained":[{"floor":6,"key":"hubris:BundleOfHerbs"},{"floor":9,"key":"halation:PromiseList"},{"floor":10,"key":"ReplayTheSpireMod:Spearhead"},{"floor":12,"key":"hubris:Reverence"},{"floor":14,"key":"Blue Candle"}],"event_choices":[{"cards_removed":["Defend_R"],"damage_healed":0,"gold_gain":0,"player_choice":"Card Removal","damage_taken":7,"max_hp_gain":0,"max_hp_loss":0,"event_name":"Golden Wing","floor":2,"gold_loss":0},{"damage_healed":0,"gold_gain":0,"player_choice":"Leave","damage_taken":0,"max_hp_gain":0,"max_hp_loss":0,"event_name":"The Cleric","floor":5,"gold_loss":0},{"damage_healed":0,"gold_gain":0,"player_choice":"Trade","damage_taken":0,"relics_obtained":["CultistMask"],"max_hp_gain":0,"max_hp_loss":0,"event_name":"FaceTrader","floor":8,"gold_loss":0}],"is_beta":false,"boss_relics":[],"items_purged_floors":[],"is_endless":false,"potions_floor_spawned":[3,6,10,12],"killed_by":"Fading Forest","ascension_level":0}}