{"host":"91blwi3hgehj6ch9","time":1613955944,"event":{"mods":["2.2 Compatiblity","AchievementEnabler","BaseMod","Colored Map","DeckTracker","Keyboard Shortcuts","Minty Spire (QoL Compilation)","Permanent Neow","Relic Stats","StSLib","SuperFastMode","everything is the same but u backflip on backflip"],"gold_per_floor":[110,122,138,158,169,200,212,212,212,229,154,174,189,199,199,297,297,314,332,257,257,273,306,46,46,72,72,91,91,120,132,132,132,132],"floor_reached":33,"language":"KOR","playtime":882,"items_purged":["Defend_R"],"score":295,"play_id":"0aa2b5ba-2daa-4c99-85cb-aac37161050c","local_time":"20210222100544","is_ascension_mode":false,"campfire_choices":[{"data":"Armaments","floor":8,"key":"SMITH"},{"data":"Pommel Strike","floor":15,"key":"SMITH"},{"floor":27,"key":"REST"},{"floor":29,"key":"REST"},{"floor":32,"key":"REST"}],"circlet_count":0,"master_deck":["Strike_R+1","Strike_R+1","Strike_R+1","Strike_R+1","Defend_R+1","Defend_R+1","Defend_R+1","Bash+1","Armaments+1","Cleave","Headbutt","Shrug It Off+1","Pommel Strike+1","Wild Strike","Shrug It Off+1","Thunderclap+1"],"relics":["Burning Blood","Pantograph","Incense Burner","Philosopher\u0027s Stone","War Paint","Molten Egg 2","Pen Nib","White Beast Statue"],"acts_visited":["Exordium","TheCity"],"potions_floor_usage":[23,30,33],"damage_taken":[{"damage":1,"enemies":"Cultist","floor":1,"turns":3},{"damage":2,"enemies":"Jaw Worm","floor":2,"turns":4},{"damage":0,"enemies":"2 Louse","floor":3,"turns":3},{"damage":13,"enemies":"Blue Slaver","floor":4,"turns":5},{"damage":10,"enemies":"3 Louse","floor":5,"turns":4},{"damage":41,"enemies":"Lagavulin","floor":6,"turns":8},{"damage":0,"enemies":"Large Slime","floor":7,"turns":4},{"damage":2,"enemies":"Exordium Wildlife","floor":10,"turns":2},{"damage":13,"enemies":"2 Fungi Beasts","floor":12,"turns":3},{"damage":0,"enemies":"Blue Slaver","floor":13,"turns":4},{"damage":0,"enemies":"Red Slaver","floor":14,"turns":3},{"damage":40,"enemies":"Slime Boss","floor":16,"turns":15},{"damage":20,"enemies":"2 Thieves","floor":18,"turns":4},{"damage":0,"enemies":"Chosen","floor":19,"turns":4},{"damage":16,"enemies":"Snake Plant","floor":22,"turns":4},{"damage":45,"enemies":"Slavers","floor":23,"turns":6},{"damage":15,"enemies":"Shelled Parasite and Fungi","floor":28,"turns":4},{"damage":37,"enemies":"Gremlin Leader","floor":30,"turns":8},{"damage":14,"enemies":"Centurion and Healer","floor":31,"turns":6},{"damage":75,"enemies":"Collector","floor":33,"turns":7}],"seed_played":"6542294950759408981","potions_obtained":[{"floor":1,"key":"SpeedPotion"},{"floor":6,"key":"Regen Potion"},{"floor":10,"key":"Swift Potion"},{"floor":28,"key":"Fire Potion"},{"floor":30,"key":"CultistPotion"}],"is_trial":false,"path_per_floor":["M","M","M","M","M","E","M","R","T","M","$","M","M","M","R","B",null,"M","M","?","?","M","E","$","?","T","R","M","R","E","M","R","B"],"character_chosen":"IRONCLAD","items_purchased":["Molten Egg 2"],"campfire_rested":3,"item_purchase_floors":[24],"current_hp_per_floor":[80,80,80,73,69,34,40,40,40,44,44,37,43,49,49,40,80,66,72,72,72,62,38,38,23,23,48,39,64,33,25,50,0,0],"gold":132,"neow_bonus":"UPGRADE_CARD","is_daily":false,"chose_seed":false,"campfire_upgraded":2,"win_rate":0.0,"timestamp":1613955944,"path_taken":["M","M","M","M","?","E","M","R","T","M","$","M","M","M","R","BOSS","M","M","?","?","M","E","$","?","T","R","M","R","E","M","R","BOSS"],"items_purchased_type":["Relic"],"build_version":"2020-12-22","purchased_purges":1,"victory":false,"max_hp_per_floor":[80,80,80,80,80,80,80,80,80,80,80,80,80,80,80,80,80,80,80,80,80,80,80,80,85,85,85,85,85,85,85,85,85,85],"relic_stats":{"counters":[20,101],"Pantograph":50,"Pen Nib":[6],"War Paint":["Shrug It Off"],"obtain_stats":[{"Pantograph":6,"Philosopher\u0027s Stone":17,"Molten Egg 2":24,"Pen Nib":26,"Incense Burner":9,"War Paint":23,"Burning Blood":0,"White Beast Statue":30},{"Pantograph":6,"Philosopher\u0027s Stone":12,"Molten Egg 2":16,"Pen Nib":16,"Incense Burner":7,"War Paint":16,"Burning Blood":0,"White Beast Statue":18},{"Pantograph":27,"Philosopher\u0027s Stone":58,"Molten Egg 2":76,"Pen Nib":76,"Incense Burner":31,"War Paint":76,"Burning Blood":0,"White Beast Statue":88}],"Burning Blood":99},"card_choices":[{"not_picked":["Blood for Blood","Rampage"],"picked":"Armaments","floor":1},{"not_picked":["Clash","Evolve"],"picked":"Cleave","floor":2},{"not_picked":["Hemokinesis","Searing Blow"],"picked":"Headbutt","floor":3},{"not_picked":["Combust","Cleave"],"picked":"Shrug It Off","floor":4},{"not_picked":["Thunderclap","Flex","Burning Pact"],"picked":"SKIP","floor":5},{"not_picked":["Headbutt","Spot Weakness","Dropkick"],"picked":"SKIP","floor":6},{"not_picked":["Flex","Flame Barrier","Body Slam"],"picked":"SKIP","floor":7},{"not_picked":["Feed","Havoc","Dropkick"],"picked":"SKIP","floor":10},{"not_picked":["Body Slam","Spot Weakness","Evolve"],"picked":"SKIP","floor":12},{"not_picked":["True Grit","Reckless Charge","Clash"],"picked":"SKIP","floor":13},{"not_picked":["Clash","Clothesline"],"picked":"Pommel Strike","floor":14},{"not_picked":["Iron Wave","Reckless Charge","Spot Weakness+1"],"picked":"SKIP","floor":18},{"not_picked":["Armaments","Dark Embrace+1","Rupture"],"picked":"SKIP","floor":19},{"not_picked":["Clash","Blood for Blood+1"],"picked":"Wild Strike","floor":22},{"not_picked":["Armaments","Sever Soul+1","Heavy Blade+1"],"picked":"SKIP","floor":23},{"not_picked":["Uppercut+1","Cleave+1"],"picked":"Shrug It Off+1","floor":28},{"not_picked":["Intimidate","Fiend Fire+1","Armaments+1"],"picked":"SKIP","floor":30},{"not_picked":["Body Slam+1","Warcry"],"picked":"Thunderclap+1","floor":31}],"player_experience":301973,"relics_obtained":[{"floor":6,"key":"Pantograph"},{"floor":9,"key":"Incense Burner"},{"floor":23,"key":"War Paint"},{"floor":26,"key":"Pen Nib"},{"floor":30,"key":"White Beast Statue"}],"event_choices":[{"cards_removed":["Strike_R"],"damage_healed":0,"gold_gain":0,"player_choice":"Gave Gold","damage_taken":0,"max_hp_gain":0,"max_hp_loss":0,"event_name":"Beggar","floor":20,"gold_loss":75},{"damage_healed":0,"gold_gain":0,"player_choice":"Simplicity","damage_taken":0,"max_hp_gain":0,"max_hp_loss":0,"event_name":"Back to Basics","floor":21,"gold_loss":0,"cards_upgraded":["Strike_R","Strike_R","Strike_R","Strike_R","Defend_R","Defend_R","Defend_R"]},{"damage_healed":0,"gold_gain":0,"player_choice":"Shed Blood","damage_taken":20,"max_hp_gain":5,"max_hp_loss":0,"event_name":"Forgotten Altar","floor":25,"gold_loss":0}],"is_beta":false,"boss_relics":[{"not_picked":["SlaversCollar","Velvet Choker"],"picked":"Philosopher\u0027s Stone"}],"items_purged_floors":[11],"is_endless":false,"potions_floor_spawned":[1,6,10,13,16,22,28,30,31],"killed_by":"Collector","ascension_level":0}}