{"host":"szp1d6dso4pv7ddl","time":1613971951,"event":{"mods":["AchievementEnabler","Alarm Clock","BaseMod","Bestiary","Block Reminder","Colored Map","Colored Powertips","Curses Come First","Dark Map","Displayed Cursed Tome","Highlight Path","Minty Spire (QoL Compilation)","Permanent Neow","Quick Restart","Relic Sorter","Relic Stats","StSLib","Synergy Search"],"gold_per_floor":[114,45,63,18,18,18,29,29,29,39,51,64,74,74,74,174,174,193,268,284,209,224,224,251,251,328,328,342,356,281,34,34,134,134,151,151,165,40,40,40,40,40,40,57,72,88,121,137,137,137],"floor_reached":51,"language":"ENG","playtime":2983,"items_purged":["Combust","Bash","Uppercut+1"],"score":766,"play_id":"d079c4bc-333b-4189-836a-51829efb40ce","local_time":"20210221213231","is_ascension_mode":false,"campfire_choices":[{"data":"Pommel Strike","floor":6.0,"key":"SMITH"},{"data":"Shrug It Off","floor":8.0,"key":"SMITH"},{"floor":15.0,"key":"REST"},{"data":"Uppercut","floor":23.0,"key":"SMITH"},{"data":"Seeing Red","floor":25.0,"key":"SMITH"},{"data":"Barricade","floor":27.0,"key":"SMITH"},{"data":"Burning Pact","floor":32.0,"key":"SMITH"},{"data":"Offering","floor":40,"key":"SMITH"},{"data":"Dropkick","floor":42,"key":"SMITH"},{"data":"Dropkick","floor":49,"key":"SMITH"}],"circlet_count":0,"master_deck":["Pommel Strike+1","Brutality","Seeing Red+1","Dropkick+1","Thunderclap","Dropkick+1","Shrug It Off+1","Burning Pact+1","Offering+1"],"relics":["Pandora\u0027s Box","Du-Vu Doll","Bottled Flame","Sozu","Calipers","HornCleat","HandDrill","Empty Cage","Self Forming Clay"],"acts_visited":["Exordium","TheCity","TheBeyond"],"potions_floor_usage":[33],"damage_taken":[{"damage":6.0,"enemies":"Cultist","floor":1.0,"turns":3.0},{"damage":8.0,"enemies":"Jaw Worm","floor":3.0,"turns":2.0},{"damage":0.0,"enemies":"Small Slimes","floor":7.0,"turns":2.0},{"damage":10.0,"enemies":"2 Fungi Beasts","floor":10.0,"turns":3.0},{"damage":20.0,"enemies":"Gremlin Gang","floor":11.0,"turns":4.0},{"damage":8.0,"enemies":"Red Slaver","floor":12.0,"turns":4.0},{"damage":7.0,"enemies":"Exordium Thugs","floor":13.0,"turns":3.0},{"damage":25.0,"enemies":"Hexaghost","floor":16.0,"turns":8.0},{"damage":0.0,"enemies":"Spheric Guardian","floor":18.0,"turns":3.0},{"damage":0.0,"enemies":"Chosen","floor":20.0,"turns":4.0},{"damage":10.0,"enemies":"Snake Plant","floor":22.0,"turns":4.0},{"damage":13.0,"enemies":"Book of Stabbing","floor":24.0,"turns":5.0},{"damage":3.0,"enemies":"Snecko","floor":28.0,"turns":4.0},{"damage":0.0,"enemies":"Cultist and Chosen","floor":29.0,"turns":6.0},{"damage":6,"enemies":"Automaton","floor":33,"turns":3},{"damage":6,"enemies":"Orb Walker","floor":35,"turns":1},{"damage":6,"enemies":"3 Shapes","floor":37,"turns":2},{"damage":6,"enemies":"Writhing Mass","floor":44,"turns":1},{"damage":6,"enemies":"3 Darklings","floor":45,"turns":1},{"damage":6,"enemies":"Jaw Worm Horde","floor":46,"turns":1},{"damage":0,"enemies":"Giant Head","floor":47,"turns":1},{"damage":0,"enemies":"Transient","floor":48,"turns":1},{"damage":6,"enemies":"Donu and Deca","floor":50,"turns":1}],"seed_played":"-8294626166319107726","potions_obtained":[{"floor":1.0,"key":"SmokeBomb"},{"floor":7.0,"key":"Swift Potion"},{"floor":10.0,"key":"Weak Potion"}],"is_trial":false,"path_per_floor":["M","$","M","$","?","R","M","R","T","M","M","M","M","T","R","B",null,"M","?","M","$","M","R","E","R","T","R","M","M","?","$","R","B",null,"M","?","M","$","?","R","$","R","T","M","M","M","E","M","R","B",null],"character_chosen":"IRONCLAD","items_purchased":["Dropkick","Shrug It Off","HandDrill"],"campfire_rested":1,"item_purchase_floors":[2,4,31],"current_hp_per_floor":[74,74,66,66,66,66,66,66,66,56,36,28,21,21,45,20,80,80,72,72,72,62,62,49,49,49,49,46,46,46,46,46,40,80,74,74,68,68,68,68,68,68,68,62,56,50,50,50,50,44],"gold":137,"neow_bonus":"BOSS_RELIC","is_daily":false,"chose_seed":false,"campfire_upgraded":9,"win_rate":0.0,"timestamp":1613971951,"path_taken":["M","?","M","$","?","R","M","R","T","?","M","M","M","?","R","BOSS","M","?","M","$","?","R","E","R","T","R","M","M","?","$","R","BOSS","M","?","?","$","?","R","?","R","T","?","?","M","E","M","R","BOSS"],"items_purchased_type":["Card","Card","Relic"],"build_version":"2020-12-22","purchased_purges":3,"victory":true,"max_hp_per_floor":[80,80,80,80,80,80,80,80,80,80,80,80,80,80,80,80,80,80,80,80,80,80,80,80,80,80,80,80,80,80,80,80,80,80,80,80,80,80,80,80,80,80,80,80,80,80,80,80,80,80],"relic_stats":{"Sozu":5,"counters":[23,67],"Self Forming Clay":[0],"Pandora\u0027s Box":["Battle Trance","Uppercut","Second Wind","Pommel Strike","Brutality","Seeing Red","Dropkick","Barricade","Combust"],"HandDrill":[60],"obtain_stats":[{"Du-Vu Doll":9,"Sozu":17,"Bottled Flame":14,"Calipers":24,"HornCleat":26,"Self Forming Clay":47,"Pandora\u0027s Box":0,"HandDrill":31,"Empty Cage":34,"Burning Blood":0},{"Du-Vu Doll":3,"Sozu":8,"Bottled Flame":7,"Calipers":12,"HornCleat":12,"Self Forming Clay":21,"Pandora\u0027s Box":0,"HandDrill":14,"Empty Cage":15,"Burning Blood":0},{"Du-Vu Doll":7,"Sozu":29,"Bottled Flame":21,"Calipers":45,"HornCleat":45,"Self Forming Clay":65,"Pandora\u0027s Box":0,"HandDrill":55,"Empty Cage":58,"Burning Blood":0}]},"card_choices":[{"not_picked":["Searing Blow","Spot Weakness"],"picked":"Thunderclap","floor":1.0},{"not_picked":["Power Through","True Grit","Iron Wave"],"picked":"SKIP","floor":3.0},{"not_picked":["Sword Boomerang","Shockwave","Pommel Strike"],"picked":"SKIP","floor":7.0},{"not_picked":["Disarm","Seeing Red","Intimidate"],"picked":"SKIP","floor":10.0},{"not_picked":["Sword Boomerang","Uppercut","Clash"],"picked":"SKIP","floor":11.0},{"not_picked":["Iron Wave","Wild Strike","Sever Soul"],"picked":"SKIP","floor":12.0},{"not_picked":["Warcry","Shrug It Off","Pummel"],"picked":"SKIP","floor":13.0},{"not_picked":["Havoc","Inflame","Dual Wield"],"picked":"SKIP","floor":18.0},{"not_picked":["Wild Strike+1","Armaments","Heavy Blade"],"picked":"SKIP","floor":20.0},{"not_picked":["Dual Wield","Havoc+1","Sword Boomerang"],"picked":"SKIP","floor":22.0},{"not_picked":["Sever Soul","Headbutt","Spot Weakness"],"picked":"SKIP","floor":24.0},{"not_picked":["Thunderclap","Armaments+1"],"picked":"Burning Pact","floor":28.0},{"not_picked":["Spot Weakness","Metallicize","Perfected Strike"],"picked":"SKIP","floor":29.0},{"not_picked":["Brutality","Barricade"],"picked":"Offering","floor":33},{"not_picked":["Anger","Perfected Strike","Flex"],"picked":"SKIP","floor":35},{"not_picked":["Twin Strike","Cleave","Hemokinesis"],"picked":"SKIP","floor":37},{"not_picked":["Pommel Strike","Warcry+1","Combust"],"picked":"SKIP","floor":44},{"not_picked":["Uppercut+1","Clothesline","Flex"],"picked":"SKIP","floor":45},{"not_picked":["Headbutt+1","Perfected Strike+1","Shrug It Off"],"picked":"SKIP","floor":46},{"not_picked":["Warcry","Sword Boomerang","Shrug It Off"],"picked":"SKIP","floor":47},{"not_picked":["Hemokinesis+1","Rampage+1","Burning Pact+1"],"picked":"SKIP","floor":48}],"player_experience":1632044,"relics_obtained":[{"floor":9.0,"key":"Du-Vu Doll"},{"floor":14.0,"key":"Bottled Flame"},{"floor":24.0,"key":"Calipers"},{"floor":26.0,"key":"HornCleat"},{"floor":47,"key":"Self Forming Clay"}],"event_choices":[{"damage_healed":0.0,"max_hp_gain":0.0,"max_hp_loss":0.0,"gold_gain":0.0,"event_name":"Liars Game","player_choice":"Ignored","floor":5.0,"gold_loss":0.0,"damage_taken":0.0},{"damage_healed":0.0,"max_hp_gain":0.0,"max_hp_loss":0.0,"gold_gain":75.0,"event_name":"FaceTrader","player_choice":"Touch","floor":19.0,"gold_loss":0.0,"damage_taken":8.0},{"cards_removed":["Battle Trance"],"damage_healed":0.0,"max_hp_gain":0.0,"max_hp_loss":0.0,"gold_gain":0.0,"event_name":"Beggar","player_choice":"Gave Gold","floor":30.0,"gold_loss":75.0,"damage_taken":0.0},{"damage_healed":0,"gold_gain":0,"player_choice":"0 cards matched","damage_taken":0,"max_hp_gain":0,"max_hp_loss":0,"event_name":"Match and Keep!","floor":36,"gold_loss":0,"cards_obtained":[]},{"damage_healed":0,"gold_gain":0,"player_choice":"Memory 1","damage_taken":0,"max_hp_gain":0,"max_hp_loss":0,"event_name":"SensoryStone","floor":39,"gold_loss":0}],"is_beta":false,"boss_relics":[{"not_picked":["Coffee Dripper","Cursed Key"],"picked":"Sozu"},{"not_picked":["Mark of Pain","Philosopher\u0027s Stone"],"picked":"Empty Cage"}],"items_purged_floors":[21,31,38],"is_endless":false,"potions_floor_spawned":[1,7,10,18,29,45,46,47],"ascension_level":0}}