{"host":"w14xfy17z3c5mpoi","time":1613961571,"event":{"mods":["AchievementEnabler","BaseMod","Minty Spire (QoL Compilation)","Relic Stats"],"gold_per_floor":[364,375,3,78,78,78,78],"floor_reached":6,"language":"ENG","playtime":209,"items_purged":[],"score":56,"play_id":"467c0129-9d8c-4dad-8a54-7d90541bf8d7","local_time":"20210221213931","is_ascension_mode":true,"campfire_choices":[],"circlet_count":0,"master_deck":["AscendersBane","Strike_G","Strike_G","Strike_G","Strike_G","Defend_G","Defend_G","Defend_G","Defend_G","Defend_G","Survivor","Neutralize","Escape Plan","PiercingWail","Bouncing Flask","Cloak And Dagger"],"relics":["Ring of the Snake","White Beast Statue"],"acts_visited":["Exordium"],"potions_floor_usage":[6],"damage_taken":[{"damage":11,"enemies":"2 Louse","floor":1,"turns":3},{"damage":5,"enemies":"Jaw Worm","floor":2,"turns":5},{"damage":18,"enemies":"Gremlin Nob","floor":6,"turns":3}],"seed_played":"8175674239983544877","potions_obtained":[],"is_trial":false,"path_per_floor":["M","M","$","?","?","E"],"character_chosen":"THE_SILENT","items_purchased":["White Beast Statue","Bouncing Flask","SkillPotion"],"campfire_rested":0,"item_purchase_floors":[3,3,3],"current_hp_per_floor":[34,29,29,18,18,0,0],"gold":78,"neow_bonus":"TWO_FIFTY_GOLD","is_daily":false,"chose_seed":false,"campfire_upgraded":0,"win_rate":0.0,"timestamp":1613961571,"path_taken":["M","M","$","?","?","E"],"items_purchased_type":["Relic","Card","Potion"],"build_version":"2020-12-22","purchased_purges":0,"victory":false,"max_hp_per_floor":[70,70,70,70,70,70,70],"relic_stats":{"counters":[3,11],"obtain_stats":[{"White Beast Statue":3,"Ring of the Snake":0},{"White Beast Statue":2,"Ring of the Snake":0},{"White Beast Statue":8,"Ring of the Snake":0}],"Ring of the Snake":[6]},"card_choices":[{"not_picked":["Prepared","PiercingWail"],"picked":"Escape Plan","floor":1},{"not_picked":["Catalyst","Deflect"],"picked":"PiercingWail","floor":2}],"player_experience":761291,"relics_obtained":[],"event_choices":[{"damage_healed":0,"gold_gain":75,"player_choice":"Gather Gold","damage_taken":11,"max_hp_gain":0,"max_hp_loss":0,"event_name":"World of Goop","floor":4,"gold_loss":0},{"damage_healed":0,"gold_gain":0,"cards_transformed":["Strike_G"],"player_choice":"Change","damage_taken":0,"max_hp_gain":0,"max_hp_loss":0,"event_name":"Living Wall","floor":5,"gold_loss":0,"cards_obtained":["Cloak And Dagger"]}],"is_beta":false,"boss_relics":[],"items_purged_floors":[],"is_endless":false,"potions_floor_spawned":[],"killed_by":"Gremlin Nob","ascension_level":13}}