{"host":"6wux4armhsntp4yb","time":1613971471,"event":{"mods":["BaseMod","Colored Map","DeckTracker","Minty Spire (QoL Compilation)","Relic Stats"],"gold_per_floor":[117,137,37,83,83,83,126,126,126,165,165,179,179,18,18,109,109,124,49,69,108,124,124,168,168,213,228,228,242,262,305,305,396,396,411,411,411,434,434,434,458,482,506,506,550,574,76,119,119,119,119,119,119,5,41,41,41],"floor_reached":56,"language":"JPN","playtime":3258,"items_purged":["Strike_G","Strike_G"],"score":2106,"play_id":"f6b76435-1d0e-4f38-a58f-eda444531f35","local_time":"20210222142431","is_ascension_mode":true,"campfire_choices":[{"data":"Finisher","floor":6.0,"key":"SMITH"},{"data":"Neutralize","floor":8.0,"key":"SMITH"},{"data":"1","floor":11.0,"key":"LIFT"},{"data":"2","floor":13.0,"key":"LIFT"},{"data":"3","floor":15.0,"key":"LIFT"},{"data":"Storm of Steel","floor":23,"key":"SMITH"},{"data":"Blade Dance","floor":25,"key":"SMITH"},{"data":"Crippling Poison","floor":32,"key":"SMITH"},{"data":"Wraith Form v2","floor":40,"key":"SMITH"},{"data":"Flash of Steel","floor":44,"key":"SMITH"},{"floor":49,"key":"RECALL"},{"data":"Apotheosis","floor":53,"key":"SMITH"}],"circlet_count":0,"master_deck":["AscendersBane","Strike_G","Strike_G","Defend_G","Defend_G","Defend_G","Defend_G","Survivor","Neutralize+1","Quick Slash","Finisher+1","Flash of Steel+1","Blade Dance+1","Storm of Steel+1","Escape Plan","Crippling Poison+1","PiercingWail","Backflip","Wraith Form v2+1","Apotheosis+1","Dagger Throw","Bouncing Flask"],"relics":["Busted Crown","Pen Nib","Golden Idol","Bag of Marbles","Girya","Vajra","Runic Pyramid","Red Mask","Lizard Tail","Strawberry","Du-Vu Doll","WristBlade","Anchor","Snake Skull","Nunchaku","Happy Flower","Mummified Hand"],"acts_visited":["Exordium","TheCity","TheBeyond","TheEnding"],"potions_floor_usage":[20,24,31,50,51,51,51,55,55],"damage_taken":[{"damage":1.0,"enemies":"Cultist","floor":1.0,"turns":5.0},{"damage":2.0,"enemies":"Small Slimes","floor":2.0,"turns":5.0},{"damage":1.0,"enemies":"3 Sentries","floor":7.0,"turns":9.0},{"damage":7.0,"enemies":"Gremlin Nob","floor":10.0,"turns":3.0},{"damage":0.0,"enemies":"Jaw Worm","floor":12.0,"turns":1.0},{"damage":0.0,"enemies":"Slime Boss","floor":16.0,"turns":5.0},{"damage":0.0,"enemies":"Chosen","floor":18.0,"turns":1.0},{"damage":0,"enemies":"3 Byrds","floor":20,"turns":4},{"damage":0,"enemies":"Masked Bandits","floor":21,"turns":2},{"damage":0,"enemies":"Snake Plant","floor":22,"turns":1},{"damage":7,"enemies":"Book of Stabbing","floor":24,"turns":4},{"damage":0,"enemies":"Snecko","floor":27,"turns":3},{"damage":4,"enemies":"Sentry and Sphere","floor":29,"turns":4},{"damage":6,"enemies":"Shelled Parasite and Fungi","floor":30,"turns":3},{"damage":6,"enemies":"Slavers","floor":31,"turns":3},{"damage":38,"enemies":"Collector","floor":33,"turns":6},{"damage":0,"enemies":"3 Darklings","floor":35,"turns":4},{"damage":0,"enemies":"3 Shapes","floor":38,"turns":4},{"damage":5,"enemies":"Writhing Mass","floor":41,"turns":3},{"damage":3,"enemies":"3 Darklings","floor":42,"turns":3},{"damage":0,"enemies":"Nemesis","floor":45,"turns":3},{"damage":0,"enemies":"4 Shapes","floor":46,"turns":3},{"damage":0,"enemies":"Reptomancer","floor":48,"turns":4},{"damage":10,"enemies":"Awakened One","floor":50,"turns":10},{"damage":9,"enemies":"Time Eater","floor":51,"turns":7},{"damage":0,"enemies":"Shield and Spear","floor":55,"turns":4},{"damage":109,"enemies":"The Heart","floor":56,"turns":6}],"seed_played":"3276469106734944434","potions_obtained":[{"floor":2.0,"key":"EssenceOfSteel"},{"floor":7.0,"key":"CultistPotion"},{"floor":12.0,"key":"LiquidMemories"},{"floor":20,"key":"SpeedPotion"},{"floor":27,"key":"LiquidMemories"},{"floor":28,"key":"SteroidPotion"},{"floor":28,"key":"GhostInAJar"},{"floor":31,"key":"EntropicBrew"}],"is_trial":false,"path_per_floor":["M","M","$","T","?","R","E","R","T","E","R","M","R","$","R","B",null,"M","$","M","?","M","R","E","R","T","M","?","M","M","E","R","B",null,"M","?","?","M","?","R","M","M","T","R","E","M","$","E","R","B","B",null,"R","$","E","B"],"character_chosen":"THE_SILENT","items_purchased":["Flash of Steel","Vajra","Apotheosis","Nunchaku","Dagger Throw","FearPotion","Strength Potion"],"campfire_rested":0,"item_purchase_floors":[3,14,47,47,47,54,54],"current_hp_per_floor":[58,56,56,56,56,56,55,55,55,48,48,48,48,48,48,48,57,57,57,57,57,57,57,50,50,57,57,57,53,47,41,41,3,51,51,51,51,51,51,51,46,43,43,43,43,43,43,43,43,33,24,56,56,56,56,0,0],"gold":41,"neow_bonus":"BOSS_RELIC","is_daily":false,"chose_seed":false,"campfire_upgraded":8,"win_rate":0.0,"timestamp":1613971471,"path_taken":["M","?","$","?","?","R","E","R","T","E","R","?","R","?","R","BOSS","M","$","M","?","M","R","E","R","T","M","?","M","?","E","R","BOSS","M","?","?","M","?","R","M","M","T","R","E","M","$","E","R","BOSS","BOSS","R","$","E","BOSS"],"items_purchased_type":["Card","Relic","Card","Relic","Card","Potion","Potion"],"build_version":"2020-12-22","purchased_purges":2,"victory":false,"max_hp_per_floor":[66,66,66,66,60,60,60,60,60,60,60,60,60,60,60,60,60,60,60,60,60,60,60,60,60,67,67,67,67,67,67,67,67,67,67,67,67,67,67,67,67,67,67,67,67,67,67,67,67,67,67,67,67,67,67,67,67],"relic_stats":{"Lizard Tail":33,"Nunchaku":[13],"Busted Crown":50,"Happy Flower":[9],"counters":[27,110],"Golden Idol":188,"Mummified Hand":[1],"Pen Nib":[36],"Snake Skull":[32],"obtain_stats":[{"Girya":10,"Happy Flower":48,"Golden Idol":5,"Vajra":14,"Pen Nib":4,"Snake Skull":45,"Du-Vu Doll":31,"Lizard Tail":24,"Anchor":43,"Nunchaku":47,"Busted Crown":0,"WristBlade":34,"Mummified Hand":55,"Strawberry":26,"Bag of Marbles":7,"Red Mask":21,"Ring of the Snake":0,"Runic Pyramid":17},{"Girya":4,"Happy Flower":23,"Golden Idol":2,"Vajra":5,"Pen Nib":2,"Snake Skull":21,"Du-Vu Doll":15,"Lizard Tail":11,"Anchor":20,"Nunchaku":22,"Busted Crown":0,"WristBlade":16,"Mummified Hand":26,"Strawberry":11,"Bag of Marbles":3,"Red Mask":9,"Ring of the Snake":0,"Runic Pyramid":6},{"Girya":22,"Happy Flower":83,"Golden Idol":10,"Vajra":23,"Pen Nib":10,"Snake Skull":76,"Du-Vu Doll":53,"Lizard Tail":40,"Anchor":73,"Nunchaku":79,"Busted Crown":0,"WristBlade":59,"Mummified Hand":104,"Strawberry":40,"Bag of Marbles":19,"Red Mask":35,"Ring of the Snake":0,"Runic Pyramid":28}]},"card_choices":[{"not_picked":[],"picked":"Quick Slash","floor":1.0},{"not_picked":[],"picked":"Finisher","floor":2.0},{"not_picked":[],"picked":"Blade Dance","floor":7.0},{"not_picked":["Deadly Poison"],"picked":"SKIP","floor":10.0},{"not_picked":["Reflex"],"picked":"SKIP","floor":12.0},{"not_picked":[],"picked":"Storm of Steel","floor":16.0},{"not_picked":["Dodge and Roll+1"],"picked":"SKIP","floor":18.0},{"not_picked":["Riddle With Holes"],"picked":"SKIP","floor":20},{"not_picked":[],"picked":"Escape Plan","floor":21},{"not_picked":[],"picked":"Crippling Poison","floor":22},{"not_picked":[],"picked":"PiercingWail","floor":24},{"not_picked":["Sucker Punch"],"picked":"SKIP","floor":27},{"not_picked":[],"picked":"Backflip","floor":29},{"not_picked":["Riddle With Holes"],"picked":"SKIP","floor":30},{"not_picked":["Leg Sweep"],"picked":"SKIP","floor":31},{"not_picked":[],"picked":"Wraith Form v2","floor":33},{"not_picked":["Dagger Spray"],"picked":"SKIP","floor":35},{"not_picked":["Dodge and Roll"],"picked":"SKIP","floor":38},{"not_picked":["Finisher"],"picked":"SKIP","floor":41},{"not_picked":["Finisher"],"picked":"SKIP","floor":41},{"not_picked":["Riddle With Holes"],"picked":"SKIP","floor":42},{"not_picked":["Quick Slash"],"picked":"SKIP","floor":45},{"not_picked":["Bane"],"picked":"SKIP","floor":46},{"not_picked":[],"picked":"Bouncing Flask","floor":48},{"not_picked":["Dagger Spray"],"picked":"SKIP","floor":55}],"player_experience":5896621,"relics_obtained":[{"floor":4.0,"key":"Pen Nib"},{"floor":7.0,"key":"Bag of Marbles"},{"floor":10.0,"key":"Girya"},{"floor":21,"key":"Red Mask"},{"floor":24,"key":"Lizard Tail"},{"floor":26,"key":"Strawberry"},{"floor":31,"key":"Du-Vu Doll"},{"floor":43,"key":"Anchor"},{"floor":45,"key":"Snake Skull"},{"floor":48,"key":"Happy Flower"},{"floor":55,"key":"Mummified Hand"}],"event_choices":[{"damage_healed":0.0,"max_hp_gain":0.0,"max_hp_loss":6.0,"gold_gain":0.0,"event_name":"Golden Idol","player_choice":"Lose Max HP","floor":5.0,"gold_loss":0.0,"damage_taken":0.0,"relics_obtained":["Golden Idol"]},{"damage_healed":0,"gold_gain":0,"player_choice":"Fought Bandits","damage_taken":0,"max_hp_gain":0,"max_hp_loss":0,"event_name":"Masked Bandits","floor":21,"gold_loss":0},{"damage_healed":0,"gold_gain":0,"player_choice":"Got Potions","damage_taken":0,"max_hp_gain":0,"max_hp_loss":0,"event_name":"Lab","floor":28,"gold_loss":0},{"cards_removed":["Defend_G"],"damage_healed":0,"gold_gain":0,"player_choice":"Removed Skill","damage_taken":0,"max_hp_gain":0,"max_hp_loss":0,"event_name":"Falling","floor":36,"gold_loss":0},{"damage_healed":0,"gold_gain":0,"player_choice":"Memory 1","damage_taken":0,"max_hp_gain":0,"max_hp_loss":0,"event_name":"SensoryStone","floor":37,"gold_loss":0},{"cards_removed":["Strike_G"],"damage_healed":0,"gold_gain":0,"player_choice":"Offered Basic","damage_taken":0,"max_hp_gain":0,"max_hp_loss":0,"event_name":"Bonfire Elementals","floor":39,"gold_loss":0}],"is_beta":false,"boss_relics":[{"not_picked":["Ectoplasm","Tiny House"],"picked":"Runic Pyramid"},{"not_picked":["SacredBark","Pandora\u0027s Box"],"picked":"WristBlade"}],"items_purged_floors":[19,47],"is_endless":false,"potions_floor_spawned":[2,7,12,20,21,27,29,31,33,38,41,45,46],"killed_by":"The Heart","ascension_level":20}}