{"host":"61ejhfsushs0xmcl","time":1613983180,"event":{"mods":["ATMod(°¢èªMod)","Act Like it!","BaseMod","Colored Map","Gold Saver","Minty Spire (QoL Compilation)","MostiFishMod","Remilia£¨ÀÙÃ×ÀòÑÇ£©","Spicy Shops","StSLib","TestMod","The Marked","[IsaacMod]ÒÔÈö¼âËþ","¡¾ÒÅÎï¿¨ÅÆ¡¿REMEMod","óô»ðÖ¸ÄÏ"],"gold_per_floor":[3764,3764,3764,3783,3800,3829,3622,3670,3724,3295,3308,3308,3308,3308],"floor_reached":13,"language":"ZHS","playtime":400,"items_purged":["Strike_B","Strike_B","Strike_B"],"score":220,"play_id":"a9af7e88-4462-4bda-bbb2-cb60416fbc46","local_time":"20210222163940","is_ascension_mode":true,"campfire_choices":[],"circlet_count":0,"master_deck":["AscendersBane","Strike_B","Defend_B","Defend_B","Defend_B","Defend_B","Zap","Dualcast","AT_RightCognition","Scrawl","Recycle","Multi-Cast","AT_EMC2","Defragment+1","Bomb","AT_ThunderBolt+1"],"relics":["Cracked Core","AT_ATBox","REME_ComplimentaryCards","DaveBox","testmod-TestBox","HushsDoor","SteamSale","testmod-Prudence","HereWithMe","NeowsBlessing","SynthV:TestCard","Cables","Potion Belt","testmod-Charity","Orichalcum","Membership Card","SatanicBible","Question Card","Lantern","Frozen Egg 2","TheBattery","testmod-ArcanaOfDestiny","Bronze Scales","GnawedLeaf","testmod-AssaultLearning"],"acts_visited":["Exordium"],"potions_floor_usage":[8],"damage_taken":[{"damage":0,"enemies":"Small Slimes","floor":1,"turns":1},{"damage":0,"enemies":"Jaw Worm","floor":4,"turns":1},{"damage":0,"enemies":"2 Louse","floor":5,"turns":1},{"damage":5,"enemies":"3 Sentries","floor":6,"turns":2},{"damage":17,"enemies":"Lots of Slimes","floor":8,"turns":4},{"damage":23,"enemies":"Exordium Thugs","floor":11,"turns":5},{"damage":13,"enemies":"Lagavulin","floor":13,"turns":4}],"seed_played":"2733576030452853971","potions_obtained":[{"floor":1,"key":"SpeedPotion"},{"floor":5,"key":"SkillPotion"},{"floor":6,"key":"REME_GoldPotion"}],"is_trial":false,"path_per_floor":["M","?","?","M","M","E","R","M","T","R","M","$","E"],"character_chosen":"DEFECT","items_purchased":["testmod-Charity","Orichalcum","Membership Card","SatanicBible","Question Card","Lantern","Frozen Egg 2","TheBattery","Defragment+1","DistilledChaos","testmod-ArcanaOfDestiny","Bronze Scales","GnawedLeaf","testmod-AssaultLearning","AT_ThunderBolt+1","BlessingOfTheForge","EntropicBrew"],"campfire_rested":0,"item_purchase_floors":[7,7,10,10,10,10,10,10,10,10,12,12,12,12,12,12,12],"current_hp_per_floor":[64,46,51,51,51,46,46,31,32,32,11,11,0,0],"gold":3308,"neow_bonus":"THREE_ENEMY_KILL","is_daily":false,"chose_seed":false,"campfire_upgraded":0,"win_rate":0.0,"timestamp":1613983180,"path_taken":["M","?","?","M","M","E","R","?","T","R","M","?","E"],"items_purchased_type":["Relic","Relic","Relic","Relic","Relic","Relic","Relic","Relic","Card","Potion","Relic","Relic","Relic","Relic","Card","Potion","Potion"],"build_version":"2020-12-22","purchased_purges":3,"victory":false,"max_hp_per_floor":[71,71,76,76,76,76,76,78,79,79,81,81,81,81],"card_choices":[{"not_picked":["Gash","Turbo"],"picked":"Recycle","floor":1},{"not_picked":["Compile Driver","Leap","Redo","Hologram"],"picked":"Multi-Cast","floor":4},{"not_picked":["FTL","Reinforced Body","MostiFishMod:PushDownKick","Steam"],"picked":"Bomb","floor":5},{"not_picked":["Electrodynamics","Bomb","Coolheaded","Conserve Battery"],"picked":"AT_EMC2","floor":6},{"not_picked":["Rebound","REME_DataAnalysis","Gash","Cold Snap","Hologram"],"picked":"SKIP","floor":8},{"not_picked":["Go for the Eyes","Fusion","Gash","Streamline","AT_HeatAcrobatics"],"picked":"Bomb","floor":11}],"player_experience":923739,"relics_obtained":[{"floor":1,"key":"SynthV:TestCard"},{"floor":6,"key":"Potion Belt"}],"event_choices":[{"damage_healed":0,"gold_gain":0,"player_choice":"Success","damage_taken":18,"relics_obtained":["Cables"],"max_hp_gain":0,"max_hp_loss":0,"event_name":"Scrap Ooze","floor":2,"gold_loss":0},{"damage_healed":0,"gold_gain":0,"player_choice":"Donut","damage_taken":0,"max_hp_gain":5,"max_hp_loss":0,"event_name":"Big Fish","floor":3,"gold_loss":0}],"is_beta":false,"boss_relics":[],"items_purged_floors":[7,10,12],"is_endless":false,"potions_floor_spawned":[1,5,6],"killed_by":"Lagavulin","ascension_level":20}}