{"host":"qc268ltokmxwqyrx","time":1613973530,"event":{"mods":["BaseMod","Colored Map","Minty Spire (QoL Compilation)","Relic Stats","Slay the Relics Exporter","StSLib","ojb\u0027s Info Mod"],"gold_per_floor":[110,110,29,46,46,74,15,44,44,58,123,157,157,175,175,251,251,261,261,176,195,211,244,244,272,272,272,304,62,62,81,81,155,155,169,169,3,3,22,55,70,81,81,1,1,1],"floor_reached":45,"language":"ENG","playtime":3396,"items_purged":["Injury","Doubt"],"score":1163,"play_id":"d81c74ec-06b3-4a5c-9811-637e04aaaa88","local_time":"20210221235850","is_ascension_mode":true,"campfire_choices":[{"data":"Footwork","floor":15.0,"key":"SMITH"},{"data":"Survivor","floor":24.0,"key":"SMITH"},{"data":"Venomology","floor":27.0,"key":"SMITH"},{"floor":32.0,"key":"REST"}],"circlet_count":0,"master_deck":["AscendersBane","Strike_G","Strike_G","Defend_G","Defend_G","Defend_G","Defend_G","Defend_G","Survivor+1","Neutralize","Bouncing Flask","Grand Finale","Venomology+1","Masterful Stab","Dash","Acrobatics","Deadly Poison","Footwork+1","Backflip","Corpse Explosion","Prepared+1","Eviscerate","Well Laid Plans","PiercingWail","Crippling Poison","Envenom","Phantasmal Killer","Burst","Calculated Gamble","Dark Shackles","Flash of Steel","Flash of Steel","Leg Sweep+1","Dodge and Roll+1","Acrobatics+1","Terror","After Image","Dagger Spray+1","After Image","Concentrate"],"relics":["Ring of the Snake","NeowsBlessing","Calipers","Question Card","Ornamental Fan","PreservedInsect","Potion Belt","Blood Vial","Cursed Key","Matryoshka","Blue Candle","Paper Crane","Orichalcum","Dream Catcher","OrangePellets","SacredBark","Orrery","Gambling Chip","Vajra","The Courier"],"acts_visited":["Exordium","TheCity","TheBeyond"],"potions_floor_usage":[45],"damage_taken":[{"damage":0.0,"enemies":"2 Louse","floor":1.0,"turns":1.0},{"damage":0.0,"enemies":"Cultist","floor":4.0,"turns":1.0},{"damage":0.0,"enemies":"Lagavulin","floor":6.0,"turns":1.0},{"damage":31.0,"enemies":"3 Sentries","floor":8.0,"turns":10.0},{"damage":0.0,"enemies":"Jaw Worm","floor":10.0,"turns":3.0},{"damage":7.0,"enemies":"3 Sentries","floor":11.0,"turns":3.0},{"damage":22.0,"enemies":"Lagavulin","floor":12.0,"turns":5.0},{"damage":0.0,"enemies":"Blue Slaver","floor":14.0,"turns":7.0},{"damage":12.0,"enemies":"The Guardian","floor":16.0,"turns":12.0},{"damage":0.0,"enemies":"3 Byrds","floor":18.0,"turns":2.0},{"damage":22.0,"enemies":"2 Thieves","floor":21.0,"turns":3.0},{"damage":7.0,"enemies":"Cultist and Chosen","floor":22.0,"turns":5.0},{"damage":1.0,"enemies":"Book of Stabbing","floor":23.0,"turns":6.0},{"damage":4.0,"enemies":"Slavers","floor":25.0,"turns":3.0},{"damage":21.0,"enemies":"Gremlin Leader","floor":28.0,"turns":5.0},{"damage":6.0,"enemies":"Chosen and Byrds","floor":31.0,"turns":9.0},{"damage":16.0,"enemies":"Champ","floor":33.0,"turns":10.0},{"damage":2.0,"enemies":"3 Darklings","floor":35.0,"turns":2.0},{"damage":6.0,"enemies":"Orb Walker","floor":39.0,"turns":5.0},{"damage":51.0,"enemies":"Reptomancer","floor":40.0,"turns":7.0},{"damage":25.0,"enemies":"Maw","floor":41.0,"turns":11.0},{"damage":0.0,"enemies":"Sphere and 2 Shapes","floor":42.0,"turns":5.0},{"damage":15,"enemies":"Nemesis","floor":45,"turns":2}],"seed_played":"-152063620729970513","potions_obtained":[{"floor":4.0,"key":"Regen Potion"},{"floor":14.0,"key":"Swift Potion"},{"floor":16.0,"key":"SkillPotion"},{"floor":18.0,"key":"GamblersBrew"},{"floor":22.0,"key":"ColorlessPotion"},{"floor":25.0,"key":"Ancient Potion"},{"floor":31.0,"key":"Explosive Potion"},{"floor":35.0,"key":"ColorlessPotion"},{"floor":40.0,"key":"FearPotion"}],"is_trial":false,"path_per_floor":["M","?","$","M","$","E","$","E","T","M","?","E","T","M","R","B",null,"M","?","?","M","M","E","R","E","T","R","E","$","?","M","R","B",null,"M","?","$","?","M","E","M","M","T","$","E"],"character_chosen":"THE_SILENT","items_purchased":["Venomology","Acrobatics","OrangePellets","Orrery"],"campfire_rested":1,"item_purchase_floors":[3,7,29,37],"current_hp_per_floor":[59,59,59,59,59,59,59,41,41,41,34,12,12,14,14,19,54,56,56,56,36,31,32,32,30,30,30,11,11,11,7,26,12,53,53,43,43,43,39,34,11,13,13,13,0,0],"gold":1,"neow_bonus":"THREE_ENEMY_KILL","is_daily":false,"chose_seed":false,"campfire_upgraded":3,"win_rate":0.0,"timestamp":1613973530,"path_taken":["M","?","$","?","?","E","$","E","T","M","?","E","?","M","R","BOSS","M","?","?","?","?","E","R","E","T","R","E","$","?","M","R","BOSS","M","?","$","?","M","E","M","?","T","$","E"],"items_purchased_type":["Card","Card","Relic","Relic"],"build_version":"2020-12-22","purchased_purges":2,"victory":false,"max_hp_per_floor":[66,66,66,66,66,66,66,66,66,66,66,66,66,66,66,66,66,66,66,66,66,66,66,66,66,66,66,66,66,66,66,66,66,66,66,66,66,66,66,66,66,66,66,66,66,66],"relic_stats":{"counters":[23,118],"Blue Candle":[0],"PreservedInsect":272,"Orichalcum":[84],"Question Card":27,"Cursed Key":2,"Blood Vial":32,"OrangePellets":[6],"Dream Catcher":1,"Ornamental Fan":[44],"Gambling Chip":[15],"obtain_stats":[{"Potion Belt":12,"Calipers":6,"NeowsBlessing":0,"Blue Candle":23,"SacredBark":34,"Vajra":43,"PreservedInsect":11,"The Courier":43,"Paper Crane":25,"Orichalcum":26,"Question Card":8,"Cursed Key":17,"Blood Vial":13,"OrangePellets":29,"Dream Catcher":28,"Matryoshka":20,"Ornamental Fan":9,"Gambling Chip":40,"Orrery":37,"Ring of the Snake":0},{"Potion Belt":7,"Calipers":3,"NeowsBlessing":0,"Blue Candle":13,"SacredBark":17,"Vajra":22,"PreservedInsect":6,"The Courier":22,"Paper Crane":14,"Orichalcum":14,"Question Card":4,"Cursed Key":9,"Blood Vial":7,"OrangePellets":15,"Dream Catcher":15,"Matryoshka":10,"Ornamental Fan":4,"Gambling Chip":20,"Orrery":18,"Ring of the Snake":0},{"Potion Belt":24,"Calipers":3,"NeowsBlessing":0,"Blue Candle":59,"SacredBark":86,"Vajra":116,"PreservedInsect":19,"The Courier":116,"Paper Crane":62,"Orichalcum":62,"Question Card":13,"Cursed Key":43,"Blood Vial":24,"OrangePellets":67,"Dream Catcher":67,"Matryoshka":45,"Ornamental Fan":13,"Gambling Chip":100,"Orrery":88,"Ring of the Snake":0}],"Ring of the Snake":[46]},"card_choices":[{"not_picked":["Quick Slash","Expertise"],"picked":"Bouncing Flask","floor":1.0},{"not_picked":["Acrobatics","Quick Slash"],"picked":"Masterful Stab","floor":4.0},{"not_picked":["Phantasmal Killer","Setup"],"picked":"Dash","floor":6.0},{"not_picked":["Acrobatics","Masterful Stab"],"picked":"Deadly Poison","floor":8.0},{"not_picked":["Distraction","Accuracy","Flying Knee","Tactician"],"picked":"SKIP","floor":10.0},{"not_picked":["Distraction","Accuracy","Flying Knee","Tactician"],"picked":"SKIP","floor":10.0},{"not_picked":["Reflex","PiercingWail","Endless Agony"],"picked":"Footwork","floor":11.0},{"not_picked":["Poisoned Stab","Bane","Eviscerate","Blade Dance"],"picked":"SKIP","floor":12.0},{"not_picked":["Eviscerate","Terror","Outmaneuver"],"picked":"Backflip","floor":14.0},{"not_picked":["A Thousand Cuts","Venomology","Doppelganger"],"picked":"Corpse Explosion","floor":16.0},{"not_picked":["Backflip","Heel Hook","Sucker Punch"],"picked":"Prepared+1","floor":18.0},{"not_picked":["Dodge and Roll","Eviscerate","Predator","Backflip"],"picked":"SKIP","floor":21.0},{"not_picked":["Escape Plan","Bouncing Flask","Deflect"],"picked":"PiercingWail","floor":22.0},{"not_picked":["PiercingWail","Slice","Dagger Throw","Well Laid Plans"],"picked":"SKIP","floor":23.0},{"not_picked":["All Out Attack+1","Caltrops","Bouncing Flask"],"picked":"Crippling Poison","floor":25.0},{"not_picked":["Caltrops","Blade Dance","Bane"],"picked":"Envenom","floor":28.0},{"not_picked":["Sucker Punch+1","Outmaneuver","Underhanded Strike+1","Flechettes"],"picked":"SKIP","floor":31.0},{"not_picked":["Deflect","Accuracy","Well Laid Plans"],"picked":"Phantasmal Killer","floor":32.0},{"not_picked":["Doppelganger","Phantasmal Killer","Grand Finale"],"picked":"Burst","floor":33.0},{"not_picked":["Sucker Punch+1","Terror","All Out Attack"],"picked":"Calculated Gamble","floor":35.0},{"not_picked":["Chrysalis","Finesse","Enlightenment"],"picked":"Dark Shackles","floor":36.0},{"not_picked":["HandOfGreed","Mind Blast","Metamorphosis"],"picked":"Flash of Steel","floor":36.0},{"not_picked":["Enlightenment","Madness","Impatience"],"picked":"Flash of Steel","floor":36.0},{"not_picked":["Dagger Throw+1","Dodge and Roll+1","Poisoned Stab"],"picked":"Leg Sweep+1","floor":37.0},{"not_picked":["Prepared+1","Bullet Time","Poisoned Stab+1"],"picked":"Dodge and Roll+1","floor":37.0},{"not_picked":["Bouncing Flask","Dagger Spray","Infinite Blades"],"picked":"Acrobatics+1","floor":37.0},{"not_picked":["Concentrate","Distraction","Accuracy"],"picked":"Terror","floor":37.0},{"not_picked":["Predator","Deadly Poison","Deflect"],"picked":"Dagger Spray+1","floor":39.0},{"not_picked":["Flechettes","Flying Knee+1","Prepared"],"picked":"After Image","floor":40.0},{"not_picked":["Deflect","Footwork","Poisoned Stab+1"],"picked":"Concentrate","floor":41.0},{"not_picked":["Deadly Poison","Prepared","Terror","Slice"],"picked":"SKIP","floor":42.0}],"player_experience":1899752,"relics_obtained":[{"floor":6.0,"key":"Calipers"},{"floor":8.0,"key":"Question Card"},{"floor":9.0,"key":"Ornamental Fan"},{"floor":11.0,"key":"PreservedInsect"},{"floor":12.0,"key":"Potion Belt"},{"floor":13.0,"key":"Blood Vial"},{"floor":23.0,"key":"Blue Candle"},{"floor":25.0,"key":"Paper Crane"},{"floor":26.0,"key":"Orichalcum"},{"floor":28.0,"key":"Dream Catcher"},{"floor":40.0,"key":"Gambling Chip"},{"floor":43.0,"key":"Vajra"},{"floor":43.0,"key":"The Courier"}],"event_choices":[{"damage_healed":0.0,"max_hp_gain":0.0,"max_hp_loss":0.0,"gold_gain":0.0,"event_name":"Match and Keep!","player_choice":"1 cards matched","floor":2.0,"gold_loss":0.0,"damage_taken":0.0,"cards_obtained":["Grand Finale"]},{"damage_healed":0.0,"max_hp_gain":0.0,"max_hp_loss":0.0,"gold_gain":0.0,"event_name":"Dead Adventurer","player_choice":"Searched \u00271\u0027 times","floor":11.0,"gold_loss":0.0,"damage_taken":0.0},{"damage_healed":0.0,"max_hp_gain":0.0,"max_hp_loss":0.0,"gold_gain":0.0,"cards_transformed":["Strike_G","Strike_G"],"event_name":"Drug Dealer","player_choice":"Became Test Subject","floor":19.0,"gold_loss":0.0,"damage_taken":0.0,"cards_obtained":["Eviscerate","Well Laid Plans"]},{"damage_healed":0.0,"max_hp_gain":0.0,"max_hp_loss":0.0,"gold_gain":0.0,"event_name":"Addict","player_choice":"Obtained Relic","floor":20.0,"gold_loss":85.0,"damage_taken":0.0,"relics_obtained":["Matryoshka"]},{"damage_healed":0.0,"max_hp_gain":0.0,"max_hp_loss":0.0,"gold_gain":0.0,"event_name":"Cursed Tome","player_choice":"Ignored","floor":30.0,"gold_loss":0.0,"damage_taken":0.0},{"damage_healed":0.0,"max_hp_gain":0.0,"max_hp_loss":0.0,"gold_gain":0.0,"event_name":"SensoryStone","player_choice":"Memory 3","floor":36.0,"gold_loss":0.0,"damage_taken":10.0},{"damage_healed":0.0,"max_hp_gain":0.0,"max_hp_loss":0.0,"gold_gain":0.0,"cards_transformed":["Strike_G"],"event_name":"Transmorgrifier","player_choice":"Transformed","floor":38.0,"gold_loss":0.0,"damage_taken":0.0,"cards_obtained":["After Image"]}],"is_beta":false,"boss_relics":[{"not_picked":["Empty Cage","Sozu"],"picked":"Cursed Key"},{"not_picked":["Busted Crown","Ring of the Serpent"],"picked":"SacredBark"}],"items_purged_floors":[29,44],"is_endless":false,"potions_floor_spawned":[4,6,10,14,16,18,22,25,31,35,40,42],"killed_by":"Nemesis","ascension_level":20}}