{"host":"Sean","time":1613987716,"event":{"mods":["BaseMod","Block Reminder","Colored Map","Colored Powertips","Highlight Path","Minty Spire (QoL Compilation)","Permanent Neow","Relic Stats"],"gold_per_floor":[117,134,134,154,104,104,130,130,157,157,182,205,205,230,230,341,341,354,45,54,54,77,77,77,108,132,158,442,475,83,106,106,210,210,229,247,259,271,271,271,271,271],"floor_reached":41,"language":"ENG","playtime":2222,"items_purged":["Strike_R","Regret"],"score":731,"play_id":"4b5ef2ae-bf66-4dfe-9757-3907266e3333","local_time":"20210222095516","is_ascension_mode":true,"campfire_choices":[{"data":"Searing Blow","floor":6.0,"key":"SMITH"},{"data":"Searing Blow+1","floor":8.0,"key":"SMITH"},{"data":"Searing Blow+2","floor":13.0,"key":"SMITH"},{"data":"Searing Blow+3","floor":15.0,"key":"SMITH"},{"data":"Apotheosis","floor":23,"key":"SMITH"},{"data":"Searing Blow+4","floor":24,"key":"SMITH"},{"data":"Searing Blow+5","floor":32,"key":"SMITH"},{"data":"Searing Blow+6","floor":40,"key":"SMITH"}],"circlet_count":0,"master_deck":["AscendersBane","Strike_R","Strike_R","Strike_R","Defend_R","Defend_R","Defend_R","Defend_R","Bash","Hemokinesis","Cleave","Searing Blow+7","Shrug It Off","Evolve","Immolate","Apotheosis+1","True Grit","Battle Trance","Clothesline+1","Limit Break","Madness","Madness"],"relics":["Black Blood","Orichalcum","Strawberry","CeramicFish","Centennial Puzzle","Coffee Dripper","WingedGreaves","Red Skull","Mercury Hourglass","Boot","Art of War"],"acts_visited":["Exordium","TheCity","TheBeyond"],"potions_floor_usage":[22,29,33,35],"damage_taken":[{"damage":5.0,"enemies":"2 Louse","floor":1.0,"turns":3.0},{"damage":9.0,"enemies":"Small Slimes","floor":2.0,"turns":3.0},{"damage":3.0,"enemies":"Cultist","floor":4.0,"turns":3.0},{"damage":15.0,"enemies":"Gremlin Nob","floor":7.0,"turns":4.0},{"damage":15.0,"enemies":"3 Sentries","floor":11.0,"turns":7.0},{"damage":13.0,"enemies":"Gremlin Gang","floor":12.0,"turns":3.0},{"damage":7.0,"enemies":"Blue Slaver","floor":14.0,"turns":3.0},{"damage":30.0,"enemies":"Slime Boss","floor":16.0,"turns":9.0},{"damage":2.0,"enemies":"Chosen","floor":18.0,"turns":3.0},{"damage":2,"enemies":"3 Byrds","floor":22,"turns":4},{"damage":30,"enemies":"Slavers","floor":25,"turns":5},{"damage":11,"enemies":"Gremlin Leader","floor":27,"turns":5},{"damage":34,"enemies":"Book of Stabbing","floor":29,"turns":4},{"damage":2,"enemies":"Snecko","floor":31,"turns":2},{"damage":15,"enemies":"Automaton","floor":33,"turns":6},{"damage":22,"enemies":"3 Darklings","floor":35,"turns":4},{"damage":5,"enemies":"3 Shapes","floor":37,"turns":2},{"damage":12,"enemies":"Sphere and 2 Shapes","floor":38,"turns":3},{"damage":69,"enemies":"Nemesis","floor":41,"turns":4}],"seed_played":"-983185621084330971","potions_obtained":[{"floor":2.0,"key":"EssenceOfSteel"},{"floor":4.0,"key":"FearPotion"},{"floor":10.0,"key":"Block Potion"},{"floor":10.0,"key":"LiquidMemories"},{"floor":12.0,"key":"SteroidPotion"},{"floor":25,"key":"BloodPotion"},{"floor":31,"key":"Fruit Juice"},{"floor":33,"key":"FearPotion"},{"floor":35,"key":"Ancient Potion"}],"is_trial":false,"path_per_floor":["M","M","?","M","?","R","E","R","T","?","E","M","R","M","R","B",null,"M","$","?","?","M","R","R","E","T","E","?","E","$","M","R","B",null,"M","?","M","M","?","R","E"],"character_chosen":"IRONCLAD","items_purchased":["Apotheosis","Block Potion","Battle Trance","DistilledChaos","Art of War"],"campfire_rested":0,"item_purchase_floors":[19,19,30,30,30],"current_hp_per_floor":[73,70,63,66,66,66,64,64,64,64,55,48,48,47,47,23,71,75,75,75,75,79,79,79,55,55,50,50,39,39,43,43,34,74,69,57,64,64,64,64,0,0],"gold":271,"neow_bonus":"THREE_CARDS","is_daily":false,"chose_seed":false,"campfire_upgraded":8,"win_rate":0.0,"timestamp":1613987716,"path_taken":["M","M","?","M","?","R","E","R","T","?","E","?","R","?","R","BOSS","M","$","?","?","?","R","R","E","T","E","?","E","$","M","R","BOSS","M","?","M","M","?","R","E"],"items_purchased_type":["Card","Potion","Card","Potion","Relic"],"build_version":"2020-12-18","purchased_purges":2,"victory":false,"max_hp_per_floor":[80,80,80,80,80,80,87,87,87,87,87,87,87,87,87,87,87,87,87,87,87,87,87,87,87,87,87,87,87,87,87,87,87,87,92,92,92,92,92,92,92,92],"relic_stats":{"Centennial Puzzle":[42],"counters":[19,77],"CeramicFish":108,"Black Blood":126,"Art of War":[1],"Orichalcum":[180],"Boot":[12],"obtain_stats":[{"Centennial Puzzle":11,"Strawberry":7,"CeramicFish":9,"Black Blood":34,"WingedGreaves":20,"Coffee Dripper":17,"Art of War":30,"Orichalcum":3,"Boot":29,"Burning Blood":0,"Red Skull":25,"Mercury Hourglass":27},{"Centennial Puzzle":5,"Strawberry":4,"CeramicFish":4,"Black Blood":15,"WingedGreaves":9,"Coffee Dripper":8,"Art of War":13,"Orichalcum":2,"Boot":13,"Burning Blood":0,"Red Skull":11,"Mercury Hourglass":12},{"Centennial Puzzle":20,"Strawberry":13,"CeramicFish":13,"Black Blood":64,"WingedGreaves":38,"Coffee Dripper":35,"Art of War":56,"Orichalcum":6,"Boot":56,"Burning Blood":0,"Red Skull":47,"Mercury Hourglass":52}],"Mercury Hourglass":[110]},"card_choices":[{"not_picked":["Iron Wave","Infernal Blade"],"picked":"Hemokinesis","floor":0.0},{"not_picked":["Havoc","Combust"],"picked":"Cleave","floor":1.0},{"not_picked":["Hemokinesis","Shockwave"],"picked":"Searing Blow","floor":2.0},{"not_picked":["Clothesline","Armaments","Combust"],"picked":"SKIP","floor":4.0},{"not_picked":["Body Slam","Searing Blow","Twin Strike"],"picked":"SKIP","floor":7.0},{"not_picked":["Sword Boomerang","Clothesline","Perfected Strike"],"picked":"SKIP","floor":11.0},{"not_picked":["Clothesline","Reckless Charge"],"picked":"Shrug It Off","floor":12.0},{"not_picked":["True Grit","Body Slam"],"picked":"Evolve","floor":14.0},{"not_picked":["Juggernaut","Brutality"],"picked":"Immolate","floor":16.0},{"not_picked":["Searing Blow","Cleave","Twin Strike"],"picked":"SKIP","floor":18.0},{"not_picked":["Cleave","Wild Strike"],"picked":"True Grit","floor":22},{"not_picked":["Heavy Blade+1","Searing Blow","Twin Strike+1"],"picked":"SKIP","floor":25},{"not_picked":["Spot Weakness","Limit Break","Anger+1"],"picked":"SKIP","floor":27},{"not_picked":["Thunderclap","Clash","Reckless Charge"],"picked":"SKIP","floor":29},{"not_picked":["Headbutt","Spot Weakness"],"picked":"Clothesline+1","floor":31},{"not_picked":["Exhume","Fiend Fire"],"picked":"Limit Break","floor":33},{"not_picked":["Blood for Blood","Armaments+1","Clothesline"],"picked":"SKIP","floor":35},{"not_picked":["Sentinel","Sword Boomerang","Flex+1"],"picked":"SKIP","floor":37},{"not_picked":["Entrench","Twin Strike","Iron Wave+1"],"picked":"SKIP","floor":38}],"player_experience":591067,"relics_obtained":[{"floor":7.0,"key":"Strawberry"},{"floor":9.0,"key":"CeramicFish"},{"floor":11.0,"key":"Centennial Puzzle"},{"floor":25,"key":"Red Skull"},{"floor":27,"key":"Mercury Hourglass"},{"floor":29,"key":"Boot"}],"event_choices":[{"damage_healed":0.0,"max_hp_gain":0.0,"max_hp_loss":0.0,"gold_gain":0.0,"event_name":"Scrap Ooze","player_choice":"Success","floor":3.0,"gold_loss":0.0,"damage_taken":7.0,"relics_obtained":["Orichalcum"]},{"cards_removed":["Strike_R"],"damage_healed":0.0,"max_hp_gain":0.0,"max_hp_loss":0.0,"gold_gain":0.0,"event_name":"The Cleric","player_choice":"Card Removal","floor":5.0,"gold_loss":50.0,"damage_taken":0.0},{"damage_healed":0.0,"max_hp_gain":0.0,"max_hp_loss":0.0,"gold_gain":0.0,"event_name":"Lab","player_choice":"Got Potions","floor":10.0,"gold_loss":0.0,"damage_taken":0.0},{"damage_healed":0.0,"max_hp_gain":0.0,"max_hp_loss":0.0,"gold_gain":0.0,"event_name":"Addict","player_choice":"Stole Relic","floor":20.0,"gold_loss":0.0,"damage_taken":0.0,"relics_obtained":["WingedGreaves"],"cards_obtained":["Shame"]},{"cards_removed":["Shame"],"damage_healed":0.0,"max_hp_gain":0.0,"max_hp_loss":0.0,"gold_gain":0.0,"event_name":"Purifier","player_choice":"Purged","floor":21.0,"gold_loss":0.0,"damage_taken":0.0},{"damage_healed":0,"gold_gain":275,"player_choice":"Desecrate","damage_taken":0,"max_hp_gain":0,"max_hp_loss":0,"event_name":"Golden Shrine","floor":28,"gold_loss":0,"cards_obtained":["Regret"]},{"damage_healed":0,"gold_gain":0,"player_choice":"Embrace Madness","damage_taken":12,"max_hp_gain":0,"max_hp_loss":0,"event_name":"Winding Halls","floor":36,"gold_loss":0,"cards_obtained":["Madness","Madness"]},{"damage_healed":0,"gold_gain":0,"player_choice":"Ignored","damage_taken":0,"max_hp_gain":0,"max_hp_loss":0,"event_name":"Tomb of Lord Red Mask","floor":39,"gold_loss":0}],"is_beta":true,"boss_relics":[{"not_picked":["SlaversCollar","Runic Pyramid"],"picked":"Coffee Dripper"},{"not_picked":["Philosopher\u0027s Stone","SacredBark"],"picked":"Black Blood"}],"items_purged_floors":[19,30],"is_endless":false,"potions_floor_spawned":[2,4,12,14,25,31,33,35],"killed_by":"Nemesis","ascension_level":12}}