{"host":"43wsnxh97mgjl5zw","time":1613996305,"event":{"mods":["Aspiration","BaseMod","Colored Map","Colored Powertips","Conspire","Downfall","Halation","Hubris","Minty Spire (QoL Compilation)","Quick Restart","Rare Cards Sparkle","Relic Sorter","Reliquary","Replay The Spire","StSLib"],"gold_per_floor":[119,39,49,65,80,107,107,107,107],"floor_reached":8,"language":"ENG","playtime":305,"items_purged":[],"score":116,"play_id":"1b2fd64e-7639-41fd-8794-50deb541cc73","local_time":"20210222141825","is_ascension_mode":true,"campfire_choices":[],"circlet_count":0,"master_deck":["AscendersBane","Strike_R","Strike_R","Strike_R","Strike_R","Strike_R","Defend_R","Defend_R","Defend_R","Defend_R","Bash","Enlightenment","Clothesline","Fire Breathing","Pommel Strike","Dropkick","CurseOfTheBell","CurseOfTheBell"],"relics":["Burning Blood","FossilizedHelix","downfall:ExtraCursedBell","reliquary:Spinner","Quantum Egg","aspiration:AnachronicSnailShell"],"acts_visited":["Exordium"],"potions_floor_usage":[5],"damage_taken":[{"damage":11,"enemies":"Cultist","floor":1,"turns":4},{"damage":10,"enemies":"2 Louse","floor":3,"turns":4},{"damage":4,"enemies":"Small Slimes","floor":4,"turns":3},{"damage":12,"enemies":"Looter","floor":5,"turns":3},{"damage":48,"enemies":"Gremlin Nob","floor":6,"turns":5},{"damage":17,"enemies":"Replay:BlueRogue","floor":8,"turns":6}],"seed_played":"-3912542243905518730","potions_obtained":[{"floor":4,"key":"LiquidBronze"},{"floor":6,"key":"SpeedPotion"}],"is_trial":false,"path_per_floor":["M","$","M","M","M","E","?","E"],"character_chosen":"IRONCLAD","items_purchased":["Fire Breathing"],"campfire_rested":0,"item_purchase_floors":[2],"current_hp_per_floor":[63,63,59,61,55,13,13,0,0],"gold":107,"neow_bonus":"RANDOM_COLORLESS","is_daily":false,"chose_seed":false,"campfire_upgraded":0,"win_rate":0.0,"timestamp":1613996305,"path_taken":["M","$","M","?","M","E","?","E"],"items_purchased_type":["Card"],"build_version":"2020-12-22","purchased_purges":0,"victory":false,"max_hp_per_floor":[75,75,75,75,75,75,75,75,75],"card_choices":[{"not_picked":["hubris:Ssssneak","Impatience"],"picked":"Enlightenment","floor":0},{"not_picked":["Dual Wield","Armaments"],"picked":"Clothesline","floor":1},{"not_picked":["hubris:ReadiedAction","Spot Weakness"],"picked":"Pommel Strike","floor":3},{"not_picked":["ReplayTheSpireMod:Corrosion Curse","Havoc","Twin Strike"],"picked":"SKIP","floor":4},{"not_picked":["Ghostly Armor","Sword Boomerang"],"picked":"Dropkick","floor":5},{"not_picked":["Sever Soul","Rage","Run Through"],"picked":"SKIP","floor":6}],"player_experience":1274085,"relics_obtained":[{"floor":6,"key":"FossilizedHelix"},{"floor":7,"key":"reliquary:Spinner"},{"floor":7,"key":"Quantum Egg"},{"floor":7,"key":"aspiration:AnachronicSnailShell"}],"event_choices":[],"is_beta":false,"boss_relics":[],"items_purged_floors":[],"is_endless":false,"potions_floor_spawned":[4,6],"killed_by":"Replay:BlueRogue","ascension_level":20}}