{"host":"xp5rvh2jwe2ejyfm","time":1613956568,"event":{"mods":["2.2 Compatiblity","Aspiration","Bard","BaseMod","Beaked The Cultist","Better Altar","Better Match","Better Note","Better Sensory Stone","Better Skull","BetterRewards","Colored Powertips","Conspire","Downfall","GifTheSpireLib","Gremlin Mod","GungeonMod","Hermit","Hubris","Jorbs\u0027s Wanderer Trilogy","Mad Scientist","Minty Spire (QoL Compilation)","Potionbrewer","Quick Restart","Replay The Spire","Robot Space Explorer","Shade Mod","Somnambulant","StSLib","The Bug Knight","The Clintock","The Construct","The Cursed","The Disciple","The Forsaken","The Hierophant","The Marked","The Mystic","The Necromancer","The Runesmith","The Servant 0.9.4","The Valiant","The Witch","TheFirefly","TheVacant","thorton"],"gold_per_floor":[112,9,84,84,98,125,125,158,182,103,103,103,103,103,103,199,199,211,211,211,211,1,27,27,27,27],"floor_reached":25,"language":"ENG","playtime":746,"items_purged":[],"score":246,"play_id":"03d379fd-50e1-40df-bda5-50230d730216","local_time":"20210221201608","is_ascension_mode":false,"campfire_choices":[{"floor":13,"key":"REST"},{"floor":15,"key":"REST"},{"floor":24,"key":"RECALL"}],"circlet_count":0,"master_deck":["MadScienceMod:Strike_MadScience+1","MadScienceMod:Strike_MadScience+1","MadScienceMod:Strike_MadScience+1","MadScienceMod:Strike_MadScience+1","MadScienceMod:Defend_MadScience+1","MadScienceMod:Defend_MadScience+1","MadScienceMod:Defend_MadScience+1","MadScienceMod:Defend_MadScience+1","MadScienceMod:PoweredStrike","MadScienceMod:HideBehindJunk","MadScienceMod:OilDrum+1","MadScienceMod:SelfDestruct","MadScienceMod:SelfDestruct","MadScienceMod:LightOnFire","MadScienceMod:FragmentationGrenade","MadScienceMod:AcidSpray","MadScienceMod:TimeDilationField","MadScienceMod:BandageBot","Injury","MadScienceMod:LabAccident","MadScienceMod:RadioactiveSword","ReplayTheSpireMod:Uncanny Aura","Bandage Up","MadScienceMod:FlexibleSpear","MadScienceMod:AcidSpray+1"],"relics":["MadScienceMod:FuelTank","NeowsBlessing","Eternal Feather","DemoMod:PinkGuonStone","theForsaken:ScaryMask","Frozen Egg 2","hubris:ScarierMask","PreservedInsect","BranchBurnRelic"],"acts_visited":["Exordium","TheCity"],"potions_floor_usage":[8,16],"damage_taken":[{"damage":0,"enemies":"Cultist","floor":1,"turns":1},{"damage":0,"enemies":"Small Slimes","floor":5,"turns":1},{"damage":0,"enemies":"Lagavulin","floor":6,"turns":1},{"damage":47,"enemies":"Replay:BlueRogue","floor":8,"turns":6},{"damage":33,"enemies":"Fading Forest","floor":16,"turns":11},{"damage":39,"enemies":"Shell Parasite","floor":18,"turns":6},{"damage":6,"enemies":"Gremlin Leader","floor":23,"turns":3},{"damage":100,"enemies":"conspire:SneckoGhost","floor":25,"turns":10}],"seed_played":"-6934927220315284543","potions_obtained":[{"floor":1,"key":"Energy Potion"},{"floor":8,"key":"SteroidPotion"}],"is_trial":false,"path_per_floor":["M","$","?","?","M","E","?","E","T","$","T","?","R","?","R","B",null,"M","?","?","?","$","E","R","E"],"character_chosen":"MAD_SCIENTIST","items_purchased":["MadScienceMod:SelfDestruct","MadScienceMod:LightOnFire","MadScienceMod:BandageBot","PreservedInsect","MadScienceMod:FlexibleSpear"],"campfire_rested":2,"item_purchase_floors":[2,2,10,22,22],"current_hp_per_floor":[75,75,64,64,64,64,64,24,24,24,24,24,57,57,82,61,82,43,43,43,43,43,45,60,0,0],"gold":27,"neow_bonus":"THREE_ENEMY_KILL","is_daily":false,"chose_seed":false,"campfire_upgraded":0,"win_rate":0.0,"timestamp":1613956568,"path_taken":["M","?","?","?","?","E","?","E","T","$","?","?","R","?","R","BOSS","M","?","?","?","?","E","R","E"],"items_purchased_type":["Card","Card","Card","Relic","Card"],"build_version":"2020-12-22","purchased_purges":0,"victory":false,"max_hp_per_floor":[75,75,75,75,75,75,75,82,82,82,82,82,82,82,82,82,82,82,82,82,82,82,82,82,82,82],"card_choices":[{"not_picked":["MadScienceMod:RadioactiveSword","MadScienceMod:FragmentationGrenade"],"picked":"MadScienceMod:OilDrum","floor":1},{"not_picked":["MadScienceMod:LightOnFire","MadScienceMod:ArtilleryShot"],"picked":"MadScienceMod:FragmentationGrenade","floor":5},{"not_picked":["MadScienceMod:Mechanize","MadScienceMod:Virus"],"picked":"MadScienceMod:AcidSpray","floor":6},{"not_picked":["MadScienceMod:ShrinkRay","MadScienceMod:Refuel"],"picked":"MadScienceMod:TimeDilationField","floor":8},{"not_picked":["MadScienceMod:Refine","MadScienceMod:Liquify"],"picked":"MadScienceMod:LabAccident","floor":16},{"not_picked":["MadScienceMod:AutoStrike+1","MadScienceMod:MakeOrBreak"],"picked":"MadScienceMod:RadioactiveSword","floor":18},{"not_picked":["DemoMod:Spice","Thinking Ahead"],"picked":"ReplayTheSpireMod:Uncanny Aura","floor":21},{"not_picked":["ReplayTheSpireMod:Uncanny Aura","Flash of Steel"],"picked":"Bandage Up","floor":21},{"not_picked":["MadScienceMod:Tune","MadScienceMod:Strafe"],"picked":"MadScienceMod:AcidSpray+1","floor":23}],"player_experience":560407,"relics_obtained":[{"floor":6,"key":"Eternal Feather"},{"floor":8,"key":"DemoMod:PinkGuonStone"},{"floor":11,"key":"theForsaken:ScaryMask"},{"floor":23,"key":"Dead Branch"}],"event_choices":[{"damage_healed":0,"gold_gain":75,"player_choice":"Gather Gold","damage_taken":11,"max_hp_gain":0,"max_hp_loss":0,"event_name":"World of Goop","floor":3,"gold_loss":0},{"damage_healed":0,"gold_gain":0,"player_choice":"Forge","damage_taken":0,"max_hp_gain":0,"max_hp_loss":0,"event_name":"Accursed Blacksmith","floor":4,"gold_loss":0,"cards_upgraded":["MadScienceMod:OilDrum"]},{"damage_healed":0,"gold_gain":0,"player_choice":"Ignored","damage_taken":0,"max_hp_gain":0,"max_hp_loss":0,"event_name":"Purifier","floor":7,"gold_loss":0},{"damage_healed":0,"gold_gain":0,"player_choice":"Ignored","damage_taken":0,"max_hp_gain":0,"max_hp_loss":0,"event_name":"betterNote:BetterNote","floor":19,"gold_loss":0,"cards_obtained":["hermit:Headshot"]},{"damage_healed":0,"gold_gain":0,"player_choice":"Simplicity","damage_taken":0,"max_hp_gain":0,"max_hp_loss":0,"event_name":"Back to Basics","floor":20,"gold_loss":0,"cards_upgraded":["MadScienceMod:Strike_MadScience","MadScienceMod:Strike_MadScience","MadScienceMod:Strike_MadScience","MadScienceMod:Defend_MadScience","MadScienceMod:Defend_MadScience","MadScienceMod:Defend_MadScience","MadScienceMod:Defend_MadScience"]},{"damage_healed":0,"gold_gain":2,"player_choice":"1","damage_taken":0,"max_hp_gain":0,"max_hp_loss":0,"event_name":"betterStone:BetterStone","floor":21,"gold_loss":0}],"is_beta":false,"boss_relics":[{"not_picked":["ChewingGum","hubris:CrackedHourglass"],"picked":"hubris:ScarierMask"}],"items_purged_floors":[],"is_endless":false,"potions_floor_spawned":[1,8],"killed_by":"conspire:SneckoGhost","ascension_level":0}}