{"host":"aapp7ew3jk5k1bvd","time":1613996223,"event":{"mods":["AchievementEnabler","BaseMod","Colored Map","Custom Start","Keyboard Shortcuts","Minty Spire (QoL Compilation)","Permanent Neow","Quick Restart","StSLib","SuperFastMode"],"gold_per_floor":[110,123,123,72,72,72,101,112,112,112,62,79,79,99,99,173,173,187,201,201,221,2,2,21,21,21,35,62,81,98,121,121,195,195,213,87,97,97,11,11,39,51,51,51,51,67,67,67,67,67],"floor_reached":51,"language":"KOR","playtime":1090,"items_purged":["Strike_R","Pommel Strike"],"score":1200,"play_id":"c2e24e7e-da4a-4b11-b413-1637a8e70cfd","local_time":"20210222211703","is_ascension_mode":true,"campfire_choices":[{"data":"Spot Weakness","floor":6.0,"key":"SMITH"},{"data":"Sword Boomerang","floor":10.0,"key":"SMITH"},{"data":"Inflame","floor":13.0,"key":"SMITH"},{"data":"Spot Weakness","floor":15.0,"key":"SMITH"},{"data":"Flex","floor":23,"key":"SMITH"},{"floor":25,"key":"REST"},{"floor":32,"key":"REST"},{"data":"Apotheosis","floor":40,"key":"SMITH"},{"floor":47,"key":"REST"},{"floor":49,"key":"REST"}],"circlet_count":0,"master_deck":["AscendersBane","Defend_R","Defend_R+1","Defend_R","Twin Strike","Spot Weakness+1","Sword Boomerang+1","Fire Breathing","Inflame+1","Spot Weakness+1","Limit Break","Sword Boomerang","Offering","Flame Barrier+1","Flex+1","Pummel","Pummel","Double Tap","Flex","Shrug It Off","Apotheosis+1","Barricade+1","Flame Barrier"],"relics":["Burning Blood","Gremlin Horn","Mummified Hand","Tiny Chest","Empty Cage","Membership Card","Pear","War Paint","Dream Catcher","Runic Cube","Vajra","Red Skull","Nunchaku","Frozen Egg 2"],"acts_visited":["Exordium","TheCity","TheBeyond"],"potions_floor_usage":[28,33,42,50],"damage_taken":[{"damage":9.0,"enemies":"Jaw Worm","floor":1.0,"turns":3.0},{"damage":9.0,"enemies":"2 Louse","floor":2.0,"turns":2.0},{"damage":10.0,"enemies":"3 Sentries","floor":7.0,"turns":6.0},{"damage":0.0,"enemies":"Cultist","floor":8.0,"turns":3.0},{"damage":1.0,"enemies":"Looter","floor":12.0,"turns":2.0},{"damage":0.0,"enemies":"Large Slime","floor":14.0,"turns":1.0},{"damage":38.0,"enemies":"Slime Boss","floor":16.0,"turns":4.0},{"damage":11.0,"enemies":"Spheric Guardian","floor":18.0,"turns":3.0},{"damage":1.0,"enemies":"3 Byrds","floor":19.0,"turns":2.0},{"damage":19,"enemies":"Snecko","floor":21,"turns":3},{"damage":24,"enemies":"3 Cultists","floor":24,"turns":3},{"damage":10,"enemies":"Centurion and Healer","floor":27,"turns":3},{"damage":8,"enemies":"Book of Stabbing","floor":28,"turns":2},{"damage":6,"enemies":"Sentry and Sphere","floor":29,"turns":3},{"damage":36,"enemies":"Snake Plant","floor":30,"turns":4},{"damage":14,"enemies":"Automaton","floor":33,"turns":5},{"damage":25,"enemies":"3 Shapes","floor":35,"turns":3},{"damage":6,"enemies":"Orb Walker","floor":37,"turns":2},{"damage":27,"enemies":"Giant Head","floor":41,"turns":6},{"damage":7,"enemies":"Jaw Worm Horde","floor":42,"turns":2},{"damage":11,"enemies":"Spire Growth","floor":46,"turns":2},{"damage":6,"enemies":"Donu and Deca","floor":50,"turns":3}],"seed_played":"-3734978566197811351","potions_obtained":[{"floor":2.0,"key":"SneckoOil"},{"floor":7.0,"key":"FearPotion"},{"floor":16.0,"key":"PowerPotion"},{"floor":21,"key":"CultistPotion"},{"floor":28,"key":"ColorlessPotion"},{"floor":33,"key":"SpeedPotion"},{"floor":35,"key":"Fire Potion"},{"floor":42,"key":"Energy Potion"},{"floor":46,"key":"DistilledChaos"}],"is_trial":false,"path_per_floor":["M","M","?","$","?","R","E","M","T","R","?","M","R","M","R","B",null,"M","M","?","M","$","R","M","R","T","M","E","M","M","T","R","B",null,"M","$","M","?","$","R","E","M","T","T","?","M","R","?","R","B",null],"character_chosen":"IRONCLAD","items_purchased":["Sword Boomerang","Membership Card","Flex","Vajra","Apotheosis"],"campfire_rested":4,"item_purchase_floors":[4,22,22,36,39],"current_hp_per_floor":[69,66,54,54,54,54,50,56,56,56,56,61,61,67,67,35,69,64,69,69,56,56,56,38,62,72,68,66,66,36,36,63,55,81,62,62,62,62,62,62,41,40,40,40,40,35,62,62,89,89],"gold":67,"neow_bonus":"TRANSFORM_CARD","is_daily":false,"chose_seed":false,"campfire_upgraded":6,"win_rate":0.0,"timestamp":1613996223,"path_taken":["M","M","?","$","?","R","E","?","T","R","?","M","R","M","R","BOSS","M","M","?","M","$","R","M","R","T","M","E","?","M","?","R","BOSS","M","$","M","?","?","R","E","?","T","?","?","?","R","?","R","BOSS"],"items_purchased_type":["Card","Relic","Card","Relic","Card"],"build_version":"2020-12-22","purchased_purges":2,"victory":true,"max_hp_per_floor":[80,80,80,80,80,80,80,80,80,80,80,80,80,80,80,80,80,80,80,80,80,80,80,80,80,90,90,90,90,90,90,90,90,90,90,90,90,90,90,90,90,90,90,90,90,90,90,90,90,90],"card_choices":[{"not_picked":["Twin Strike","Cleave"],"picked":"Pommel Strike","floor":1.0},{"not_picked":["Warcry","Havoc"],"picked":"Spot Weakness","floor":2.0},{"not_picked":["Combust","Rupture","Searing Blow"],"picked":"SKIP","floor":7.0},{"not_picked":["Bloodletting","Iron Wave"],"picked":"Fire Breathing","floor":8.0},{"not_picked":["Havoc","Clash"],"picked":"Inflame","floor":12.0},{"not_picked":["Anger","Uppercut"],"picked":"Spot Weakness","floor":14.0},{"not_picked":["Berserk","Impervious"],"picked":"Limit Break","floor":16.0},{"not_picked":["Hemokinesis","Dropkick"],"picked":"Sword Boomerang","floor":18.0},{"not_picked":["Infernal Blade","Armaments","Clash"],"picked":"SKIP","floor":19.0},{"not_picked":["Dark Embrace","Pommel Strike+1"],"picked":"Flame Barrier","floor":21},{"not_picked":["Iron Wave","Cleave","Blood for Blood"],"picked":"SKIP","floor":24},{"not_picked":["Clash","Wild Strike","Anger"],"picked":"SKIP","floor":27},{"not_picked":["Juggernaut","Warcry"],"picked":"Pummel","floor":28},{"not_picked":["Clash","Sword Boomerang"],"picked":"Pummel","floor":29},{"not_picked":["Armaments","Havoc","Intimidate+1"],"picked":"SKIP","floor":30},{"not_picked":["Offering","Fiend Fire"],"picked":"Double Tap","floor":33},{"not_picked":["Headbutt+1","Twin Strike+1"],"picked":"Flex","floor":35},{"not_picked":["Clash","Havoc"],"picked":"Shrug It Off","floor":37},{"not_picked":["Entrench","Dropkick","Sever Soul"],"picked":"SKIP","floor":41},{"not_picked":["Spot Weakness","Inflame","Heavy Blade"],"picked":"SKIP","floor":42},{"not_picked":["Body Slam","Sword Boomerang","Headbutt"],"picked":"SKIP","floor":46},{"not_picked":["Clash","Headbutt"],"picked":"Flame Barrier","floor":49}],"player_experience":1054382,"relics_obtained":[{"floor":7.0,"key":"Mummified Hand"},{"floor":9.0,"key":"Tiny Chest"},{"floor":26,"key":"Pear"},{"floor":28,"key":"War Paint"},{"floor":31,"key":"Dream Catcher"},{"floor":38,"key":"Red Skull"},{"floor":41,"key":"Nunchaku"},{"floor":44,"key":"Frozen Egg 2"}],"event_choices":[{"damage_healed":0.0,"max_hp_gain":0.0,"max_hp_loss":0.0,"gold_gain":0.0,"event_name":"Scrap Ooze","player_choice":"Success","floor":3.0,"gold_loss":0.0,"damage_taken":12.0,"relics_obtained":["Gremlin Horn"]},{"cards_removed":["Strike_R"],"damage_healed":0.0,"max_hp_gain":0.0,"max_hp_loss":0.0,"gold_gain":0.0,"event_name":"Purifier","player_choice":"Purged","floor":5.0,"gold_loss":0.0,"damage_taken":0.0},{"cards_removed":["Strike_R"],"damage_healed":0.0,"max_hp_gain":0.0,"max_hp_loss":0.0,"gold_gain":0.0,"event_name":"The Cleric","player_choice":"Card Removal","floor":11.0,"gold_loss":50.0,"damage_taken":0.0},{"damage_healed":0,"gold_gain":0,"player_choice":"1 cards matched","damage_taken":0,"max_hp_gain":0,"max_hp_loss":0,"event_name":"Match and Keep!","floor":20,"gold_loss":0,"cards_obtained":["Offering"]},{"damage_healed":0,"gold_gain":0,"player_choice":"Relic","damage_taken":0,"max_hp_gain":0,"max_hp_loss":0,"event_name":"Wheel of Change","floor":38,"gold_loss":0},{"damage_healed":0,"gold_gain":0,"player_choice":"Ignored","damage_taken":0,"max_hp_gain":0,"max_hp_loss":0,"event_name":"Mysterious Sphere","floor":45,"gold_loss":0},{"damage_healed":0,"gold_gain":0,"cards_transformed":["Bash"],"player_choice":"Transformed","damage_taken":0,"max_hp_gain":0,"max_hp_loss":0,"event_name":"Transmorgrifier","floor":48,"gold_loss":0,"cards_obtained":["Barricade"]}],"is_beta":false,"boss_relics":[{"not_picked":["Calling Bell","Philosopher\u0027s Stone"],"picked":"Empty Cage"},{"not_picked":["Runic Dome","Black Star"],"picked":"Runic Cube"}],"items_purged_floors":[22,36],"is_endless":false,"potions_floor_spawned":[2,7,16,18,21,28,30,33,35,42,46],"ascension_level":13}}