{"host":"pifa3o3uv2a0m12r","time":1613981800,"event":{"mods":["AchievementEnabler","BaseMod","Colored Map","Minty Spire (QoL Compilation)","StSLib","SuperFastMode"],"gold_per_floor":[119,119,69,86,86,99,113,130,130,145,220,220,251,251],"floor_reached":13,"language":"FRA","playtime":308,"items_purged":[],"score":96,"play_id":"223259b4-2161-4416-a738-56389a77f67f","local_time":"20210221221640","is_ascension_mode":true,"campfire_choices":[{"floor":12,"key":"REST"}],"circlet_count":0,"master_deck":["Strike_P","Strike_P","Defend_P","Defend_P","Defend_P","Defend_P","Eruption","Vigilance","FlurryOfBlows","Crescendo","FlurryOfBlows","FlurryOfBlows","LessonLearned"],"relics":["PureWater","Bottled Flame"],"acts_visited":["Exordium"],"potions_floor_usage":[],"damage_taken":[{"damage":7,"enemies":"Small Slimes","floor":1,"turns":3},{"damage":5,"enemies":"Jaw Worm","floor":4,"turns":5},{"damage":9,"enemies":"2 Louse","floor":6,"turns":3},{"damage":13,"enemies":"Exordium Wildlife","floor":7,"turns":6},{"damage":1,"enemies":"2 Fungi Beasts","floor":8,"turns":3},{"damage":8,"enemies":"Large Slime","floor":10,"turns":3},{"damage":20,"enemies":"Lagavulin","floor":13,"turns":6}],"seed_played":"-8126397887791833094","potions_obtained":[{"floor":6,"key":"SteroidPotion"},{"floor":7,"key":"BlessingOfTheForge"},{"floor":8,"key":"SpeedPotion"}],"is_trial":false,"path_per_floor":["M","?","?","M","?","M","M","M","T","M","?","R","E"],"character_chosen":"WATCHER","items_purchased":[],"campfire_rested":1,"item_purchase_floors":[],"current_hp_per_floor":[72,77,77,72,65,56,43,42,42,34,23,48,28,28],"gold":251,"neow_bonus":"TEN_PERCENT_HP_BONUS","is_daily":false,"chose_seed":false,"campfire_upgraded":0,"win_rate":0.0,"timestamp":1613981800,"path_taken":["M","?","?","M","?","M","M","?","T","M","?","R","E"],"items_purchased_type":[],"build_version":"2020-12-22","purchased_purges":0,"victory":false,"max_hp_per_floor":[79,84,84,84,84,84,84,84,84,84,84,84,84,84],"card_choices":[{"not_picked":["CutThroughFate","JustLucky","BowlingBash"],"picked":"SKIP","floor":1},{"not_picked":["Tantrum","BowlingBash"],"picked":"FlurryOfBlows","floor":4},{"not_picked":["JustLucky","Consecrate"],"picked":"Crescendo","floor":6},{"not_picked":["FollowUp","FearNoEvil"],"picked":"FlurryOfBlows","floor":7},{"not_picked":["PathToVictory","Wireheading"],"picked":"FlurryOfBlows","floor":8},{"not_picked":["ClearTheMind","Pray"],"picked":"LessonLearned","floor":10}],"player_experience":151660,"relics_obtained":[{"floor":13,"key":"Bottled Flame"}],"event_choices":[{"damage_healed":0,"gold_gain":0,"player_choice":"Donut","damage_taken":0,"max_hp_gain":5,"max_hp_loss":0,"event_name":"Big Fish","floor":2,"gold_loss":0},{"cards_removed":["Strike_P"],"damage_healed":0,"gold_gain":0,"player_choice":"Card Removal","damage_taken":0,"max_hp_gain":0,"max_hp_loss":0,"event_name":"The Cleric","floor":3,"gold_loss":50},{"cards_removed":["Strike_P"],"damage_healed":0,"gold_gain":0,"player_choice":"Card Removal","damage_taken":7,"max_hp_gain":0,"max_hp_loss":0,"event_name":"Golden Wing","floor":5,"gold_loss":0},{"damage_healed":0,"gold_gain":75,"player_choice":"Gather Gold","damage_taken":11,"max_hp_gain":0,"max_hp_loss":0,"event_name":"World of Goop","floor":11,"gold_loss":0}],"is_beta":false,"boss_relics":[],"items_purged_floors":[],"is_endless":false,"potions_floor_spawned":[6,7,8],"killed_by":"Lagavulin","ascension_level":2}}