{"host":"7eytxr1oawi6r5nr","time":1613992604,"event":{"mods":["Act Like it!","BaseMod","Better Third Choice","Curses Come First","Dark Map","Hermit","Hubris","Ironclad Rager","Minty Spire (QoL Compilation)","Permanent Neow","Quick Restart","Rare Cards Sparkle","Relic Filter Mod","Reliquary","Replay The Spire","Ruina","StSLib","The Cursed","The Disciple","The Forsaken","The IronCluck","The Runesmith","The Servant 0.9.4","Wide Potions"],"gold_per_floor":[119,134,148,148,164,164,177,177,225,251,270,289,289,417,417,417,417],"floor_reached":16,"language":"ENG","playtime":639,"items_purged":[],"score":143,"play_id":"522efe74-b4e6-46f2-b61a-5a7192a605ea","local_time":"20210222111644","is_ascension_mode":true,"campfire_choices":[{"floor":6.0,"key":"REST"},{"data":"Bash","floor":8.0,"key":"SMITH"},{"data":"Bludgeon","floor":15.0,"key":"SMITH"}],"circlet_count":0,"master_deck":["Strike_R","Strike_R","Strike_R","Strike_R","Defend_R","Defend_R","Defend_R","Defend_R","Bash+1","Pommel Strike","Cleave","Clothesline","Headbutt","Bludgeon+1","Spot Weakness","Massacre"],"relics":["Burning Blood","reliquary:PartyBalloon","hubris:Icosahedron","reliquary:PorcupineQuills","Replay:Bottled Snecko","ReplayTheSpireMod:Ninjato"],"acts_visited":["Exordium"],"potions_floor_usage":[],"damage_taken":[{"damage":6.0,"enemies":"2 Louse","floor":1.0,"turns":3.0},{"damage":7.0,"enemies":"Jaw Worm","floor":2.0,"turns":3.0},{"damage":7.0,"enemies":"Small Slimes","floor":3.0,"turns":4.0},{"damage":44.0,"enemies":"Gremlin Gang","floor":5.0,"turns":5.0},{"damage":11.0,"enemies":"2 Fungi Beasts","floor":7.0,"turns":3.0},{"damage":25.0,"enemies":"Replay:BlueRogue","floor":10.0,"turns":5.0},{"damage":12.0,"enemies":"Exordium Thugs","floor":11.0,"turns":5.0},{"damage":7.0,"enemies":"Looter","floor":12.0,"turns":3.0},{"damage":10.0,"enemies":"Lagavulin","floor":14.0,"turns":3.0},{"damage":6,"enemies":"Hexaghost","floor":16,"turns":3}],"seed_played":"4226842522219504197","potions_obtained":[{"floor":2.0,"key":"Energy Potion"},{"floor":3.0,"key":"LiquidMemories"},{"floor":10.0,"key":"SteroidPotion"},{"floor":12.0,"key":"DuplicationPotion"}],"is_trial":false,"path_per_floor":["M","M","M","?","M","R","M","R","T","E","M","M","?","E","R","B"],"character_chosen":"IRONCLAD","items_purchased":[],"campfire_rested":1,"item_purchase_floors":[],"current_hp_per_floor":[80,79,78,78,40,64,59,59,59,40,34,33,26,22,22,16,16],"gold":417,"neow_bonus":"RANDOM_COMMON_RELIC","is_daily":false,"chose_seed":false,"campfire_upgraded":2,"win_rate":0.0,"timestamp":1613992604,"path_taken":["M","M","M","?","M","R","M","R","T","E","M","M","?","E","R","BOSS"],"items_purchased_type":[],"build_version":"2020-12-22","purchased_purges":0,"victory":false,"max_hp_per_floor":[80,80,80,80,80,80,80,80,80,80,80,80,80,80,80,80,80],"card_choices":[{"not_picked":["Flex","Iron Wave"],"picked":"Pommel Strike","floor":1.0},{"not_picked":["ReplayTheSpireMod:Strike From Hell","Thunderclap"],"picked":"Cleave","floor":2.0},{"not_picked":["Warcry","Replay:Undeath\u0027s Touch"],"picked":"Clothesline","floor":3.0},{"not_picked":["Run Through","Heavy Blade","Clothesline"],"picked":"SKIP","floor":5.0},{"not_picked":["Havoc","Sever Soul"],"picked":"Headbutt","floor":7.0},{"not_picked":["Pommel Strike","Intimidate"],"picked":"Bludgeon","floor":10.0},{"not_picked":["Sword Boomerang","Warcry"],"picked":"Spot Weakness","floor":11.0},{"not_picked":["Fire Breathing","Thunderclap"],"picked":"Massacre","floor":12.0},{"not_picked":["Defy Death","ReplayReversal","Heavy Blade"],"picked":"SKIP","floor":14.0}],"player_experience":199069,"relics_obtained":[{"floor":9.0,"key":"reliquary:PorcupineQuills"},{"floor":10.0,"key":"Replay:Bottled Snecko"},{"floor":14.0,"key":"ReplayTheSpireMod:Ninjato"}],"event_choices":[{"cards_removed":["Strike_R"],"damage_healed":0.0,"max_hp_gain":0.0,"max_hp_loss":0.0,"gold_gain":0.0,"event_name":"Golden Wing","player_choice":"Card Removal","floor":13.0,"gold_loss":0.0,"damage_taken":7.0}],"is_beta":false,"boss_relics":[],"items_purged_floors":[],"is_endless":false,"potions_floor_spawned":[2,3,10,12],"killed_by":"Hexaghost","ascension_level":5}}