{"host":"2ixd8xwebcm7gar8","time":1613965164,"event":{"mods":["AchievementEnabler","Act Like it!","BaseMod","Beaked The Cultist","Conspire","Defuse TimeMaze Blight","Downfall","Googly Eyes","Hallownest","Hermit","Hubris","Infinite Spire","Minty Spire (QoL Compilation)","Replay The Spire","Robot Space Explorer","Shop Mod","StSLib","The Bug Knight","The Cursed","The Marked","Waifu the Spire"],"gold_per_floor":[117,117,117,156,23,23,56,56,56,86,86,86,86,86,86,104,104,179,179,196,126,126,156,156,156,156,156,156,156,156,211,211,211,211,335,335,430,430,573,560,767,767,1006,1306,1331,1413,1739,1739,1739,2156,2156,2156,2156],"floor_reached":54,"language":"ENG","playtime":5413,"items_purged":["downfall:Malfunctioning"],"score":2393,"play_id":"eeda9627-10e4-44df-bbf0-9a01e6361e36","local_time":"20210221193924","daily_mods":["Draft","Heirloom","Time Dilation","Flight","Cursed Run","Elite Swarm"],"is_ascension_mode":true,"campfire_choices":[{"floor":6.0,"key":"REST"},{"data":"TheCursedMod:VoidForm","floor":8.0,"key":"SMITH"},{"data":"TheCursedMod:CollectTribute","floor":11.0,"key":"SMITH"},{"floor":13.0,"key":"REST"},{"data":"conspire:Banana","floor":17.0,"key":"SMITH"},{"floor":25.0,"key":"REST"},{"floor":26.0,"key":"REST"},{"floor":27.0,"key":"REST"},{"data":"TheCursedMod:LuckyCharm","floor":30.0,"key":"SMITH"},{"data":"TheCursedMod:LuckyCharm","floor":32.0,"key":"SMITH"},{"data":"TheCursedMod:LuckyCharm","floor":34,"key":"SMITH"},{"floor":42,"key":"REST"},{"floor":48,"key":"REST"},{"data":"TheCursedMod:ManaCirculation","floor":51,"key":"SMITH"}],"circlet_count":1,"master_deck":["AscendersBane","TheCursedMod:SurpriseAttack","TheCursedMod:LuckyCharm+1","TheCursedMod:HellfireBreathing","TheCursedMod:Wield","TheCursedMod:CursedSpellbook+1","TheCursedMod:FleshFromBone+1","TheCursedMod:RapidMovement","TheCursedMod:CursedBlade","TheCursedMod:CursedStaff","TheCursedMod:Torture","TheCursedMod:StingEye","TheCursedMod:LuckyCharm+1","TheCursedMod:CursedBoomerang","TheCursedMod:LuckyCharm+1","TheCursedMod:Stigma","TheCursedMod:CursedShiv","TheCursedMod:CursedShiv","TheCursedMod:CursedShiv","conspire:Banana+1","TheCursedMod:VoidForm+1","Parasite","TheCursedMod:CollectTribute+1","TheCursedMod:CursedShiv","TheCursedMod:ManaCirculation+1","TheCursedMod:FleshFromBone+1","hubris:Greed","hubris:Greed","TheCursedMod:AntiAging","downfall:Haunted","hubris:Greed","hubris:Greed","hubris:Greed","TheCursedMod:VoidForm","hubris:Greed","hubris:Greed","hubris:Greed","hubris:Greed","hubris:Greed","Doubt","TheCursedMod:ManaCirculation+1","hubris:Greed","hubris:Greed","hubris:Greed","hubris:Greed","hubris:Greed","hubris:Greed","hubris:Greed","hubris:Greed","hubris:Greed","hubris:Greed","hubris:Greed","hubris:Greed","hubris:Greed","hubris:Greed","hubris:Greed","hubris:Greed","hubris:Greed","hubris:Greed","hubris:Greed","hubris:Greed","hubris:Greed","hubris:Greed","hubris:Greed","hubris:Greed","Bandage Up","hubris:Greed","hubris:Greed","hubris:Greed","hubris:Greed","hubris:Greed","hubris:Greed","hubris:Greed","hubris:Greed","hubris:Greed","hubris:Greed","hubris:Greed","hubris:Greed","hubris:Greed","hubris:Greed","hubris:Greed","hubris:Greed","hubris:Greed","hubris:Greed","hubris:Greed","hubris:Greed","Normality","CommonCold","hubris:Greed","hubris:Greed","hubris:Greed","hubris:Greed","hubris:Greed","hubris:Greed","hubris:Greed","hubris:Greed","hubris:Greed","hubris:Greed","hubris:Greed","hubris:Greed","hubris:Greed","hubris:Greed","hubris:Greed","hubris:Greed","hubris:Greed","hubris:Greed","hubris:Greed","hubris:Greed","hubris:Greed","hubris:Greed","hubris:Greed","hubris:Greed","hubris:Greed","hubris:Greed","hubris:Greed","hubris:Greed","hubris:Greed","hubris:Greed","hubris:Greed","hubris:Greed","hubris:Greed","hubris:Greed","hubris:Greed","hubris:Greed","hubris:Greed","hubris:Greed","hubris:Greed","hubris:Greed","hubris:Greed","hubris:Greed","hubris:Greed","hubris:Greed","hubris:Greed","hubris:Greed","hubris:Greed","hubris:Greed","hubris:Greed","hubris:Greed","hubris:Greed","hubris:Greed","hubris:Greed","hubris:Greed","hubris:Greed","hubris:Greed","hubris:Greed","hubris:Greed","Hallucinations","hubris:Greed","hubris:Greed","hubris:Greed","hubris:Greed","hubris:Greed","hubris:Greed","hubris:Greed","hubris:Greed","hubris:Greed","hubris:Greed","hubris:Greed","hubris:Greed","hubris:Greed","hubris:Greed","hubris:Greed","hubris:Greed","hubris:Greed","hubris:Greed","hubris:Greed","hubris:Greed","hubris:Greed","hubris:Greed","hubris:Greed","hubris:Greed","hubris:Greed","hubris:Greed","hubris:Greed","Delirium"],"relics":["Cursed Key","Darkstone Periapt","Du-Vu Doll","infinitespire:CursedDice","Hallownest:DreamNailRelic","Prayer Wheel","bronze:DecasWashers","Strawberry","Circlet","Replay:Bronze Core","hubris:Towel","Blue Candle","Happy Flower","Lee\u0027s Waffle","beaked:SacredDeck","War Paint","ReplayFunnel","Lee\u0027s Waffle","hubris:NiceRug","Unceasing Top","Centennial Puzzle","Juzu Bracelet","Replay:WaspNest","Bird Faced Urn","Art of War"],"acts_visited":["Hallownest:Greenpath","Hallownest:CityofTears","Hallownest:KingdomsEdge"],"potions_floor_usage":[52],"damage_taken":[{"damage":3.0,"enemies":"2_ Uuma","floor":1.0,"turns":3.0},{"damage":10.0,"enemies":"Hallownest:eliteMossKnight","floor":7.0,"turns":3.0},{"damage":10.0,"enemies":"Hallownest:eliteVengeflyKing","floor":10.0,"turns":5.0},{"damage":0.0,"enemies":"Hallownest:2_MossCreeps","floor":16.0,"turns":5.0},{"damage":26.0,"enemies":"Hallownest:BossFalseKnight","floor":18.0,"turns":6.0},{"damage":204.0,"enemies":"Hallownest:2_Mistakes","floor":20.0,"turns":11.0},{"damage":27.0,"enemies":"Hallownest:2_Mistakes","floor":21.0,"turns":6.0},{"damage":35.0,"enemies":"Hallownest:Guard_and_Sentry","floor":23.0,"turns":4.0},{"damage":9.0,"enemies":"Hallownest:Nosk","floor":31.0,"turns":8.0},{"damage":40,"enemies":"Hallownest:BossSoulMaster","floor":35,"turns":6},{"damage":58,"enemies":"Hallownest:2_Littles","floor":37,"turns":5},{"damage":162,"enemies":"hubris:Merchant","floor":40,"turns":10},{"damage":4,"enemies":"Hallownest:3_Siblings","floor":41,"turns":1},{"damage":8,"enemies":"Hallownest:monsterPrimalAspid","floor":43,"turns":2},{"damage":11,"enemies":"Hallownest:StalkingDevout","floor":44,"turns":2},{"damage":8,"enemies":"Hallownest:2_Primals","floor":47,"turns":1},{"damage":19,"enemies":"Hallownest:eliteHiveKnight","floor":50,"turns":2},{"damage":39,"enemies":"Hallownest:Radiance","floor":52,"turns":3},{"damage":44,"enemies":"Hallownest:BossHollowKnight","floor":53,"turns":2}],"seed_played":"6081136906973837393","potions_obtained":[{"floor":1.0,"key":"hexamod:SoulburnPotion"},{"floor":7.0,"key":"Slimebound:ThreeZeroPotion"},{"floor":10.0,"key":"DistilledChaos"},{"floor":16.0,"key":"bronze:BurnAndBuffPotion"},{"floor":23.0,"key":"BlessingOfTheForge"},{"floor":39,"key":"Dexterity Potion"},{"floor":40,"key":"Adrenaline Potion"}],"is_trial":true,"path_per_floor":["M","?","?","?","$","R","E","R","T","E","R","?","R","PTL","PTL","M","R","B",null,"M","?","?","M","?","R","R","R","T","?","R","E","R","AVR","R","B",null,"M","?","?","$","M","R","M","E","T","T","?","R","$","E","R","B","B",null],"character_chosen":"THE_CURSED","items_purchased":["TheCursedMod:CursedShiv","conspire:Banana","ReplayFunnel","Lee\u0027s Waffle"],"campfire_rested":7,"item_purchase_floors":[5,5,40,40],"current_hp_per_floor":[61,61,61,61,61,71,62,62,68,66,66,66,86,86,86,87,87,69,89,58,39,33,6,6,39,72,105,111,111,111,124,124,148,148,148,184,164,152,158,189,209,321,355,398,404,410,450,531,531,614,614,795,923],"gold":2156,"neow_bonus":"","is_daily":false,"chose_seed":false,"campfire_upgraded":7,"win_rate":0.0,"timestamp":1613965164,"path_taken":["M","?","?","?","?","R","E","R","T","E","R","?","R","PTL","PTL","M","R","BOSS","M","?","?","?","?","R","R","R","T","?","R","E","R","AVR","R","BOSS","M","?","?","$","M","R","?","E","T","?","?","R","$","E","R","BOSS","BOSS"],"items_purchased_type":["Card","Card","Relic","Relic"],"build_version":"2020-12-22","purchased_purges":1,"victory":true,"max_hp_per_floor":[71,71,71,71,71,71,72,72,78,86,86,86,86,86,86,87,87,95,95,97,105,105,113,113,113,113,113,119,119,119,141,141,148,148,188,194,232,232,238,351,375,375,417,471,477,483,531,531,531,629,629,841,1009],"card_choices":[{"not_picked":["TheCursedMod:PrepareRite","TheCursedMod:CircleOfCorruption"],"picked":"TheCursedMod:SurpriseAttack","floor":0.0},{"not_picked":["TheCursedMod:CursedAmulet","TheCursedMod:SpitefulPlan"],"picked":"TheCursedMod:LuckyCharm","floor":0.0},{"not_picked":["TheCursedMod:Stigma","TheCursedMod:RavingStaff"],"picked":"TheCursedMod:HellfireBreathing","floor":0.0},{"not_picked":["TheCursedMod:CursedMace","TheCursedMod:Evocation"],"picked":"TheCursedMod:Wield","floor":0.0},{"not_picked":["TheCursedMod:ManaBullet","TheCursedMod:SoulCrush"],"picked":"TheCursedMod:CursedSpellbook","floor":0.0},{"not_picked":["TheCursedMod:ReleasedStrength","TheCursedMod:Hemoplague"],"picked":"TheCursedMod:FleshFromBone","floor":0.0},{"not_picked":["TheCursedMod:CircleOfFlame","TheCursedMod:CursedBlade"],"picked":"TheCursedMod:RapidMovement","floor":0.0},{"not_picked":["TheCursedMod:RavingStaff","TheCursedMod:TacticalStrike"],"picked":"TheCursedMod:CursedBlade","floor":0.0},{"not_picked":["TheCursedMod:VitalStrike","TheCursedMod:CursedAmulet"],"picked":"TheCursedMod:CursedStaff","floor":0.0},{"not_picked":["TheCursedMod:SmokeScreen","TheCursedMod:FuryStrike"],"picked":"TheCursedMod:Torture","floor":0.0},{"not_picked":["TheCursedMod:CursedBoomerang","TheCursedMod:CircleOfFlame"],"picked":"TheCursedMod:StingEye","floor":0.0},{"not_picked":["TheCursedMod:CursedMace","TheCursedMod:RapidMovement"],"picked":"TheCursedMod:LuckyCharm","floor":0.0},{"not_picked":["TheCursedMod:SpitefulStrike","TheCursedMod:BloodBarrier"],"picked":"TheCursedMod:CursedBoomerang","floor":0.0},{"not_picked":["TheCursedMod:WearCloak","TheCursedMod:Grudge"],"picked":"TheCursedMod:LuckyCharm","floor":0.0},{"not_picked":["TheCursedMod:Wield","TheCursedMod:SpitefulStrike"],"picked":"TheCursedMod:Stigma","floor":0.0},{"not_picked":["TheCursedMod:CircleOfAmplification","TheCursedMod:VitalStrike"],"picked":"TheCursedMod:CursedShiv","floor":1.0},{"not_picked":["TheCursedMod:ForbiddenAlchemy","TheCursedMod:ShockAndAwe"],"picked":"TheCursedMod:VoidForm","floor":7.0},{"not_picked":["TheCursedMod:NeowsMight","TheCursedMod:Neurasthenia"],"picked":"TheCursedMod:CollectTribute","floor":10.0},{"not_picked":["TheCursedMod:TacticalStrike","TheCursedMod:RavingStaff"],"picked":"TheCursedMod:CursedShiv","floor":16.0},{"not_picked":["TheCursedMod:CursedBlade","TheCursedMod:RapidMovement","TheCursedMod:WearCloak"],"picked":"SKIP","floor":16.0},{"not_picked":["TheCursedMod:AntiAging","TheCursedMod:DemonSword"],"picked":"TheCursedMod:ManaCirculation","floor":18.0},{"not_picked":["TheCursedMod:RapidMovement","TheCursedMod:CursedMace"],"picked":"TheCursedMod:FleshFromBone","floor":20.0},{"not_picked":["TheCursedMod:Wield","TheCursedMod:CursedStaff","TheCursedMod:Stretching"],"picked":"SKIP","floor":20.0},{"not_picked":["TheCursedMod:TacticalStrike","TheCursedMod:CursedShiv"],"picked":"TheCursedMod:AntiAging","floor":23.0},{"not_picked":["TheCursedMod:SmokeScreen","TheCursedMod:CircleOfCorruption","TheCursedMod:CursedBlade"],"picked":"SKIP","floor":23.0},{"not_picked":["TheCursedMod:ShockAndAwe","TheCursedMod:ForbiddenAlchemy"],"picked":"TheCursedMod:VoidForm","floor":31.0},{"not_picked":["TheCursedMod:OutForBlood","TheCursedMod:CollectTribute"],"picked":"TheCursedMod:ManaCirculation","floor":35},{"not_picked":["TheCursedMod:TacticalStrike","TheCursedMod:SmokeScreen","TheCursedMod:Wield"],"picked":"SKIP","floor":37},{"not_picked":["TheCursedMod:SpitefulPlan","TheCursedMod:BloodBarrier","TheCursedMod:RavingStaff+1"],"picked":"SKIP","floor":37},{"not_picked":[],"picked":"Bandage Up","floor":40},{"not_picked":["TheCursedMod:Wield"],"picked":"SKIP","floor":40},{"not_picked":["TheCursedMod:SpitefulStrike"],"picked":"SKIP","floor":40},{"not_picked":["TheCursedMod:Obscuration"],"picked":"SKIP","floor":40},{"not_picked":["TheCursedMod:Stretching+1"],"picked":"SKIP","floor":40},{"not_picked":["TheCursedMod:EmpowerCircles"],"picked":"SKIP","floor":40},{"not_picked":["Crow Ritual"],"picked":"SKIP","floor":40},{"not_picked":["TheCursedMod:WearCloak","TheCursedMod:SpitefulStrike","TheCursedMod:TacticalStrike"],"picked":"SKIP","floor":41},{"not_picked":["TheCursedMod:TroublousMinions+1","TheCursedMod:CircleOfAbyss","TheCursedMod:HellsGateOpen"],"picked":"SKIP","floor":41},{"not_picked":["TheCursedMod:TacticalStrike","TheCursedMod:SmokeScreen","TheCursedMod:CursedBoomerang"],"picked":"SKIP","floor":43},{"not_picked":["TheCursedMod:RapidMovement","TheCursedMod:CursedAmulet+1","TheCursedMod:Stretching"],"picked":"SKIP","floor":43},{"not_picked":["TheCursedMod:ShockAndAwe","TheCursedMod:UltimatePain","TheCursedMod:Neurasthenia"],"picked":"SKIP","floor":44},{"not_picked":["TheCursedMod:DemonicPact","TheCursedMod:OutForBlood","TheCursedMod:CircleOfAbyss"],"picked":"SKIP","floor":50}],"player_experience":654627,"relics_obtained":[{"floor":7.0,"key":"Prayer Wheel"},{"floor":9.0,"key":"bronze:DecasWashers"},{"floor":10.0,"key":"Strawberry"},{"floor":28.0,"key":"Blue Candle"},{"floor":31.0,"key":"Happy Flower"},{"floor":39,"key":"War Paint"},{"floor":40,"key":"Unceasing Top"},{"floor":44,"key":"Centennial Puzzle"},{"floor":45,"key":"Juzu Bracelet"},{"floor":46,"key":"Replay:WaspNest"},{"floor":47,"key":"Bird Faced Urn"},{"floor":50,"key":"Art of War"}],"event_choices":[{"damage_healed":0,"gold_gain":0,"player_choice":"Leave","damage_taken":0,"max_hp_gain":0,"max_hp_loss":0,"event_name":"conspire:Investor","floor":38,"gold_loss":0}],"is_beta":false,"boss_relics":[{"not_picked":["ReplayTheSpireMod:SealedPack","Velvet Choker"],"picked":"Replay:Bronze Core"},{"not_picked":["Calling Bell","Snecko Heart"],"picked":"beaked:SacredDeck"}],"items_purged_floors":[40],"is_endless":false,"potions_floor_spawned":[1,7,10,16,23,44,47],"ascension_level":20}}