{"host":"yqztwemefsbhfep8","time":1613991678,"event":{"mods":["BaseMod","Downfall","Minty Spire (QoL Compilation)","StSLib"],"gold_per_floor":[99,99,274,274,374,374,400,500,511,511,67,86,86,103,127,241,268,168,192,192,201,70,85,85,79,95,136,145,45,64,78,106,218,218,218,236,236,66,66,85,109,125,125,125,125],"floor_reached":43,"language":"ENG","playtime":1725,"items_purged":["downfall:Bewildered"],"score":436,"play_id":"32da560a-aff0-4bf6-9d06-5bdce8853b0b","local_time":"20210222030118","is_ascension_mode":false,"campfire_choices":[{"data":"champ:Taunt","floor":1,"key":"SMITH"},{"data":"champ:DeathBlow","floor":6,"key":"SMITH"},{"data":"champ:BerserkerStyle","floor":10,"key":"SMITH"},{"floor":13,"key":"RECALL"},{"data":"champ:TripleStrike","floor":18,"key":"SMITH"},{"floor":29,"key":"REST"},{"data":"champ:StrikeOfGenius","floor":35,"key":"SMITH"}],"circlet_count":0,"master_deck":["champ:Strike","champ:Strike","champ:Strike","champ:Defend","champ:Defend","champ:Execute+1","champ:Taunt+1","champ:DeathBlow+1","champ:AdrenalArmor","champ:BerserkerStyle+1","champ:Backstep","champ:TornadoPunch+1","champ:SetATrap","champ:RecklessLeap","champ:TripleStrike+1","champ:BringItOn+1","champ:StrikeOfGenius+1","champ:Parry+1","champ:Backstep+1","champ:SwordThrow+1","champ:ViciousMockery+1","champ:ShieldWall","champ:RageSigil","champ:StrikeOfGenius+1","expansioncontent:DashGenerateEvil"],"relics":["champ:ChampionCrown","downfall:HeartsMalice","Potion Belt","Boot","CeramicFish","Astrolabe","downfall:HeartBlessingRed","MutagenicStrength","sneckomod:BabySnecko","Whetstone","downfall:HeartBlessingBlue","Anchor"],"acts_visited":["Exordium","TheCity","TheBeyond"],"potions_floor_usage":[16,23,27,27,33,33,33,38,42,43,43],"damage_taken":[{"damage":0,"enemies":"2 Louse","floor":2,"turns":1},{"damage":0,"enemies":"Jaw Worm","floor":4,"turns":1},{"damage":0,"enemies":"downfall:Heads","floor":8,"turns":1},{"damage":28,"enemies":"Small Slimes","floor":9,"turns":2},{"damage":42,"enemies":"downfall:FleeingMerchant","floor":11,"turns":4},{"damage":36,"enemies":"Blue Slaver","floor":12,"turns":4},{"damage":33,"enemies":"3 Louse","floor":14,"turns":3},{"damage":26,"enemies":"Exordium Wildlife","floor":15,"turns":4},{"damage":89,"enemies":"WA_ARCHETYPE_RETAIN","floor":16,"turns":7},{"damage":45,"enemies":"Shell Parasite","floor":19,"turns":3},{"damage":60,"enemies":"downfall:FleeingMerchant","floor":22,"turns":4},{"damage":12,"enemies":"downfall:LooterAlt2","floor":23,"turns":3},{"damage":27,"enemies":"downfall:FleeingMerchant","floor":25,"turns":4},{"damage":41,"enemies":"Chosen and Byrds","floor":26,"turns":4},{"damage":50,"enemies":"Slavers","floor":27,"turns":5},{"damage":42,"enemies":"Snake Plant","floor":30,"turns":3},{"damage":57,"enemies":"Cultist and Chosen","floor":31,"turns":5},{"damage":25,"enemies":"Centurion and Healer","floor":32,"turns":5},{"damage":63,"enemies":"SI_MIRROR_ARCHETYPE","floor":33,"turns":8},{"damage":58,"enemies":"3 Shapes","floor":36,"turns":4},{"damage":15,"enemies":"downfall:FleeingMerchant","floor":38,"turns":4},{"damage":29,"enemies":"Orb Walker","floor":40,"turns":3},{"damage":50,"enemies":"Jaw Worm Horde","floor":42,"turns":4},{"damage":33,"enemies":"Reptomancer","floor":43,"turns":2}],"seed_played":"5462116684570970952","potions_obtained":[{"floor":8,"key":"PowerPotion"},{"floor":12,"key":"Regen Potion"},{"floor":15,"key":"SteroidPotion"},{"floor":19,"key":"Explosive Potion"},{"floor":23,"key":"Weak Potion"},{"floor":30,"key":"GamblersBrew"},{"floor":32,"key":"FearPotion"},{"floor":33,"key":"champ:TechniquePotion"},{"floor":36,"key":"DuplicationPotion"},{"floor":40,"key":"Guardian:BlockOnCardUsePotion"}],"is_trial":false,"path_per_floor":["R","M","?","M","?","R","T","?","M","R","$","M","R","M","M","B",null,"R","M","?","?","$","M","T","$","M","E","?","R","M","M","M","B",null,"R","M","?","$","?","M","T","M","E"],"character_chosen":"THE_CHAMP","items_purchased":["champ:TornadoPunch","champ:SetATrap","Boot","CeramicFish","AttackPotion","expansioncontent:DashGenerateEvil"],"campfire_rested":1,"item_purchase_floors":[11,11,11,11,22,38],"current_hp_per_floor":[90,90,90,90,90,90,90,90,87,87,87,80,80,67,61,27,90,90,80,80,80,75,72,72,72,66,52,52,89,76,69,64,21,100,100,68,68,53,53,53,53,24,0,0,0],"gold":125,"neow_bonus":"THREE_ENEMY_KILL","is_daily":false,"chose_seed":false,"campfire_upgraded":5,"win_rate":0.0,"timestamp":1613991678,"path_taken":["R","M","?","M","?","R","T","?","M","R","$","M","R","M","M","BOSS","R","M","?","?","$","M","T","?","M","E","?","R","?","M","M","BOSS","R","M","?","$","?","M","T","?","E"],"items_purchased_type":["Card","Card","Relic","Relic","Potion","Card"],"build_version":"2020-12-22","purchased_purges":1,"victory":false,"max_hp_per_floor":[90,90,90,90,90,90,90,90,90,90,90,90,90,90,90,90,90,90,90,90,90,90,90,90,90,90,90,90,100,100,100,100,100,100,100,100,100,100,100,100,100,100,100,100,100],"card_choices":[{"not_picked":["champ:FalseCounter","champ:FanOfKnives"],"picked":"champ:DeathBlow","floor":2},{"not_picked":["champ:EndlessRage","champ:FocusedDefense"],"picked":"champ:AdrenalArmor","floor":4},{"not_picked":["champ:ShieldSlam","champ:FanOfKnives"],"picked":"champ:BerserkerStyle","floor":8},{"not_picked":["champ:FocusedDefense","champ:Parry","champ:PerfectedStrike"],"picked":"SKIP","floor":9},{"not_picked":["champ:Encircle","champ:BringItOn"],"picked":"champ:Backstep","floor":11},{"not_picked":["champ:FanOfKnives","champ:ShieldSigil"],"picked":"champ:EnragedBash","floor":12},{"not_picked":["champ:AdrenalArmor","champ:Duel","champ:PerfectedStrike"],"picked":"SKIP","floor":14},{"not_picked":["champ:PerfectedStrike","champ:AdrenalArmor"],"picked":"champ:RecklessLeap","floor":15},{"not_picked":["champ:MurderStrike","champ:HeavySlash"],"picked":"champ:TripleStrike","floor":16},{"not_picked":["champ:FaceSlap","champ:FalseCounter"],"picked":"champ:Backstep+1","floor":19},{"not_picked":["champ:Haymaker","champ:BerserkersShout"],"picked":"champ:SwordThrow","floor":22},{"not_picked":["champ:AdrenalArmor","champ:Shatter","champ:Endure"],"picked":"SKIP","floor":23},{"not_picked":["champ:Haymaker+1","champ:EnGarde"],"picked":"champ:TripleStrike","floor":25},{"not_picked":["champ:ShieldSigil","champ:Endure+1","champ:IronFortress+1"],"picked":"SKIP","floor":26},{"not_picked":["champ:FocusedDefense","champ:StanceDance+1"],"picked":"champ:ViciousMockery+1","floor":27},{"not_picked":["champ:FaceSlap","champ:RisingSlash","champ:PreemptiveStrike"],"picked":"SKIP","floor":30},{"not_picked":["champ:Backstep+1","champ:Shatter+1","champ:GutPunch"],"picked":"SKIP","floor":31},{"not_picked":["champ:IronFortress","champ:BringItOn"],"picked":"champ:RageSigil","floor":32},{"not_picked":["champ:VampiricStrike","champ:DancingMaster"],"picked":"champ:StrikeOfGenius","floor":33},{"not_picked":["champ:BladeFlurry","champ:FaceSlap+1","champ:FalseCounter+1"],"picked":"SKIP","floor":36},{"not_picked":["champ:BerserkersShout+1","champ:TornadoPunch+1","champ:Devastate"],"picked":"SKIP","floor":38},{"not_picked":["champ:CrownThrow","champ:Backstep+1","champ:PerfectedStrike"],"picked":"SKIP","floor":40},{"not_picked":["champ:Backstep","champ:FalseCounter+1","champ:GladiatorStyle"],"picked":"SKIP","floor":42}],"player_experience":342237,"relics_obtained":[{"floor":7,"key":"Potion Belt"},{"floor":27,"key":"Whetstone"},{"floor":41,"key":"Anchor"}],"event_choices":[{"damage_healed":0,"gold_gain":0,"player_choice":"Inject Mutagens","damage_taken":0,"relics_obtained":["MutagenicStrength"],"max_hp_gain":0,"max_hp_loss":0,"event_name":"Drug Dealer","floor":20,"gold_loss":0},{"cards_removed":["champ:EnragedBash"],"damage_healed":0,"gold_gain":0,"player_choice":"Removed Attack","damage_taken":0,"max_hp_gain":0,"max_hp_loss":0,"event_name":"Falling","floor":37,"gold_loss":0}],"is_beta":false,"boss_relics":[{"not_picked":["bronze:MakeshiftBattery","Runic Pyramid"],"picked":"Astrolabe"},{"not_picked":["Snecko Eye","Empty Cage","Runic Dome"]}],"items_purged_floors":[22],"is_endless":false,"potions_floor_spawned":[8,12,15,19,23,30,32,33,36,40],"killed_by":"Reptomancer","ascension_level":0}}