{"host":"vxgtqwpb0ulpisda","time":1613952925,"event":{"mods":["BaseMod","Bestiary","Minty Spire (QoL Compilation)","Relic Stats","ojb\u0027s Info Mod"],"gold_per_floor":[116,126,139,156,156,181,181,194,194,194,226,239,239,273,273,371,371,383,397,397,397],"floor_reached":20,"language":"ENG","playtime":1065,"items_purged":[],"score":255,"play_id":"19c65abc-5e20-40d5-8f28-7e60345d76fe","local_time":"20210221191525","is_ascension_mode":true,"campfire_choices":[{"floor":7,"key":"REST"},{"data":"Dualcast","floor":10,"key":"SMITH"},{"floor":13,"key":"REST"},{"floor":15,"key":"REST"}],"circlet_count":0,"master_deck":["Strike_B","Strike_B","Strike_B","Defend_B","Defend_B","Defend_B","Defend_B","Zap","Dualcast+1","Doom and Gloom","Defragment","Lockon","Barrage","Defragment","Cold Snap","Steam","Storm","Heatsinks","Seek","Electrodynamics","Loop+1","Recycle+1"],"relics":["Cracked Core","Bag of Preparation","StrikeDummy","Bag of Marbles","Dead Branch","Inserter"],"acts_visited":["Exordium","TheCity"],"potions_floor_usage":[4,11,11,11,20],"damage_taken":[{"damage":0,"enemies":"Jaw Worm","floor":1,"turns":3},{"damage":1,"enemies":"Cultist","floor":2,"turns":3},{"damage":0,"enemies":"Small Slimes","floor":3,"turns":2},{"damage":2,"enemies":"2 Fungi Beasts","floor":4,"turns":2},{"damage":35,"enemies":"3 Sentries","floor":6,"turns":6},{"damage":5,"enemies":"Red Slaver","floor":8,"turns":4},{"damage":17,"enemies":"Gremlin Nob","floor":11,"turns":5},{"damage":11,"enemies":"Exordium Wildlife","floor":12,"turns":4},{"damage":27,"enemies":"3 Sentries","floor":14,"turns":5},{"damage":25,"enemies":"Slime Boss","floor":16,"turns":7},{"damage":10,"enemies":"Shell Parasite","floor":18,"turns":5},{"damage":38,"enemies":"2 Thieves","floor":19,"turns":3},{"damage":41,"enemies":"Cultist and Chosen","floor":20,"turns":4}],"seed_played":"618930179919278850","potions_obtained":[{"floor":1,"key":"PowerPotion"},{"floor":2,"key":"PowerPotion"},{"floor":3,"key":"CultistPotion"},{"floor":6,"key":"EntropicBrew"},{"floor":19,"key":"PotionOfCapacity"}],"is_trial":false,"path_per_floor":["M","M","M","M","?","E","R","M","T","R","E","M","R","E","R","B",null,"M","M","M"],"character_chosen":"DEFECT","items_purchased":[],"campfire_rested":3,"item_purchase_floors":[],"current_hp_per_floor":[75,74,74,72,72,37,61,56,56,56,39,28,52,25,49,24,68,58,20,0,0],"gold":397,"neow_bonus":"TEN_PERCENT_HP_BONUS","is_daily":false,"chose_seed":false,"campfire_upgraded":1,"win_rate":0.0,"timestamp":1613952925,"path_taken":["M","M","M","M","?","E","R","?","T","R","E","M","R","E","R","BOSS","M","M","M"],"items_purchased_type":[],"build_version":"2020-12-22","purchased_purges":0,"victory":false,"max_hp_per_floor":[82,82,82,82,82,82,82,82,82,82,82,82,82,82,82,82,82,82,82,82,82],"relic_stats":{"Inserter":[6],"counters":[13,53],"Dead Branch":[9],"Bag of Preparation":[16],"obtain_stats":[{"Inserter":17,"Dead Branch":14,"Bag of Preparation":6,"Bag of Marbles":11,"Cracked Core":0,"StrikeDummy":9},{"Inserter":10,"Dead Branch":9,"Bag of Preparation":5,"Bag of Marbles":7,"Cracked Core":0,"StrikeDummy":6},{"Inserter":41,"Dead Branch":34,"Bag of Preparation":16,"Bag of Marbles":25,"Cracked Core":0,"StrikeDummy":20}]},"card_choices":[{"not_picked":["Compile Driver","Rebound"],"picked":"Doom and Gloom","floor":1},{"not_picked":["Gash","Barrage"],"picked":"Defragment","floor":2},{"not_picked":["Coolheaded","Rebound"],"picked":"Lockon","floor":3},{"not_picked":["Fission","Conserve Battery"],"picked":"Barrage","floor":4},{"not_picked":["FTL","Hologram"],"picked":"Cold Snap","floor":6},{"not_picked":["Conserve Battery","Ball Lightning"],"picked":"Steam","floor":8},{"not_picked":["Conserve Battery","Streamline"],"picked":"Storm","floor":11},{"not_picked":["Barrage","Ball Lightning"],"picked":"Heatsinks","floor":12},{"not_picked":["Thunder Strike","Genetic Algorithm"],"picked":"Seek","floor":14},{"not_picked":["Hyperbeam","Machine Learning"],"picked":"Electrodynamics","floor":16},{"not_picked":["Doom and Gloom","Streamline+1"],"picked":"Loop+1","floor":18},{"not_picked":["Doom and Gloom","Rip and Tear+1"],"picked":"Recycle+1","floor":19}],"player_experience":432971,"relics_obtained":[{"floor":6,"key":"Bag of Preparation"},{"floor":9,"key":"StrikeDummy"},{"floor":11,"key":"Bag of Marbles"},{"floor":14,"key":"Dead Branch"}],"event_choices":[{"damage_healed":0,"gold_gain":0,"cards_transformed":["Strike_B"],"player_choice":"Transformed","damage_taken":0,"max_hp_gain":0,"max_hp_loss":0,"event_name":"Transmorgrifier","floor":5,"gold_loss":0,"cards_obtained":["Defragment"]}],"is_beta":false,"boss_relics":[{"not_picked":["Astrolabe","Fusion Hammer"],"picked":"Inserter"}],"items_purged_floors":[],"is_endless":false,"potions_floor_spawned":[1,2,3,6,19],"killed_by":"Cultist and Chosen","ascension_level":6}}