{"host":"2se5dq1do2gp0x9k","time":1613974590,"event":{"mods":["AchievementEnabler","BaseMod","Block Reminder","Colored Map","Colored Powertips","Minty Spire (QoL Compilation)","Relic Stats","StSLib","SuperFastMode"],"gold_per_floor":[110,110,128,40,40,74,74,74,74,74,107,130,130,145,145,145,145],"floor_reached":16,"language":"ENG","playtime":402,"items_purged":[],"score":253,"play_id":"594ffe4a-ba91-43ee-85ba-e9dbb337d4ad","local_time":"20210221221630","is_ascension_mode":true,"campfire_choices":[{"data":"Adaptation","floor":8,"key":"SMITH"},{"floor":10,"key":"REST"},{"data":"Tantrum","floor":13,"key":"SMITH"},{"data":"ThirdEye","floor":15,"key":"SMITH"}],"circlet_count":0,"master_deck":["AscendersBane","Strike_P+1","Strike_P","Strike_P","Strike_P","Defend_P+1","Defend_P","Defend_P","Defend_P","Eruption","Vigilance","Panache","JustLucky","Adaptation+1","Tantrum","Tantrum+1","Wireheading","InnerPeace","ThirdEye+1","Devotion"],"relics":["PureWater","Dream Catcher","Golden Idol","Question Card","Damaru"],"acts_visited":["Exordium"],"potions_floor_usage":[14],"damage_taken":[{"damage":10,"enemies":"Small Slimes","floor":1,"turns":4},{"damage":0,"enemies":"Jaw Worm","floor":3,"turns":3},{"damage":16,"enemies":"Gremlin Nob","floor":6,"turns":3},{"damage":0,"enemies":"Lagavulin","floor":11,"turns":5},{"damage":0,"enemies":"2 Louse","floor":12,"turns":2},{"damage":15,"enemies":"Gremlin Gang","floor":14,"turns":4},{"damage":28,"enemies":"The Guardian","floor":16,"turns":2}],"seed_played":"-7677012591821464102","potions_obtained":[{"floor":6,"key":"SkillPotion"},{"floor":14,"key":"LiquidBronze"}],"is_trial":false,"path_per_floor":["M","?","M","$","?","E","?","R","T","R","E","M","R","M","R","B"],"character_chosen":"WATCHER","items_purchased":["Tantrum"],"campfire_rested":1,"item_purchase_floors":[4],"current_hp_per_floor":[33,13,13,13,35,19,19,19,19,37,37,37,37,22,22,0,0],"gold":145,"neow_bonus":"RANDOM_COLORLESS_2","is_daily":false,"chose_seed":false,"campfire_upgraded":3,"win_rate":0.0,"timestamp":1613974590,"path_taken":["M","?","M","$","?","E","?","R","T","R","E","M","R","M","R","BOSS"],"items_purchased_type":["Card"],"build_version":"2020-12-22","purchased_purges":0,"victory":false,"max_hp_per_floor":[68,68,68,68,68,68,62,62,62,62,62,62,62,62,62,62,62],"relic_stats":{"Dream Catcher":1,"counters":[7,23],"Golden Idol":15,"Question Card":4,"obtain_stats":[{"Dream Catcher":6,"Golden Idol":7,"Damaru":11,"PureWater":0,"Question Card":9},{"Dream Catcher":3,"Golden Idol":3,"Damaru":4,"PureWater":0,"Question Card":3},{"Dream Catcher":10,"Golden Idol":10,"Damaru":15,"PureWater":0,"Question Card":10}]},"card_choices":[{"not_picked":["Master of Strategy","Mayhem"],"picked":"Panache","floor":0},{"not_picked":["Fasting2","BowlingBash"],"picked":"JustLucky","floor":1},{"not_picked":["CrushJoints","Protect"],"picked":"Adaptation","floor":3},{"not_picked":["PathToVictory","DeceiveReality"],"picked":"Tantrum","floor":6},{"not_picked":["PathToVictory","Sanctity","EmptyBody"],"picked":"Wireheading","floor":10},{"not_picked":["Perseverance","EmptyBody","Protect"],"picked":"InnerPeace","floor":11},{"not_picked":["SashWhip","BattleHymn","WindmillStrike"],"picked":"ThirdEye","floor":12},{"not_picked":["ClearTheMind","Pray","BowlingBash"],"picked":"Devotion","floor":14}],"player_experience":4115622,"relics_obtained":[{"floor":6,"key":"Dream Catcher"},{"floor":9,"key":"Question Card"},{"floor":11,"key":"Damaru"}],"event_choices":[{"damage_healed":0,"gold_gain":0,"player_choice":"Entered Light","damage_taken":20,"max_hp_gain":0,"max_hp_loss":0,"event_name":"Shining Light","floor":2,"gold_loss":0,"cards_upgraded":["Defend_P","Strike_P"]},{"damage_healed":22,"gold_gain":0,"player_choice":"Banana","damage_taken":0,"max_hp_gain":0,"max_hp_loss":0,"event_name":"Big Fish","floor":5,"gold_loss":0},{"damage_healed":0,"gold_gain":0,"player_choice":"Lose Max HP","damage_taken":0,"relics_obtained":["Golden Idol"],"max_hp_gain":0,"max_hp_loss":6,"event_name":"Golden Idol","floor":7,"gold_loss":0}],"is_beta":false,"boss_relics":[],"items_purged_floors":[],"is_endless":false,"potions_floor_spawned":[6,14],"killed_by":"The Guardian","ascension_level":18}}