{"host":"prxrhpgaxnj4om9r","time":1613986781,"event":{"mods":["AchievementEnabler","BaseMod","Colored Map","DeckTracker","Minty Spire (QoL Compilation)"],"gold_per_floor":[116,116,128,303,316,316,316,334,334,7,23,38,63,82,82,186,186,203,223,235,261,7,7,37,49,61,93,105,105],"floor_reached":28,"language":"KOR","playtime":981,"items_purged":["Doubt"],"score":315,"play_id":"dba9d0a1-ac1b-448e-a1a3-cdf817a583a6","local_time":"20210222183941","is_ascension_mode":true,"campfire_choices":[{"data":"Eruption","floor":6,"key":"SMITH"},{"floor":15,"key":"REST"},{"floor":23,"key":"REST"}],"circlet_count":0,"master_deck":["Strike_P","Strike_P","Strike_P","Strike_P","Defend_P","Defend_P","Defend_P","Defend_P","Eruption+1","Vigilance","EmptyFist","Prostrate","ReachHeaven","Sanctity","Evaluate","ForeignInfluence","Alpha","Conclude","MentalFortress","Judgement","ClearTheMind","PathToVictory","ClearTheMind+1","Study+1","Flash of Steel"],"relics":["PureWater","Bag of Marbles","Kunai","Gremlin Horn","Runic Pyramid","Red Mask","PrismaticShard","MawBank","Mercury Hourglass"],"acts_visited":["Exordium","TheCity"],"potions_floor_usage":[13,14,16,16,21,24],"damage_taken":[{"damage":7,"enemies":"Jaw Worm","floor":1,"turns":3},{"damage":0,"enemies":"Cultist","floor":3,"turns":2},{"damage":0,"enemies":"2 Louse","floor":5,"turns":1},{"damage":0,"enemies":"2 Fungi Beasts","floor":8,"turns":3},{"damage":0,"enemies":"Exordium Wildlife","floor":11,"turns":2},{"damage":0,"enemies":"Large Slime","floor":12,"turns":3},{"damage":26,"enemies":"Lagavulin","floor":13,"turns":5},{"damage":29,"enemies":"Blue Slaver","floor":14,"turns":3},{"damage":29,"enemies":"Hexaghost","floor":16,"turns":8},{"damage":7,"enemies":"Spheric Guardian","floor":18,"turns":4},{"damage":36,"enemies":"Shell Parasite","floor":19,"turns":3},{"damage":0,"enemies":"Sentry and Sphere","floor":20,"turns":2},{"damage":2,"enemies":"Masked Bandits","floor":21,"turns":3},{"damage":36,"enemies":"Slavers","floor":24,"turns":3},{"damage":25,"enemies":"Shelled Parasite and Fungi","floor":27,"turns":4},{"damage":31,"enemies":"Snecko","floor":28,"turns":2}],"seed_played":"1092373161437353654","potions_obtained":[{"floor":3,"key":"Regen Potion"},{"floor":11,"key":"Ambrosia"},{"floor":12,"key":"CultistPotion"},{"floor":13,"key":"ColorlessPotion"},{"floor":19,"key":"Strength Potion"},{"floor":21,"key":"AttackPotion"}],"is_trial":false,"path_per_floor":["M","?","M","?","M","R","?","M","T","$","M","M","E","M","R","B",null,"M","M","M","?","$","R","E","$","T","M","M"],"character_chosen":"WATCHER","items_purchased":["Kunai","FairyPotion","PrismaticShard"],"campfire_rested":2,"item_purchase_floors":[10,22,22],"current_hp_per_floor":[58,51,51,51,51,51,56,56,56,56,56,56,42,13,36,7,60,53,17,17,15,15,38,2,2,2,2,0,0],"gold":105,"neow_bonus":"THREE_CARDS","is_daily":false,"chose_seed":false,"campfire_upgraded":1,"win_rate":0.0,"timestamp":1613986781,"path_taken":["M","?","?","?","M","R","?","M","T","$","M","M","E","M","R","BOSS","M","M","M","?","$","R","E","$","T","M","M"],"items_purchased_type":["Relic","Potion","Relic"],"build_version":"2020-12-22","purchased_purges":1,"victory":false,"max_hp_per_floor":[72,72,72,72,72,72,77,77,77,77,77,77,77,77,77,77,77,77,77,77,77,77,77,77,77,77,77,77,77],"card_choices":[{"not_picked":["JustLucky","FollowUp"],"picked":"EmptyFist","floor":0},{"not_picked":["EmptyBody","EmptyFist"],"picked":"Prostrate","floor":1},{"not_picked":["Collect","CrushJoints"],"picked":"ReachHeaven","floor":3},{"not_picked":["ThirdEye","Collect"],"picked":"Sanctity","floor":5},{"not_picked":["WaveOfTheHand","Protect"],"picked":"Evaluate","floor":8},{"not_picked":["ThirdEye","Crescendo"],"picked":"ForeignInfluence","floor":11},{"not_picked":["EmptyFist","Prostrate"],"picked":"Alpha","floor":12},{"not_picked":["EmptyFist","Evaluate"],"picked":"Conclude","floor":13},{"not_picked":["CrushJoints","Evaluate"],"picked":"MentalFortress","floor":14},{"not_picked":["Scrawl","Establishment"],"picked":"Judgement","floor":16},{"not_picked":["Conclude+1","Perseverance"],"picked":"ClearTheMind","floor":18},{"not_picked":["ThirdEye","SashWhip"],"picked":"PathToVictory","floor":19},{"not_picked":["Consecrate+1","EmptyBody+1"],"picked":"ClearTheMind+1","floor":20},{"not_picked":["EmptyFist","Crescendo"],"picked":"Study+1","floor":21},{"not_picked":["Meditate","FlurryOfBlows"],"picked":"Flash of Steel","floor":24},{"not_picked":["EmptyBody","Outmaneuver","FlurryOfBlows"],"picked":"SKIP","floor":27}],"player_experience":589400,"relics_obtained":[{"floor":9,"key":"Bag of Marbles"},{"floor":13,"key":"Gremlin Horn"},{"floor":21,"key":"Red Mask"},{"floor":24,"key":"MawBank"},{"floor":26,"key":"Mercury Hourglass"}],"event_choices":[{"damage_healed":0,"gold_gain":0,"player_choice":"Damaged","damage_taken":7,"max_hp_gain":0,"max_hp_loss":0,"event_name":"Wheel of Change","floor":2,"gold_loss":0},{"damage_healed":0,"gold_gain":175,"player_choice":"AGREE","damage_taken":0,"max_hp_gain":0,"max_hp_loss":0,"event_name":"Liars Game","floor":4,"gold_loss":0,"cards_obtained":["Doubt"]},{"damage_healed":0,"gold_gain":0,"player_choice":"Donut","damage_taken":0,"max_hp_gain":5,"max_hp_loss":0,"event_name":"Big Fish","floor":7,"gold_loss":0},{"damage_healed":0,"gold_gain":0,"player_choice":"Fought Bandits","damage_taken":0,"max_hp_gain":0,"max_hp_loss":0,"event_name":"Masked Bandits","floor":21,"gold_loss":0}],"is_beta":false,"boss_relics":[{"not_picked":["Runic Dome","Coffee Dripper"],"picked":"Runic Pyramid"}],"items_purged_floors":[10],"is_endless":false,"potions_floor_spawned":[3,11,12,13,19,21],"killed_by":"Snecko","ascension_level":6}}