{"host":"kipy315whq7pv20a","time":1613993864,"event":{"mods":["Act Like it!","BaseMod","Minty Spire (QoL Compilation)","Replay The Spire","Ruina","StSLib"],"gold_per_floor":[119,119,119,184,37,37,68,68,68,81,81,106,156,169,169,268,268,288,338,388,402,413,438,438,473,497,557,679,729,729,37,37,137,137,154,204,265,330,342,374,374,399,399,150,200,216,266,334,334,334],"floor_reached":51,"language":"ENG","playtime":3535,"items_purged":["Strike_B","Strike_B"],"score":731,"play_id":"f11f9593-6f1d-47dd-838e-84fb4b7997c3","local_time":"20210222123744","is_ascension_mode":true,"campfire_choices":[{"data":"1","floor":6,"key":"LIFT"},{"data":"2","floor":8,"key":"LIFT"},{"data":"3","floor":11,"key":"LIFT"},{"floor":15,"key":"REST"},{"data":"Reprogram","floor":24,"key":"SMITH"},{"floor":30,"key":"REST"},{"floor":32,"key":"DIG"}],"circlet_count":0,"master_deck":["Strike_B+1","Defend_B","Defend_B","Defend_B+1","Defend_B","Zap","Gash","All For One+1","BootSequence","Beam Cell","Rip and Tear","Rip and Tear","Rebound","Gash+1","Pot Of Greed","Pot Of Greed","Reprogram+1","Go for the Eyes+1","ruina:FadedMemories+1","All For One","Gash+1","Panic Button+1","Pot Of Greed","Doom and Gloom","Streamline","Madness","Madness","Seek+1","Storm"],"relics":["FrozenCore","Girya","SsserpentHead","Pondfish Scales","Replay:Bottled Flurry","Divine Protection","Vajra","Grinning Jar","Bag of Preparation","Oddly Smooth Stone","Singing Bowl","Lee\u0027s Waffle","Replay:Multitool","Replay:Wax Seal","Black Star","Bronze Scales","Replay:Antivirus Software","Smiling Mask","Regal Pillow","Replay:Mystery Machine","Iron Hammer","Guide Book"],"acts_visited":["Exordium","ruina:Briah","TheBeyond"],"potions_floor_usage":[12,16,16,16,23,23,27,33,42,50,50],"damage_taken":[{"damage":0,"enemies":"2 Louse","floor":1,"turns":2},{"damage":0,"enemies":"Small Slimes","floor":4,"turns":3},{"damage":22,"enemies":"3 Sentries","floor":7,"turns":7},{"damage":0,"enemies":"Cultist","floor":10,"turns":2},{"damage":3,"enemies":"Gremlin Nob","floor":12,"turns":3},{"damage":0,"enemies":"Large Slime","floor":14,"turns":2},{"damage":12,"enemies":"The Guardian","floor":16,"turns":10},{"damage":0,"enemies":"ruina:BadWolf","floor":18,"turns":3},{"damage":0,"enemies":"ruina:3_Bats","floor":21,"turns":2},{"damage":11,"enemies":"ruina:KingOfGreed","floor":22,"turns":4},{"damage":8,"enemies":"ruina:Mountain","floor":23,"turns":7},{"damage":51,"enemies":"ruina:RoadHome","floor":25,"turns":8},{"damage":0,"enemies":"ruina:Nos_and_Bat","floor":27,"turns":2},{"damage":32,"enemies":"ruina:Red_and_Wolf","floor":33,"turns":7},{"damage":0,"enemies":"3 Shapes","floor":35,"turns":1},{"damage":0,"enemies":"3 Darklings","floor":37,"turns":3},{"damage":19,"enemies":"Maw","floor":38,"turns":5},{"damage":0,"enemies":"Spire Growth","floor":39,"turns":3},{"damage":0,"enemies":"Giant Head","floor":40,"turns":5},{"damage":7,"enemies":"Reptomancer","floor":42,"turns":3},{"damage":0,"enemies":"Transient","floor":46,"turns":5},{"damage":0,"enemies":"3 Darklings","floor":48,"turns":1},{"damage":0,"enemies":"Replay:Hell Engine","floor":50,"turns":4}],"seed_played":"-4253180291286002982","potions_obtained":[{"floor":7,"key":"LiquidMemories"},{"floor":12,"key":"Regen Potion"},{"floor":14,"key":"Milkshake"},{"floor":16,"key":"Fruit Juice"},{"floor":21,"key":"LiquidBronze"},{"floor":22,"key":"ColorlessPotion"},{"floor":25,"key":"FearPotion"},{"floor":27,"key":"ColorlessPotion"},{"floor":38,"key":"Dexterity Potion"},{"floor":40,"key":"GamblersBrew"},{"floor":46,"key":"Elixir"},{"floor":48,"key":"SteroidPotion"}],"is_trial":false,"path_per_floor":["M","?","?","M","$","R","E","R","T","M","R","E","?","M","R","B",null,"M","?","?","M","M","E","R","E","T","M","T","?","R","$","R","B",null,"M","?","M","M","M","E","R","E","T","$","?","M","?","M","R","B",null],"character_chosen":"DEFECT","items_purchased":["All For One","BootSequence","ruina:FadedMemories","Lee\u0027s Waffle","Replay:Multitool","Streamline","Guide Book"],"campfire_rested":2,"item_purchase_floors":[5,5,31,31,31,44,44],"current_hp_per_floor":[68,54,54,54,54,54,32,32,32,32,32,29,11,11,31,39,73,73,73,73,73,62,54,54,3,3,3,3,24,45,80,80,48,80,82,82,84,67,67,67,67,62,62,62,51,51,51,53,53,53],"gold":334,"neow_bonus":"ONE_RARE_RELIC","is_daily":false,"chose_seed":false,"campfire_upgraded":1,"win_rate":0.0,"timestamp":1613993864,"path_taken":["M","?","?","?","$","R","E","R","T","M","R","E","?","M","R","BOSS","M","?","?","M","M","E","R","E","T","?","?","?","R","$","R","BOSS","M","?","?","?","M","E","R","E","T","$","?","M","?","?","R","BOSS"],"items_purchased_type":["Card","Card","Card","Relic","Relic","Card","Relic"],"build_version":"2020-12-22","purchased_purges":2,"victory":true,"max_hp_per_floor":[68,68,68,68,68,68,68,68,68,68,68,68,68,68,68,73,73,73,73,73,73,73,73,73,73,73,73,73,73,73,80,80,80,80,82,82,84,86,86,86,86,88,88,88,88,88,88,90,90,90],"card_choices":[{"not_picked":["Aggregate","Ball Lightning"],"picked":"Gash","floor":1},{"not_picked":["ReplayTheSpireMod:Repulse","Barrage","Reinforced Body"],"picked":"SKIP","floor":4},{"not_picked":["Undo","Double Energy"],"picked":"Beam Cell","floor":7},{"not_picked":["Machine Learning","Glacier","Loop"],"picked":"SKIP","floor":10},{"not_picked":["Coolheaded","Auto Shields","Cold Snap"],"picked":"SKIP","floor":12},{"not_picked":["Ball Lightning","BasicCrystalCard"],"picked":"Rip and Tear","floor":14},{"not_picked":["Echo Form","Meteor Strike"],"picked":"Hyperbeam","floor":16},{"not_picked":["Aggregate","Steam"],"picked":"Rip and Tear","floor":18},{"not_picked":["Lockon","Compile Driver"],"picked":"Rebound","floor":21},{"not_picked":["Compile Driver+1","Aggregate+1"],"picked":"Gash+1","floor":22},{"not_picked":["Time Bomb","Conserve Battery+1"],"picked":"Reprogram","floor":23},{"not_picked":["Time Bomb+1","Conserve Battery","Steam"],"picked":"SKIP","floor":25},{"not_picked":["Ball Lightning","Time Bomb+1"],"picked":"Go for the Eyes+1","floor":27},{"not_picked":["Multi-Cast","Buffer"],"picked":"All For One","floor":33},{"not_picked":["Double Energy","Cold Snap+1","ReplayTheSpireMod:GoodbyeWorld+1"],"picked":"Singing Bowl","floor":35},{"not_picked":["Compile Driver+1","Conserve Battery+1","Leap"],"picked":"Singing Bowl","floor":37},{"not_picked":["Sweeping Beam+1","Machine Learning","Tempest"],"picked":"Singing Bowl","floor":38},{"not_picked":["Beam Cell","Steam"],"picked":"Gash+1","floor":39},{"not_picked":["BasicCrystalCard","Doom and Gloom"],"picked":"Panic Button+1","floor":40},{"not_picked":["Rip and Tear","Coolheaded","Hologram"],"picked":"Singing Bowl","floor":42},{"not_picked":["BasicCrystalCard","Conserve Battery"],"picked":"Seek","floor":46},{"not_picked":["Leap","Glacier","Static Discharge"],"picked":"Singing Bowl","floor":48}],"player_experience":155260,"relics_obtained":[{"floor":7,"key":"Pondfish Scales"},{"floor":9,"key":"Replay:Bottled Flurry"},{"floor":12,"key":"Divine Protection"},{"floor":23,"key":"Grinning Jar"},{"floor":25,"key":"Bag of Preparation"},{"floor":26,"key":"Oddly Smooth Stone"},{"floor":28,"key":"Singing Bowl"},{"floor":32,"key":"Replay:Wax Seal"},{"floor":36,"key":"Bronze Scales"},{"floor":40,"key":"Replay:Antivirus Software"},{"floor":40,"key":"Smiling Mask"},{"floor":42,"key":"Regal Pillow"},{"floor":42,"key":"Replay:Mystery Machine"},{"floor":43,"key":"Iron Hammer"}],"event_choices":[{"damage_healed":0,"gold_gain":0,"player_choice":"Entered Light","damage_taken":14,"max_hp_gain":0,"max_hp_loss":0,"event_name":"Shining Light","floor":2,"gold_loss":0,"cards_upgraded":["Defend_B","Strike_B"]},{"damage_healed":0,"gold_gain":0,"player_choice":"Trade","damage_taken":0,"relics_obtained":["SsserpentHead"],"max_hp_gain":0,"max_hp_loss":0,"event_name":"FaceTrader","floor":3,"gold_loss":0},{"damage_healed":0,"gold_gain":0,"player_choice":"Success","damage_taken":18,"relics_obtained":["Vajra"],"max_hp_gain":0,"max_hp_loss":0,"event_name":"Scrap Ooze","floor":13,"gold_loss":0},{"damage_healed":0,"gold_gain":0,"player_choice":"Relic","damage_taken":0,"max_hp_gain":0,"max_hp_loss":0,"event_name":"Wheel of Change","floor":36,"gold_loss":0},{"damage_healed":0,"gold_gain":0,"player_choice":"Embrace Madness","damage_taken":11,"max_hp_gain":0,"max_hp_loss":0,"event_name":"Winding Halls","floor":45,"gold_loss":0,"cards_obtained":["Madness","Madness"]},{"damage_healed":0,"gold_gain":0,"player_choice":"Upgraded","damage_taken":0,"max_hp_gain":0,"max_hp_loss":0,"event_name":"Upgrade Shrine","floor":47,"gold_loss":0,"cards_upgraded":["Seek"]}],"is_beta":false,"boss_relics":[{"not_picked":["Busted Crown","Fusion Hammer"],"picked":"FrozenCore"},{"not_picked":["Sozu","SlaversCollar"],"picked":"Black Star"}],"items_purged_floors":[31,44],"is_endless":false,"potions_floor_spawned":[7,12,14,16,21,22,25,27,38,40,46,48],"ascension_level":1}}