{"host":"yp2ga117svxnbcen","time":1613967954,"event":{"mods":["Act Like it!","Aspiration","BaseMod","BetterRewards","ChefMod","Colored Map","Conspire","Custom Start","Downfall","Elementarium","Gensokyo","GifTheSpireLib","Gold Saver","GungeonMod","Halation","Hallownest","Hermit","HornydragonMod","Hubris","Menagerie","Minty Spire (QoL Compilation)","Quick Restart","Remove Card Discount Mod","Replay The Spire","Shop Mod","Spicy Shops","StSLib","Stuff the Spire","The Blue Laboratory","The IronCluck","egg","slay the spire mod where everything is the same but ironclad has a cowboy hat","??????REMEMod"],"gold_per_floor":[249,261,277,277,277,307,307,333,333,348,348,381,399,426,426,426,426],"floor_reached":16,"language":"ENG","playtime":603,"items_purged":["Strike_B","Strike_B"],"score":163,"play_id":"4eb6397d-7cc6-470e-8a61-f9ff5029ff74","local_time":"20210221202554","is_ascension_mode":true,"campfire_choices":[{"data":"Reaper","floor":7,"key":"SMITH"},{"data":"Fission","floor":15,"key":"SMITH"}],"circlet_count":0,"master_deck":["Strike_B","Strike_B","Defend_B","Defend_B","Defend_B","Defend_B","Dualcast","Cold Snap","Cold Snap","Sweeping Beam+1","Reaper+1","StuffTheSpire:Innocence","Creative AI+1","Amplify","Ball Lightning","Fission+1"],"relics":["Cracked Core","REME_ComplimentaryCards","ReplayTheSpireMod:Shallot","halation:KoshaPiece","hubris:SoftwareUpdate","Nunchaku","aspiration:FetidBarrel"],"acts_visited":["Exordium"],"potions_floor_usage":[8,14,14,14,16],"damage_taken":[{"damage":0,"enemies":"2 Louse","floor":1,"turns":2},{"damage":1,"enemies":"Small Slimes","floor":2,"turns":3},{"damage":2,"enemies":"Cultist","floor":3,"turns":3},{"damage":8,"enemies":"3 Sentries","floor":6,"turns":5},{"damage":19,"enemies":"Gremlin Nob","floor":8,"turns":5},{"damage":22,"enemies":"Blue Slaver","floor":10,"turns":7},{"damage":8,"enemies":"3 Sentries","floor":12,"turns":5},{"damage":3,"enemies":"3 Louse","floor":13,"turns":3},{"damage":9,"enemies":"Lagavulin","floor":14,"turns":5},{"damage":56,"enemies":"Fading Forest","floor":16,"turns":7}],"seed_played":"2345309925364887249","potions_obtained":[{"floor":3,"key":"FearPotion"},{"floor":6,"key":"ColorlessPotion"},{"floor":13,"key":"Strength Potion"},{"floor":14,"key":"blueLaboratory:RelayPotion"}],"is_trial":false,"path_per_floor":["M","M","M","?","?","E","R","E","T","M","?","E","M","E","R","B"],"character_chosen":"DEFECT","items_purchased":["Weak Potion","Cold Snap"],"campfire_rested":0,"item_purchase_floors":[0,0],"current_hp_per_floor":[75,74,74,67,67,59,59,45,45,28,28,35,32,30,30,0,0],"gold":426,"neow_bonus":"","is_daily":false,"chose_seed":false,"campfire_upgraded":2,"win_rate":0.0,"timestamp":1613967954,"path_taken":["M","M","M","?","?","E","R","E","T","M","?","E","M","E","R","BOSS"],"items_purchased_type":["Potion","Card"],"build_version":"2020-12-22","purchased_purges":2,"victory":false,"max_hp_per_floor":[75,75,75,75,75,75,75,75,75,75,75,75,75,75,75,75,75],"card_choices":[{"not_picked":["Leap","Conserve Battery"],"picked":"Sweeping Beam","floor":1},{"not_picked":["Turbo","Streamline","Panic Button"],"picked":"SKIP","floor":2},{"not_picked":["Steam","StuffTheSpire:Plugnplay","Beam Cell"],"picked":"SKIP","floor":3},{"not_picked":["Streamline","Steam","aspiration:Polymerization"],"picked":"SKIP","floor":6},{"not_picked":["Scrape","Tempest"],"picked":"Amplify","floor":8},{"not_picked":["BasicCrystalCard","Steam","Turbo"],"picked":"SKIP","floor":10},{"not_picked":["Sweeping Beam","Streamline"],"picked":"Ball Lightning","floor":12},{"not_picked":["Barrage","Sweeping Beam","Gash"],"picked":"SKIP","floor":13},{"not_picked":["Melter","BasicCrystalCard"],"picked":"Fission","floor":14}],"player_experience":1189093,"relics_obtained":[{"floor":6,"key":"ReplayTheSpireMod:Shallot"},{"floor":8,"key":"halation:KoshaPiece"},{"floor":9,"key":"hubris:SoftwareUpdate"},{"floor":12,"key":"Nunchaku"},{"floor":14,"key":"aspiration:FetidBarrel"}],"event_choices":[{"damage_healed":0,"gold_gain":0,"player_choice":"Grow","damage_taken":0,"max_hp_gain":0,"max_hp_loss":0,"event_name":"Living Wall","floor":11,"gold_loss":0,"cards_upgraded":["Sweeping Beam"]}],"is_beta":false,"boss_relics":[],"items_purged_floors":[0,0],"is_endless":false,"potions_floor_spawned":[3,6,13,14],"killed_by":"Fading Forest","ascension_level":5}}