{"host":"f5n4tidiz2n5sooh","time":1613984025,"event":{"mods":["BaseMod","Colored Map","Minty Spire (QoL Compilation)","Relic Stats","StSLib"],"gold_per_floor":[118,133,153,165,165,165,191,191,191,222,232,245,256,256,256],"floor_reached":14,"language":"ENG","playtime":680,"items_purged":[],"score":208,"play_id":"026f5573-9084-44d3-9ad2-7453349fb7ec","local_time":"20210222025345","is_ascension_mode":true,"campfire_choices":[{"data":"Darkness","floor":6,"key":"SMITH"},{"floor":8,"key":"DIG"}],"circlet_count":0,"master_deck":["AscendersBane","Strike_B","Strike_B","Strike_B","Strike_B","Defend_B","Defend_B","Defend_B","Defend_B","Zap+1","Dualcast","Darkness+1","Rebound","Chill","Compile Driver","Sweeping Beam","Leap+1","Skim+1","Cold Snap","Reboot+1"],"relics":["Cracked Core","Shovel","Sundial","Bottled Lightning","Toxic Egg 2"],"acts_visited":["Exordium"],"potions_floor_usage":[7,14],"damage_taken":[{"damage":7,"enemies":"Jaw Worm","floor":1,"turns":3},{"damage":0,"enemies":"Cultist","floor":2,"turns":4},{"damage":7,"enemies":"2 Louse","floor":3,"turns":2},{"damage":12,"enemies":"Looter","floor":4,"turns":3},{"damage":9,"enemies":"Gremlin Nob","floor":7,"turns":3},{"damage":13,"enemies":"Lagavulin","floor":10,"turns":5},{"damage":5,"enemies":"Exordium Thugs","floor":11,"turns":3},{"damage":0,"enemies":"Blue Slaver","floor":12,"turns":4},{"damage":1,"enemies":"3 Louse","floor":13,"turns":3},{"damage":32,"enemies":"Gremlin Nob","floor":14,"turns":3}],"seed_played":"5460552338372347869","potions_obtained":[{"floor":1,"key":"BlessingOfTheForge"},{"floor":5,"key":"DistilledChaos"},{"floor":5,"key":"PotionOfCapacity"},{"floor":7,"key":"Dexterity Potion"}],"is_trial":false,"path_per_floor":["M","M","M","M","?","R","E","R","T","E","M","M","M","E"],"character_chosen":"DEFECT","items_purchased":[],"campfire_rested":0,"item_purchase_floors":[],"current_hp_per_floor":[57,57,50,38,38,38,29,29,29,16,11,11,10,0,0],"gold":256,"neow_bonus":"UPGRADE_CARD","is_daily":false,"chose_seed":false,"campfire_upgraded":1,"win_rate":0.0,"timestamp":1613984025,"path_taken":["M","M","M","M","?","R","E","R","T","E","M","?","M","E"],"items_purchased_type":[],"build_version":"2020-12-22","purchased_purges":0,"victory":false,"max_hp_per_floor":[71,71,71,71,71,71,71,71,71,71,71,71,71,71,71],"relic_stats":{"Shovel":1,"counters":[10,33],"Sundial":[2],"obtain_stats":[{"Shovel":7,"Sundial":8,"Bottled Lightning":9,"Toxic Egg 2":10,"Cracked Core":0},{"Shovel":5,"Sundial":5,"Bottled Lightning":5,"Toxic Egg 2":6,"Cracked Core":0},{"Shovel":15,"Sundial":15,"Bottled Lightning":15,"Toxic Egg 2":20,"Cracked Core":0}]},"card_choices":[{"not_picked":["FTL","Redo"],"picked":"Darkness","floor":1},{"not_picked":["Turbo","Rip and Tear"],"picked":"Rebound","floor":2},{"not_picked":["Lockon","Turbo"],"picked":"Chill","floor":3},{"not_picked":["Leap","Melter"],"picked":"Compile Driver","floor":4},{"not_picked":["Recycle","Chaos"],"picked":"Sweeping Beam","floor":7},{"not_picked":["Beam Cell","Undo+1"],"picked":"Leap+1","floor":10},{"not_picked":["Cold Snap","Redo+1"],"picked":"Skim+1","floor":11},{"not_picked":["Redo+1","Scrape"],"picked":"Cold Snap","floor":12},{"not_picked":["Cold Snap","Skim+1"],"picked":"Reboot+1","floor":13}],"player_experience":2070978,"relics_obtained":[{"floor":7,"key":"Shovel"},{"floor":8,"key":"Sundial"},{"floor":9,"key":"Bottled Lightning"},{"floor":10,"key":"Toxic Egg 2"}],"event_choices":[{"damage_healed":0,"gold_gain":0,"player_choice":"Got Potions","damage_taken":0,"max_hp_gain":0,"max_hp_loss":0,"event_name":"Lab","floor":5,"gold_loss":0}],"is_beta":false,"boss_relics":[],"items_purged_floors":[],"is_endless":false,"potions_floor_spawned":[1,7,10,12],"killed_by":"Gremlin Nob","ascension_level":20}}