{"host":"61ejhfsushs0xmcl","time":1613992508,"event":{"mods":["ATMod(°¢èªMod)","Act Like it!","BaseMod","Colored Map","Gold Saver","Minty Spire (QoL Compilation)","MostiFishMod","Remilia£¨ÀÙÃ×ÀòÑÇ£©","Spicy Shops","StSLib","TestMod","The Marked","[IsaacMod]ÒÔÈö¼âËþ","¡¾ÒÅÎï¿¨ÅÆ¡¿REMEMod","óô»ðÖ¸ÄÏ"],"gold_per_floor":[2480,2530,2549,2147,2166,2191,2211,2244,2544,2619,2212,2212,2212,2224,1768,1890,1890,2197,1904,1952,2020,1659,1720,1446,1534,1534,1617,1691,1906,2224,2381,592,813,813,894,1059,1059,1481,1665,1796,1845,1933,2003,2003,2164,2254,2464,3003,3003,3329,3456,3456,3456,3456,3738,3883],"floor_reached":57,"language":"ZHS","playtime":1636,"items_purged":["Defend_P","Defend_P","Strike_P","Defend_P","Strike_P","Strike_P","Defend_P","Vigilance","Eruption+1","Wrath_TH","MostiFishMod:Neptune+1","MostiFishMod:TheEndOfMoonlight+1","Clumsy","MostiFishMod:NightSea+1"],"score":3281,"play_id":"7c8111f7-cc79-4356-9e3d-fe7a367cbab8","local_time":"20210222191508","is_ascension_mode":true,"campfire_choices":[{"floor":13.0,"key":"RECALL"},{"data":"1","floor":49.0,"key":"LIFT"},{"data":"2","floor":53.0,"key":"LIFT"}],"circlet_count":76,"master_deck":["AscendersBane","AT_DarkMatter+1","Entrench+1","WheelKick+1","Omniscience+1","MostiFishMod:KamiSmash+1","InnerPeace+1","Wish+1","MostiFishMod:Disappear+1","MostiFishMod:Adaptation+1","testmod-Reflect+1","MostiFishMod:Adaptation+1","Rage+1","Indignation+1","MentalFortress+1","AT_DarkMatter+1","MostiFishMod:SparklingWater+1","MostiFishMod:FantasySummer+1","MentalFortress+1","Tantrum+1"],"relics":["HolyWater","AT_ATBox","REME_ComplimentaryCards","DaveBox","testmod-TestBox","HushsDoor","BelialBook","testmod-AscensionHeart","JellyFishMachine","SynthV:TestCard","Membership Card","Gremlin Horn","Peace Pipe","Leech","AT_BellDemon","Old Coin","Omamori","testmod-Charity","Turnip","AT_BladeRuinedKing","Technique","The Courier","BrkXgEgg","Akabeko","Toy Ornithopter","AT_RedNoBalance","testmod-IndustrialRevolution","TheBible","GuppysTail","PunchingBag","GoldenEye","PreservedInsect","Toxic Egg 2","AT_RedTearstoneRing","Shuriken","Damaru","DianPoetry","AT_ArchangelStaff","PrismaticShard","Singing Bowl","testmod-FatalChain","Happy Flower","MoneyPower","Orrery","AnarchistCookbook","Lantern","Bag of Marbles","HowToJump","SentryEyes","REME_ArchaeologicalTools","Frozen Egg 2","SteamSale","testmod-LifeArmor","Tiny Chest","Regal Pillow","MealTicket","Vajra","StrikeDummy","Blood Vial","SatanicBible","testmod-ArcanaOfDestiny","AT_SpeedBoots","BookofShadows","testmod-RainbowHikingShoes","InkBottle","testmod-RealStoneCalender","GnawedLeaf","AT_DeathDance","SalivaCoin","AT_ForceNature","Oddly Smooth Stone","testmod-BlackFramedGlasses","Habit","Matryoshka","AT_MibuBalloonWealth","AT_LudenTempest","TheBean","Letter Opener","DeathBook","Art of War","ScarletDevilRocket","Juzu Bracelet","Bag of Preparation","Molten Egg 2","Damocles","Whetstone","CeramicFish","BookOfRevelations","Darkstone Periapt","testmod-TurbochargingSystem","Mango","testmod-Antiphasic","testmod-Muramasa","War Paint","AT_ImmortalShieldbow","Potion Belt","UnicornStump","Ancient Tea Set","Frozen Eye","Pen Nib","AT_ChloranthyRing","Mercury Hourglass","Mummified Hand","ImprovedEquipment","testmod-BouquetWithThorns","testmod-AssaultLearning","Pantograph","testmod-Justice","AT_BellowingDragoncrestRing","TeardropLocket","Nunchaku","testmod-Hope","AT_Kusabimaru","Du-Vu Doll","Bird Faced Urn","testmod-Acrobat","Orichalcum","TuHaoJin","Yang","PokeGo","RhineCircuit","GuppysHead","GuppysHairball","testmod-Maize","Eternal Feather","Pear","AT_GoldPhoenixTree","CloakClasp","Bottled Flame","ClockworkSouvenir","Meat on the Bone","FossilizedHelix","Sundial","Question Card","Ornamental Fan","Kunai","AT_TheCollector","AT_SilvercatRing","testmod-Brilliant","DoctorsRemote","testmod-IntensifyImprint","DaCapo","BionicSphere","testmod-Laevatain","testmod-EqualTreatment","CombinedTypeHook","Bottled Lightning","Ginger","HornCleat","YumHeart","BlankCard","testmod-Alchemist","Void","Prayer Wheel","OriginationStaff","testmod-ObsoleteBoomerang","GuppysPaw","Lizard Tail","Girya","EdensBlessing","Incense Burner","testmod-Fortitude","D4","Ice Cream","testmod-CasingShield","testmod-HeartOfStrike","ThornShield","D6","testmod-InjuryResistance","DianDianMeat","ArrowTower","CaptainsWheel","Thread and Needle","Chaos","DollysMirror","MoonlightInvasionPlan","HereWithMe","Fusion Hammer","Philosopher\u0027s Stone","Sling","TimeFreeze","Tiny House","VioletLotus","TakeMeEscape","Coffee Dripper","testmod-EnergyCheck","Runic Pyramid","testmod-Recursion","Circlet"],"acts_visited":["Exordium","TheCity","TheBeyond","TheEnding"],"potions_floor_usage":[56],"damage_taken":[{"damage":3.0,"enemies":"Small Slimes","floor":1.0,"turns":3.0},{"damage":0.0,"enemies":"Cultist","floor":3.0,"turns":3.0},{"damage":22.0,"enemies":"Jaw Worm","floor":5.0,"turns":2.0},{"damage":0.0,"enemies":"3 Sentries","floor":6.0,"turns":1.0},{"damage":0.0,"enemies":"3 Louse","floor":7.0,"turns":2.0},{"damage":0.0,"enemies":"Gremlin Nob","floor":8.0,"turns":2.0},{"damage":0.0,"enemies":"Blue Slaver","floor":14.0,"turns":1.0},{"damage":0.0,"enemies":"The Guardian","floor":16.0,"turns":3.0},{"damage":9.9999999E7,"enemies":"3 Byrds","floor":18.0,"turns":2.0},{"damage":0.0,"enemies":"Spheric Guardian","floor":20.0,"turns":1.0},{"damage":0.0,"enemies":"Cultist and Chosen","floor":21.0,"turns":2.0},{"damage":0.0,"enemies":"Slavers","floor":23.0,"turns":1.0},{"damage":0.0,"enemies":"Gremlin Leader","floor":25.0,"turns":1.0},{"damage":0.0,"enemies":"Book of Stabbing","floor":27.0,"turns":1.0},{"damage":0.0,"enemies":"Centurion and Healer","floor":28.0,"turns":1.0},{"damage":0.0,"enemies":"Colosseum Slavers","floor":29.0,"turns":1.0},{"damage":0.0,"enemies":"Colosseum Nobs","floor":29.0,"turns":1.0},{"damage":0.0,"enemies":"Shelled Parasite and Fungi","floor":31.0,"turns":1.0},{"damage":0.0,"enemies":"Collector","floor":33.0,"turns":1.0},{"damage":0.0,"enemies":"Orb Walker","floor":35.0,"turns":1.0},{"damage":0.0,"enemies":"Hiden Room Battle","floor":36.0,"turns":1.0},{"damage":0.0,"enemies":"3 Darklings","floor":39.0,"turns":1.0},{"damage":0.0,"enemies":"4 Shapes","floor":40.0,"turns":1.0},{"damage":0.0,"enemies":"Nemesis","floor":45.0,"turns":1.0},{"damage":0.0,"enemies":"Jaw Worm Horde","floor":46.0,"turns":1.0},{"damage":0.0,"enemies":"Reptomancer","floor":47.0,"turns":1.0},{"damage":0.0,"enemies":"Awakened One","floor":50.0,"turns":2.0},{"damage":0.0,"enemies":"Time Eater","floor":51.0,"turns":1.0},{"damage":0.0,"enemies":"Shield and Spear","floor":55.0,"turns":1.0},{"damage":0,"enemies":"Delirium","floor":56,"turns":1}],"seed_played":"-816934350720214683","potions_obtained":[{"floor":3.0,"key":"DuplicationPotion"},{"floor":7.0,"key":"Explosive Potion"},{"floor":18.0,"key":"Explosive Potion"},{"floor":41.0,"key":"Ancient Potion"},{"floor":45.0,"key":"testmod-SpacePotion"},{"floor":46.0,"key":"Weak Potion"}],"is_trial":false,"path_per_floor":["M","?","M","$","M","E","M","E","T","?","$","?","R","M","R","B",null,"M","$","M","M","$","E","R","E","T","E","M","?","$","M","R","B",null,"M","?","?","$","M","M","R","$","T","R","E","M","E","$","R","B","B",null,"R","$","E","B",null],"character_chosen":"WATCHER","items_purchased":["Membership Card","Gremlin Horn","Peace Pipe","Omamori","testmod-Charity","Turnip","AT_BladeRuinedKing","Technique","BrkXgEgg","Akabeko","Toy Ornithopter","AT_SilverBalance","testmod-IndustrialRevolution","InnerPeace","Wish","MostiFishMod:Disappear","FairyPotion","Toxic Egg 2","AT_RedTearstoneRing","DianPoetry","AT_ArchangelStaff","PrismaticShard","Singing Bowl","MoneyPower","Orrery","SteamSale","testmod-LifeArmor","Tiny Chest","Regal Pillow","MealTicket","Vajra","StrikeDummy","Blood Vial","SatanicBible","testmod-ArcanaOfDestiny","AT_SpeedBoots","BookofShadows","testmod-RainbowHikingShoes","InkBottle","testmod-RealStoneCalender","GnawedLeaf","AT_DeathDance","SalivaCoin","AT_ForceNature","Oddly Smooth Stone","testmod-BlackFramedGlasses","Habit","Matryoshka","AT_MibuBalloonWealth","AT_LudenTempest","TheBean","Letter Opener","Indignation+1","DeathBook","Art of War","ScarletDevilRocket","Juzu Bracelet","Bag of Preparation","Molten Egg 2","Damocles","Whetstone","CeramicFish","BookOfRevelations","Darkstone Periapt","testmod-TurbochargingSystem","Mango","testmod-Antiphasic","AT_ImmortalShieldbow","testmod-SpacePotion","FairyPotion","Potion Belt","UnicornStump","Ancient Tea Set","Frozen Eye","Pen Nib","AT_ChloranthyRing","Mercury Hourglass","Mummified Hand","ImprovedEquipment","testmod-BouquetWithThorns","testmod-AssaultLearning","Pantograph","testmod-Justice","AT_BellowingDragoncrestRing","TeardropLocket","Nunchaku","testmod-Hope","AT_Kusabimaru","Du-Vu Doll","Bird Faced Urn","testmod-Acrobat","Orichalcum","TuHaoJin","Yang","testmod-SpacePotion","GuppysHead","GuppysHairball","FairyPotion","Ambrosia","ClockworkSouvenir","Meat on the Bone","FossilizedHelix","Sundial","Question Card","Ornamental Fan","Kunai","AT_TheCollector","AT_SilvercatRing","testmod-Brilliant","DoctorsRemote","testmod-IntensifyImprint","DaCapo","BionicSphere","testmod-Laevatain","testmod-EqualTreatment","CombinedTypeHook","Bottled Lightning","Ginger","HornCleat","YumHeart","BlankCard","testmod-Alchemist","Void","Prayer Wheel","OriginationStaff","testmod-ObsoleteBoomerang","GuppysPaw","Lizard Tail","Girya","EdensBlessing","Incense Burner","testmod-Fortitude","D4","Ice Cream","testmod-CasingShield","testmod-HeartOfStrike","ThornShield","D6","testmod-InjuryResistance","DianDianMeat","ArrowTower","CaptainsWheel","Thread and Needle","Chaos","Philosopher\u0027s Stone","Sling","TimeFreeze","Tiny House","VioletLotus","TakeMeEscape","Coffee Dripper","testmod-EnergyCheck","Runic Pyramid","testmod-Recursion","Tantrum+1","Circlet","Circlet","Circlet","Circlet","Circlet","Circlet","Circlet","Circlet","Circlet","Circlet","Circlet","Circlet","Circlet","Circlet","Circlet","Circlet","Circlet","Circlet","Circlet","Circlet","Circlet","Circlet","Circlet","Circlet","Circlet","Circlet","Circlet","Circlet","Circlet","Circlet","Circlet","Circlet","Circlet","Circlet","Circlet","Circlet","Circlet","Circlet","Circlet","Circlet","Circlet","Circlet","Circlet","Circlet","Circlet","Circlet","Circlet","Circlet","Circlet","Circlet","Circlet","Circlet","Circlet","Circlet","Circlet","Circlet","Circlet","Circlet","SuicideKing","Circlet","Circlet","Circlet","Circlet","Circlet"],"campfire_rested":0,"item_purchase_floors":[4,4,4,11,11,11,11,11,15,15,15,15,15,15,17,17,17,19,19,22,22,22,22,24,24,30,30,30,30,30,30,30,30,30,30,30,30,30,30,30,30,30,30,30,30,30,30,30,30,30,30,30,30,30,30,30,30,30,30,30,30,30,30,30,30,30,30,32,32,32,32,32,32,32,32,32,32,32,32,32,32,32,32,32,32,32,32,32,32,32,32,32,32,32,34,34,34,34,34,38,38,38,38,38,38,38,38,38,38,38,38,38,38,38,38,38,38,38,38,38,38,38,38,38,38,38,38,38,38,38,38,38,38,38,38,38,38,38,38,38,38,38,38,38,41,41,41,41,42,42,42,42,42,42,42,44,44,44,44,44,44,48,48,48,48,48,48,48,48,48,48,48,48,48,48,48,48,48,48,48,48,48,48,48,48,48,48,48,48,48,48,48,48,48,48,48,48,48,48,48,48,48,48,48,48,48,48,48,48,48,48,48,48,48,48,48,48,48,48],"current_hp_per_floor":[59,52,53,53,32,34,36,39,39,34,38,35,35,37,37,45,59,24,28,39,42,47,45,53,51,51,55,55,65,122,148,156,206,184,198,223,223,276,316,335,341,374,385,385,409,430,456,526,526,542,551,551,551,551,561,595],"gold":3883,"neow_bonus":"UPGRADE_CARD","is_daily":false,"chose_seed":false,"campfire_upgraded":0,"win_rate":0.0,"timestamp":1613992508,"path_taken":["M","?","M","$","?","E","?","E","T","?","$","?","R","M","R","BOSS","M","$","M","M","$","E","R","E","T","E","M","?","$","M","R","BOSS","M","?","?","$","M","M","R","$","T","R","E","M","E","$","R","BOSS","BOSS","R","$","E","BOSS"],"items_purchased_type":["Relic","Relic","Relic","Relic","Relic","Relic","Relic","Relic","Relic","Relic","Relic","Relic","Relic","Card","Card","Card","Potion","Relic","Relic","Relic","Relic","Relic","Relic","Relic","Relic","Relic","Relic","Relic","Relic","Relic","Relic","Relic","Relic","Relic","Relic","Relic","Relic","Relic","Relic","Relic","Relic","Relic","Relic","Relic","Relic","Relic","Relic","Relic","Relic","Relic","Relic","Relic","Card","Relic","Relic","Relic","Relic","Relic","Relic","Relic","Relic","Relic","Relic","Relic","Relic","Relic","Relic","Relic","Potion","Potion","Relic","Relic","Relic","Relic","Relic","Relic","Relic","Relic","Relic","Relic","Relic","Relic","Relic","Relic","Relic","Relic","Relic","Relic","Relic","Relic","Relic","Relic","Relic","Relic","Potion","Relic","Relic","Potion","Potion","Relic","Relic","Relic","Relic","Relic","Relic","Relic","Relic","Relic","Relic","Relic","Relic","Relic","Relic","Relic","Relic","Relic","Relic","Relic","Relic","Relic","Relic","Relic","Card","Relic","Relic","Relic","Relic","Relic","Relic","Relic","Relic","Relic","Relic","Relic","Relic","Relic","Relic","Relic","Relic","Relic","Relic","Relic","Relic","Card","Relic","Relic","Relic","Relic","Relic","Relic","Relic","Relic","Relic","Relic","Card","Undefined","Undefined","Undefined","Undefined","Undefined","Undefined","Undefined","Undefined","Undefined","Undefined","Undefined","Undefined","Undefined","Undefined","Undefined","Undefined","Undefined","Undefined","Undefined","Undefined","Undefined","Undefined","Undefined","Undefined","Undefined","Undefined","Undefined","Undefined","Undefined","Undefined","Undefined","Undefined","Undefined","Undefined","Undefined","Undefined","Undefined","Undefined","Undefined","Undefined","Undefined","Undefined","Undefined","Undefined","Undefined","Undefined","Undefined","Undefined","Undefined","Undefined","Undefined","Undefined","Undefined","Undefined","Undefined","Undefined","Undefined","Undefined","Card","Undefined","Undefined","Undefined","Undefined","Undefined"],"build_version":"2020-12-22","purchased_purges":14,"victory":true,"max_hp_per_floor":[68,68,68,68,68,69,69,70,70,70,74,74,74,75,75,81,64,70,74,76,79,84,87,95,99,99,105,108,115,172,194,194,215,184,198,223,223,276,316,335,341,374,385,385,409,430,456,526,526,542,551,551,551,551,561,595],"card_choices":[{"not_picked":[],"picked":"SuicideKing","floor":0.0},{"not_picked":["Crescendo","SashWhip","Swivel"],"picked":"SKIP","floor":1.0},{"not_picked":["MostiFishMod:Speedup","EmptyBody","EmptyFist","ThirdEye"],"picked":"Bomb","floor":3.0},{"not_picked":["Protect","Halt","Evaluate","AT_SoftenMuscles"],"picked":"WheelKick","floor":5.0},{"not_picked":["Judgement","Establishment","AT_MachinaRedman","MasterReality"],"picked":"Omniscience","floor":6.0},{"not_picked":["Wireheading","CutThroughFate","Collect","Crescendo","Sanctity"],"picked":"SKIP","floor":7.0},{"not_picked":["MostiFishMod:Unraveling","MostiFishMod:DustFall","ConjureBlade","Blasphemy"],"picked":"MostiFishMod:KamiSmash","floor":8.0},{"not_picked":["Evaluate","MostiFishMod:Clarity","REME_MusicOfDeath","Swivel","REME_Repentance"],"picked":"SKIP","floor":14.0},{"not_picked":["CrushJoints","BowlingBash","InnerPeace","PathToVictory","Protect"],"picked":"SKIP","floor":18.0},{"not_picked":["Conclude","MostiFishMod:LegendTransform","LikeWater","CutThroughFate","MostiFishMod:Pointsdynamics+1"],"picked":"SKIP","floor":18.0},{"not_picked":["Evaluate","Protect+1","REME_Repentance","CutThroughFate","Consecrate"],"picked":"SKIP","floor":18.0},{"not_picked":["EmptyMind","EmptyBody","FlurryOfBlows","FollowUp","MostiFishMod:FlowState"],"picked":"SKIP","floor":18.0},{"not_picked":["PathToVictory+1","ClearTheMind+1","FlurryOfBlows","ReachHeaven"],"picked":"MostiFishMod:Adaptation+1","floor":20.0},{"not_picked":["MostiFishMod:ScryFuture","JustLucky+1","Fasting2","FlyingSleeves","MostiFishMod:LegendTransform"],"picked":"SKIP","floor":21.0},{"not_picked":["MostiFishMod:StarLaLaLa","Devotion","testmod-EnhanceArmerment+1","Blasphemy"],"picked":"testmod-Reflect+1","floor":23.0},{"not_picked":["PiercingWail+1","theMarked:Frustration","Spot Weakness+1","Tempest+1","Pommel Strike"],"picked":"Singing Bowl","floor":24.0},{"not_picked":["Stigmanizer","Go for the Eyes","theMarked:TakeCover+1","Dagger Spray+1","MostiFishMod:VineMother+1"],"picked":"Singing Bowl","floor":24.0},{"not_picked":["theMarked:ResourceFulStrike","Prostrate+1","testmod-RepeatForm+1","Shrug It Off+1","theMarked:Frustration"],"picked":"Singing Bowl","floor":24.0},{"not_picked":["Perfected Strike","Skewer","theMarked:BanishingWave","Streamline","Catalyst+1"],"picked":"Singing Bowl","floor":24.0},{"not_picked":["MostiFishMod:Adaptation","MostiFishMod:OutWit","MostiFishMod:StarWish","Alpha"],"picked":"MostiFishMod:Adaptation","floor":25.0},{"not_picked":["Alpha","MostiFishMod:Minus","AT_RealColorLess","ConjureBlade","AT_MachinaRedman"],"picked":"Singing Bowl","floor":27.0},{"not_picked":["Leg Sweep+1","theMarked:ResourceFulStrike","Lockon","Pommel Strike+1"],"picked":"Rage+1","floor":28.0},{"not_picked":["MostiFishMod:StarOceanB+1","Barrage+1","Dark Shackles+1","ThirdEye+1","testmod-WeaknessCounterattack"],"picked":"Singing Bowl","floor":29.0},{"not_picked":["Streamline+1","theMarked:WardOff+1","Acrobatics+1","Chill+1"],"picked":"MentalFortress+1","floor":31.0},{"not_picked":["MostiFishMod:JungleRules+1","MostiFishMod:Listen+1","testmod-BloodShelter+1","MostiFishMod:Awakening+1","testmod-TaurusBlackCat+1"],"picked":"Singing Bowl","floor":33.0},{"not_picked":["Sever Soul+1","Glacier+1","Havoc+1","theMarked:BanishingStrike+1","NightLord+1"],"picked":"Singing Bowl","floor":35.0},{"not_picked":["Eviscerate+1","LeisurelyOfLord+1","AT_Homeward+1","Ball Lightning+1","testmod-PerfectCombo+1"],"picked":"Singing Bowl","floor":36.0},{"not_picked":["Coolheaded+1","Bane+1","Sword Boomerang+1","theMarked:WardOff+1","Consecrate+1","REME_MusicOfDeath+1"],"picked":"Singing Bowl","floor":39.0},{"not_picked":["EndlessAdversity+1","Stigmanizer+1","Genetic Algorithm+1","REME_Repentance+1","StarOfDavid+1","testmod-BackupPower+1"],"picked":"Singing Bowl","floor":39.0},{"not_picked":["Sword Boomerang+1","UnstableMagic+1","Backstab+1","ScarletImprint+1","CharismaGuard+1","Cold Snap+1"],"picked":"Singing Bowl","floor":40.0},{"not_picked":["Leap+1","AT_WindFlip+1","Deflect+1","Thunder Strike+1","MostiFishMod:PreservedThorns+1"],"picked":"MentalFortress+1","floor":40.0},{"not_picked":["MostiFishMod:Adaptation","MostiFishMod:StarOceanP","REME_CRH","MostiFishMod:Disappear","Vault","MostiFishMod:StarWish"],"picked":"Singing Bowl","floor":45.0},{"not_picked":["Prostrate+1","Flex+1","Shrug It Off+1","VampireSweep+1","theMarked:EmpowerWeapon+1","Halt+1"],"picked":"Singing Bowl","floor":46.0},{"not_picked":["Rupture+1","Sucker Punch+1","DiffusionOfMisfortune+1","REME_SpectralBlade+1","theMarked:PowerFlow+1","Poisoned Stab+1"],"picked":"Singing Bowl","floor":46.0},{"not_picked":["Alpha","MostiFishMod:Moonprays","MostiFishMod:Unraveling","Devotion","MostiFishMod:Minus","REME_CRH"],"picked":"Singing Bowl","floor":47.0},{"not_picked":["Vault","Establishment","Establishment","REME_CopyPotion+1","MostiFishMod:OutWit","Brilliance"],"picked":"Singing Bowl","floor":55.0}],"player_experience":931234,"relics_obtained":[{"floor":1.0,"key":"SynthV:TestCard"},{"floor":6.0,"key":"Leech"},{"floor":8.0,"key":"AT_BellDemon"},{"floor":9.0,"key":"Old Coin"},{"floor":14.0,"key":"The Courier"},{"floor":16.0,"key":"TheBible"},{"floor":18.0,"key":"GuppysTail"},{"floor":18.0,"key":"PunchingBag"},{"floor":18.0,"key":"GoldenEye"},{"floor":18.0,"key":"PreservedInsect"},{"floor":20.0,"key":"Shuriken"},{"floor":21.0,"key":"Damaru"},{"floor":23.0,"key":"testmod-FatalChain"},{"floor":23.0,"key":"Happy Flower"},{"floor":25.0,"key":"AnarchistCookbook"},{"floor":27.0,"key":"Lantern"},{"floor":27.0,"key":"Bag of Marbles"},{"floor":28.0,"key":"HowToJump"},{"floor":29.0,"key":"SentryEyes"},{"floor":29.0,"key":"REME_ArchaeologicalTools"},{"floor":29.0,"key":"Frozen Egg 2"},{"floor":31.0,"key":"testmod-Muramasa"},{"floor":31.0,"key":"War Paint"},{"floor":33.0,"key":"PokeGo"},{"floor":35.0,"key":"testmod-Maize"},{"floor":35.0,"key":"Eternal Feather"},{"floor":36.0,"key":"Pear"},{"floor":36.0,"key":"AT_GoldPhoenixTree"},{"floor":36.0,"key":"CloakClasp"},{"floor":36.0,"key":"Bottled Flame"},{"floor":39.0,"key":"DollysMirror"},{"floor":39.0,"key":"MoonlightInvasionPlan"},{"floor":40.0,"key":"HereWithMe"},{"floor":40.0,"key":"Fusion Hammer"},{"floor":43.0,"key":"Circlet"},{"floor":43.0,"key":"Circlet"},{"floor":45.0,"key":"Circlet"},{"floor":45.0,"key":"Circlet"},{"floor":45.0,"key":"Circlet"},{"floor":46.0,"key":"Circlet"},{"floor":46.0,"key":"Circlet"},{"floor":47.0,"key":"Circlet"},{"floor":47.0,"key":"Circlet"},{"floor":47.0,"key":"Circlet"},{"floor":55.0,"key":"Circlet"},{"floor":55.0,"key":"Circlet"},{"floor":55.0,"key":"Circlet"}],"event_choices":[{"damage_healed":0.0,"max_hp_gain":0.0,"max_hp_loss":0.0,"gold_gain":75.0,"event_name":"World of Goop","player_choice":"Gather Gold","floor":10.0,"gold_loss":0.0,"damage_taken":11.0},{"cards_removed":["Strike_P"],"damage_healed":0.0,"max_hp_gain":0.0,"max_hp_loss":0.0,"gold_gain":0.0,"event_name":"Golden Wing","player_choice":"Card Removal","floor":12.0,"gold_loss":0.0,"damage_taken":7.0},{"damage_healed":0.0,"max_hp_gain":0.0,"max_hp_loss":0.0,"gold_gain":0.0,"event_name":"Colosseum","player_choice":"Fight","floor":29.0,"gold_loss":0.0,"damage_taken":0.0},{"damage_healed":0.0,"max_hp_gain":0.0,"max_hp_loss":0.0,"gold_gain":0.0,"event_name":"Colosseum","player_choice":"Fought Nobs","floor":29.0,"gold_loss":0.0,"damage_taken":0.0},{"damage_healed":0.0,"max_hp_gain":0.0,"max_hp_loss":0.0,"gold_gain":0.0,"event_name":"HidenRoomEvent","player_choice":"Fight","floor":36.0,"gold_loss":0.0,"damage_taken":0.0},{"damage_healed":0.0,"max_hp_gain":0.0,"max_hp_loss":0.0,"gold_gain":0.0,"event_name":"Tomb of Lord Red Mask","player_choice":"Ignored","floor":37.0,"gold_loss":0.0,"damage_taken":0.0}],"is_beta":false,"boss_relics":[{"not_picked":["Pandora\u0027s Box","testmod-DreamHouse"],"picked":"HolyWater"},{"not_picked":[]},{"not_picked":["SacredBark","FeatherPendant"],"picked":"RhineCircuit"},{"not_picked":[]}],"items_purged_floors":[4,11,15,17,19,19,22,24,30,38,41,42,44,48],"is_endless":false,"potions_floor_spawned":[3,7,8,14,20,25,28,29,29,31,45,46],"ascension_level":20}}