{"host":"gf8hyl7jhl0is674","time":1613957826,"event":{"mods":["2.2 Compatiblity","Act Like it!","BaseMod","CapriCore","Chen","Colored Map","Gensokyo","Hallownest","KinomotoSakuraMod(????)","Koishi","Marisa????????","Minty Spire (QoL Compilation)","Permanent Neow","Reimu??????","StSLib","The Administrix","The Blue Laboratory","The Immortal","The Servant 0.9.4","Waifu the Spire"],"gold_per_floor":[119,49,149,161,179,179,211,226,253,269,109,34,45,69,69,170,170,181,0,0,0,250,250,284,284,284,304,332,344,357,370,370,474,474,494,494,509,509,509,522,551,563,590,28,41,41,67,81,81,81,81,81,1,26,26],"floor_reached":56,"language":"ENG","playtime":4739,"items_purged":["Defend_S","Pride"],"score":1399,"play_id":"c39279a6-d442-4392-bf6c-a2dbc271a959","local_time":"20210221183706","is_ascension_mode":false,"campfire_choices":[{"data":"Alleviate","floor":6,"key":"SMITH"},{"data":"SilverBlades","floor":15,"key":"SMITH"},{"data":"SilverBlades","floor":23,"key":"SMITH"},{"data":"Starlight","floor":25,"key":"SMITH"},{"floor":32,"key":"RECALL"},{"floor":49,"key":"REST"},{"floor":52,"key":"REST"}],"circlet_count":0,"master_deck":["Strike_S","Strike_S","Strike_S+1","Defend_S","Defend_S","KidneyShot+1","Exchange+1","Alleviate+1","Sabotage","ShiftingGears+1","Reset","Contraction","BottledTime+1","RealityMarble","SilverBlades+1","Moondial+1","TheWorld+1","CurseOfTheBell","Starlight+1","SilverBlades+1","Sabotage+1","BottledTime","FlawlessForm","KillingDoll","FanOfKnives","Gensokyo:PrivateSquare","Replace+1","MurderousAura","DualDimension+1"],"relics":["Uniform","Strawberry","Enchiridion","Toy Ornithopter","Calling Bell","War Paint","Matryoshka","Ice Cream","Gensokyo:SongOfSouls","Oddly Smooth Stone","Bag of Preparation","Shuriken","PocketWatch","Fusion Hammer","MealTicket","The Courier","Potion Belt","Broom","Boot","KneeBrace","Nunchaku","ClockworkSouvenir","Anchor","Ornamental Fan"],"acts_visited":["Gensokyo:Gensokyo","Gensokyo:Gensokyoer","Gensokyo:Gensokyoest","TheEnding"],"potions_floor_usage":[45],"damage_taken":[{"damage":0,"enemies":"Gensokyo:3_Fairies","floor":1,"turns":5},{"damage":0,"enemies":"Gensokyo:Gryphon","floor":4,"turns":3},{"damage":1,"enemies":"Gensokyo:Python","floor":5,"turns":6},{"damage":29,"enemies":"Gensokyo:Cirno","floor":7,"turns":8},{"damage":0,"enemies":"Gensokyo:CorruptedTreant","floor":8,"turns":4},{"damage":5,"enemies":"Gensokyo:3_Kodama","floor":10,"turns":8},{"damage":2,"enemies":"Gensokyo:2_Rabbits","floor":13,"turns":5},{"damage":9,"enemies":"Gensokyo:Kokoro","floor":16,"turns":12},{"damage":0,"enemies":"Gensokyo:Chomper","floor":18,"turns":5},{"damage":24,"enemies":"Gensokyo:Reisen","floor":24,"turns":9},{"damage":0,"enemies":"Gensokyo:2_Gloops","floor":27,"turns":4},{"damage":0,"enemies":"Gensokyo:Tenshi","floor":28,"turns":4},{"damage":0,"enemies":"Gensokyo:Wraith","floor":29,"turns":3},{"damage":12,"enemies":"Gensokyo:3_Gloops","floor":30,"turns":5},{"damage":5,"enemies":"Gensokyo:Monolith_and_Dog","floor":31,"turns":5},{"damage":10,"enemies":"Gensokyo:Kaguya","floor":33,"turns":9},{"damage":0,"enemies":"Gensokyo:3_Boulders","floor":35,"turns":3},{"damage":4,"enemies":"Gensokyo:3_Bats","floor":37,"turns":3},{"damage":0,"enemies":"Gensokyo:3_Boulders","floor":40,"turns":4},{"damage":12,"enemies":"Gensokyo:Marisa","floor":41,"turns":5},{"damage":0,"enemies":"Gensokyo:Sharpion","floor":42,"turns":3},{"damage":0,"enemies":"Gensokyo:4_Bats","floor":45,"turns":3},{"damage":0,"enemies":"Gensokyo:Doremy","floor":47,"turns":5},{"damage":0,"enemies":"Gensokyo:SeedOfUnknown","floor":48,"turns":3},{"damage":0,"enemies":"Gensokyo:Yuyuko","floor":50,"turns":8},{"damage":0,"enemies":"Shield and Spear","floor":54,"turns":6},{"damage":0,"enemies":"The Heart","floor":55,"turns":10}],"seed_played":"-3390893210660296462","potions_obtained":[{"floor":5,"key":"EssenceOfSteel"},{"floor":7,"key":"FearPotion"},{"floor":13,"key":"SkillPotion"},{"floor":41,"key":"Ancient Potion"},{"floor":42,"key":"Energy Potion"}],"is_trial":false,"path_per_floor":["M","?","?","M","M","R","E","M","T","M","?","$","M","T","R","B",null,"M","?","?","?","?","R","E","R","T","M","E","M","M","M","R","B",null,"M","?","M","?","T","M","E","M","T","$","M","?","E","M","R","B",null,"R","$","E","B",null],"character_chosen":"THE_SERVANT","items_purchased":["Boot","KneeBrace","Nunchaku","ClockworkSouvenir"],"campfire_rested":2,"item_purchase_floors":[44,44,44,44],"current_hp_per_floor":[59,59,59,59,58,58,36,36,36,31,31,31,29,29,29,20,66,66,66,66,66,63,63,39,39,39,39,39,39,27,22,22,12,63,63,63,59,59,59,59,47,47,47,62,63,63,63,63,63,63,63,63,63,63,63],"gold":26,"neow_bonus":"TRANSFORM_TWO_CARDS","is_daily":false,"chose_seed":false,"campfire_upgraded":4,"win_rate":0.0,"timestamp":1613957826,"path_taken":["M","?","?","M","M","R","E","M","T","M","?","?","M","?","R","BOSS","M","?","?","?","?","R","E","R","T","M","E","M","?","M","R","BOSS","M","?","?","?","?","M","E","M","T","$","M","?","E","M","R","BOSS","R","$","E","BOSS"],"items_purchased_type":["Relic","Relic","Relic","Relic"],"build_version":"2020-12-22","purchased_purges":2,"victory":true,"max_hp_per_floor":[59,59,59,59,59,59,66,66,66,66,66,66,66,66,66,66,66,66,66,66,66,63,63,63,63,63,63,63,63,63,63,63,63,63,63,63,63,63,63,63,63,63,63,63,63,63,63,63,63,63,63,63,63,63,63],"card_choices":[{"not_picked":["FastForward","Ricochet"],"picked":"ShiftingGears","floor":1},{"not_picked":["Replace","Rearm"],"picked":"Reset","floor":4},{"not_picked":["TimeWarp","Comet"],"picked":"Contraction","floor":5},{"not_picked":["LightFlow","SpecialFormula"],"picked":"BottledTime","floor":7},{"not_picked":["BottledTime","InstantArmor"],"picked":"RealityMarble","floor":8},{"not_picked":["Potential","Defy"],"picked":"SilverBlades","floor":10},{"not_picked":["Revamp","TimeWarp"],"picked":"Moondial","floor":13},{"not_picked":["Solidify","Embodiment"],"picked":"TheWorld","floor":16},{"not_picked":["Unruled","Contraction+1"],"picked":"Starlight","floor":18},{"not_picked":["MoonPhase","Reset","BestPractice"],"picked":"SKIP","floor":24},{"not_picked":["Spin+1","Desolation","Advance"],"picked":"SKIP","floor":27},{"not_picked":["SpecialFormula","Replace"],"picked":"Sabotage+1","floor":28},{"not_picked":["Comet","TimeTheft"],"picked":"BottledTime","floor":29},{"not_picked":["Gouge","Unruled"],"picked":"FlawlessForm","floor":30},{"not_picked":["Collapse+1","Snipe+1","Ricochet"],"picked":"SKIP","floor":31},{"not_picked":["Deny","LightFlow"],"picked":"KillingDoll","floor":33},{"not_picked":["TimeWarp","Unruled+1"],"picked":"FanOfKnives","floor":35},{"not_picked":["Gouge+1","Revamp","Defy+1"],"picked":"SKIP","floor":37},{"not_picked":["Defy","ShatteredReality"],"picked":"Replace+1","floor":40},{"not_picked":["Shuttle","FastForward+1","Replace"],"picked":"SKIP","floor":41},{"not_picked":["ShatteredReality","Spin","Comet+1"],"picked":"SKIP","floor":42},{"not_picked":["Read+1","Gouge"],"picked":"MurderousAura","floor":45},{"not_picked":["Spin+1","RealityMarble+1","ShatteredReality+1"],"picked":"SKIP","floor":47},{"not_picked":["Spin+1","RealityMarble+1","ShatteredReality+1"],"picked":"SKIP","floor":47},{"not_picked":["Shuttle","Defy+1"],"picked":"DualDimension+1","floor":48},{"not_picked":["Solidify","RealityMarble+1","Gouge"],"picked":"SKIP","floor":54}],"player_experience":474751,"relics_obtained":[{"floor":7,"key":"Strawberry"},{"floor":14,"key":"Toy Ornithopter"},{"floor":17,"key":"War Paint"},{"floor":17,"key":"Matryoshka"},{"floor":17,"key":"Ice Cream"},{"floor":24,"key":"Oddly Smooth Stone"},{"floor":26,"key":"Bag of Preparation"},{"floor":26,"key":"Shuriken"},{"floor":28,"key":"PocketWatch"},{"floor":39,"key":"MealTicket"},{"floor":39,"key":"The Courier"},{"floor":41,"key":"Potion Belt"},{"floor":43,"key":"Broom"},{"floor":47,"key":"Anchor"},{"floor":54,"key":"Ornamental Fan"}],"event_choices":[],"is_beta":false,"boss_relics":[{"not_picked":["Philosopher\u0027s Stone","Runic Pyramid"],"picked":"Calling Bell"},{"not_picked":["Black Star","RedLine:ReiMu"],"picked":"Fusion Hammer"}],"items_purged_floors":[12,53],"is_endless":false,"potions_floor_spawned":[5,7,13,27,28,30,31,41,42],"ascension_level":0}}