{"host":"as7albp2mcgkylj3","time":1613999885,"event":{"mods":["2.2 Compatiblity","AchievementEnabler","BaseMod","Colored Map","Downfall","Googly Eyes","Highlight Path","Minty Spire (QoL Compilation)","Replay The Spire","StSLib","SuperFastMode"],"gold_per_floor":[99,99,99,99,99,99,126,141,141,51,51,64,75,75,91,187,187,187,198,198,83,93,93,120,105,117,117,134,134,134,119,119,119,119],"floor_reached":32,"language":"ITA","playtime":1094,"items_purged":["downfall:Malfunctioning","bronze:Defend"],"score":226,"play_id":"6823dcd2-a899-4720-95cc-591ce5ccd510","local_time":"20210222141805","is_ascension_mode":false,"campfire_choices":[{"data":"bronze:Replicate","floor":1.0,"key":"SMITH"},{"floor":6.0,"key":"RECALL"},{"data":"bronze:Defend","floor":9.0,"key":"SMITH"},{"data":"bronze:Strike","floor":11.0,"key":"SMITH"},{"data":"bronze:FineTuning","floor":18.0,"key":"SMITH"},{"data":"bronze:Strike","floor":27.0,"key":"SMITH"},{"floor":30,"key":"REST"}],"circlet_count":0,"master_deck":["bronze:Strike+1","bronze:Strike+1","bronze:Strike+1","bronze:Defend+1","bronze:Defend+1","bronze:Defend+1","bronze:Replicate+1","bronze:Goto+1","bronze:FineTuning+1"],"relics":["bronze:BronzeCore","Blue Candle"],"acts_visited":["Exordium","TheCity"],"potions_floor_usage":[],"damage_taken":[{"damage":0.0,"enemies":"Small Slimes","floor":8.0,"turns":3.0},{"damage":2.0,"enemies":"downfall:FleeingMerchant","floor":10.0,"turns":4.0},{"damage":0.0,"enemies":"Jaw Worm","floor":12.0,"turns":2.0},{"damage":0.0,"enemies":"Cultist","floor":13.0,"turns":3.0},{"damage":5.0,"enemies":"Exordium Thugs","floor":15.0,"turns":5.0},{"damage":10.0,"enemies":"SI_SHIV_ARCHETYPE","floor":16.0,"turns":9.0},{"damage":0.0,"enemies":"3 Byrds","floor":19.0,"turns":4.0},{"damage":0.0,"enemies":"downfall:FleeingMerchant","floor":21.0,"turns":4.0},{"damage":6.0,"enemies":"downfall:LooterAlt2","floor":22.0,"turns":3.0},{"damage":4.0,"enemies":"downfall:FleeingMerchant","floor":25.0,"turns":4.0},{"damage":5.0,"enemies":"Shelled Parasite and Fungi","floor":26.0,"turns":5.0},{"damage":12.0,"enemies":"Centurion and Healer","floor":28.0,"turns":5.0},{"damage":17,"enemies":"downfall:FleeingMerchant","floor":31,"turns":4},{"damage":0,"enemies":"Snake Plant","floor":32,"turns":1}],"seed_played":"5942213088425072871","potions_obtained":[{"floor":8.0,"key":"champ:CounterPotion"},{"floor":13.0,"key":"Ancient Potion"},{"floor":16.0,"key":"PowerPotion"},{"floor":28.0,"key":"EssenceOfSteel"}],"is_trial":false,"path_per_floor":["R","?","?","?","?","R","T","M","R","$","R","M","M","?","M","B",null,"R","M","?","$","M","?","T","$","M","R","M","?","R","$","M"],"character_chosen":"THE_AUTOMATON","items_purchased":[],"campfire_rested":1,"item_purchase_floors":[],"current_hp_per_floor":[70,70,70,70,70,70,70,70,70,68,68,68,68,68,63,53,70,70,70,70,70,64,64,64,60,55,55,43,38,59,42,42,42,42],"gold":119,"neow_bonus":"UPGRADE_CARD","is_daily":false,"chose_seed":false,"campfire_upgraded":5,"win_rate":0.0,"timestamp":1613999885,"path_taken":["R","?","?","?","?","R","T","?","R","?","R","M","M","?","M","BOSS","R","M","?","$","?","?","T","$","?","R","M","?","R","?","M"],"items_purchased_type":[],"build_version":"2020-12-22","purchased_purges":2,"victory":false,"max_hp_per_floor":[70,70,70,70,70,70,70,70,70,70,70,70,70,70,70,70,70,70,70,70,70,70,70,70,70,70,70,70,70,70,70,70,70,70],"card_choices":[{"not_picked":["bronze:GetLatest","bronze:Frontload","bronze:Constructor"],"picked":"SKIP","floor":8.0},{"not_picked":["bronze:Flail","bronze:Fortify","bronze:Overheat"],"picked":"SKIP","floor":10.0},{"not_picked":["bronze:Flail","bronze:WhirlingStrike"],"picked":"bronze:FineTuning","floor":12.0},{"not_picked":["bronze:Separator","bronze:Frontload","bronze:Shield"],"picked":"SKIP","floor":13.0},{"not_picked":["bronze:Separator","bronze:CutThrough","bronze:Repair"],"picked":"SKIP","floor":15.0},{"not_picked":["bronze:NullPointer+1","bronze:CutThrough","bronze:Return+1"],"picked":"SKIP","floor":19.0},{"not_picked":["bronze:Library","bronze:Branch","bronze:Shell"],"picked":"SKIP","floor":21.0},{"not_picked":["bronze:MaxOutput","bronze:BuggyMess","bronze:Separator+1"],"picked":"SKIP","floor":22.0},{"not_picked":["bronze:Invalidate","bronze:Separator+1","bronze:Branch+1"],"picked":"SKIP","floor":25.0},{"not_picked":["bronze:DelayedGuard","bronze:Separator+1","bronze:WildBeam"],"picked":"SKIP","floor":26.0},{"not_picked":["bronze:CutThrough","bronze:Fortify+1","bronze:Repulsor"],"picked":"SKIP","floor":28.0},{"not_picked":["bronze:CutThrough+1","bronze:Philosophize","bronze:CleanCode"],"picked":"SKIP","floor":31}],"player_experience":545933,"relics_obtained":[],"event_choices":[],"is_beta":false,"boss_relics":[{"not_picked":["ChewingGum","Tiny House","Busted Crown"]}],"items_purged_floors":[10,21],"is_endless":false,"potions_floor_spawned":[8,13,16,22,26,28],"killed_by":"Snake Plant","ascension_level":0}}