{"host":"cx72hbz6x0kxjg15","time":1613995887,"event":{"mods":["Aspiration","BaseMod","BetterRewards","Colored Map","Downfall","Friendly Minions","Hubris","Minty Spire (QoL Compilation)","Relic Sorter","Relic Stats","Replay The Spire","StSLib"],"gold_per_floor":[99,119,132,132,67,79,79,79,109,122,22,37,37,37,55,55,55,55],"floor_reached":16,"language":"ENG","playtime":1129,"items_purged":[],"score":102,"play_id":"c3969bfd-983f-4e84-8782-6eb24c5b6f5f","local_time":"20210222131127","is_ascension_mode":false,"campfire_choices":[{"data":"Guardian:CurlUp","floor":1.0,"key":"SMITH"},{"data":"Guardian:BaubleBeam","floor":11.0,"key":"SMITH"},{"data":"Guardian:ArmoredProtocol","floor":13.0,"key":"SMITH"}],"circlet_count":0,"master_deck":["Guardian:Strike_Guardian","Guardian:Strike_Guardian","Guardian:Strike_Guardian","Guardian:Strike_Guardian","Guardian:Defend_Guardian","Guardian:Defend_Guardian","Guardian:Defend_Guardian","Guardian:Defend_Guardian","Guardian:CurlUp+1","Guardian:TwinSlam","Guardian:RollAttack+1","Guardian:ArmoredProtocol+1","Guardian:ArmoredProtocol","Guardian:BaubleBeam+1","Guardian:Gem_Crimson","Guardian:Gem_Fragmented","Guardian:Gem_Synthetic","Guardian:Gem_Yellow"],"relics":["Guardian:ModeShifter","aspiration:StickyExplosives_weak","Ancient Tea Set","downfall:HeartBlessingGreen","Guardian:PickAxe"],"acts_visited":["Exordium"],"potions_floor_usage":[],"damage_taken":[{"damage":3.0,"enemies":"Small Slimes","floor":2.0,"turns":4.0},{"damage":0.0,"enemies":"Cultist","floor":3.0,"turns":3.0},{"damage":0.0,"enemies":"downfall:FleeingMerchant","floor":5.0,"turns":4.0},{"damage":0.0,"enemies":"2 Louse","floor":6.0,"turns":3.0},{"damage":12.0,"enemies":"3 Sentries","floor":9.0,"turns":12.0},{"damage":7.0,"enemies":"Blue Slaver","floor":10.0,"turns":4.0},{"damage":4.0,"enemies":"Exordium Wildlife","floor":12.0,"turns":7.0},{"damage":0.0,"enemies":"Exordium Wildlife","floor":14.0,"turns":2.0},{"damage":15.0,"enemies":"Large Slime","floor":15.0,"turns":7.0},{"damage":0,"enemies":"DF_ARCHETYPE_STREAMLINE","floor":16,"turns":1}],"seed_played":"-8803979973903786696","potions_obtained":[{"floor":3.0,"key":"Weak Potion"},{"floor":9.0,"key":"Energy Potion"},{"floor":15.0,"key":"Dexterity Potion"}],"is_trial":false,"path_per_floor":["R","M","M","?","$","M","T","?","E","M","R","M","R","?","M","B"],"character_chosen":"GUARDIAN","items_purchased":["Guardian:Gem_Lightblue"],"campfire_rested":0,"item_purchase_floors":[5],"current_hp_per_floor":[88,85,85,85,85,85,85,85,73,66,66,62,62,44,29,29,29,29],"gold":55,"neow_bonus":"TEN_PERCENT_HP_BONUS","is_daily":false,"chose_seed":false,"campfire_upgraded":3,"win_rate":0.0,"timestamp":1613995887,"path_taken":["R","M","M","?","$","?","T","?","E","M","R","M","R","?","M","BOSS"],"items_purchased_type":["Card"],"build_version":"2020-12-22","purchased_purges":0,"victory":false,"max_hp_per_floor":[88,88,88,88,88,88,88,88,88,88,88,88,88,88,88,88,88,88],"relic_stats":{"counters":[10,47],"obtain_stats":[{"Guardian:PickAxe":14,"Guardian:ModeShifter":0,"downfall:HeartBlessingGreen":11,"Ancient Tea Set":9,"aspiration:StickyExplosives_weak":7},{"Guardian:PickAxe":8,"Guardian:ModeShifter":0,"downfall:HeartBlessingGreen":6,"Ancient Tea Set":5,"aspiration:StickyExplosives_weak":4},{"Guardian:PickAxe":39,"Guardian:ModeShifter":0,"downfall:HeartBlessingGreen":30,"Ancient Tea Set":26,"aspiration:StickyExplosives_weak":14}]},"card_choices":[{"not_picked":["Guardian:Reroute","Guardian:Incinerate"],"picked":"Guardian:RollAttack","floor":2.0},{"not_picked":["Guardian:Gem_Red","Guardian:Reroute"],"picked":"Guardian:ArmoredProtocol","floor":3.0},{"not_picked":["Guardian:Recover","Guardian:BronzeOrb"],"picked":"Guardian:Gem_Synthetic","floor":5.0},{"not_picked":["Guardian:TemporalStrike","Guardian:TemporalShield","Guardian:Gem_Green"],"picked":"SKIP","floor":6.0},{"not_picked":["Guardian:BronzeArmor","Guardian:PiercingHide"],"picked":"Guardian:BaubleBeam","floor":9.0},{"not_picked":["Guardian:PolyBeam","Guardian:Emergency","Guardian:Preprogram"],"picked":"SKIP","floor":10.0},{"not_picked":["Guardian:Reroute","Guardian:ChargeCore","Guardian:Recover"],"picked":"SKIP","floor":12.0},{"not_picked":["Guardian:VentSteam","Guardian:BronzeOrb","Guardian:Reroute"],"picked":"SKIP","floor":15.0}],"player_experience":481335,"relics_obtained":[{"floor":7.0,"key":"aspiration:StickyExplosives_weak"},{"floor":9.0,"key":"Ancient Tea Set"}],"event_choices":[],"is_beta":false,"boss_relics":[],"items_purged_floors":[],"is_endless":false,"potions_floor_spawned":[3,9,14,15],"killed_by":"DF_ARCHETYPE_STREAMLINE","ascension_level":0}}