{"host":"kdt6w7ix8lwe69i9","time":1613967090,"event":{"mods":["100% Spire Juice","BaseMod","ChefMod","Evolution","Koishi","Minty Spire (QoL Compilation)","Poor People Problems","Reimu（博丽灵梦）","Robot Space Explorer","Shade Mod","Shapeshifter Mod","StSLib","The Druid","The Gatherer","The Poker Player","The Servant 0.9.4","TheSurvivalist"],"gold_per_floor":[119,139,158,158,173,173,198,213,213,280,280,296,296,309,309,412,412,428,343,353,60,60,60,60,79,79,79,95,129,139,139,139,139,139],"floor_reached":33,"language":"ENG","playtime":4162,"items_purged":[],"score":344,"play_id":"9c0bd34d-02d7-485c-bad6-13d513543e76","local_time":"20210221231130","is_ascension_mode":false,"campfire_choices":[{"data":"StSShapeShifter:PhoenixForm","floor":6,"key":"SMITH"},{"data":"StSShapeShifter:FesteringBite","floor":11,"key":"SMITH"},{"data":"StSShapeShifter:Bonk","floor":13,"key":"SMITH"},{"data":"StSShapeShifter:MonkeyForm","floor":15,"key":"SMITH"},{"floor":23,"key":"REST"},{"data":"StSShapeShifter:FruitBasket","floor":27,"key":"SMITH"},{"floor":32,"key":"REST"}],"circlet_count":0,"master_deck":["StSShapeShifter:ThornToss","StSShapeShifter:ThornToss","StSShapeShifter:ThornToss","StSShapeShifter:ThornToss","StSShapeShifter:ThornToss","StSShapeShifter:FallingLeaves","StSShapeShifter:FallingLeaves","StSShapeShifter:FallingLeaves","StSShapeShifter:FallingLeaves","StSShapeShifter:FallingLeaves","StSShapeShifter:Tortoise_Form","StSShapeShifter:Lynx_Form","StSShapeShifter:TopazSkin","StSShapeShifter:MonkeyForm","StSShapeShifter:SquirrelForm","Regret","StSShapeShifter:PhoenixForm+1","StSShapeShifter:IntimidatingAura","StSShapeShifter:FesteringBite+1","StSShapeShifter:Bonk+1","StSShapeShifter:MonkeyForm+1","StSShapeShifter:WolfsBane","StSShapeShifter:ClimbTree","StSShapeShifter:Garden+1","StSShapeShifter:FruitBasket+1","StSShapeShifter:Roar","StSShapeShifter:BurstingSpore","StSShapeShifter:BladeOfGrass"],"relics":["StSShapeShifter:AnimalHeart","StSShapeShifter:TheShapeShiftersMagnolia","EVO:Axolotl","Kunai","Mastiff:ReiMu","Bag of Preparation","StSShapeShifter:LemurHeaddress","HornCleat","StoneCalendar","The Courier","StSShapeShifter:AlarmClock"],"acts_visited":["Exordium","TheCity"],"potions_floor_usage":[7,7,14,16,16,25,28,29],"damage_taken":[{"damage":0,"enemies":"Jaw Worm","floor":1,"turns":2},{"damage":0,"enemies":"Small Slimes","floor":2,"turns":2},{"damage":0,"enemies":"Cultist","floor":3,"turns":2},{"damage":0,"enemies":"2 Fungi Beasts","floor":5,"turns":1},{"damage":5,"enemies":"Gremlin Nob","floor":7,"turns":3},{"damage":4,"enemies":"Large Slime","floor":8,"turns":4},{"damage":3,"enemies":"Looter","floor":12,"turns":2},{"damage":2,"enemies":"Exordium Thugs","floor":14,"turns":5},{"damage":26,"enemies":"Slime Boss","floor":16,"turns":8},{"damage":0,"enemies":"Shell Parasite","floor":18,"turns":3},{"damage":14,"enemies":"Chosen","floor":20,"turns":4},{"damage":20,"enemies":"Centurion and Healer","floor":25,"turns":7},{"damage":30,"enemies":"3 Cultists","floor":28,"turns":6},{"damage":22,"enemies":"Book of Stabbing","floor":29,"turns":6},{"damage":37,"enemies":"Cultist and Chosen","floor":30,"turns":5},{"damage":104,"enemies":"Collector","floor":33,"turns":9}],"seed_played":"9037726966842421839","potions_obtained":[{"floor":0,"key":"GamblersBrew"},{"floor":0,"key":"Swift Potion"},{"floor":0,"key":"MagicPotion:ReiMu"},{"floor":3,"key":"Dexterity Potion"},{"floor":7,"key":"Regen Potion"},{"floor":12,"key":"LiquidBronze"},{"floor":14,"key":"AttackPotion"},{"floor":18,"key":"FearPotion"},{"floor":28,"key":"LiquidBronze"}],"is_trial":false,"path_per_floor":["M","M","M","?","M","R","E","M","T","?","R","M","R","M","R","B",null,"M","?","M","$","?","R","?","M","T","R","M","E","M","?","R","B"],"character_chosen":"SHAPESHIFTER","items_purchased":["StoneCalendar"],"campfire_rested":2,"item_purchase_floors":[21],"current_hp_per_floor":[85,85,85,85,85,85,80,76,76,76,76,73,73,80,80,54,85,85,85,71,71,55,82,82,62,62,62,36,14,9,39,66,0,0],"gold":139,"neow_bonus":"THREE_SMALL_POTIONS","is_daily":false,"chose_seed":false,"campfire_upgraded":5,"win_rate":0.0,"timestamp":1613967090,"path_taken":["M","M","M","?","M","R","E","M","T","?","R","M","R","M","R","BOSS","M","?","M","$","?","R","?","M","T","R","?","E","M","?","R","BOSS"],"items_purchased_type":["Relic"],"build_version":"2020-12-22","purchased_purges":0,"victory":false,"max_hp_per_floor":[85,85,85,85,85,85,85,85,85,85,85,85,85,85,85,85,85,85,85,85,85,90,90,90,90,90,90,90,90,90,90,90,90,90],"card_choices":[{"not_picked":["StSShapeShifter:Maul","StSShapeShifter:BloomingSlash"],"picked":"StSShapeShifter:TopazSkin","floor":1},{"not_picked":["StSShapeShifter:EntForm","StSShapeShifter:DeerForm"],"picked":"StSShapeShifter:MonkeyForm","floor":2},{"not_picked":["StSShapeShifter:SunflowerShuriken","StSShapeShifter:BladeOfGrass"],"picked":"StSShapeShifter:SquirrelForm","floor":3},{"not_picked":["StSShapeShifter:ReplenishingNectar","StSShapeShifter:Maul"],"picked":"StSShapeShifter:PhoenixForm","floor":5},{"not_picked":["StSShapeShifter:Maul","StSShapeShifter:Evolution"],"picked":"StSShapeShifter:IntimidatingAura","floor":7},{"not_picked":["StSShapeShifter:Synchronicity","StSShapeShifter:RockSlide"],"picked":"StSShapeShifter:FesteringBite","floor":8},{"not_picked":["StSShapeShifter:OakBlade","StSShapeShifter:FlowerShield"],"picked":"StSShapeShifter:Bonk","floor":12},{"not_picked":["StSShapeShifter:SunflowerShuriken","StSShapeShifter:OakBlade"],"picked":"StSShapeShifter:MonkeyForm","floor":14},{"not_picked":["StSShapeShifter:Blossom2","StSShapeShifter:MysticalSeed"],"picked":"StSShapeShifter:WolfsBane","floor":16},{"not_picked":["StSShapeShifter:MonkeyForm+1","StSShapeShifter:ThornToss"],"picked":"StSShapeShifter:ClimbTree","floor":18},{"not_picked":["StSShapeShifter:OakBlade","StSShapeShifter:ThornToss"],"picked":"StSShapeShifter:Garden+1","floor":20},{"not_picked":["StSShapeShifter:SunflowerShuriken+1","StSShapeShifter:EagleForm"],"picked":"StSShapeShifter:FruitBasket","floor":25},{"not_picked":["StSShapeShifter:FallingLeaves","StSShapeShifter:WaspSwarmForm"],"picked":"StSShapeShifter:Roar","floor":28},{"not_picked":["StSShapeShifter:RitualOfTheElders","StSShapeShifter:CursedApple"],"picked":"StSShapeShifter:BurstingSpore","floor":29},{"not_picked":["StSShapeShifter:CursedApple+1","StSShapeShifter:AdaptiveStrikes"],"picked":"StSShapeShifter:BladeOfGrass","floor":30}],"player_experience":1752800,"relics_obtained":[{"floor":7,"key":"Mastiff:ReiMu"},{"floor":9,"key":"Bag of Preparation"},{"floor":26,"key":"The Courier"},{"floor":29,"key":"StSShapeShifter:AlarmClock"}],"event_choices":[{"damage_healed":0,"gold_gain":0,"player_choice":"Box","damage_taken":0,"relics_obtained":["Kunai"],"max_hp_gain":0,"max_hp_loss":0,"event_name":"Big Fish","floor":4,"gold_loss":0,"cards_obtained":["Regret"]},{"damage_healed":0,"gold_gain":67,"player_choice":"Gained Gold","damage_taken":0,"max_hp_gain":0,"max_hp_loss":0,"event_name":"Golden Wing","floor":10,"gold_loss":0},{"damage_healed":0,"gold_gain":0,"player_choice":"Obtained Relic","damage_taken":0,"relics_obtained":["HornCleat"],"max_hp_gain":0,"max_hp_loss":0,"event_name":"Addict","floor":19,"gold_loss":85},{"damage_healed":0,"gold_gain":0,"player_choice":"Shed Blood","damage_taken":21,"max_hp_gain":5,"max_hp_loss":0,"event_name":"Forgotten Altar","floor":22,"gold_loss":0},{"damage_healed":0,"gold_gain":0,"player_choice":"Ignored","damage_taken":0,"max_hp_gain":0,"max_hp_loss":0,"event_name":"NoteForYourself","floor":24,"gold_loss":0},{"damage_healed":30,"gold_gain":0,"player_choice":"Heal","damage_taken":0,"max_hp_gain":0,"max_hp_loss":0,"event_name":"The Library","floor":31,"gold_loss":0}],"is_beta":false,"boss_relics":[{"not_picked":["Busted Crown","Ectoplasm"],"picked":"StSShapeShifter:LemurHeaddress"}],"items_purged_floors":[],"is_endless":false,"potions_floor_spawned":[3,7,12,14,18,28],"killed_by":"Collector","ascension_level":0}}