{"host":"6fhkt7uh7k6h93g3","time":1613982540,"event":{"mods":["AchievementEnabler","Act Like it!","Aspiration","BaseMod","Better Note","BetterRewards","Colored Map","Downfall","Hermit","Minty Spire (QoL Compilation)","StSLib"],"gold_per_floor":[99,119,136,136,1,33,56,156,167,167,235,249,267,281,295,400,400,400,410,428,443,463,463,463,463],"floor_reached":23,"language":"ENG","playtime":2118,"items_purged":["downfall:Malfunctioning"],"score":197,"play_id":"f3b67c14-b6fa-4570-8984-79499128386b","local_time":"20210222092900","is_ascension_mode":false,"campfire_choices":[{"data":"bronze:Replicate","floor":1,"key":"SMITH"},{"data":"bronze:AlphaBuild","floor":18,"key":"SMITH"}],"circlet_count":0,"master_deck":["bronze:Strike+1","bronze:Strike","bronze:Strike","bronze:Strike","bronze:Defend","bronze:Defend","bronze:Defend","bronze:Defend+1","bronze:Replicate+1","bronze:Goto+1","bronze:Branch","bronze:CloningBeam","bronze:ClassDefault","bronze:WhirlingStrike","bronze:Iterate","bronze:Goto","bronze:Invalidate","bronze:Optimize","bronze:AlphaBuild+1","Deep Breath","downfall:Haunted","bronze:Fortify","bronze:Spike","bronze:ChosenStrike","bronze:RecursiveStrike","bronze:Boost","bronze:Assembly","bronze:NullPointer"],"relics":["bronze:BronzeCore","Orichalcum","Akabeko","downfall:GremlinSack","Bottled Lightning","aspiration:RitualDagger"],"acts_visited":["Exordium","TheCity"],"potions_floor_usage":[8],"damage_taken":[{"damage":0,"enemies":"Small Slimes","floor":2,"turns":3},{"damage":1,"enemies":"2 Louse","floor":3,"turns":3},{"damage":5,"enemies":"downfall:FleeingMerchant","floor":5,"turns":4},{"damage":13,"enemies":"Gremlin Nob","floor":6,"turns":5},{"damage":18,"enemies":"Gremlin Nob","floor":8,"turns":5},{"damage":1,"enemies":"Cultist","floor":9,"turns":3},{"damage":6,"enemies":"Cultist","floor":10,"turns":4},{"damage":0,"enemies":"Large Slime","floor":12,"turns":2},{"damage":5,"enemies":"Blue Slaver","floor":13,"turns":3},{"damage":2,"enemies":"Gremlin Gang","floor":14,"turns":3},{"damage":4,"enemies":"2 Fungi Beasts","floor":15,"turns":3},{"damage":16,"enemies":"IC_STATUS_ARCHETYPE","floor":16,"turns":7},{"damage":18,"enemies":"Spheric Guardian","floor":19,"turns":3},{"damage":16,"enemies":"3 Byrds","floor":20,"turns":4},{"damage":40,"enemies":"Centurion and Healer","floor":21,"turns":8},{"damage":39,"enemies":"3 Cultists","floor":22,"turns":6},{"damage":81,"enemies":"Gremlin Leader","floor":23,"turns":7}],"seed_played":"4932856756844712493","potions_obtained":[{"floor":3,"key":"LiquidMemories"},{"floor":8,"key":"Dexterity Potion"},{"floor":13,"key":"bronze:BurnAndBuffPotion"},{"floor":14,"key":"bronze:CleanCodePotion"}],"is_trial":false,"path_per_floor":["R","M","M","?","$","E","T","?","M","?","T","M","M","M","M","B",null,"R","M","M","M","M","E"],"character_chosen":"THE_AUTOMATON","items_purchased":["bronze:WhirlingStrike"],"campfire_rested":0,"item_purchase_floors":[5],"current_hp_per_floor":[77,77,76,76,71,58,58,40,39,33,33,33,28,26,22,6,77,77,59,43,3,50,0,0,0],"gold":463,"neow_bonus":"TEN_PERCENT_HP_BONUS","is_daily":false,"chose_seed":false,"campfire_upgraded":2,"win_rate":0.0,"timestamp":1613982540,"path_taken":["R","M","M","?","$","E","T","?","?","?","?","M","?","M","M","BOSS","R","M","M","M","M","E"],"items_purchased_type":["Card"],"build_version":"2020-12-22","purchased_purges":1,"victory":false,"max_hp_per_floor":[77,77,77,77,77,77,77,77,77,77,77,77,77,77,77,77,77,77,77,77,77,77,77,77,77],"card_choices":[{"not_picked":["bronze:BuggyMess","bronze:Boost"],"picked":"bronze:Branch","floor":2},{"not_picked":["bronze:WildBeam","bronze:Shield"],"picked":"bronze:CloningBeam","floor":3},{"not_picked":["bronze:Shell","bronze:BuggyMess"],"picked":"bronze:ClassDefault","floor":5},{"not_picked":["bronze:ForLoop","bronze:Backtrace"],"picked":"bronze:Iterate","floor":6},{"not_picked":["bronze:ForLoop","bronze:MaxOutput"],"picked":"bronze:Fortify","floor":9},{"not_picked":[],"picked":"bronze:Spike","floor":10},{"not_picked":["bronze:Invalidate","bronze:Overheat"],"picked":"bronze:ChosenStrike","floor":12},{"not_picked":["bronze:Shield","bronze:Safeguard"],"picked":"bronze:RecursiveStrike","floor":13},{"not_picked":["bronze:Return","bronze:DigitalCarnage"],"picked":"bronze:Boost","floor":14},{"not_picked":["bronze:Deprecate","bronze:Iterate","bronze:WhirlingStrike"],"picked":"SKIP","floor":15},{"not_picked":["bronze:ShipIt","bronze:SpaghettiCode"],"picked":"bronze:Assembly","floor":16},{"not_picked":["bronze:Overheat","bronze:Shield"],"picked":"bronze:NullPointer","floor":19},{"not_picked":["bronze:MaxOutput","bronze:Safeguard","bronze:ChosenStrike"],"picked":"SKIP","floor":20},{"not_picked":["bronze:DelayedGuard+1","bronze:FollowUp","bronze:ClassDefault+1"],"picked":"SKIP","floor":21},{"not_picked":["bronze:Optimize","bronze:OilSpill","bronze:Iterate"],"picked":"SKIP","floor":22}],"player_experience":401013,"relics_obtained":[{"floor":6,"key":"Orichalcum"},{"floor":7,"key":"Akabeko"},{"floor":8,"key":"downfall:GremlinSack"},{"floor":11,"key":"Bottled Lightning"}],"event_choices":[],"is_beta":false,"boss_relics":[{"not_picked":["Fusion Hammer","Tiny House"],"picked":"aspiration:RitualDagger"}],"items_purged_floors":[5],"is_endless":false,"potions_floor_spawned":[3,8,13,14,16,19,20,22],"killed_by":"Gremlin Leader","ascension_level":0}}