{"host":"aapp7ew3jk5k1bvd","time":1613994494,"event":{"mods":["AchievementEnabler","BaseMod","Colored Map","Custom Start","Keyboard Shortcuts","Minty Spire (QoL Compilation)","Permanent Neow","Quick Restart","StSLib","SuperFastMode"],"gold_per_floor":[113,38,57,132,147,147,157,157,182,182,82,92,92,92,92,92,92],"floor_reached":16,"language":"KOR","playtime":247,"items_purged":["Strike_R","Strike_R"],"score":149,"play_id":"424a4525-c130-4cd0-b311-ccc0197a866e","local_time":"20210222204814","is_ascension_mode":true,"campfire_choices":[{"data":"Dropkick","floor":6,"key":"SMITH"},{"data":"Bash","floor":8,"key":"SMITH"},{"data":"Evolve","floor":10,"key":"SMITH"},{"floor":15,"key":"REST"}],"circlet_count":0,"master_deck":["AscendersBane","Strike_R","Strike_R","Strike_R","Defend_R","Defend_R","Defend_R","Defend_R","Bash+1","Dropkick+1","Evolve+1","Parasite"],"relics":["Burning Blood","Strawberry"],"acts_visited":["Exordium"],"potions_floor_usage":[12],"damage_taken":[{"damage":8.0,"enemies":"Jaw Worm","floor":1.0,"turns":4.0},{"damage":0.0,"enemies":"Cultist","floor":3.0,"turns":3.0},{"damage":2,"enemies":"2 Louse","floor":5,"turns":3},{"damage":42,"enemies":"Exordium Thugs","floor":7,"turns":7},{"damage":26,"enemies":"Gremlin Gang","floor":12,"turns":9},{"damage":0,"enemies":"The Guardian","floor":16,"turns":2}],"seed_played":"-6859079523369602689","potions_obtained":[{"floor":5,"key":"Ancient Potion"},{"floor":7,"key":"Energy Potion"}],"is_trial":false,"path_per_floor":["M","$","M","?","M","R","M","R","T","R","$","M","?","$","R","B"],"character_chosen":"IRONCLAD","items_purchased":[],"campfire_rested":1,"item_purchase_floors":[],"current_hp_per_floor":[70,70,76,68,72,72,36,36,43,43,43,23,44,44,70,70,70],"gold":92,"neow_bonus":"THREE_CARDS","is_daily":false,"chose_seed":false,"campfire_upgraded":3,"win_rate":0.0,"timestamp":1613994494,"path_taken":["M","$","M","?","?","R","M","R","T","R","?","M","?","$","R","BOSS"],"items_purchased_type":[],"build_version":"2020-12-22","purchased_purges":2,"victory":false,"max_hp_per_floor":[80,80,80,80,80,80,80,80,87,87,87,87,87,87,87,87,87],"card_choices":[{"not_picked":["Sentinel","Dual Wield"],"picked":"Dropkick","floor":0.0},{"not_picked":["Twin Strike","Anger"],"picked":"Evolve","floor":1.0},{"not_picked":["Perfected Strike","Havoc","Anger"],"picked":"SKIP","floor":3.0},{"not_picked":["Iron Wave","Wild Strike","Havoc"],"picked":"SKIP","floor":5},{"not_picked":["Combust","Exhume","Flex"],"picked":"SKIP","floor":7},{"not_picked":["Sentinel","Rampage","Wild Strike"],"picked":"SKIP","floor":12}],"player_experience":1053582,"relics_obtained":[{"floor":9,"key":"Strawberry"}],"event_choices":[{"damage_healed":0,"gold_gain":75,"player_choice":"Touch","damage_taken":8,"max_hp_gain":0,"max_hp_loss":0,"event_name":"FaceTrader","floor":4,"gold_loss":0},{"damage_healed":21,"gold_gain":0,"player_choice":"Healed and dodged fight","damage_taken":0,"max_hp_gain":0,"max_hp_loss":0,"event_name":"Mushrooms","floor":13,"gold_loss":0,"cards_obtained":["Parasite"]}],"is_beta":false,"boss_relics":[],"items_purged_floors":[2,11],"is_endless":false,"potions_floor_spawned":[5,7],"killed_by":"The Guardian","ascension_level":13}}