{"host":"85rg8sallz0lemh6","time":1613971380,"event":{"mods":["BaseMod","Bestiary","Colored Powertips","Highlight Path","Minty Spire (QoL Compilation)","Quick Restart"],"gold_per_floor":[110,110,128,128,128,166,180,180,180,201,245,245,259,293,293,422,422,436,351,351,367,387,430,430,468,491,511,535,535,535,535],"floor_reached":30,"language":"ENG","playtime":925,"items_purged":[],"score":449,"play_id":"8a992968-91de-4572-be9d-b022a51705a3","local_time":"20210221232300","is_ascension_mode":true,"campfire_choices":[{"data":"ConjureBlade","floor":8.0,"key":"SMITH"},{"data":"Eruption","floor":12.0,"key":"SMITH"},{"data":"Ragnarok","floor":15.0,"key":"SMITH"},{"data":"RitualDagger","floor":24.0,"key":"SMITH"},{"floor":29,"key":"REST"}],"circlet_count":0,"master_deck":["Strike_P+1","Strike_P","Strike_P","Strike_P","Defend_P","Defend_P","Defend_P","Defend_P","Eruption+1","Vigilance","ConjureBlade+1","WreathOfFlame+1","EmptyBody+1","Crescendo+1","Ragnarok+1","Scrawl+1","RitualDagger+1","Adaptation","Adaptation+1"],"relics":["PureWater","Golden Idol","Toxic Egg 2","White Beast Statue","CaptainsWheel","Matryoshka","SlaversCollar","Darkstone Periapt","Happy Flower","Yang","MealTicket","CeramicFish"],"acts_visited":["Exordium","TheCity"],"potions_floor_usage":[30,30],"damage_taken":[{"damage":0.0,"enemies":"Jaw Worm","floor":1.0,"turns":3.0},{"damage":0.0,"enemies":"Small Slimes","floor":3.0,"turns":3.0},{"damage":25.0,"enemies":"Lagavulin","floor":6.0,"turns":6.0},{"damage":4.0,"enemies":"2 Louse","floor":7.0,"turns":2.0},{"damage":0.0,"enemies":"Looter","floor":10.0,"turns":4.0},{"damage":0.0,"enemies":"3 Sentries","floor":11.0,"turns":2.0},{"damage":0.0,"enemies":"Large Slime","floor":13.0,"turns":3.0},{"damage":0.0,"enemies":"Gremlin Nob","floor":14.0,"turns":2.0},{"damage":0.0,"enemies":"The Guardian","floor":16.0,"turns":3.0},{"damage":17.0,"enemies":"Shell Parasite","floor":18.0,"turns":4.0},{"damage":22.0,"enemies":"2 Thieves","floor":21.0,"turns":2.0},{"damage":0.0,"enemies":"Snake Plant","floor":22.0,"turns":1.0},{"damage":4.0,"enemies":"Book of Stabbing","floor":23.0,"turns":3.0},{"damage":15.0,"enemies":"Gremlin Leader","floor":25.0,"turns":4.0},{"damage":0.0,"enemies":"Chosen and Byrds","floor":27.0,"turns":5.0},{"damage":0,"enemies":"3 Cultists","floor":28,"turns":3},{"damage":29,"enemies":"Slavers","floor":30,"turns":4}],"seed_played":"-5601537653923380564","potions_obtained":[{"floor":1.0,"key":"EssenceOfSteel"},{"floor":3.0,"key":"BlessingOfTheForge"},{"floor":10.0,"key":"Fruit Juice"},{"floor":11.0,"key":"AttackPotion"},{"floor":13.0,"key":"BottledMiracle"},{"floor":14.0,"key":"StancePotion"},{"floor":16.0,"key":"Regen Potion"},{"floor":22.0,"key":"SpeedPotion"},{"floor":23.0,"key":"Ancient Potion"},{"floor":25.0,"key":"Swift Potion"},{"floor":27.0,"key":"BottledMiracle"},{"floor":28,"key":"SpeedPotion"}],"is_trial":false,"path_per_floor":["M","$","M","?","?","E","M","R","T","M","E","R","M","E","R","B",null,"M","?","?","M","M","E","R","E","T","M","M","R","E"],"character_chosen":"WATCHER","items_purchased":[],"campfire_rested":1,"item_purchase_floors":[],"current_hp_per_floor":[72,72,72,58,58,33,29,29,29,34,34,34,34,34,34,34,72,55,55,49,27,27,23,23,8,8,8,8,29,0,0],"gold":535,"neow_bonus":"ONE_RANDOM_RARE_CARD","is_daily":false,"chose_seed":false,"campfire_upgraded":4,"win_rate":0.0,"timestamp":1613971380,"path_taken":["M","$","M","?","?","E","M","R","T","M","E","R","M","E","R","BOSS","M","?","?","M","M","E","R","E","T","M","M","R","E"],"items_purchased_type":[],"build_version":"2020-12-22","purchased_purges":0,"victory":false,"max_hp_per_floor":[72,72,72,72,67,67,67,67,67,72,72,72,72,72,72,72,72,72,72,72,72,72,72,72,72,72,72,72,72,72,72],"card_choices":[{"not_picked":["BattleHymn","EmptyBody"],"picked":"WreathOfFlame","floor":1.0},{"not_picked":["Prostrate","PathToVictory","FlurryOfBlows"],"picked":"SKIP","floor":3.0},{"not_picked":["ThirdEye+1","WindmillStrike"],"picked":"EmptyBody+1","floor":6.0},{"not_picked":["Weave","FollowUp"],"picked":"Crescendo+1","floor":7.0},{"not_picked":["Crescendo+1","FlyingSleeves"],"picked":"Ragnarok","floor":10.0},{"not_picked":["MentalFortress","Tantrum","PathToVictory+1"],"picked":"SKIP","floor":11.0},{"not_picked":["ForeignInfluence+1","Evaluate+1","Protect+1"],"picked":"SKIP","floor":13.0},{"not_picked":["Consecrate","SignatureMove"],"picked":"Scrawl+1","floor":14.0},{"not_picked":["Halt+1","SashWhip","Sanctity+1"],"picked":"SKIP","floor":18.0},{"not_picked":["PathToVictory+1","WreathOfFlame+1","Crescendo+1"],"picked":"SKIP","floor":21.0},{"not_picked":["Vengeance+1","Consecrate+1","CutThroughFate"],"picked":"SKIP","floor":22.0},{"not_picked":["FearNoEvil","Scrawl+1"],"picked":"Adaptation","floor":23.0},{"not_picked":["Nirvana","CutThroughFate"],"picked":"Adaptation+1","floor":25.0},{"not_picked":["EmptyBody+1","Sanctity+1","Protect+1"],"picked":"SKIP","floor":27.0},{"not_picked":["Halt+1","Evaluate+1","FearNoEvil"],"picked":"SKIP","floor":28}],"player_experience":101998,"relics_obtained":[{"floor":6.0,"key":"Toxic Egg 2"},{"floor":9.0,"key":"White Beast Statue"},{"floor":11.0,"key":"CaptainsWheel"},{"floor":14.0,"key":"Matryoshka"},{"floor":23.0,"key":"Happy Flower"},{"floor":25.0,"key":"Yang"},{"floor":26.0,"key":"MealTicket"},{"floor":26.0,"key":"CeramicFish"}],"event_choices":[{"damage_healed":0.0,"max_hp_gain":0.0,"max_hp_loss":0.0,"gold_gain":0.0,"event_name":"Shining Light","player_choice":"Entered Light","floor":4.0,"gold_loss":0.0,"damage_taken":14.0,"cards_upgraded":["WreathOfFlame","Strike_P"]},{"damage_healed":0.0,"max_hp_gain":0.0,"max_hp_loss":5.0,"gold_gain":0.0,"event_name":"Golden Idol","player_choice":"Lose Max HP","floor":5.0,"gold_loss":0.0,"damage_taken":0.0,"relics_obtained":["Golden Idol"]},{"damage_healed":0.0,"max_hp_gain":0.0,"max_hp_loss":0.0,"gold_gain":0.0,"event_name":"Addict","player_choice":"Obtained Relic","floor":19.0,"gold_loss":85.0,"damage_taken":0.0,"relics_obtained":["Darkstone Periapt"]},{"damage_healed":0.0,"max_hp_gain":0.0,"max_hp_loss":0.0,"gold_gain":0.0,"event_name":"Nest","player_choice":"Joined the Cult","floor":20.0,"gold_loss":0.0,"damage_taken":6.0,"cards_obtained":["RitualDagger"]}],"is_beta":false,"boss_relics":[{"not_picked":["Pandora\u0027s Box","Cursed Key"],"picked":"SlaversCollar"}],"items_purged_floors":[],"is_endless":false,"potions_floor_spawned":[1,3,10,11,13,14,16,18,21,22,23,25,27,28],"killed_by":"Slavers","ascension_level":3}}