{"host":"ztzf20fs6w35ztzf","time":1613989791,"event":{"mods":["AchievementEnabler","AlwaysNeverKeys","BaseMod","BetterRewards","Colored Powertips","DeckTracker","Downfall","Grow up Mod","Lobotomy","Minty Spire (QoL Compilation)","Rare Cards Sparkle","Remove Card Discount Mod","Replay The Spire","StSLib","SuperFastMode"],"gold_per_floor":[110,120,120,135,135,168,168,195,195,195,220,238,222,235,235,311,311,321,335,335,335,335,335],"floor_reached":22,"language":"ENG","playtime":935,"items_purged":["Defend_R","Defend_R","Defend_R+1","Strike_R","Strike_R","Strike_R","Strike_R","Strike_R"],"score":427,"play_id":"964284fa-fb66-46b4-9437-41357a3af5aa","local_time":"20210222182951","is_ascension_mode":true,"campfire_choices":[{"data":"Infernal Blade","floor":10,"key":"SMITH"},{"floor":15,"key":"REST"}],"circlet_count":0,"master_deck":["AscendersBane","Bash","UniverseFragment","Inflame+1","DreamingCurrent","Infernal Blade+1","Wellcheers","Sever Soul","CrumblingArmor","Anger","OSAHOGD","Burning Pact","CherryBlossoms","Hemogenesis","Flex","BigBird","Armaments","Porccubus","Limit Break","Flex","CENSORED","Brutality"],"relics":["Burning Blood","CogitoBucket","Gremlin Horn","PreservedInsect","Girya","Calipers","FleshIdol","Philosopher\u0027s Stone"],"acts_visited":["Exordium","TheCity"],"potions_floor_usage":[7],"damage_taken":[{"damage":19,"enemies":"Jaw Worm","floor":1,"turns":3},{"damage":16,"enemies":"Small Slimes","floor":2,"turns":3},{"damage":28,"enemies":"2 Louse","floor":4,"turns":3},{"damage":15,"enemies":"Gremlin Nob","floor":6,"turns":4},{"damage":82,"enemies":"3 Sentries","floor":8,"turns":11},{"damage":30,"enemies":"Gremlin Nob","floor":11,"turns":3},{"damage":131,"enemies":"2 Fungi Beasts","floor":12,"turns":8},{"damage":59,"enemies":"Lots of Slimes","floor":14,"turns":5},{"damage":63,"enemies":"Slime Boss","floor":16,"turns":7},{"damage":75,"enemies":"Shell Parasite","floor":18,"turns":4},{"damage":47,"enemies":"Spheric Guardian","floor":19,"turns":4},{"damage":355,"enemies":"Chosen and Byrds","floor":22,"turns":10}],"seed_played":"-7344370900303523279","potions_obtained":[{"floor":4,"key":"Swift Potion"},{"floor":6,"key":"Fruit Juice"},{"floor":14,"key":"Energy Potion"}],"is_trial":false,"path_per_floor":["M","M","?","M","?","E","T","E","T","R","E","M","$","M","R","B",null,"M","M","?","?","M"],"character_chosen":"IRONCLAD","items_purchased":[],"campfire_rested":1,"item_purchase_floors":[],"current_hp_per_floor":[75,75,53,53,63,70,85,91,101,111,109,45,55,45,124,123,228,192,182,248,258,120,120],"gold":335,"neow_bonus":"","is_daily":false,"chose_seed":false,"campfire_upgraded":1,"win_rate":0.0,"timestamp":1613989791,"path_taken":["M","M","?","M","?","E","?","E","T","R","E","M","$","M","R","BOSS","M","M","?","?","M"],"items_purchased_type":[],"build_version":"2020-12-22","purchased_purges":8,"victory":false,"max_hp_per_floor":[95,105,115,125,135,145,160,170,180,190,200,210,220,230,240,250,260,270,280,290,300,300,300],"card_choices":[{"not_picked":["CrumblingArmor","PunishingBird"],"picked":"UniverseFragment","floor":1},{"not_picked":["Body Slam","Havoc"],"picked":"Inflame","floor":1},{"not_picked":["Bloodbath","MeatLantern"],"picked":"DreamingCurrent","floor":2},{"not_picked":["Iron Wave","Clash"],"picked":"Infernal Blade","floor":2},{"not_picked":["OldLady","CrumblingArmor"],"picked":"Wellcheers","floor":4},{"not_picked":["Clothesline","Twin Strike"],"picked":"Sever Soul","floor":4},{"not_picked":["SpiderBud","WhitesApple"],"picked":"CrumblingArmor","floor":6},{"not_picked":["ReplayReversal","Havoc"],"picked":"Anger","floor":6},{"not_picked":["Murderer","GalaxyChild"],"picked":"OSAHOGD","floor":8},{"not_picked":["Twin Strike","Blood for Blood"],"picked":"Burning Pact","floor":8},{"not_picked":["MeatLantern","SpiderBud"],"picked":"CherryBlossoms","floor":11},{"not_picked":["ReplayReversal","ReplayTheSpireMod:Corrosion Curse"],"picked":"Hemogenesis","floor":11},{"not_picked":["Brutality","ReplayTheSpireMod:Strike From Hell"],"picked":"Flex","floor":12},{"not_picked":["WallGazer","SingingMachine"],"picked":"BigBird","floor":12},{"not_picked":["LaLuna","FairyFestival"],"picked":"DespairKnight","floor":14},{"not_picked":["Pommel Strike","Fiend Fire"],"picked":"Armaments","floor":14},{"not_picked":["ShyLook","Funeral"],"picked":"Porccubus","floor":16},{"not_picked":["Barricade","Hemogenesis"],"picked":"Limit Break","floor":16},{"not_picked":["QueenBee","MHz","Funeral"],"picked":"Singing Bowl","floor":18},{"not_picked":["ReplayTheSpireMod:Strike From Hell","Clash"],"picked":"Flex","floor":18},{"not_picked":["FairyFestival","ShyLook","VoidDream"],"picked":"Singing Bowl","floor":19},{"not_picked":["LittlePrince","SingingMachine"],"picked":"CENSORED","floor":19},{"not_picked":["Run Through","Clash"],"picked":"Brutality","floor":19}],"player_experience":152777,"relics_obtained":[{"floor":6,"key":"Gremlin Horn"},{"floor":8,"key":"PreservedInsect"},{"floor":9,"key":"Girya"},{"floor":11,"key":"Calipers"}],"event_choices":[{"damage_healed":0,"gold_gain":0,"player_choice":"Entered Light","damage_taken":32,"max_hp_gain":0,"max_hp_loss":0,"event_name":"Shining Light","floor":3,"gold_loss":0,"cards_upgraded":["Defend_R","Inflame"]},{"cards_removed":["Defend_R"],"damage_healed":0,"gold_gain":0,"player_choice":"Forget","damage_taken":0,"max_hp_gain":0,"max_hp_loss":0,"event_name":"Living Wall","floor":5,"gold_loss":0},{"damage_healed":56,"gold_gain":0,"player_choice":"Heal","damage_taken":0,"max_hp_gain":0,"max_hp_loss":0,"event_name":"The Library","floor":20,"gold_loss":0},{"cards_removed":["DespairKnight"],"damage_healed":0,"gold_gain":0,"player_choice":"Elegance","damage_taken":0,"max_hp_gain":0,"max_hp_loss":0,"event_name":"Back to Basics","floor":21,"gold_loss":0}],"is_beta":false,"boss_relics":[{"not_picked":["Snecko Eye","Ooze Armor"],"picked":"Philosopher\u0027s Stone"}],"items_purged_floors":[13,13,13,13,13,13,13,13],"is_endless":false,"potions_floor_spawned":[4,6,14],"killed_by":"Chosen and Byrds","ascension_level":17}}