{"host":"gaqyve1328ta0etl","time":1613985385,"event":{"mods":["BaseMod","Colored Map","Colored Powertips","Duelist Mod","Googly Eyes","Hero for Fun","Minty Spire (QoL Compilation)","Shop Mod","StSLib","SuperFastMode","The Hierophant","The Runesmith"],"gold_per_floor":[143,143,169,169,4,4,32,32,32,60,76,88,13,41,41,112,112,130,30,49,63,63,63,63,89,112,112,129,54,69,85,85,157,207,217,236,236,261,261,261,280,280,580,580,627,330,330,347,347,347,347,347],"floor_reached":51,"language":"ENG","playtime":1352,"items_purged":["theDuelist:Sparks","theDuelist:CastleWalls","theDuelist:GiantSoldier+1"],"score":1512,"play_id":"0e16459d-bee5-4e9f-b299-83757feb2903","local_time":"20210222011625","is_ascension_mode":true,"campfire_choices":[{"floor":6,"key":"REST"},{"data":"theDuelist:Reinforcements","floor":8,"key":"SMITH"},{"data":"theDuelist:MudGolem","floor":15,"key":"SMITH"},{"data":"theDuelist:AfterGenocide","floor":23,"key":"SMITH"},{"data":"theDuelist:WingedKuriboh","floor":32,"key":"SMITH"},{"data":"theDuelist:Kuribohrn","floor":40,"key":"SMITH"},{"data":"theDuelist:HammerShot","floor":42,"key":"SMITH"},{"data":"theDuelist:RainbowKuriboh","floor":44,"key":"SMITH"},{"floor":47,"key":"REST"},{"data":"Panacea","floor":49,"key":"SMITH"}],"circlet_count":0,"master_deck":["AscendersBane","theDuelist:FinalFlame","theDuelist:Eva+1","theDuelist:Reinforcements+1","theDuelist:HammerShot+1","theDuelist:RainbowNeos","theDuelist:MudGolem+1","theDuelist:HappyLover+1","theDuelist:HappyLover","theDuelist:FusionWeapon+1","theDuelist:AfterGenocide+1","theDuelist:Kuribohrn+1","theDuelist:WingedKuriboh+1","theDuelist:RainbowKuriboh+1","theDuelist:PineappleBlast","Panacea+1"],"relics":["theDuelist:MillenniumPuzzle","theDuelist:CardPoolRelic","theDuelist:CardPoolBasicRelic","theDuelist:BoosterPackPoolRelic","theDuelist:CardPoolAddRelic","theDuelist:CardPoolMinusRelic","theDuelist:CardPoolSaveRelic","theDuelist:CardPoolOptionsRelic","NeowsBlessing","Oddly Smooth Stone","Regal Pillow","Paper Frog","theDuelist:MillenniumRing","theDuelist:TributeEggRelic","Sozu","theDuelist:MillenniumRod","War Paint","Vajra","Tiny House","Torii","theDuelist:MillenniumCoin","Ginger"],"acts_visited":["Exordium","TheCity","TheBeyond"],"potions_floor_usage":[14,16,51],"damage_taken":[{"damage":0,"enemies":"2 Louse","floor":1,"turns":1},{"damage":0,"enemies":"3 Sentries","floor":7,"turns":2},{"damage":0,"enemies":"Lagavulin","floor":10,"turns":1},{"damage":0,"enemies":"Small Slimes","floor":11,"turns":3},{"damage":0,"enemies":"Jaw Worm","floor":12,"turns":4},{"damage":0,"enemies":"Gremlin Nob","floor":14,"turns":2},{"damage":39,"enemies":"Slime Boss","floor":16,"turns":8},{"damage":1,"enemies":"Shell Parasite","floor":18,"turns":4},{"damage":0,"enemies":"2 Thieves","floor":20,"turns":3},{"damage":9,"enemies":"Cultist and Chosen","floor":21,"turns":6},{"damage":0,"enemies":"Gremlin Leader","floor":25,"turns":3},{"damage":0,"enemies":"Snecko","floor":28,"turns":3},{"damage":0,"enemies":"Centurion and Healer","floor":30,"turns":3},{"damage":0,"enemies":"3 Cultists","floor":31,"turns":4},{"damage":7,"enemies":"Automaton","floor":33,"turns":8},{"damage":0,"enemies":"3 Shapes","floor":35,"turns":5},{"damage":0,"enemies":"3 Darklings","floor":36,"turns":3},{"damage":0,"enemies":"Mind Bloom Boss Battle","floor":38,"turns":5},{"damage":0,"enemies":"Transient","floor":41,"turns":6},{"damage":22,"enemies":"2 Orb Walkers","floor":45,"turns":3},{"damage":1,"enemies":"Jaw Worm Horde","floor":48,"turns":4},{"damage":39,"enemies":"Awakened One","floor":50,"turns":10},{"damage":35,"enemies":"Donu and Deca","floor":51,"turns":2}],"seed_played":"-7213181938316905926","potions_obtained":[{"floor":7,"key":"BlessingOfTheForge"},{"floor":10,"key":"theDuelist:FreezingPotion"},{"floor":12,"key":"Regen Potion"},{"floor":14,"key":"theDuelist:TokenPotion"}],"is_trial":false,"path_per_floor":["M","?","?","?","$","R","E","R","T","E","M","M","$","E","R","B",null,"M","$","M","M","?","R","?","E","T","$","M","?","M","M","R","B",null,"M","M","?","?","?","R","M","R","T","R","?","$","R","M","R","B","B"],"character_chosen":"THE_DUELIST","items_purchased":["Oddly Smooth Stone","theDuelist:PineappleBlast","Panacea"],"campfire_rested":2,"item_purchase_floors":[5,46,46],"current_hp_per_floor":[63,56,56,35,35,56,56,56,56,56,56,56,56,56,56,32,61,60,60,60,51,51,51,51,51,51,51,51,51,51,51,51,44,69,69,69,69,69,69,69,69,69,69,69,47,47,71,70,70,31,0,0],"gold":347,"neow_bonus":"THREE_ENEMY_KILL","is_daily":false,"chose_seed":false,"campfire_upgraded":8,"win_rate":0.0,"timestamp":1613985385,"path_taken":["M","?","?","?","?","R","E","R","T","E","M","?","$","E","R","BOSS","M","$","M","M","?","R","?","E","T","$","?","?","M","M","R","BOSS","M","M","?","?","?","R","M","R","T","R","?","$","R","M","R","BOSS","BOSS"],"items_purchased_type":["Relic","Card","Card"],"build_version":"2020-12-22","purchased_purges":3,"victory":false,"max_hp_per_floor":[70,70,70,70,70,70,70,70,70,70,70,70,70,70,70,70,70,70,70,70,70,70,70,70,70,70,70,70,70,70,70,70,70,75,75,75,71,71,71,71,71,71,71,71,71,71,71,71,71,71,71,71],"card_choices":[{"not_picked":["theDuelist:BigFire","theDuelist:Tuningware","theDuelist:SpiritHarp","theDuelist:Sangan"],"picked":"theDuelist:Eva","floor":1},{"not_picked":["theDuelist:Graverobber","theDuelist:SilverApples","theDuelist:PowerWall","theDuelist:MiraculousDescent"],"picked":"theDuelist:Reinforcements","floor":7},{"not_picked":["theDuelist:Polymerization","theDuelist:EarthGiant","theDuelist:BlackPendant","theDuelist:WingedKuribohLv9"],"picked":"theDuelist:HammerShot","floor":10},{"not_picked":["theDuelist:BigFire","theDuelist:MagnumShield","theDuelist:SpiritHarp","theDuelist:ScrapFactory"],"picked":"theDuelist:RainbowNeos","floor":11},{"not_picked":["theDuelist:BattleOx","theDuelist:Terraforming","theDuelist:Sangan","theDuelist:PotDichotomy"],"picked":"theDuelist:MudGolem","floor":12},{"not_picked":["theDuelist:FeatherShot+1","theDuelist:BreakDraw+1","theDuelist:AncientGearFist+1"],"picked":"SKIP","floor":14},{"not_picked":["theDuelist:RainbowNeos","theDuelist:KamionTimelord","theDuelist:Eva","theDuelist:RainbowKuriboh"],"picked":"theDuelist:HappyLover","floor":16},{"not_picked":["theDuelist:FuryFire","theDuelist:FairyBox","theDuelist:MiraculousDescent","theDuelist:PsychicShockwave"],"picked":"theDuelist:HappyLover","floor":18},{"not_picked":["theDuelist:SpellShatteringArrow","theDuelist:DoubleTool","theDuelist:CoreBlaster","theDuelist:RainbowNeos+1","theDuelist:VendreadCharge+1"],"picked":"SKIP","floor":20},{"not_picked":["theDuelist:SpellShatteringArrow","theDuelist:AfterTheStorm+1","theDuelist:BattleFootballer","theDuelist:DeltaAttacker","theDuelist:SangaEarth+1"],"picked":"SKIP","floor":21},{"not_picked":["theDuelist:LightningRodLord","theDuelist:GemArmadillo","theDuelist:Hinotama","theDuelist:UltimateOffering"],"picked":"theDuelist:Kuribohrn","floor":25},{"not_picked":["theDuelist:SpellShatteringArrow","theDuelist:SilverApples","theDuelist:Eva","theDuelist:PowerKaishin","theDuelist:FairyBox"],"picked":"SKIP","floor":28},{"not_picked":["theDuelist:HappyLover","theDuelist:Eva","theDuelist:GreenGraveOni+1","theDuelist:GreyGreedOni","theDuelist:RainbowOverdragon"],"picked":"SKIP","floor":30},{"not_picked":["theDuelist:PowerWall","theDuelist:CastleDarkIllusions+1","theDuelist:FutureFusion+1","theDuelist:EvilswarmHeliotrope"],"picked":"theDuelist:WingedKuriboh","floor":31},{"not_picked":["theDuelist:SilentDoom+1","theDuelist:LightningVortex","theDuelist:MagicalStone+1","theDuelist:DarkBurningMagic","theDuelist:SparkBlaster"],"picked":"SKIP","floor":35},{"not_picked":["theDuelist:SpellShatteringArrow","theDuelist:Downbeat","theDuelist:SpiritHarp+1","theDuelist:AfterTheStorm+1","theDuelist:PowerKaishin+1"],"picked":"SKIP","floor":36},{"not_picked":["theDuelist:BlueBloodedOni","theDuelist:GreyGreedOni","theDuelist:PurplePainOni","theDuelist:RedHeadedOni+1"],"picked":"theDuelist:RainbowKuriboh","floor":39},{"not_picked":["theDuelist:MeteorDestruction+1","theDuelist:Hinotama+1","theDuelist:CoreBlaster","theDuelist:BigFire","theDuelist:VendreadCharge"],"picked":"SKIP","floor":41},{"not_picked":["theDuelist:SpellShatteringArrow","theDuelist:Downbeat","theDuelist:WormApocalypse+1","theDuelist:CombinationAttack","theDuelist:BlackPendant"],"picked":"SKIP","floor":48}],"player_experience":2240509,"relics_obtained":[{"floor":7,"key":"Regal Pillow"},{"floor":9,"key":"Paper Frog"},{"floor":10,"key":"theDuelist:MillenniumRing"},{"floor":14,"key":"theDuelist:TributeEggRelic"},{"floor":25,"key":"War Paint"},{"floor":26,"key":"Vajra"},{"floor":38,"key":"Torii"},{"floor":43,"key":"theDuelist:MillenniumCoin"},{"floor":45,"key":"Ginger"}],"event_choices":[{"cards_removed":["theDuelist:Sparks"],"damage_healed":0,"gold_gain":0,"player_choice":"Card Removal","damage_taken":7,"max_hp_gain":0,"max_hp_loss":0,"event_name":"Golden Wing","floor":2,"gold_loss":0},{"damage_healed":0,"gold_gain":0,"player_choice":"Sold Castle Walls for 26 Gold.","duelist":true,"damage_taken":0,"max_hp_gain":0,"max_hp_loss":0,"event_name":"Card Trader","floor":3,"gold_loss":0},{"damage_healed":0,"gold_gain":0,"player_choice":"Entered Light","damage_taken":21,"max_hp_gain":0,"max_hp_loss":0,"event_name":"Shining Light","floor":4,"gold_loss":0,"cards_upgraded":["theDuelist:Eva","theDuelist:BeaverWarrior"]},{"damage_healed":0,"gold_gain":0,"cards_transformed":["theDuelist:BeaverWarrior","theDuelist:GiantSoldier"],"player_choice":"Became Test Subject","damage_taken":0,"max_hp_gain":0,"max_hp_loss":0,"event_name":"Drug Dealer","floor":22,"gold_loss":0,"cards_obtained":["theDuelist:FusionWeapon","theDuelist:AfterGenocide"]},{"cards_removed":["theDuelist:ScrapFactory"],"damage_healed":0,"gold_gain":0,"player_choice":"Gave Card","damage_taken":0,"relics_obtained":["theDuelist:MillenniumRod"],"max_hp_gain":0,"max_hp_loss":0,"event_name":"WeMeetAgain","floor":24,"gold_loss":0},{"cards_removed":["theDuelist:BeaverWarrior"],"damage_healed":0,"gold_gain":0,"player_choice":"Gave Gold","damage_taken":0,"max_hp_gain":0,"max_hp_loss":0,"event_name":"Beggar","floor":29,"gold_loss":75},{"damage_healed":0,"gold_gain":0,"player_choice":"Max HP","damage_taken":0,"max_hp_gain":0,"max_hp_loss":4,"event_name":"Winding Halls","floor":37,"gold_loss":0},{"damage_healed":0,"gold_gain":0,"player_choice":"Fight","damage_taken":0,"max_hp_gain":0,"max_hp_loss":0,"event_name":"MindBloom","floor":38,"gold_loss":0},{"damage_healed":0,"gold_gain":0,"player_choice":"Memory 1","damage_taken":0,"max_hp_gain":0,"max_hp_loss":0,"event_name":"SensoryStone","floor":39,"gold_loss":0},{"damage_healed":0,"gold_gain":0,"player_choice":"Fight","damage_taken":0,"max_hp_gain":0,"max_hp_loss":0,"event_name":"Mysterious Sphere","floor":45,"gold_loss":0}],"is_beta":false,"boss_relics":[{"not_picked":["Cursed Key","Coffee Dripper"],"picked":"Sozu"},{"not_picked":["Black Star","Mark of Pain"],"picked":"Tiny House"}],"items_purged_floors":[13,19,46],"is_endless":false,"potions_floor_spawned":[7,10,12,14,18,21,31,33,36,41],"killed_by":"Donu and Deca","ascension_level":20}}