{"host":"61r95uy0hn86b9iu","time":1613957210,"event":{"mods":["AchievementEnabler","BaseMod","Better Vampires","BetterRewards","Colored Powertips","Hubris","Minty Spire (QoL Compilation)","Shop Mod","StSLib"],"gold_per_floor":[116,129,141,156,156,183,183,12,12,12,12,45,62,62,62,141,141,156,81,81,7,7,7,7],"floor_reached":23,"language":"ENG","playtime":563,"items_purged":[],"score":579,"play_id":"cb76d693-e2de-4495-9fca-b5961207dba3","local_time":"20210221192650","is_ascension_mode":true,"campfire_choices":[{"floor":7.0,"key":"REST"},{"floor":15.0,"key":"REST"}],"circlet_count":0,"master_deck":["AscendersBane","Strike_B","Strike_B","Strike_B","Defend_B","Defend_B","Defend_B","Defend_B","Zap","Dualcast","Capacitor","Electrodynamics","Glacier","Conserve Battery","hubris:Ukulele","Echo Form","Force Field","Double Energy","Writhe","Defragment"],"relics":["Cracked Core","Letter Opener","Regal Pillow","Gremlin Horn","hubris:Towel","hubris:OldNail","hubris:Backtick","hubris:Potato","White Beast Statue","hubris:Icosahedron"],"acts_visited":["Exordium","TheCity"],"potions_floor_usage":[],"damage_taken":[{"damage":1.0,"enemies":"Cultist","floor":1.0,"turns":3.0},{"damage":0.0,"enemies":"Small Slimes","floor":2.0,"turns":2.0},{"damage":0.0,"enemies":"2 Louse","floor":3.0,"turns":2.0},{"damage":0.0,"enemies":"Large Slime","floor":4.0,"turns":4.0},{"damage":23.0,"enemies":"Lagavulin","floor":6.0,"turns":5.0},{"damage":18.0,"enemies":"Gremlin Nob","floor":12.0,"turns":4.0},{"damage":12.0,"enemies":"Blue Slaver","floor":13.0,"turns":4.0},{"damage":14.0,"enemies":"The Guardian","floor":16.0,"turns":9.0},{"damage":24.0,"enemies":"Chosen","floor":18.0,"turns":7.0},{"damage":44,"enemies":"Book of Stabbing","floor":23,"turns":7}],"seed_played":"-736173898770371639","potions_obtained":[{"floor":2.0,"key":"Weak Potion"},{"floor":6.0,"key":"PowerPotion"},{"floor":12.0,"key":"LiquidMemories"}],"is_trial":false,"path_per_floor":["M","M","M","M","?","E","R","$","T","?","?","E","M","$","R","B",null,"M","?","?","$","?","E"],"character_chosen":"DEFECT","items_purchased":["Capacitor","Electrodynamics","Regal Pillow","Defragment"],"campfire_rested":2,"item_purchase_floors":[0,0,8,21],"current_hp_per_floor":[56,56,56,56,56,33,54,54,54,54,54,36,24,24,60,46,65,41,41,41,41,41,0,0],"gold":7,"neow_bonus":"","is_daily":false,"chose_seed":false,"campfire_upgraded":0,"win_rate":0.0,"timestamp":1613957210,"path_taken":["M","M","?","?","?","E","R","$","T","?","?","E","M","?","R","BOSS","M","?","?","$","?","E"],"items_purchased_type":["Card","Card","Relic","Card"],"build_version":"2020-12-22","purchased_purges":0,"victory":false,"max_hp_per_floor":[71,71,71,71,71,71,71,71,71,71,71,71,71,71,71,71,71,71,71,71,71,71,71,71],"card_choices":[{"not_picked":["Stack","Self Repair","Rebound"],"picked":"SKIP","floor":1.0},{"not_picked":["Recycle","Defragment"],"picked":"Glacier","floor":2.0},{"not_picked":["Darkness","Compile Driver"],"picked":"Conserve Battery","floor":3.0},{"not_picked":["Leap","Go for the Eyes"],"picked":"hubris:Ukulele","floor":4.0},{"not_picked":["Ball Lightning","Compile Driver","Recycle"],"picked":"SKIP","floor":6.0},{"not_picked":["BootSequence","hubris:PowerSurge"],"picked":"Force Field","floor":12.0},{"not_picked":["Barrage","Compile Driver"],"picked":"Double Energy","floor":13.0},{"not_picked":["Compile Driver","Undo","Glacier"],"picked":"SKIP","floor":18.0}],"player_experience":3373559,"relics_obtained":[{"floor":6.0,"key":"Letter Opener"},{"floor":9.0,"key":"Gremlin Horn"},{"floor":12.0,"key":"hubris:OldNail"}],"event_choices":[{"damage_healed":0.0,"max_hp_gain":0.0,"max_hp_loss":0.0,"gold_gain":0.0,"event_name":"Liars Game","player_choice":"Ignored","floor":5.0,"gold_loss":0.0,"damage_taken":0.0},{"cards_removed":["Strike_B"],"damage_healed":0.0,"max_hp_gain":0.0,"max_hp_loss":0.0,"gold_gain":0.0,"event_name":"Beggar","player_choice":"Gave Gold","floor":19.0,"gold_loss":75.0,"damage_taken":0.0},{"damage_healed":0.0,"max_hp_gain":0.0,"max_hp_loss":0.0,"gold_gain":0.0,"event_name":"The Mausoleum","player_choice":"Opened","floor":20.0,"gold_loss":0.0,"damage_taken":0.0,"relics_obtained":["White Beast Statue"],"cards_obtained":["Writhe"]}],"is_beta":false,"boss_relics":[{"not_picked":["Coffee Dripper","Ectoplasm"],"picked":"hubris:Backtick"}],"items_purged_floors":[],"is_endless":false,"potions_floor_spawned":[2,6,12],"killed_by":"Book of Stabbing","ascension_level":19}}