{"host":"8t5dkgm85abdp22d","time":1613965780,"event":{"mods":["100% Spire Juice","ATMod(阿瑾Mod)","Act Like it!","BaseMod","Colored Powertips","Conspire","Gensokyo","GungeonMod","Hallownest","Marisa（F雨　魔理沙）","Minty Spire (QoL Compilation)","MostiFishMod","Remilia（蕾米莉亚）","RumiaBox-露米娅的神秘盒子","Ryuuou龙王","StSLib","The Bug Knight","The Marked","UnlockEverythingMod","Waifu the Spire","WarShipGirlsR/战舰少女R mod","Yakumo Yukari mod"],"gold_per_floor":[109,109,141,157,157,192,44,56,82,116,129,155,175,190,190,290,290,310,10,10,10,10,10,45,45,96,96,116,116,116,116],"floor_reached":30,"language":"ZHS","playtime":1310,"items_purged":[],"score":291,"play_id":"6cdffa14-3086-4038-922c-adfc552321ba","local_time":"20210222114940","is_ascension_mode":false,"campfire_choices":[{"data":"theMarked:Challenge","floor":15.0,"key":"SMITH"},{"data":"theMarked:ChannelForce","floor":23,"key":"SMITH"},{"data":"theMarked:Overthink","floor":25,"key":"SMITH"},{"data":"theMarked:OneWithTheBlade","floor":27,"key":"SMITH"},{"data":"AT_ShadowStep","floor":29,"key":"SMITH"}],"circlet_count":0,"master_deck":["theMarked:Strike","theMarked:Strike","theMarked:Strike","theMarked:Strike","theMarked:Strike","theMarked:Defend","theMarked:Defend","theMarked:Defend","theMarked:Defend","theMarked:SoldierOfQuellstein+1","AT_ShadowStep+1","theMarked:WardOff","theMarked:EmpowerWeapon","theMarked:Memento","theMarked:ChannelForce+1","theMarked:Challenge+1","theMarked:OneWithTheBlade+1","theMarked:Overthink+1","theMarked:Improvise+1"],"relics":["theMarked:ArtifactOfAir","AT_ATBox","DaveBox","NeowsBlessing","Dodecahedron","SynthV:TestCard","Toy Ornithopter","SSSystem","DemoMod:WhiteGuonStone","Vajra","Blue Candle","Strawberry","Black Star","Orrery","TheAbacus","Gensokyo:DirgeOfMelancholy","Gensokyo:RedStar","DemoMod:LamentConfigurum","DemoMod:Metronome","MealTicket"],"acts_visited":["Exordium","Exordium"],"potions_floor_usage":[],"damage_taken":[{"damage":0.0,"enemies":"Small Slimes","floor":1.0,"turns":1.0},{"damage":0.0,"enemies":"conspire:MimicChest","floor":3.0,"turns":1.0},{"damage":0.0,"enemies":"2 Louse","floor":4.0,"turns":1.0},{"damage":11.0,"enemies":"3 Sentries","floor":6.0,"turns":9.0},{"damage":0.0,"enemies":"Cultist","floor":8.0,"turns":4.0},{"damage":10.0,"enemies":"Lagavulin","floor":10.0,"turns":6.0},{"damage":0.0,"enemies":"Gremlin Gang","floor":11.0,"turns":4.0},{"damage":10.0,"enemies":"Gremlin Nob","floor":12.0,"turns":3.0},{"damage":3.0,"enemies":"Exordium Wildlife","floor":13.0,"turns":5.0},{"damage":1.0,"enemies":"Red Slaver","floor":14.0,"turns":3.0},{"damage":4.0,"enemies":"Slime Boss","floor":16.0,"turns":9.0},{"damage":0,"enemies":"Gensokyo:2_Gloops","floor":18,"turns":5},{"damage":0,"enemies":"Gensokyo:Koishi","floor":24,"turns":5},{"damage":3,"enemies":"Gensokyo:CosmicMonolith","floor":28,"turns":3},{"damage":79,"enemies":"Gensokyo:3_Gloops","floor":30,"turns":10}],"seed_played":"-5692955597784888291","potions_obtained":[{"floor":4.0,"key":"Weak Potion"},{"floor":6.0,"key":"Fire Potion"},{"floor":8.0,"key":"SteroidPotion"},{"floor":12.0,"key":"FairyPotion"}],"is_trial":false,"path_per_floor":["M","?","?","M","?","E","$","M","T","E","M","E","M","M","R","B",null,"M","COS","?","?","?","R","E","R","T","R","M","R","M"],"character_chosen":"THE_DEFAULT","items_purchased":["DemoMod:WhiteGuonStone"],"campfire_rested":0,"item_purchase_floors":[7],"current_hp_per_floor":[72,72,72,72,72,61,61,61,61,51,51,48,45,44,44,40,79,79,79,79,79,79,79,79,79,79,79,76,76,23,23],"gold":116,"neow_bonus":"THREE_ENEMY_KILL","is_daily":false,"chose_seed":false,"campfire_upgraded":5,"win_rate":0.0,"timestamp":1613965780,"path_taken":["M","?","?","M","?","E","$","M","T","E","M","E","M","M","R","BOSS","M","COS","?","?","?","R","E","R","T","R","M","R","M"],"items_purchased_type":["Relic"],"build_version":"2020-12-22","purchased_purges":0,"victory":false,"max_hp_per_floor":[72,72,72,72,72,72,72,72,72,72,72,79,79,79,79,79,79,79,79,79,79,79,79,79,79,79,79,79,79,79,79],"card_choices":[{"not_picked":["theMarked:EmpowerWeapon","theMarked:ContemptForTheProud","theMarked:ChainLightning"],"picked":"SKIP","floor":1.0},{"not_picked":["theMarked:ParalyzingBlade","theMarked:Memento","theMarked:ChainLightning","theMarked:Aftermath"],"picked":"theMarked:WardOff","floor":3.0},{"not_picked":["theMarked:Generate","theMarked:RogueSparks","theMarked:ChainLightning","theMarked:TwofoldDefense"],"picked":"theMarked:EmpowerWeapon","floor":4.0},{"not_picked":["theMarked:Reabsorb","theMarked:Standoff","theMarked:Snap","theMarked:Parkour"],"picked":"theMarked:Memento","floor":6.0},{"not_picked":["theMarked:StartUp","theMarked:Heritage","theMarked:Pokerface","theMarked:SwordAndMagic","theMarked:WardOff"],"picked":"SKIP","floor":8.0},{"not_picked":["theMarked:Heritage","theMarked:MysticalArsenal","theMarked:RepellingDischarge","theMarked:CreepingChasm","theMarked:WardOff"],"picked":"SKIP","floor":10.0},{"not_picked":["theMarked:Polarize","theMarked:ChannelForce","theMarked:EmpowerWeapon","theMarked:Frustration","theMarked:ChainLightning"],"picked":"SKIP","floor":11.0},{"not_picked":["theMarked:Polarize","theMarked:EmpowerWeapon","theMarked:Frustration","theMarked:ChainLightning"],"picked":"theMarked:ChannelForce","floor":11.0},{"not_picked":["theMarked:WastefulAttack","theMarked:RepellingDischarge","theMarked:ThrowWeapon","theMarked:GodGivenPower"],"picked":"theMarked:Challenge","floor":12.0},{"not_picked":["theMarked:BanishingStrike","theMarked:TakeCover","theMarked:EmpowerWeapon","theMarked:Memento","theMarked:Pokerface"],"picked":"SKIP","floor":13.0},{"not_picked":["theMarked:Panic","theMarked:Frustration","theMarked:ResourceFulStrike","theMarked:BanishingStrike"],"picked":"theMarked:OneWithTheBlade","floor":14.0},{"not_picked":["theMarked:WastefulAttack","theMarked:RepellingDischarge","theMarked:ElectricStrings","theMarked:EmpowerWeapon","theMarked:Memento"],"picked":"SKIP","floor":18},{"not_picked":["theMarked:ParalyzingBlade+1","theMarked:Pokerface+1","theMarked:HeightenedSenses","theMarked:ContemptForTheProud","theMarked:KeepCalmAndFight+1"],"picked":"SKIP","floor":24},{"not_picked":["theMarked:RepellingDischarge+1","theMarked:Frustration","theMarked:EmpowerWeapon","theMarked:ChainLightning"],"picked":"theMarked:Improvise+1","floor":28}],"player_experience":132755,"relics_obtained":[{"floor":1.0,"key":"SynthV:TestCard"},{"floor":3.0,"key":"Toy Ornithopter"},{"floor":6.0,"key":"SSSystem"},{"floor":9.0,"key":"Vajra"},{"floor":10.0,"key":"Blue Candle"},{"floor":12.0,"key":"Strawberry"},{"floor":24,"key":"DemoMod:LamentConfigurum"},{"floor":24,"key":"DemoMod:Metronome"},{"floor":26,"key":"MealTicket"}],"event_choices":[{"damage_healed":0.0,"max_hp_gain":0.0,"max_hp_loss":0.0,"gold_gain":0.0,"event_name":"Living Wall","player_choice":"Grow","floor":2.0,"gold_loss":0.0,"damage_taken":0.0,"cards_upgraded":["theMarked:SoldierOfQuellstein"]},{"damage_healed":0.0,"max_hp_gain":0.0,"max_hp_loss":0.0,"gold_gain":0.0,"event_name":"conspire:Investor","player_choice":"Leave","floor":5.0,"gold_loss":0.0,"damage_taken":0.0}],"is_beta":false,"boss_relics":[{"not_picked":["SacredBark","GreenFoldingFan"],"picked":"Black Star"}],"items_purged_floors":[],"is_endless":false,"potions_floor_spawned":[4,6,8,12,13,18,24],"killed_by":"Gensokyo:3_Gloops","ascension_level":0}}