{"host":"m2qkn877fkm57m2k","time":1613959096,"event":{"mods":["AchievementEnabler","Bartender","BaseMod","Colored Map","Magitek Elite","Minty Spire (QoL Compilation)","Permanent Neow","Relic Sorter","StSLib"],"gold_per_floor":[119,119,119,138,156,167,167,184,184,74,74,109,109,109,109,204,204,221,221,31,106,120,150,184,184,184,184,195,222,254,270,270,369,369,388,108,118,118,135,135,147,157,157,157,190,190,221,96,96,96],"floor_reached":51,"language":"ENG","playtime":5367,"items_purged":["Strike_Bartender","Strike_Bartender","Defend_Bartender"],"score":1108,"play_id":"3bdbefdb-cb82-4663-81b6-6382ec9decdd","local_time":"20210222025816","is_ascension_mode":false,"campfire_choices":[{"data":"Butterfly_Float","floor":7.0,"key":"SMITH"},{"data":"OpoOpo_Form","floor":11.0,"key":"SMITH"},{"data":"Blizzard_Spikes","floor":13.0,"key":"SMITH"},{"data":"Free_Pour","floor":15.0,"key":"SMITH"},{"data":"Form_Shift","floor":25.0,"key":"SMITH"},{"data":"Coeurl_Form","floor":27.0,"key":"SMITH"},{"data":"Top_Shelf","floor":32.0,"key":"SMITH"},{"data":"OpoOpo_Form","floor":40.0,"key":"SMITH"},{"data":"Momentum","floor":44.0,"key":"SMITH"},{"data":"Bouncer","floor":49.0,"key":"SMITH"}],"circlet_count":0,"master_deck":["Defend_Bartender","Defend_Bartender","Somersault","Butterfly_Float+1","With_A_Twist","Bicycle_Kick+1","Patience","Free_Pour+1","Ball_Of_Ice","OpoOpo_Form+1","Blizzard_Spikes+1","Form_Shift+1","Center_Self","Ripple","OpoOpo_Form+1","Bouncer+1","Mirage","OpoOpo_Form+1","Coeurl_Form+1","With_A_Twist","Momentum+1","Top_Shelf+1","OpoOpo_Form+1","Scowl+1","OpoOpo_Form+1","Torment+1","With_A_Twist+1"],"relics":["Sneakers","Regal Pillow","Bottled Tornado","WingedGreaves","Coffee Dripper","DollysMirror","Shuriken","Anchor","Matryoshka","Kunai","Bottled Lightning","PreservedInsect","Centennial Puzzle","Golden_Hairpin","Bag of Preparation","Eternal Feather","Dream Catcher","Meat on the Bone","Orichalcum"],"acts_visited":["Exordium","TheCity","TheBeyond"],"potions_floor_usage":[],"damage_taken":[{"damage":0.0,"enemies":"Cultist","floor":1.0,"turns":4.0},{"damage":1.0,"enemies":"Jaw Worm","floor":4.0,"turns":5.0},{"damage":6.0,"enemies":"2 Louse","floor":5.0,"turns":3.0},{"damage":2.0,"enemies":"Exordium Thugs","floor":6.0,"turns":6.0},{"damage":0.0,"enemies":"Exordium Wildlife","floor":8.0,"turns":4.0},{"damage":0.0,"enemies":"3 Sentries","floor":12.0,"turns":8.0},{"damage":0.0,"enemies":"Hexaghost","floor":16.0,"turns":8.0},{"damage":0.0,"enemies":"Chosen","floor":18.0,"turns":5.0},{"damage":0.0,"enemies":"Shell Parasite","floor":22.0,"turns":4.0},{"damage":10.0,"enemies":"Gremlin Leader","floor":23.0,"turns":9.0},{"damage":0.0,"enemies":"Slavers","floor":24.0,"turns":6.0},{"damage":0.0,"enemies":"3 Cultists","floor":28.0,"turns":4.0},{"damage":0.0,"enemies":"Gremlin Leader","floor":29.0,"turns":6.0},{"damage":0.0,"enemies":"Book of Stabbing","floor":30.0,"turns":5.0},{"damage":0.0,"enemies":"Centurion and Healer","floor":31.0,"turns":6.0},{"damage":0.0,"enemies":"Collector","floor":33.0,"turns":7.0},{"damage":0.0,"enemies":"3 Shapes","floor":35.0,"turns":5.0},{"damage":2.0,"enemies":"Orb Walker","floor":37.0,"turns":4.0},{"damage":0.0,"enemies":"3 Darklings","floor":39.0,"turns":4.0},{"damage":0.0,"enemies":"Transient","floor":41.0,"turns":5.0},{"damage":0.0,"enemies":"Maw","floor":42.0,"turns":5.0},{"damage":10.0,"enemies":"Nemesis","floor":45.0,"turns":7.0},{"damage":0.0,"enemies":"Reptomancer","floor":47.0,"turns":5.0},{"damage":0,"enemies":"Time Eater","floor":50,"turns":7}],"seed_played":"-3320781924301978599","potions_obtained":[{"floor":4.0,"key":"GamblersBrew"},{"floor":8.0,"key":"Block Potion"},{"floor":22.0,"key":"Ancient Potion"},{"floor":31.0,"key":"DistilledChaos"},{"floor":33.0,"key":"SpeedPotion"},{"floor":35.0,"key":"FairyPotion"}],"is_trial":false,"path_per_floor":["M","?","?","M","M","M","R","M","T","$","R","E","R","?","R","B",null,"M","?","$","T","M","E","E","R","T","R","M","E","E","M","R","B",null,"M","$","M","?","M","R","M","M","T","R","E","?","E","$","R","B",null],"character_chosen":"BARTENDER","items_purchased":["OpoOpo_Form","DollysMirror","Bouncer","Bag of Preparation","OpoOpo_Form"],"campfire_rested":0,"item_purchase_floors":[10,20,20,36,36],"current_hp_per_floor":[49,42,42,41,35,33,33,33,33,33,33,33,33,33,33,33,70,70,70,70,70,70,60,60,60,60,60,60,60,60,60,60,60,70,70,70,68,68,68,68,68,68,68,70,60,60,60,60,70,70],"gold":96,"neow_bonus":"THREE_RARE_CARDS","is_daily":false,"chose_seed":false,"campfire_upgraded":10,"win_rate":0.0,"timestamp":1613959096,"path_taken":["M","?","?","M","M","M","R","M","T","$","R","E","R","?","R","BOSS","M","?","?","?","M","E","E","R","T","R","M","E","E","?","R","BOSS","M","$","M","?","M","R","M","M","T","R","E","?","E","$","R","BOSS"],"items_purchased_type":["Card","Relic","Card","Relic","Card"],"build_version":"2020-12-22","purchased_purges":3,"victory":true,"max_hp_per_floor":[70,70,70,70,70,70,70,70,70,70,70,70,70,70,70,70,70,70,70,70,70,70,70,70,70,70,70,70,70,70,70,70,70,70,70,70,70,70,70,70,70,70,70,70,70,70,70,70,70,70],"card_choices":[{"not_picked":["Patience","High_Tide"],"picked":"Butterfly_Float","floor":0.0},{"not_picked":["Foot_Thrust","Feint"],"picked":"With_A_Twist","floor":1.0},{"not_picked":["Free_Pour","Step_Of_The_Wind"],"picked":"Bicycle_Kick","floor":4.0},{"not_picked":["Greased_Lightning","Free_Pour"],"picked":"Patience","floor":5.0},{"not_picked":["Scoop","Step_Of_The_Wind"],"picked":"Free_Pour","floor":6.0},{"not_picked":["With_A_Twist","Scoop"],"picked":"Ball_Of_Ice","floor":8.0},{"not_picked":["Liquid_Armor","With_A_Twist"],"picked":"Blizzard_Spikes","floor":12.0},{"not_picked":["Beat_Rush","Butterfly_Float"],"picked":"Form_Shift","floor":16.0},{"not_picked":["Free_Pour","Foot_Thrust"],"picked":"Center_Self","floor":18.0},{"not_picked":["Elbow_Slash","Cross+1"],"picked":"Mirage","floor":22.0},{"not_picked":["Phantom_Blow","Vortex+"],"picked":"OpoOpo_Form+1","floor":23.0},{"not_picked":["Axe_Heel_Kick+1","Phantom_Blow"],"picked":"Coeurl_Form","floor":24.0},{"not_picked":["Pony_Shot+1","Press_Forward","Bitters"],"picked":"SKIP","floor":28.0},{"not_picked":["Bloodbath_Bartender","Fight_Dirty+1"],"picked":"With_A_Twist","floor":29.0},{"not_picked":["Power_Up_Punch","Perfect_Balance+1"],"picked":"Momentum","floor":30.0},{"not_picked":["Scoop+1","Fading_Blow"],"picked":"Top_Shelf","floor":31.0},{"not_picked":["On_The_Rocks+1","Center_Self","Scoop+1"],"picked":"SKIP","floor":35.0},{"not_picked":["Pony_Shot+1","Cross+1"],"picked":"Scowl+1","floor":37.0},{"not_picked":["Ripple+1","On_The_Rocks+1"],"picked":"OpoOpo_Form+1","floor":39.0},{"not_picked":["Step_Of_The_Wind","Alacrity"],"picked":"Torment+1","floor":41.0},{"not_picked":["Dancing_Jab+1","Dart"],"picked":"With_A_Twist+1","floor":42.0},{"not_picked":["Insight_B","Bicycle_Kick","Cross+1"],"picked":"SKIP","floor":45.0},{"not_picked":["Surge","Hook+1","Axe_Heel_Kick+1"],"picked":"SKIP","floor":47.0}],"player_experience":13948,"relics_obtained":[{"floor":9.0,"key":"Bottled Tornado"},{"floor":12.0,"key":"WingedGreaves"},{"floor":21.0,"key":"Shuriken"},{"floor":23.0,"key":"Anchor"},{"floor":24.0,"key":"Matryoshka"},{"floor":26.0,"key":"Kunai"},{"floor":26.0,"key":"Bottled Lightning"},{"floor":29.0,"key":"PreservedInsect"},{"floor":30.0,"key":"Centennial Puzzle"},{"floor":43.0,"key":"Eternal Feather"},{"floor":43.0,"key":"Dream Catcher"},{"floor":45.0,"key":"Meat on the Bone"},{"floor":47.0,"key":"Orichalcum"}],"event_choices":[{"damage_healed":0.0,"max_hp_gain":0.0,"max_hp_loss":0.0,"gold_gain":0.0,"event_name":"Scrap Ooze","player_choice":"Success","floor":2.0,"gold_loss":0.0,"damage_taken":7.0,"relics_obtained":["Regal Pillow"]},{"cards_removed":["Strike_Bartender"],"damage_healed":0.0,"max_hp_gain":0.0,"max_hp_loss":0.0,"gold_gain":0.0,"event_name":"Living Wall","player_choice":"Forget","floor":3.0,"gold_loss":0.0,"damage_taken":0.0},{"damage_healed":0.0,"max_hp_gain":0.0,"max_hp_loss":0.0,"gold_gain":0.0,"event_name":"Upgrade Shrine","player_choice":"Upgraded","floor":14.0,"gold_loss":0.0,"damage_taken":0.0,"cards_upgraded":["Bicycle_Kick"]},{"damage_healed":0.0,"max_hp_gain":0.0,"max_hp_loss":0.0,"gold_gain":0.0,"cards_transformed":["Strike_Bartender"],"event_name":"Transmorgrifier","player_choice":"Transformed","floor":19.0,"gold_loss":0.0,"damage_taken":0.0,"cards_obtained":["Ripple"]},{"damage_healed":0.0,"max_hp_gain":0.0,"max_hp_loss":0.0,"gold_gain":0.0,"event_name":"Tomb of Lord Red Mask","player_choice":"Ignored","floor":38.0,"gold_loss":0.0,"damage_taken":0.0},{"cards_removed":["Defend_Bartender"],"damage_healed":0.0,"max_hp_gain":0.0,"max_hp_loss":0.0,"gold_gain":0.0,"event_name":"Falling","player_choice":"Removed Skill","floor":46.0,"gold_loss":0.0,"damage_taken":0.0}],"is_beta":false,"boss_relics":[{"not_picked":["Snecko Eye","Ectoplasm"],"picked":"Coffee Dripper"},{"not_picked":["SacredBark","Philosopher\u0027s Stone"],"picked":"Golden_Hairpin"}],"items_purged_floors":[10,36,48],"is_endless":false,"potions_floor_spawned":[4,8,22,24,28,31,33,35,39,47],"ascension_level":0}}