{"host":"3zb2ho7bzwxq1psp","time":1613975519,"event":{"mods":["AchievementEnabler","AlwaysNeverKeys","Aspiration","BaseMod","BetterRewards","CatGirl Mod","Colored Map","Hubris","Minty Spire (QoL Compilation)","Permanent Neow","Quick Restart","Rare Cards Sparkle","Replay The Spire","Shop Mod","StSLib","The Judge","The Jungle","Unceasing Turn Reminder"],"gold_per_floor":[115,115,115,129,156,156,184,203,203,236,236,262,276,311,311,414,414,430,208,153,153,77,107,138,164,164,182,197,10,47,67,67,175,175,194,194,194,15,40,72,72,104,104,124,174,174,99,112,112,112,112,112,112,142,142],"floor_reached":56,"language":"ENG","playtime":2364,"items_purged":["Strike_B","Strike_B","Strike_B","Strike_B","Defend_B","Defend_B","Defend_B","Defend_B","Dualcast","Injury","hubris:Sloth"],"score":3405,"play_id":"773b3460-b6c9-41fe-821e-615056445189","local_time":"20210221223159","is_ascension_mode":true,"campfire_choices":[{"data":"Zap","floor":6,"key":"SMITH"},{"floor":32,"key":"DIG"},{"floor":46,"key":"REST"},{"floor":49,"key":"REST"},{"floor":52,"key":"REST"}],"circlet_count":0,"master_deck":["Zap+1","Defragment+1","Static Discharge+1","Capacitor+1","Gash+1","Go for the Eyes+1","Defragment+1","Static Discharge+1","Gash+1","Storm+1","Beam Cell+1","Loop+1","FTL+1","Conserve Battery+1","Steam+1","Electrodynamics+1","BasicCrystalCard+1","Gash+1","Self Repair+1","Conserve Battery+1","Conserve Battery+1","All For One+1","Gash+1","FTL+1","Loop+1","Gash+1","Gash+1","Conserve Battery+1","Gash+1","Gash+1","Zap+1","Echo Form+1","Electrodynamics+1","Gash","Biased Cognition+1","Gash+1"],"relics":["aspiration:FaultyCoupler","MerchantsRug","Happy Flower","hubris:TinFlute","Bag of Preparation","Nunchaku","Oddly Smooth Stone","Golden Egg","Membership Card","Whetstone","DataDisk","Juzu Bracelet","aspiration:EnhancedActuators","Pen Nib","Akabeko","Replay:Baseball","Guide Book","Toxic Egg 2","Ice Cream","Bag of Marbles","Turnip","Potion Belt","Kunai","Vajra","Thread and Needle","ClockworkSouvenir","Lantern","PreservedInsect","Unceasing Top","Mummified Hand","hubris:BallOfYels","Frozen Egg 2","Iron Core","Geode","Anchor","WingedGreaves","hubris:TenFootPole","hubris:Icosahedron","ReplayTheSpireMod:Ninjato","hubris:PeanutButter","Fusion Hammer","Toolbox","Gremlin Horn","Lee\u0027s Waffle","Strawberry","Garlic","CeramicFish","Replay:Rubber Ducky","Pear","aspiration:FrozenJewel","hubris:SlimyHat","hubris:TerracottaHorce","CaptainsWheel","Eternal Feather","Magic Flower","Blue Doll","Replay:Kaleidoscope","ReplayFunnel","Mango"],"acts_visited":[],"potions_floor_usage":[16,16,33,33,33,33,55,55,55,55,55],"damage_taken":[{"damage":0,"enemies":"Jaw Worm","floor":1,"turns":1},{"damage":0,"enemies":"2 Louse","floor":4,"turns":1},{"damage":0,"enemies":"Lagavulin","floor":7,"turns":1},{"damage":0,"enemies":"Small Slimes","floor":8,"turns":1},{"damage":0,"enemies":"Gremlin Nob","floor":10,"turns":1},{"damage":0,"enemies":"3 Sentries","floor":12,"turns":1},{"damage":0,"enemies":"Red Slaver","floor":13,"turns":1},{"damage":0,"enemies":"Gremlin Nob","floor":14,"turns":2},{"damage":0,"enemies":"Slime Boss","floor":16,"turns":2},{"damage":0,"enemies":"theJungle:GiantWrat","floor":18,"turns":1},{"damage":0,"enemies":"theJungle:Cassacara","floor":23,"turns":1},{"damage":0,"enemies":"theJungle:MamaSnecko","floor":24,"turns":2},{"damage":0,"enemies":"theJungle:Cassacara","floor":25,"turns":1},{"damage":0,"enemies":"theJungle:Flameango_and_Byrd","floor":28,"turns":1},{"damage":0,"enemies":"theJungle:MamaSnecko","floor":30,"turns":1},{"damage":0,"enemies":"theJungle:JungleHuntersEncounter","floor":31,"turns":1},{"damage":0,"enemies":"theJungle:FunGuy","floor":33,"turns":2},{"damage":0,"enemies":"Orb Walker","floor":35,"turns":1},{"damage":0,"enemies":"Mind Bloom Boss Battle","floor":39,"turns":1},{"damage":0,"enemies":"Giant Head","floor":40,"turns":2},{"damage":0,"enemies":"R_Hoarder","floor":42,"turns":2},{"damage":0,"enemies":"3 Shapes","floor":44,"turns":1},{"damage":0,"enemies":"2 Orb Walkers","floor":45,"turns":1},{"damage":0,"enemies":"Transient","floor":48,"turns":2},{"damage":0,"enemies":"hubris:GrandSnecko","floor":50,"turns":2},{"damage":0,"enemies":"Shield and Spear","floor":54,"turns":1},{"damage":0,"enemies":"The Heart","floor":55,"turns":3}],"seed_played":"-5903504957015396995","potions_obtained":[{"floor":23,"key":"Adrenaline Potion"},{"floor":28,"key":"Fire Potion"},{"floor":39,"key":"ColorlessPotion"},{"floor":40,"key":"GamblersBrew"},{"floor":42,"key":"FocusPotion"},{"floor":44,"key":"SpeedPotion"}],"is_trial":false,"path_per_floor":["M","?","?","M","T","R","E","M","T","E","?","E","M","E","R_BF","B",null,"M","$","?","?","$","E","E","E","T","?","M","$","E","M","R_BF","B",null,"M","?","?","$","?","E","?","E","T","M","?","R","$","M","R","B",null,"R","$","E","B",null],"character_chosen":"DEFECT","items_purchased":["aspiration:FaultyCoupler","MerchantsRug","Happy Flower","Defragment","hubris:TinFlute","Bag of Preparation","Static Discharge","Capacitor","Nunchaku","Oddly Smooth Stone","Golden Egg","Membership Card","Gash","Go for the Eyes","Whetstone","DataDisk","Juzu Bracelet","aspiration:EnhancedActuators","Pen Nib","Akabeko","Defragment","Replay:Baseball","Static Discharge","Gash","Guide Book","Storm","Beam Cell","Loop","FTL","Toxic Egg 2","Conserve Battery+1","Steam+1","Ice Cream","Bag of Marbles","Electrodynamics","Hologram+1","BasicCrystalCard+1","Turnip","Gash","Self Repair","Potion Belt","Flashbang","LifebloodPotion","Conserve Battery+1","Conserve Battery+1","Kunai","Reflective Coating","PotionOfCapacity","Adrenaline Potion","All For One","Gash","Vajra","Thread and Needle","ClockworkSouvenir","FTL","Lantern","PreservedInsect","Loop","Gash","Gash","Unceasing Top","Conserve Battery+1","Mummified Hand","hubris:BallOfYels","Gash","Gash","Toolbox","Lee\u0027s Waffle","Pear","Echo Form+1","Gash","ReplayFunnel"],"campfire_rested":3,"item_purchase_floors":[0,0,0,0,0,0,0,0,0,0,0,0,0,0,0,0,0,0,0,0,0,0,0,0,0,0,0,0,0,0,0,0,0,0,0,0,0,0,0,0,0,0,0,0,0,0,0,0,0,0,0,0,0,0,0,0,0,0,0,0,0,0,0,0,0,0,19,22,29,29,38,47],"current_hp_per_floor":[68,68,68,75,75,75,75,75,75,75,75,75,75,75,75,75,75,75,75,75,75,82,89,89,89,89,89,89,99,99,99,99,99,99,99,99,102,102,102,102,102,102,102,102,102,102,102,102,102,102,102,102,102,116,116],"gold":142,"neow_bonus":"","is_daily":false,"chose_seed":false,"campfire_upgraded":1,"win_rate":0.0,"timestamp":1613975519,"path_taken":["M","?","?","M","?","R","E","M","T","E","?","E","M","E","R_BF","BOSS","M","$","?","?","?","E","E","E","T","?","M","$","E","M","R_BF","BOSS","M","?","?","$","?","E","?","E","T","M","?","R","?","M","R","BOSS","R","$","E","BOSS"],"items_purchased_type":["Relic","Relic","Relic","Card","Relic","Relic","Card","Card","Relic","Relic","Relic","Relic","Card","Card","Relic","Relic","Relic","Relic","Relic","Relic","Card","Relic","Card","Card","Relic","Card","Card","Card","Card","Relic","Card","Card","Relic","Relic","Card","Card","Card","Relic","Card","Card","Relic","Potion","Potion","Card","Card","Relic","Potion","Potion","Potion","Card","Card","Relic","Relic","Relic","Card","Relic","Relic","Card","Card","Card","Relic","Card","Relic","Relic","Card","Card","Relic","Relic","Relic","Card","Card","Relic"],"build_version":"2020-12-22","purchased_purges":11,"victory":true,"max_hp_per_floor":[75,75,75,75,75,75,75,75,75,75,75,75,75,75,75,75,75,75,75,75,75,82,89,89,89,89,89,89,99,99,99,99,99,99,99,99,102,102,102,102,102,102,102,102,102,102,102,102,102,102,102,102,102,116,116],"card_choices":[{"not_picked":["BasicCrystalCard+1","Reprogram+1","Turbo+1"],"picked":"SKIP","floor":1},{"not_picked":["BootSequence+1","WeaponsOverheat+1","Static Discharge+1"],"picked":"SKIP","floor":4},{"not_picked":["Heavy Blade","Beam Cell","Scrape"],"picked":"SKIP","floor":7},{"not_picked":["Ball Lightning","Go for the Eyes","Glacier+1"],"picked":"SKIP","floor":8},{"not_picked":["ReplayReversal+1","Seeing Red+1","Whirlwind"],"picked":"SKIP","floor":10},{"not_picked":["Panic Button+1","Self Repair+1","Meteor Strike"],"picked":"SKIP","floor":12},{"not_picked":["Coolheaded+1","aspiration:Polymerization+1","Consume+1"],"picked":"SKIP","floor":13},{"not_picked":["ReplaySort+1","Coolheaded+1","Reaper"],"picked":"SKIP","floor":14},{"not_picked":["Stack+1","Cold Snap","Coolheaded+1"],"picked":"SKIP","floor":18},{"not_picked":["Compile Driver+1","Conserve Battery+1","BasicCrystalCard+1"],"picked":"SKIP","floor":23},{"not_picked":["Streamline+1","Sweeping Beam","Undo+1"],"picked":"SKIP","floor":24},{"not_picked":["Barrage","BasicCrystalCard+1","Sweeping Beam"],"picked":"SKIP","floor":25},{"not_picked":["Aggregate+1","FIFO Queue+1","Compile Driver"],"picked":"SKIP","floor":28},{"not_picked":["Static Discharge+1","Barrage"],"picked":"Electrodynamics+1","floor":30},{"not_picked":["Heatsinks+1","Tempest+1"],"picked":"Gash","floor":31},{"not_picked":["Electrodynamics+1","Amplify+1"],"picked":"Biased Cognition+1","floor":33},{"not_picked":["Steam+1","Recycle+1","Barrage"],"picked":"SKIP","floor":35},{"not_picked":["Capacitor+1","Hologram+1","Beam Cell+1"],"picked":"SKIP","floor":40},{"not_picked":["Chaos+1","Steam+1","Steam Power+1"],"picked":"SKIP","floor":42},{"not_picked":["Compile Driver","Redo+1","Reprogram+1"],"picked":"SKIP","floor":44},{"not_picked":["ReplayGash","Undo+1","aspiration:Polymerization+1"],"picked":"SKIP","floor":48},{"not_picked":["Force Field+1","Scrape","BootSequence+1"],"picked":"SKIP","floor":54}],"player_experience":220605,"relics_obtained":[{"floor":5,"key":"Geode"},{"floor":7,"key":"Anchor"},{"floor":9,"key":"WingedGreaves"},{"floor":10,"key":"hubris:TenFootPole"},{"floor":12,"key":"ReplayTheSpireMod:Ninjato"},{"floor":14,"key":"hubris:PeanutButter"},{"floor":23,"key":"Strawberry"},{"floor":24,"key":"Garlic"},{"floor":25,"key":"CeramicFish"},{"floor":26,"key":"Replay:Rubber Ducky"},{"floor":30,"key":"aspiration:FrozenJewel"},{"floor":32,"key":"hubris:SlimyHat"},{"floor":39,"key":"CaptainsWheel"},{"floor":40,"key":"Eternal Feather"},{"floor":42,"key":"Magic Flower"},{"floor":43,"key":"Blue Doll"},{"floor":45,"key":"Replay:Kaleidoscope"},{"floor":54,"key":"Mango"}],"event_choices":[{"damage_healed":0,"gold_gain":0,"player_choice":"Paid Gold","damage_taken":0,"relics_obtained":["Gremlin Horn"],"max_hp_gain":0,"max_hp_loss":0,"event_name":"WeMeetAgain","floor":20,"gold_loss":55},{"damage_healed":0,"gold_gain":0,"player_choice":"Forge","damage_taken":0,"max_hp_gain":0,"max_hp_loss":0,"event_name":"Accursed Blacksmith","floor":21,"gold_loss":0,"cards_upgraded":["Capacitor"]},{"damage_healed":0,"gold_gain":0,"player_choice":"2 cards matched","damage_taken":0,"max_hp_gain":0,"max_hp_loss":0,"event_name":"Match and Keep!","floor":27,"gold_loss":0,"cards_obtained":["Zap","hubris:Sloth"]},{"damage_healed":0,"gold_gain":0,"player_choice":"Ignored","damage_taken":0,"max_hp_gain":0,"max_hp_loss":0,"event_name":"Tomb of Lord Red Mask","floor":36,"gold_loss":0},{"damage_healed":0,"gold_gain":0,"player_choice":"Fight","damage_taken":0,"max_hp_gain":0,"max_hp_loss":0,"event_name":"MindBloom","floor":39,"gold_loss":0},{"cards_removed":["Hologram"],"damage_healed":0,"gold_gain":0,"player_choice":"Removed Skill","damage_taken":0,"max_hp_gain":0,"max_hp_loss":0,"event_name":"Falling","floor":41,"gold_loss":0},{"damage_healed":0,"gold_gain":0,"player_choice":"Fight","damage_taken":0,"max_hp_gain":0,"max_hp_loss":0,"event_name":"Mysterious Sphere","floor":45,"gold_loss":0}],"is_beta":false,"boss_relics":[{"not_picked":["hubris:HollowSoul","Philosopher\u0027s Stone"],"picked":"Fusion Hammer"},{"not_picked":["hubris:GrandSneckoEye","Empty Cage"],"picked":"hubris:TerracottaHorce"}],"items_purged_floors":[0,0,0,0,0,0,0,0,0,19,38],"is_endless":false,"potions_floor_spawned":[4,8,10,12,23,24,28,39,40,42,44],"ascension_level":13}}