{"host":"af4pzp5tm7cfibaw","time":1613990693,"event":{"mods":["AchievementEnabler","BaseMod","BetterRewards","Highlight Path","Minty Spire (QoL Compilation)","StSLib","SuperFastMode"],"gold_per_floor":[112,112,122,122,134,134,163,163,163,178,197,197,226,301,301,400,400,413,425,425,425],"floor_reached":20,"language":"ENG","playtime":703,"items_purged":[],"score":218,"play_id":"da7c2b06-2417-48ee-8d97-636d86d0b409","local_time":"20210222234453","is_ascension_mode":true,"campfire_choices":[{"floor":6.0,"key":"REST"},{"floor":8.0,"key":"REST"},{"data":"Darkness","floor":12.0,"key":"SMITH"},{"floor":15.0,"key":"REST"}],"circlet_count":0,"master_deck":["Strike_B","Strike_B","Strike_B","Defend_B","Defend_B","Defend_B","Defend_B","Zap","Dualcast","Seek","Coolheaded","Coolheaded","Redo","Redo","Darkness+1","Compile Driver","Reboot","Leap","Redo+1"],"relics":["Cracked Core","HornCleat","Bottled Lightning","Smiling Mask","Odd Mushroom","Runic Pyramid"],"acts_visited":["Exordium","TheCity"],"potions_floor_usage":[],"damage_taken":[{"damage":10.0,"enemies":"2 Louse","floor":1.0,"turns":2.0},{"damage":12.0,"enemies":"Small Slimes","floor":3.0,"turns":4.0},{"damage":0.0,"enemies":"Cultist","floor":5.0,"turns":3.0},{"damage":24.0,"enemies":"Gremlin Nob","floor":7.0,"turns":5.0},{"damage":2.0,"enemies":"2 Fungi Beasts","floor":10.0,"turns":3.0},{"damage":18.0,"enemies":"Large Slime","floor":11.0,"turns":4.0},{"damage":8.0,"enemies":"The Mushroom Lair","floor":13.0,"turns":3.0},{"damage":34.0,"enemies":"The Guardian","floor":16.0,"turns":8.0},{"damage":22.0,"enemies":"Spheric Guardian","floor":18.0,"turns":4.0},{"damage":16,"enemies":"2 Thieves","floor":19,"turns":4},{"damage":7,"enemies":"Centurion and Healer","floor":20,"turns":3}],"seed_played":"-5925659710740023467","potions_obtained":[{"floor":3.0,"key":"ColorlessPotion"},{"floor":5.0,"key":"DistilledChaos"},{"floor":7.0,"key":"BlessingOfTheForge"},{"floor":11.0,"key":"DuplicationPotion"},{"floor":18.0,"key":"SpeedPotion"}],"is_trial":false,"path_per_floor":["M","?","M","?","M","R","E","R","T","M","M","R","?","?","R","B",null,"M","M","M"],"character_chosen":"DEFECT","items_purchased":[],"campfire_rested":3,"item_purchase_floors":[],"current_hp_per_floor":[65,58,46,46,46,68,44,66,66,64,46,46,38,27,49,15,60,38,22,15,15],"gold":425,"neow_bonus":"ONE_RANDOM_RARE_CARD","is_daily":false,"chose_seed":false,"campfire_upgraded":1,"win_rate":0.0,"timestamp":1613990693,"path_taken":["M","?","M","?","M","R","E","R","T","?","M","R","?","?","R","BOSS","M","M","M"],"items_purchased_type":[],"build_version":"2020-12-22","purchased_purges":0,"victory":false,"max_hp_per_floor":[75,75,75,75,75,75,75,75,75,75,75,75,75,75,75,75,75,75,75,75,75],"card_choices":[{"not_picked":["Cold Snap","Lockon"],"picked":"Coolheaded","floor":1.0},{"not_picked":["Auto Shields","Storm"],"picked":"Coolheaded","floor":3.0},{"not_picked":["Auto Shields","Reinforced Body"],"picked":"Redo","floor":5.0},{"not_picked":["Blizzard","Auto Shields"],"picked":"Redo","floor":7.0},{"not_picked":["Loop","Coolheaded"],"picked":"Darkness","floor":10.0},{"not_picked":["Undo","Stack","Rebound"],"picked":"SKIP","floor":11.0},{"not_picked":["Chill","Ball Lightning"],"picked":"Compile Driver","floor":13.0},{"not_picked":["Fission","All For One"],"picked":"Reboot","floor":16.0},{"not_picked":["Go for the Eyes+1","Cold Snap"],"picked":"Leap","floor":18.0},{"not_picked":["Auto Shields","Stack+1"],"picked":"Redo+1","floor":19}],"player_experience":334081,"relics_obtained":[{"floor":7.0,"key":"Bottled Lightning"},{"floor":9.0,"key":"Smiling Mask"},{"floor":13.0,"key":"Odd Mushroom"}],"event_choices":[{"damage_healed":0.0,"max_hp_gain":0.0,"max_hp_loss":0.0,"gold_gain":0.0,"event_name":"Scrap Ooze","player_choice":"Success","floor":2.0,"gold_loss":0.0,"damage_taken":7.0,"relics_obtained":["HornCleat"]},{"cards_removed":["Strike_B"],"damage_healed":0.0,"max_hp_gain":0.0,"max_hp_loss":0.0,"gold_gain":0.0,"event_name":"Purifier","player_choice":"Purged","floor":4.0,"gold_loss":0.0,"damage_taken":0.0},{"damage_healed":0.0,"max_hp_gain":0.0,"max_hp_loss":0.0,"gold_gain":0.0,"event_name":"Mushrooms","player_choice":"Fought Mushrooms","floor":13.0,"gold_loss":0.0,"damage_taken":0.0},{"damage_healed":0.0,"max_hp_gain":0.0,"max_hp_loss":0.0,"gold_gain":75.0,"event_name":"World of Goop","player_choice":"Gather Gold","floor":14.0,"gold_loss":0.0,"damage_taken":11.0}],"is_beta":false,"boss_relics":[{"not_picked":["FrozenCore","Fusion Hammer"],"picked":"Runic Pyramid"}],"items_purged_floors":[],"is_endless":false,"potions_floor_spawned":[3,5,7,11,18],"killed_by":"Centurion and Healer","ascension_level":5}}