{"host":"2haferq23ht5nrlk","time":1613992984,"event":{"mods":["ATMod(°¢èªMod)","Act Like it!","Arknights","Aspiration","BaseMod","BetterRewards","Colored Powertips","Conspire","Dota2Spire","KomeijiMod","Lobotomy","LobotomyExtend","Minty Spire (QoL Compilation)","Quick Restart","Relic Filter Mod","Relic Stats","Reliquary","Replay The Spire","Spicy Shops","StSLib","TestMod","The Cursed","UnlockEverythingMod","¡¾ÒÅÎï¿¨ÅÆ¡¿REMEMod"],"gold_per_floor":[111,111,131,131,148,176,195,211,262,262,262],"floor_reached":10,"language":"ZHS","playtime":781,"items_purged":[],"score":70,"play_id":"5f6201ca-2397-4529-aa1b-ff807906290f","local_time":"20210222192304","is_ascension_mode":false,"campfire_choices":[],"circlet_count":0,"master_deck":["TheCursedMod:Strike_TheCursed","TheCursedMod:Strike_TheCursed","TheCursedMod:Strike_TheCursed","TheCursedMod:Defend_TheCursed","TheCursedMod:Defend_TheCursed","TheCursedMod:CursedWand","TheCursedMod:CleanUpWorkshop","TheCursedMod:Dregs","AT_DivineConfetti","HeroicMonk","TheCursedMod:VitalStrike+1","PunishingBird","TheCursedMod:SoulCrush","TheCursedMod:SpreadPlague","ShyLook","TheCursedMod:CursedSpellbook","SnowQueen","TheCursedMod:FleshFromBone","SingingMachine","TheCursedMod:ReleasedStrength","TheCursedMod:CursedWand"],"relics":["TheCursedMod:BlackMagic101","AT_ATBox","REME_ComplimentaryCards","testmod-TestBox","CogitoBucket","testmod-Temperance","LetterFromLob","Replay:Baseball","AdjustmentMirror","reliquary:FerryPass"],"acts_visited":["Exordium"],"potions_floor_usage":[6,8,10],"damage_taken":[{"damage":1,"enemies":"Jaw Worm","floor":1,"turns":4},{"damage":0,"enemies":"Small Slimes","floor":3,"turns":4},{"damage":26,"enemies":"Cultist","floor":5,"turns":3},{"damage":2,"enemies":"Gremlin Nob","floor":6,"turns":3},{"damage":1,"enemies":"Lots of Slimes","floor":7,"turns":3},{"damage":31,"enemies":"Gremlin Gang","floor":8,"turns":3},{"damage":21,"enemies":"Lagavulin","floor":10,"turns":3}],"seed_played":"-2899446911965618154","potions_obtained":[{"floor":3,"key":"testmod-TestPotion"},{"floor":4,"key":"JyouchiReiPotion"},{"floor":4,"key":"Fire Potion"}],"is_trial":false,"path_per_floor":["M","?","M","?","M","E","M","M","T","E"],"character_chosen":"THE_CURSED","items_purchased":[],"campfire_rested":0,"item_purchase_floors":[],"current_hp_per_floor":[74,74,74,74,48,46,47,16,16,0,0],"gold":262,"neow_bonus":"","is_daily":false,"chose_seed":false,"campfire_upgraded":0,"win_rate":0.0,"timestamp":1613992984,"path_taken":["M","?","M","?","?","E","?","M","T","E"],"items_purchased_type":[],"build_version":"2020-12-22","purchased_purges":0,"victory":false,"max_hp_per_floor":[75,75,75,75,75,75,75,75,75,75,75],"relic_stats":{"counters":[8,24],"obtain_stats":[{"TheCursedMod:BlackMagic101":0,"CogitoBucket":0,"Replay:Baseball":6,"AT_ATBox":0,"testmod-TestBox":0,"testmod-Temperance":0,"LetterFromLob":1,"AdjustmentMirror":8,"REME_ComplimentaryCards":0,"reliquary:FerryPass":9},{"TheCursedMod:BlackMagic101":0,"CogitoBucket":0,"Replay:Baseball":4,"AT_ATBox":0,"testmod-TestBox":0,"testmod-Temperance":0,"LetterFromLob":1,"AdjustmentMirror":7,"REME_ComplimentaryCards":0,"reliquary:FerryPass":7},{"TheCursedMod:BlackMagic101":0,"CogitoBucket":0,"Replay:Baseball":14,"AT_ATBox":0,"testmod-TestBox":0,"testmod-Temperance":0,"LetterFromLob":4,"AdjustmentMirror":21,"REME_ComplimentaryCards":0,"reliquary:FerryPass":21}]},"card_choices":[{"not_picked":["ShyLook","SnowQueen"],"picked":"HeroicMonk","floor":1},{"not_picked":["TheCursedMod:CursedShiv","TheCursedMod:HellfireBreathing"],"picked":"TheCursedMod:VitalStrike","floor":1},{"not_picked":["SpiderBud","Funeral"],"picked":"PunishingBird","floor":3},{"not_picked":["TheCursedMod:SurpriseAttack","TheCursedMod:WearCloak"],"picked":"TheCursedMod:SoulCrush","floor":3},{"not_picked":["FieryBird","Rudolta"],"picked":"LaLuna","floor":5},{"not_picked":["TheCursedMod:SpitefulStrike","TheCursedMod:HellfireBreathing"],"picked":"TheCursedMod:SpreadPlague","floor":5},{"not_picked":["Freischutz","WallGazer"],"picked":"ShyLook","floor":6},{"not_picked":["TheCursedMod:SoulReap","TheCursedMod:Obscuration"],"picked":"TheCursedMod:CursedSpellbook","floor":6},{"not_picked":["Murderer","WhitesApple"],"picked":"SnowQueen","floor":7},{"not_picked":["TheCursedMod:Stretching","TheCursedMod:CursedBoomerang"],"picked":"TheCursedMod:FleshFromBone","floor":7},{"not_picked":["Alriune","UniverseFragment"],"picked":"SingingMachine","floor":8},{"not_picked":["TheCursedMod:FleshFromBone","TheCursedMod:Stretching"],"picked":"TheCursedMod:ReleasedStrength","floor":8}],"player_experience":27281,"relics_obtained":[{"floor":1,"key":"LetterFromLob"},{"floor":6,"key":"Replay:Baseball"},{"floor":9,"key":"reliquary:FerryPass"}],"event_choices":[{"damage_healed":0,"gold_gain":0,"player_choice":"Got Potions","damage_taken":0,"max_hp_gain":0,"max_hp_loss":0,"event_name":"Lab","floor":4,"gold_loss":0}],"is_beta":false,"boss_relics":[],"items_purged_floors":[],"is_endless":false,"potions_floor_spawned":[3,5],"killed_by":"Lagavulin","ascension_level":0}}