{"host":"hfxahm4y1ssattqc","time":1613954988,"event":{"mods":["2.2 Compatiblity","Act Like it!","Aspiration","BaseMod","Beaked The Cultist","Better Third Choice","BetterRewards","Colored Map","Colored Powertips","Custom Start","Downfall","Googly Eyes","Halation","Hallownest","Hermit","Highlight Path","Hubris","Infinite Spire","Mimic Mod","Minty Spire (QoL Compilation)","Reorder Act Four","Replay The Spire","Shop Mod","Spikes Relics","StSLib","The Bug Knight","The IronCluck","The Jungle","Unknown Chances","slay the spire mod where everything is the same but ironclad has a cowboy hat"],"gold_per_floor":[117,40,58,69,69,104,104,135,135,135,135,154,154,168,168,168,168],"floor_reached":16,"language":"ENG","playtime":592,"items_purged":[],"score":110,"play_id":"982f0040-a66b-428f-9a05-2cb37e0534a2","local_time":"20210221164948","is_ascension_mode":false,"campfire_choices":[{"data":"beaked:SurvivalInstinct","floor":7.0,"key":"SMITH"},{"data":"beaked:Evade","floor":15,"key":"SMITH"}],"circlet_count":0,"master_deck":["beaked:Strike_Y","beaked:Strike_Y","beaked:Strike_Y","beaked:Strike_Y","beaked:Strike_Y","beaked:Defend_Y","beaked:Defend_Y","beaked:Defend_Y","beaked:Defend_Y","beaked:Ceremony","beaked:Ceremony","beaked:Ceremony","beaked:CursingBlood","beaked:MaddeningMurmurs","beaked:MaddeningMurmurs","beaked:Foresight","Delirium","beaked:SurvivalInstinct+1","beaked:BounceBack","infinitespire:Starlight","beaked:Evade+1","beaked:FeelMyPain"],"relics":["beaked:MendingPlumage","NeowsBlessing","Ring of Peace","Toy Ornithopter","halation:LettersToHer","Pondfish Scales","hubris:Towel"],"acts_visited":["Exordium"],"potions_floor_usage":[],"damage_taken":[{"damage":0.0,"enemies":"infinitespire:Voidling","floor":1.0,"turns":1.0},{"damage":0.0,"enemies":"Small Slimes","floor":3.0,"turns":1.0},{"damage":0.0,"enemies":"2 Louse","floor":4.0,"turns":2.0},{"damage":47.0,"enemies":"Gremlin Nob","floor":6.0,"turns":6.0},{"damage":11,"enemies":"Lagavulin","floor":8,"turns":8},{"damage":10,"enemies":"Large Slime","floor":12,"turns":9},{"damage":26,"enemies":"Exordium Thugs","floor":14,"turns":9},{"damage":63,"enemies":"Fading Forest","floor":16,"turns":7}],"seed_played":"-4227502757893871376","potions_obtained":[{"floor":4.0,"key":"DuplicationPotion"},{"floor":6.0,"key":"Swift Potion"},{"floor":12,"key":"SpeedPotion"}],"is_trial":false,"path_per_floor":["M","$","M","M","?","E","R","E","T","?","?","M","?","M","R","B"],"character_chosen":"BEAKED_THE_CULTIST","items_purchased":["beaked:MaddeningMurmurs"],"campfire_rested":0,"item_purchase_floors":[2],"current_hp_per_floor":[50,50,50,50,50,12,12,25,25,14,14,44,37,42,42,0,0],"gold":168,"neow_bonus":"THREE_ENEMY_KILL","is_daily":false,"chose_seed":false,"campfire_upgraded":2,"win_rate":0.0,"timestamp":1613954988,"path_taken":["M","$","M","?","?","E","R","E","T","?","?","?","?","M","R","BOSS"],"items_purchased_type":["Card"],"build_version":"2020-12-22","purchased_purges":0,"victory":false,"max_hp_per_floor":[50,50,50,50,50,50,50,50,50,50,50,50,50,50,50,50,50],"card_choices":[{"not_picked":["beaked:MimicMachine","beaked:Cower"],"picked":"beaked:CursingBlood","floor":1.0},{"not_picked":["beaked:Poke","beaked:CursingBlood"],"picked":"beaked:MaddeningMurmurs","floor":3.0},{"not_picked":["beaked:WarriorEssence","beaked:Redirect"],"picked":"beaked:Foresight","floor":4.0},{"not_picked":["beaked:BraceForImpact","beaked:DigDeep"],"picked":"beaked:SurvivalInstinct","floor":6.0},{"not_picked":["beaked:Overpower","beaked:DigDeep"],"picked":"beaked:BounceBack","floor":8},{"not_picked":["infinitespire:FutureSight","infinitespire:TheBestDefense"],"picked":"infinitespire:Starlight","floor":10},{"not_picked":["beaked:TuckingFeathers","beaked:MaddeningMurmurs"],"picked":"beaked:Evade","floor":12},{"not_picked":["beaked:SurvivalInstinct","beaked:CursingBlood"],"picked":"beaked:FeelMyPain","floor":14}],"player_experience":970435,"relics_obtained":[{"floor":5.0,"key":"Ring of Peace"},{"floor":6.0,"key":"Toy Ornithopter"},{"floor":8,"key":"halation:LettersToHer"},{"floor":9,"key":"halation:LettersToHer"},{"floor":9,"key":"Pondfish Scales"}],"event_choices":[{"cards_removed":["beaked:Strike_Y"],"damage_healed":0,"gold_gain":0,"player_choice":"Card Removal","damage_taken":7,"max_hp_gain":0,"max_hp_loss":0,"event_name":"Golden Wing","floor":13,"gold_loss":0}],"is_beta":false,"boss_relics":[],"items_purged_floors":[],"is_endless":false,"potions_floor_spawned":[4,6,12,14],"killed_by":"Fading Forest","ascension_level":0}}