{"host":"enpah696raxjhbxd","time":1613980828,"event":{"mods":["ATMod(°¢èªMod)","BaseMod","Challenge The Spire","Colored Powertips","Friendly Minions","Good Game Mod","Minty Spire (QoL Compilation)","Replay The Spire","StSLib","TestMod","The Bladedancer","UnlockEverythingMod"],"gold_per_floor":[117,117,136,45,57,86,118,164,203,241,269,336,348,422,434,548,560,607,682,84,149,216,216,216,216],"floor_reached":24,"language":"ZHS","playtime":748,"items_purged":["Strike_B"],"score":490,"play_id":"37c6d39c-f154-49dc-a54d-2317fabef10b","local_time":"20210222160028","is_ascension_mode":true,"campfire_choices":[{"floor":13,"key":"REST"},{"floor":15,"key":"REST"},{"floor":23,"key":"REST"}],"circlet_count":0,"master_deck":["AscendersBane","Strike_B","Strike_B+1","Defend_B","Defend_B","Defend_B","Defend_B","Zap+1","Dualcast+1","AT_EmpoweredMortalDraw+1","testmod-WeaknessCounterattack+1","Defragment+1","Ball Lightning+1","Coolheaded+1","Capacitor+1","Cold Snap+1","Glacier+1","Core Surge","AbeCurse","AT_ThreeBodyProblem+1","Redo+1","Self Repair+1","Loop","Double Energy+1"],"relics":["Cracked Core","testmod-TestBox","AT_ATBox","REME:ComplimentaryCards","testmod-BloodSacrificeSpiritualization","NeowsBlessing","MawBank","AT_EbonyIvory","Blood Vial","Nunchaku","AT_MibuBalloonWealth","Abe\u0027s Treasure","Replay:Baseball","Whetstone","Orrery"],"acts_visited":["Exordium","TheCity"],"potions_floor_usage":[8,14,16],"damage_taken":[{"damage":7,"enemies":"Jaw Worm","floor":1,"turns":1},{"damage":7,"enemies":"Cultist","floor":3,"turns":1},{"damage":7,"enemies":"Small Slimes","floor":5,"turns":1},{"damage":8,"enemies":"Gremlin Nob","floor":6,"turns":3},{"damage":0,"enemies":"3 Louse","floor":7,"turns":1},{"damage":26,"enemies":"Lagavulin","floor":8,"turns":6},{"damage":7,"enemies":"3 Sentries","floor":10,"turns":1},{"damage":4,"enemies":"Large Slime","floor":11,"turns":3},{"damage":0,"enemies":"2 Fungi Beasts","floor":14,"turns":2},{"damage":8,"enemies":"The Guardian","floor":16,"turns":9},{"damage":14,"enemies":"Spheric Guardian","floor":18,"turns":3},{"damage":31,"enemies":"2 Thieves","floor":19,"turns":3},{"damage":9,"enemies":"Centurion and Healer","floor":21,"turns":4},{"damage":7,"enemies":"Cultist and Chosen","floor":22,"turns":3},{"damage":50,"enemies":"Book of Stabbing","floor":24,"turns":3}],"seed_played":"-5929827691556412670","potions_obtained":[{"floor":1,"key":"PowerPotion"},{"floor":6,"key":"SteroidPotion"},{"floor":8,"key":"Fire Potion"},{"floor":11,"key":"Strength Potion"},{"floor":14,"key":"DistilledChaos"},{"floor":18,"key":"GamblersBrew"},{"floor":19,"key":"FocusPotion"}],"is_trial":false,"path_per_floor":["M","?","M","$","M","E","M","E","T","E","M","T","R","M","R","B",null,"M","M","$","M","M","R","E"],"character_chosen":"DEFECT","items_purchased":["Ball Lightning+1","Coolheaded","AT_ThreeBodyProblem+1","Replay:Baseball","Whetstone","Orrery"],"campfire_rested":3,"item_purchase_floors":[4,4,20,20,20,20],"current_hp_per_floor":[57,57,50,50,43,35,35,9,9,4,2,2,23,25,46,40,63,51,22,22,22,17,38,0,0],"gold":216,"neow_bonus":"THREE_ENEMY_KILL","is_daily":false,"chose_seed":false,"campfire_upgraded":0,"win_rate":0.0,"timestamp":1613980828,"path_taken":["M","?","M","$","M","E","?","E","T","E","M","?","R","M","R","BOSS","M","M","$","?","M","R","E"],"items_purchased_type":["Card","Card","Card","Relic","Relic","Relic"],"build_version":"2020-12-22","purchased_purges":1,"victory":false,"max_hp_per_floor":[71,71,71,71,71,71,71,71,71,71,71,71,71,71,71,71,71,71,71,71,71,71,71,71,71],"card_choices":[{"not_picked":["Conserve Battery","AT_HeatAcrobatics"],"picked":"Defragment","floor":1},{"not_picked":["AT_WarpDrive","Barrage","ReplaySolidLightProjector"],"picked":"SKIP","floor":3},{"not_picked":["Genetic Algorithm","Barrage","Gash"],"picked":"SKIP","floor":5},{"not_picked":["BasicCrystalCard","Conserve Battery"],"picked":"Capacitor","floor":6},{"not_picked":["Gash","Turbo","ReplayRNGCard"],"picked":"SKIP","floor":7},{"not_picked":["Streamline","FTL","Beam Cell"],"picked":"SKIP","floor":8},{"not_picked":["Chaos","Turbo"],"picked":"Cold Snap","floor":10},{"not_picked":["Rebound","Redo","Ball Lightning"],"picked":"SKIP","floor":11},{"not_picked":["BasicCrystalCard","Tempest"],"picked":"Glacier","floor":14},{"not_picked":["Meteor Strike","Multi-Cast"],"picked":"Core Surge","floor":16},{"not_picked":["Blizzard","Turbo","Leap"],"picked":"SKIP","floor":18},{"not_picked":["Sunder","Rebound","Cold Snap"],"picked":"SKIP","floor":19},{"not_picked":["Go for the Eyes","Stack"],"picked":"Redo+1","floor":20},{"not_picked":["Beam Cell","Rebound+1"],"picked":"Self Repair","floor":20},{"not_picked":["Reinforced Body","Sweeping Beam+1"],"picked":"Loop","floor":20},{"not_picked":["Loop","Streamline","Beam Cell"],"picked":"SKIP","floor":21},{"not_picked":["Barrage","BasicCrystalCard+1"],"picked":"Double Energy+1","floor":22}],"player_experience":248909,"relics_obtained":[{"floor":6,"key":"MawBank"},{"floor":8,"key":"AT_EbonyIvory"},{"floor":9,"key":"Blood Vial"},{"floor":10,"key":"Nunchaku"},{"floor":12,"key":"AT_MibuBalloonWealth"}],"event_choices":[{"cards_removed":["Strike_B"],"damage_healed":0,"gold_gain":0,"player_choice":"Card Removal","damage_taken":0,"max_hp_gain":0,"max_hp_loss":0,"event_name":"Wheel of Change","floor":2,"gold_loss":0}],"is_beta":false,"boss_relics":[{"not_picked":["testmod-Fanaticism","Pandora\u0027s Box"],"picked":"Abe\u0027s Treasure"}],"items_purged_floors":[20],"is_endless":false,"potions_floor_spawned":[1,6,8,11,14,18,19],"killed_by":"Book of Stabbing","ascension_level":20}}