{"host":"wshey5htrz8rni6u","time":1613992254,"event":{"mods":["2.2 Compatiblity","BaseMod","Block Reminder","Colored Map","Colored Powertips","Current Relic Mod","Curses Come First","Dark Map","Key Reminder","Keyboard Shortcuts","Minty Spire (QoL Compilation)","Potion Indicator Mod","Quick Restart","Random Character Button","Relic Sorter","Relic Stats","StSLib","SuperFastMode","Unceasing Turn Reminder","UnlockEverythingMod","Weighted Paths"],"gold_per_floor":[110,12,12,12,287,328,328,371,395,435,447,482,524,536,548,560,560],"floor_reached":16,"language":"ENG","playtime":332,"items_purged":["Strike_G"],"score":271,"play_id":"3c3fad09-1a1d-48b3-9627-48f21ad934de","local_time":"20210222031054","is_ascension_mode":true,"campfire_choices":[{"data":"Neutralize","floor":7,"key":"SMITH"},{"data":"Crippling Poison","floor":15,"key":"SMITH"}],"circlet_count":0,"master_deck":["AscendersBane","Strike_G","Strike_G","Strike_G","Strike_G","Defend_G+1","Defend_G+1","Defend_G","Defend_G","Defend_G","Survivor","Neutralize+1","Dash","Dodge and Roll","Regret","Flying Knee","Crippling Poison+1","After Image","Endless Agony"],"relics":["Ring of the Snake","NeowsBlessing","Golden Idol","Orichalcum","Pantograph","keyreminder:keyreminder","Bronze Scales","MawBank"],"acts_visited":["Exordium"],"potions_floor_usage":[10],"damage_taken":[{"damage":0,"enemies":"Jaw Worm","floor":1,"turns":1},{"damage":0,"enemies":"3 Sentries","floor":6,"turns":1},{"damage":0,"enemies":"Gremlin Nob","floor":8,"turns":1},{"damage":24,"enemies":"Lagavulin","floor":10,"turns":8},{"damage":4,"enemies":"Small Slimes","floor":12,"turns":4},{"damage":46,"enemies":"Hexaghost","floor":16,"turns":14}],"seed_played":"7465328002993388616","potions_obtained":[{"floor":6,"key":"BlessingOfTheForge"},{"floor":12,"key":"Ancient Potion"}],"is_trial":false,"path_per_floor":["M","$","?","?","?","E","R","E","T","E","$","M","?","T","R","B"],"character_chosen":"THE_SILENT","items_purchased":["Dodge and Roll"],"campfire_rested":0,"item_purchase_floors":[2],"current_hp_per_floor":[63,63,49,49,49,49,49,49,49,25,25,21,21,21,21,0,0],"gold":560,"neow_bonus":"THREE_ENEMY_KILL","is_daily":false,"chose_seed":false,"campfire_upgraded":2,"win_rate":0.0,"timestamp":1613992254,"path_taken":["M","$","?","?","?","E","R","E","T","E","$","?","?","?","R","BOSS"],"items_purchased_type":["Card"],"build_version":"2020-12-13","purchased_purges":1,"victory":false,"max_hp_per_floor":[70,70,70,65,65,65,65,65,65,65,65,65,65,65,65,65,65],"relic_stats":{"counters":[6,29],"Golden Idol":30,"Pantograph":25,"Bronze Scales":[84],"Orichalcum":[6],"MawBank":72,"obtain_stats":[{"keyreminder:keyreminder":8,"NeowsBlessing":0,"Golden Idol":4,"Pantograph":8,"Bronze Scales":9,"Orichalcum":6,"MawBank":10,"Ring of the Snake":0},{"keyreminder:keyreminder":3,"NeowsBlessing":0,"Golden Idol":1,"Pantograph":3,"Bronze Scales":3,"Orichalcum":2,"MawBank":4,"Ring of the Snake":0},{"keyreminder:keyreminder":3,"NeowsBlessing":0,"Golden Idol":1,"Pantograph":3,"Bronze Scales":3,"Orichalcum":2,"MawBank":11,"Ring of the Snake":0}],"Ring of the Snake":[12]},"card_choices":[{"not_picked":["Deadly Poison","Dagger Throw"],"picked":"Dash","floor":1},{"not_picked":["Cloak And Dagger","Deadly Poison"],"picked":"Flying Knee","floor":6},{"not_picked":["Accuracy","Deadly Poison"],"picked":"Crippling Poison","floor":8},{"not_picked":["Well Laid Plans","Slice"],"picked":"After Image","floor":10},{"not_picked":["Dodge and Roll","Dagger Spray"],"picked":"Endless Agony","floor":12}],"player_experience":182192,"relics_obtained":[{"floor":6,"key":"Orichalcum"},{"floor":8,"key":"Pantograph"},{"floor":9,"key":"Bronze Scales"},{"floor":10,"key":"MawBank"}],"event_choices":[{"damage_healed":0,"gold_gain":0,"player_choice":"Entered Light","damage_taken":14,"max_hp_gain":0,"max_hp_loss":0,"event_name":"Shining Light","floor":3,"gold_loss":0,"cards_upgraded":["Defend_G","Defend_G"]},{"damage_healed":0,"gold_gain":0,"player_choice":"Lose Max HP","damage_taken":0,"relics_obtained":["Golden Idol"],"max_hp_gain":0,"max_hp_loss":5,"event_name":"Golden Idol","floor":4,"gold_loss":0},{"damage_healed":0,"gold_gain":275,"player_choice":"Desecrate","damage_taken":0,"max_hp_gain":0,"max_hp_loss":0,"event_name":"Golden Shrine","floor":5,"gold_loss":0,"cards_obtained":["Regret"]},{"damage_healed":0,"gold_gain":30,"player_choice":"Searched \u00271\u0027 times","damage_taken":0,"max_hp_gain":0,"max_hp_loss":0,"event_name":"Dead Adventurer","floor":13,"gold_loss":0}],"is_beta":false,"boss_relics":[],"items_purged_floors":[2],"is_endless":false,"potions_floor_spawned":[6,12],"killed_by":"Hexaghost","ascension_level":13}}