{"host":"xu4bnwtq7hv5gr1m","time":1613965115,"event":{"mods":["Act Like it!","Arknights","Aspiration","BaseMod","Conspire","Hubris","Lobotomy","LobotomyExtend","Marked Mod","Minty Spire (QoL Compilation)","Pale of the Ancients","Reliquary","Replay The Spire","Ruina","StSLib","The Jungle","°æ“≈ŒÔø®≈∆°øREMEMod","≤–¡Ù÷ÆŒÔ"],"gold_per_floor":[118,21,40,60,80,80,80,97,97,131,131,131,151,165,165,266,266,278,278,203,203,203,103,123,123,123,158,158,172,172,182,182,182,182],"floor_reached":33,"language":"ZHS","playtime":1794,"items_purged":["ats:Strike V","ats:Defend"],"score":266,"play_id":"abdb0017-c4c5-4029-a489-88efc43d4b83","local_time":"20210222113834","is_ascension_mode":false,"campfire_choices":[{"data":"ats:Roar Of Ursus","floor":6,"key":"SMITH"},{"data":"ats:Soul Absorption","floor":12,"key":"SMITH"},{"data":"ruina:SwordSharpened","floor":15,"key":"SMITH"},{"data":"ats:Ignite","floor":28,"key":"SMITH"}],"circlet_count":0,"master_deck":["ats:Strike C","ats:Defend","ats:Defend","ats:Defend","ats:Emotion Absorption","ruina:SwordSharpened+1","ats:Burning Ground","ats:Hook Shot+1","ats:Soul Absorption+1","ats:Roar Of Ursus+1","ats:Ignite","ats:Charging Defense","ats:Hook Shot","ats:Rat Pack","ats:Ignite+1","ats:Absolute Focus+1","ats:Part Time Job","Shame","ats:Ignite"],"relics":["ats:Sanity","REME_ComplimentaryCards","NeowsBlessing","conspire:InfiniteJournal","LetterFromLob","Replay:Mystery Machine","ats:Originium","hubris:BundleOfHerbs","Ring of Chaos","Shovel","theJungle:SpiritDisease","Spirit Poop","ats:Remnant Ash","theJungle:PaperFaux"],"acts_visited":["Exordium","Exordium"],"potions_floor_usage":[10,16,18,33,33,33],"damage_taken":[{"damage":0,"enemies":"ats:Genji","floor":1,"turns":1},{"damage":0,"enemies":"Jaw Worm","floor":3,"turns":1},{"damage":0,"enemies":"2 Louse","floor":4,"turns":1},{"damage":5,"enemies":"Blue Slaver","floor":5,"turns":6},{"damage":14,"enemies":"Exordium Thugs","floor":8,"turns":8},{"damage":15,"enemies":"Lagavulin","floor":10,"turns":7},{"damage":5,"enemies":"2 Fungi Beasts","floor":13,"turns":5},{"damage":7,"enemies":"Blue Slaver","floor":14,"turns":5},{"damage":33,"enemies":"Hexaghost","floor":16,"turns":12},{"damage":16,"enemies":"theJungle:Flameango_and_Byrd","floor":18,"turns":8},{"damage":2,"enemies":"theJungle:5_Spyders","floor":24,"turns":9},{"damage":49,"enemies":"theJungle:Cassacara","floor":27,"turns":11},{"damage":21,"enemies":"theJungle:JungleHuntersEncounter","floor":29,"turns":10},{"damage":1,"enemies":"theJungle:Lyon","floor":31,"turns":5},{"damage":10063,"enemies":"theJungle:TotemBoss","floor":33,"turns":12}],"seed_played":"-5159361047083087855","potions_obtained":[{"floor":3,"key":"BlessingOfTheForge"},{"floor":8,"key":"Flashbang"},{"floor":13,"key":"Energy Potion"},{"floor":16,"key":"SpeedPotion"},{"floor":29,"key":"Fire Potion"},{"floor":31,"key":"ats:Burn Small Potion"}],"is_trial":false,"path_per_floor":["M","?","M","M","M","R","?","M","T","E","?","R","M","M","R","B",null,"M","?","$","?","?","$","M","$","T","E","R","M","?","M","R","B"],"character_chosen":"DOCTOR_CLASS","items_purchased":[],"campfire_rested":0,"item_purchase_floors":[],"current_hp_per_floor":[72,72,72,72,67,67,72,58,58,43,51,51,46,39,39,6,77,61,43,43,43,43,43,41,41,41,52,52,37,37,36,59,0,0],"gold":182,"neow_bonus":"THREE_ENEMY_KILL","is_daily":false,"chose_seed":false,"campfire_upgraded":4,"win_rate":0.0,"timestamp":1613965114,"path_taken":["M","?","M","M","?","R","?","M","T","E","?","R","M","M","R","BOSS","M","?","$","?","?","$","M","?","T","E","R","M","?","?","R","BOSS"],"items_purchased_type":[],"build_version":"2020-12-22","purchased_purges":2,"victory":false,"max_hp_per_floor":[72,72,72,72,72,72,77,77,77,77,77,77,77,77,77,77,77,77,77,77,77,77,77,77,77,77,77,77,77,77,77,77,77,77],"card_choices":[{"not_picked":["ats:Leaping Hammer","ats:Curse Doll"],"picked":"ats:Burning Ground","floor":1},{"not_picked":["ats:Hook Shot","ats:Counter Healing Mode","ats:Poison Spread"],"picked":"SKIP","floor":3},{"not_picked":["ats:Counter Healing Mode","ats:Poison Spread"],"picked":"ats:Hook Shot","floor":3},{"not_picked":["ats:Closed Bolt Burst Fire","ats:Automatic Cover"],"picked":"ats:Soul Absorption","floor":4},{"not_picked":["ats:Ignite","ats:Apocalypse"],"picked":"ats:Roar Of Ursus","floor":5},{"not_picked":["ats:Guardian Obelisk","ats:Shadow Raid"],"picked":"ats:Ignite","floor":8},{"not_picked":["ats:Poison Spread","ats:Sword Rain"],"picked":"ats:Charging Defense","floor":10},{"not_picked":["ats:Chain Hook","ats:Assault Order"],"picked":"ats:Hook Shot","floor":13},{"not_picked":["ats:Thermite Blade","ats:Revitalization","ats:Neurotoxin"],"picked":"SKIP","floor":14},{"not_picked":["ats:Disruption Kick","ats:Shadow Assault"],"picked":"ats:Rat Pack","floor":16},{"not_picked":["ats:Apocalypse","ats:Neurotoxin"],"picked":"ats:Ignite","floor":18},{"not_picked":["ats:Apocalypse","ats:Consecutive Shot Auto+1"],"picked":"ats:Absolute Focus+1","floor":24},{"not_picked":["ats:Steam Pump+1","ats:Roar Of Ursus"],"picked":"ats:Part Time Job","floor":27},{"not_picked":["ats:Flexible Camouflage","ats:Explosion Area Strengthen","ats:Red Shift"],"picked":"SKIP","floor":29},{"not_picked":["ats:Collapsing Strike+1","ats:Hook Shot+1"],"picked":"ats:Ignite","floor":31}],"player_experience":764617,"relics_obtained":[{"floor":3,"key":"LetterFromLob"},{"floor":9,"key":"Replay:Mystery Machine"},{"floor":10,"key":"ats:Originium"},{"floor":10,"key":"hubris:BundleOfHerbs"},{"floor":26,"key":"Spirit Poop"},{"floor":27,"key":"ats:Originium"},{"floor":27,"key":"ats:Remnant Ash"}],"event_choices":[{"damage_healed":0,"gold_gain":0,"player_choice":"Paid Gold","damage_taken":0,"relics_obtained":["conspire:InfiniteJournal"],"max_hp_gain":0,"max_hp_loss":0,"event_name":"WeMeetAgain","floor":2,"gold_loss":97},{"damage_healed":0,"gold_gain":0,"player_choice":"Donut","damage_taken":0,"max_hp_gain":5,"max_hp_loss":0,"event_name":"Big Fish","floor":7,"gold_loss":0}],"is_beta":false,"boss_relics":[{"not_picked":["Ectoplasm","REME_DuelDisc"],"picked":"Ring of Chaos"}],"items_purged_floors":[20,23],"is_endless":false,"potions_floor_spawned":[3,8,13,16,29,31],"killed_by":"theJungle:TotemBoss","ascension_level":0}}