{"host":"5ddwedapke4fsx0r","time":1613988464,"event":{"mods":["BaseMod","Minty Spire (QoL Compilation)","StSLib"],"gold_per_floor":[113,288,357,371,79,79,104,58,58,91,109,109,119,135,135,232,232,246,246,246,69,83,83,103,132,157,55,71,71,96,96,96],"floor_reached":31,"language":"ENG","playtime":1260,"items_purged":["Doubt","Regret"],"score":410,"play_id":"8016b4da-e8d6-4816-a2de-550429105e93","local_time":"20210222110744","is_ascension_mode":true,"campfire_choices":[{"data":"Infinite Blades","floor":6,"key":"SMITH"},{"data":"Choke","floor":12,"key":"SMITH"},{"floor":15,"key":"REST"},{"floor":23,"key":"REST"},{"floor":29,"key":"REST"}],"circlet_count":0,"master_deck":["Strike_G","Strike_G+1","Strike_G","Strike_G","Strike_G","Defend_G","Defend_G","Defend_G","Defend_G","Defend_G","Survivor","Neutralize","Choke+1","Infinite Blades+1","Slice+1","Backflip","Deflect","Escape Plan","Blade Dance","Storm of Steel","Dagger Spray","Well Laid Plans","Well Laid Plans","Quick Slash+1","Skewer+1","Clumsy","Storm of Steel","Blade Dance"],"relics":["SacredBark","Pear","Tiny Chest","Vajra","Pantograph","Whetstone","Cursed Key","Molten Egg 2","Ice Cream","Akabeko","Smiling Mask"],"acts_visited":["Exordium","TheCity"],"potions_floor_usage":[14,16,22,24,25,25,28],"damage_taken":[{"damage":2,"enemies":"Jaw Worm","floor":1,"turns":6},{"damage":9,"enemies":"Cultist","floor":4,"turns":5},{"damage":28,"enemies":"Gremlin Nob","floor":7,"turns":4},{"damage":22,"enemies":"3 Sentries","floor":10,"turns":8},{"damage":1,"enemies":"2 Louse","floor":11,"turns":2},{"damage":0,"enemies":"Large Slime","floor":13,"turns":4},{"damage":0,"enemies":"Looter","floor":14,"turns":3},{"damage":30,"enemies":"Hexaghost","floor":16,"turns":9},{"damage":18,"enemies":"2 Thieves","floor":18,"turns":5},{"damage":6,"enemies":"Shell Parasite","floor":22,"turns":3},{"damage":18,"enemies":"Snake Plant","floor":24,"turns":4},{"damage":0,"enemies":"Gremlin Leader","floor":25,"turns":4},{"damage":5,"enemies":"Snecko","floor":28,"turns":4},{"damage":45,"enemies":"Book of Stabbing","floor":30,"turns":5},{"damage":17,"enemies":"3 Cultists","floor":31,"turns":3}],"seed_played":"-921123270708492426","potions_obtained":[{"floor":1,"key":"GamblersBrew"},{"floor":11,"key":"Weak Potion"},{"floor":13,"key":"Weak Potion"},{"floor":14,"key":"Dexterity Potion"},{"floor":22,"key":"Fire Potion"},{"floor":24,"key":"SkillPotion"}],"is_trial":false,"path_per_floor":["M","?","T","M","$","R","E","$","T","E","M","R","M","M","R","B",null,"M","?","T","$","M","R","M","E","T","$","M","R","E","M"],"character_chosen":"THE_SILENT","items_purchased":["Infinite Blades","Tiny Chest","Slice","Well Laid Plans","CultistPotion"],"campfire_rested":3,"item_purchase_floors":[5,5,8,21,27],"current_hp_per_floor":[68,68,78,69,69,69,41,41,41,19,18,18,18,18,42,37,69,51,36,36,36,30,55,37,37,37,37,32,57,12,0,0],"gold":96,"neow_bonus":"BOSS_RELIC","is_daily":false,"chose_seed":false,"campfire_upgraded":2,"win_rate":0.0,"timestamp":1613988464,"path_taken":["M","?","?","M","$","R","E","?","T","E","M","R","?","M","R","BOSS","M","?","?","?","?","R","M","E","T","$","M","R","E","M"],"items_purchased_type":["Card","Relic","Card","Card","Potion"],"build_version":"2020-12-22","purchased_purges":2,"victory":false,"max_hp_per_floor":[70,70,80,80,80,80,80,80,80,80,80,80,80,80,80,80,80,80,85,85,85,85,85,85,85,85,85,85,85,85,85,85],"card_choices":[{"not_picked":["Acrobatics","Skewer"],"picked":"Choke","floor":1},{"not_picked":["Acrobatics","Underhanded Strike","Choke"],"picked":"SKIP","floor":4},{"not_picked":["Acrobatics","Skewer","Bane"],"picked":"SKIP","floor":7},{"not_picked":["Sucker Punch","Quick Slash"],"picked":"Backflip","floor":10},{"not_picked":["Malaise","Leg Sweep"],"picked":"Deflect","floor":11},{"not_picked":["Dodge and Roll","Choke"],"picked":"Escape Plan","floor":13},{"not_picked":["Prepared","Deadly Poison"],"picked":"Blade Dance","floor":14},{"not_picked":["Corpse Explosion","Wraith Form v2"],"picked":"Storm of Steel","floor":16},{"not_picked":["Underhanded Strike","Sucker Punch"],"picked":"Dagger Spray","floor":18},{"not_picked":["Acrobatics","Flying Knee+1"],"picked":"Well Laid Plans","floor":22},{"not_picked":["Sucker Punch+1","Bane+1"],"picked":"Quick Slash+1","floor":24},{"not_picked":["Underhanded Strike+1","Crippling Poison"],"picked":"Skewer+1","floor":25},{"not_picked":["Dodge and Roll","Backflip"],"picked":"Storm of Steel","floor":28},{"not_picked":["Catalyst+1","Slice+1"],"picked":"Blade Dance","floor":30}],"player_experience":384598,"relics_obtained":[{"floor":3,"key":"Pear"},{"floor":7,"key":"Vajra"},{"floor":9,"key":"Pantograph"},{"floor":10,"key":"Whetstone"},{"floor":20,"key":"Molten Egg 2"},{"floor":25,"key":"Ice Cream"},{"floor":26,"key":"Akabeko"},{"floor":30,"key":"Smiling Mask"}],"event_choices":[{"damage_healed":0,"gold_gain":175,"player_choice":"AGREE","damage_taken":0,"max_hp_gain":0,"max_hp_loss":0,"event_name":"Liars Game","floor":2,"gold_loss":0,"cards_obtained":["Doubt"]},{"damage_healed":0,"gold_gain":0,"player_choice":"Shed Blood","damage_taken":20,"max_hp_gain":5,"max_hp_loss":0,"event_name":"Forgotten Altar","floor":19,"gold_loss":0}],"is_beta":false,"boss_relics":[{"not_picked":["Coffee Dripper","Pandora\u0027s Box"],"picked":"Cursed Key"}],"items_purged_floors":[5,21],"is_endless":false,"potions_floor_spawned":[1,11,13,14,22,24],"killed_by":"3 Cultists","ascension_level":5}}