{"host":"uv5ws9rdk87e8i5k","time":1613969495,"event":{"mods":["AchievementEnabler","BaseMod","Colored Map","Minty Spire (QoL Compilation)","Permanent Neow","Quick Restart","StSLib","SuperFastMode","The Necromancer","The Saiyan"],"gold_per_floor":[113,36,61,61,83,425,425,461,461,179,218,218,249,258,258,364,364,384,405,425,444,86,86,114,40,40,58,90,119,155,167,167,276,276,294,306,306,315,332,376,376,396,419,452,472,497,309,321,321,321,321],"floor_reached":50,"language":"ENG","playtime":1188,"items_purged":["Strike_G","Strike_G","Strike_G"],"score":1096,"play_id":"4f3cecd2-d931-45ff-a034-f3572b462c24","local_time":"20210221225135","is_ascension_mode":true,"campfire_choices":[{"data":"Cloak And Dagger","floor":7.0,"key":"SMITH"},{"data":"Choke","floor":12.0,"key":"SMITH"},{"data":"Accuracy","floor":15.0,"key":"SMITH"},{"floor":23.0,"key":"REST"},{"data":"Blade Dance","floor":32.0,"key":"SMITH"},{"data":"Venomology","floor":41.0,"key":"SMITH"},{"data":"Adrenaline","floor":49,"key":"SMITH"}],"circlet_count":0,"master_deck":["Strike_G","Defend_G","Defend_G","Defend_G","Defend_G","Defend_G+1","Survivor","Neutralize","Blade Dance+1","Backflip","Leg Sweep","Cloak And Dagger+1","Choke+1","Cloak And Dagger","Accuracy+1","Glass Knife+1","Dagger Throw+1","Glass Knife+1","Acrobatics","Blade Dance+1","Choke+1","Choke+1","Accuracy","Escape Plan","Finisher+1","Terror+1","Adrenaline+1","Adrenaline","Venomology+1","Blade Dance+1","Backflip","Noxious Fumes"],"relics":["WristBlade","CeramicFish","Old Coin","Mummified Hand","Singing Bowl","Membership Card","War Paint","Molten Egg 2","Strawberry","Philosopher\u0027s Stone","Torii","Bronze Scales","PreservedInsect","Sling","TungstenRod","Mango","Oddly Smooth Stone","Black Star","Mercury Hourglass","Matryoshka","Lantern","Paper Crane","Pantograph","Orichalcum","Bottled Lightning","HandDrill"],"acts_visited":["Exordium","TheCity","TheBeyond"],"potions_floor_usage":[48,50,50,50,50,50,50],"damage_taken":[{"damage":3.0,"enemies":"Small Slimes","floor":1.0,"turns":6.0},{"damage":0.0,"enemies":"Cultist","floor":3.0,"turns":3.0},{"damage":2.0,"enemies":"2 Louse","floor":5.0,"turns":3.0},{"damage":16.0,"enemies":"Lagavulin","floor":6.0,"turns":8.0},{"damage":12.0,"enemies":"Gremlin Nob","floor":8.0,"turns":4.0},{"damage":0.0,"enemies":"3 Sentries","floor":11.0,"turns":3.0},{"damage":0.0,"enemies":"Gremlin Nob","floor":13.0,"turns":2.0},{"damage":45.0,"enemies":"The Guardian","floor":16.0,"turns":10.0},{"damage":0.0,"enemies":"Spheric Guardian","floor":18.0,"turns":2.0},{"damage":7.0,"enemies":"2 Thieves","floor":19.0,"turns":2.0},{"damage":7.0,"enemies":"Snake Plant","floor":20.0,"turns":3.0},{"damage":22.0,"enemies":"Shelled Parasite and Fungi","floor":21.0,"turns":4.0},{"damage":1.0,"enemies":"Gremlin Leader","floor":24.0,"turns":4.0},{"damage":0.0,"enemies":"Centurion and Healer","floor":27.0,"turns":3.0},{"damage":0.0,"enemies":"Book of Stabbing","floor":28.0,"turns":2.0},{"damage":0.0,"enemies":"Snecko","floor":29.0,"turns":2.0},{"damage":7.0,"enemies":"Slavers","floor":30.0,"turns":2.0},{"damage":0.0,"enemies":"3 Cultists","floor":31.0,"turns":2.0},{"damage":7.0,"enemies":"Collector","floor":33.0,"turns":3.0},{"damage":14.0,"enemies":"3 Shapes","floor":35.0,"turns":4.0},{"damage":0.0,"enemies":"Orb Walker","floor":36.0,"turns":2.0},{"damage":0.0,"enemies":"Writhing Mass","floor":39.0,"turns":2.0},{"damage":34.0,"enemies":"Reptomancer","floor":40.0,"turns":5.0},{"damage":0.0,"enemies":"Jaw Worm Horde","floor":42.0,"turns":2.0},{"damage":0.0,"enemies":"Giant Head","floor":44.0,"turns":2.0},{"damage":0.0,"enemies":"Maw","floor":45.0,"turns":4.0},{"damage":0.0,"enemies":"Reptomancer","floor":46.0,"turns":2.0},{"damage":0,"enemies":"Writhing Mass","floor":48,"turns":2},{"damage":83,"enemies":"Awakened One","floor":50,"turns":7}],"seed_played":"-5206848007805935077","potions_obtained":[{"floor":1.0,"key":"Strength Potion"},{"floor":3.0,"key":"Explosive Potion"},{"floor":5.0,"key":"Regen Potion"},{"floor":6.0,"key":"Weak Potion"},{"floor":13.0,"key":"Swift Potion"},{"floor":20.0,"key":"AttackPotion"},{"floor":21.0,"key":"Fire Potion"},{"floor":24.0,"key":"PowerPotion"},{"floor":30.0,"key":"AttackPotion"},{"floor":36.0,"key":"SpeedPotion"},{"floor":42.0,"key":"CultistPotion"},{"floor":45.0,"key":"Block Potion"},{"floor":46.0,"key":"EntropicBrew"}],"is_trial":false,"path_per_floor":["M","?","M","$","M","E","R","E","T","$","E","R","E","?","R","B",null,"M","M","M","M","$","R","E","$","T","M","E","M","E","M","R","B",null,"M","M","?","?","M","E","R","M","T","E","M","E","$","M","R","B"],"character_chosen":"THE_SILENT","items_purchased":["Membership Card","War Paint","Cloak And Dagger","Accuracy","Choke+1","Accuracy","Block Potion","Torii","Bronze Scales","Escape Plan","Sling","Backflip","HandDrill","Noxious Fumes"],"campfire_rested":1,"item_purchase_floors":[10,10,10,10,22,22,22,22,22,22,25,47,47,47],"current_hp_per_floor":[60,60,60,60,58,55,55,43,43,43,43,43,52,52,52,7,61,63,56,49,27,27,51,52,52,52,54,70,70,63,65,65,58,92,80,82,82,82,84,50,50,52,52,54,54,56,56,58,58,0,0],"gold":321,"neow_bonus":"BOSS_RELIC","is_daily":false,"chose_seed":false,"campfire_upgraded":6,"win_rate":0.0,"timestamp":1613969495,"path_taken":["M","?","M","?","M","E","R","E","T","$","E","R","E","?","R","BOSS","M","M","M","M","$","R","E","?","T","M","E","M","E","M","R","BOSS","M","M","?","?","M","E","R","M","T","E","M","E","$","M","R","BOSS"],"items_purchased_type":["Relic","Relic","Card","Card","Card","Card","Potion","Relic","Relic","Card","Relic","Card","Relic","Card"],"build_version":"2020-12-22","purchased_purges":3,"victory":false,"max_hp_per_floor":[70,70,70,70,70,70,70,70,70,70,70,70,79,79,79,79,79,81,81,81,81,81,81,83,83,83,85,101,101,101,103,103,103,103,105,107,102,102,104,104,104,106,106,108,108,110,110,112,112,112,112],"card_choices":[{"not_picked":["Tactician","Eviscerate"],"picked":"Blade Dance","floor":1.0},{"not_picked":["All Out Attack","Dagger Throw"],"picked":"Backflip","floor":3.0},{"not_picked":["Backflip","Masterful Stab"],"picked":"Leg Sweep","floor":5.0},{"not_picked":["Well Laid Plans","Envenom"],"picked":"Cloak And Dagger","floor":6.0},{"not_picked":["Reflex","Calculated Gamble"],"picked":"Choke","floor":8.0},{"not_picked":["Deadly Poison","Skewer+1"],"picked":"Glass Knife+1","floor":11.0},{"not_picked":["Skewer+1","PiercingWail","Slice+1"],"picked":"Singing Bowl","floor":13.0},{"not_picked":["Corpse Explosion","Night Terror"],"picked":"Glass Knife+1","floor":16.0},{"not_picked":["Heel Hook+1","Deadly Poison","Setup"],"picked":"Singing Bowl","floor":18.0},{"not_picked":["Reflex","Dagger Throw+1"],"picked":"Acrobatics","floor":19.0},{"not_picked":["Distraction","PiercingWail"],"picked":"Blade Dance","floor":20.0},{"not_picked":["Slice+1","Blade Dance"],"picked":"Choke+1","floor":21.0},{"not_picked":["Outmaneuver","Grand Finale+1","Blur"],"picked":"Singing Bowl","floor":24.0},{"not_picked":["Dodge and Roll","Underhanded Strike+1","Setup"],"picked":"Singing Bowl","floor":27.0},{"not_picked":["Outmaneuver","Footwork+1","Acrobatics"],"picked":"Singing Bowl","floor":28.0},{"not_picked":["Backflip","Deadly Poison+1"],"picked":"Finisher+1","floor":29.0},{"not_picked":["Flying Knee+1","Acrobatics"],"picked":"Terror+1","floor":30.0},{"not_picked":["Poisoned Stab+1","Tactician","Underhanded Strike+1"],"picked":"Singing Bowl","floor":31.0},{"not_picked":["Doppelganger","Bullet Time"],"picked":"Adrenaline","floor":33.0},{"not_picked":["Outmaneuver","Quick Slash+1","Dagger Throw+1"],"picked":"Singing Bowl","floor":35.0},{"not_picked":["Footwork","Distraction","Eviscerate+1"],"picked":"Singing Bowl","floor":36.0},{"not_picked":["Distraction+1","Flying Knee+1","Malaise"],"picked":"Singing Bowl","floor":39.0},{"not_picked":["Quick Slash+1","Acrobatics"],"picked":"Venomology","floor":40.0},{"not_picked":["PiercingWail+1","Underhanded Strike+1","Blur"],"picked":"Singing Bowl","floor":42.0},{"not_picked":["Dodge and Roll+1","Riddle With Holes+1","Flying Knee+1"],"picked":"Singing Bowl","floor":44.0},{"not_picked":["Reflex","Cloak And Dagger+1"],"picked":"Blade Dance+1","floor":45.0},{"not_picked":["Terror","Dagger Spray+1","Catalyst"],"picked":"Singing Bowl","floor":46.0},{"not_picked":["Heel Hook+1","Expertise","Slice+1"],"picked":"Singing Bowl","floor":48}],"player_experience":224932,"relics_obtained":[{"floor":6.0,"key":"Old Coin"},{"floor":8.0,"key":"Mummified Hand"},{"floor":9.0,"key":"Singing Bowl"},{"floor":11.0,"key":"Molten Egg 2"},{"floor":13.0,"key":"Strawberry"},{"floor":24.0,"key":"PreservedInsect"},{"floor":26.0,"key":"TungstenRod"},{"floor":28.0,"key":"Mango"},{"floor":30.0,"key":"Oddly Smooth Stone"},{"floor":40.0,"key":"Mercury Hourglass"},{"floor":40.0,"key":"Matryoshka"},{"floor":43.0,"key":"Lantern"},{"floor":44.0,"key":"Paper Crane"},{"floor":44.0,"key":"Pantograph"},{"floor":46.0,"key":"Orichalcum"},{"floor":46.0,"key":"Bottled Lightning"}],"event_choices":[{"damage_healed":0.0,"max_hp_gain":0.0,"max_hp_loss":0.0,"gold_gain":0.0,"event_name":"WeMeetAgain","player_choice":"Paid Gold","floor":2.0,"gold_loss":77.0,"damage_taken":0.0,"relics_obtained":["CeramicFish"]},{"damage_healed":0.0,"max_hp_gain":0.0,"max_hp_loss":0.0,"gold_gain":0.0,"cards_transformed":["Strike_G"],"event_name":"Transmorgrifier","player_choice":"Transformed","floor":14.0,"gold_loss":0.0,"damage_taken":0.0,"cards_obtained":["Dagger Throw"]},{"damage_healed":0.0,"max_hp_gain":0.0,"max_hp_loss":5.0,"gold_gain":0.0,"event_name":"Winding Halls","player_choice":"Max HP","floor":37.0,"gold_loss":0.0,"damage_taken":0.0},{"damage_healed":0.0,"max_hp_gain":0.0,"max_hp_loss":0.0,"gold_gain":0.0,"event_name":"Duplicator","player_choice":"Copied","floor":38.0,"gold_loss":0.0,"damage_taken":0.0,"cards_obtained":["Adrenaline"]}],"is_beta":false,"boss_relics":[{"not_picked":["SlaversCollar","SacredBark"],"picked":"Philosopher\u0027s Stone"},{"not_picked":["Runic Dome","Pandora\u0027s Box"],"picked":"Black Star"}],"items_purged_floors":[10,22,47],"is_endless":false,"potions_floor_spawned":[1,3,5,6,13,20,21,24,30,31,36,42,45,46],"killed_by":"Awakened One","ascension_level":6}}