{"host":"gm50ke85n5jz306u","time":1613952667,"event":{"mods":["AchievementEnabler","AlwaysNeverKeys","Aspiration","BaseMod","Bestiary","Better Altar","Better Match","Better Note","Better Sensory Stone","Better Skull","Better Third Choice","Better Vampires","Better-Laid Plans","BetterRewards","Colored Powertips","Curses Come First","DNKmod","Defuse TimeMaze Blight","Disable Question Mark Monsters","Displayed Cursed Tome","Downfall","Emptier Cage","Extra Virgin Snecko Oil","Filter the Spire","Friendly Minions","Gremlin Skip","Hermit","Hubris","Hyrulean Relics","Ironclad Rager","Jorbs\u0027s Wanderer Trilogy","Koishi","Lobotomy","Marisa????????","Marked Mod","Minty Spire (QoL Compilation)","Permanent Neow","Poor People Problems","Quick Restart","Reimu??????","Relic Filter Mod","Relic Sorter","Remilia??????","Remove Card Discount Mod","Reorder Act Four","Replay The Spire","Shop Mod","StSLib","Synergy Search","Td1madao Mod","The Administrix","The Animator","The Blue Laboratory","The Bug Knight","The Construct","The Cursed","The Disciple","The Hierophant","The Necromancer","The Poker Player","The Runesmith","The Senshi","The Servant 0.9.4","Thieving Mod","Transform Curses","WarShipGirlsR/????R mod","Youmu??????"],"gold_per_floor":[10016,10016,9036,9049,9072,9072,9072,9072,9072,9072,9086,8095,8149,8190,8190,8315,8315,8329,8529,8489,8489,7705,7299,7299,7319,7319,7337,7377,7395,7395,7438,7438,7567,7567,7591,7591,6843,6864,6424,6479,6479,6479,6550,6550,6550,6550,6550,5992,5992,6033,6033,6059],"floor_reached":53,"language":"ENG","playtime":4199,"items_purged":["TheCursedMod:Strike_TheCursed","TheCursedMod:Strike_TheCursed","TheCursedMod:Strike_TheCursed","TheCursedMod:Strike_TheCursed","TheCursedMod:Dregs","TheCursedMod:FleshFromBone","TheCursedMod:CursedWand","TheCursedMod:CursedSpellbook+1","TheCursedMod:CursedBlade+1","TheCursedMod:CursedBlade+1","TheCursedMod:SpitefulPlan+1","TheCursedMod:HellfireBreathing+1","TheCursedMod:SmokeScreen+1","TheCursedMod:CleanUpWorkshop+1","TheCursedMod:Wield+1"],"score":792,"play_id":"0168d16c-2c16-47a4-8d1e-6fb098bc01cb","local_time":"20210222011107","is_ascension_mode":false,"campfire_choices":[{"data":"TheCursedMod:HellfireBreathing","floor":6.0,"key":"SMITH"},{"data":"TheCursedMod:CursedBlade","floor":8.0,"key":"SMITH"},{"data":"TheCursedMod:StingEye","floor":10.0,"key":"SMITH"},{"data":"TheCursedMod:OutForBlood","floor":15.0,"key":"SMITH"},{"data":"TheCursedMod:CleanUpWorkshop","floor":24.0,"key":"SMITH"},{"data":"TheCursedMod:SmokeScreen","floor":30.0,"key":"SMITH"},{"data":"TheCursedMod:SpitefulPlan","floor":32.0,"key":"SMITH"},{"data":"TheCursedMod:Hemoplague","floor":41.0,"key":"SMITH"},{"data":"TheCursedMod:WearCloak","floor":44.0,"key":"SMITH"},{"data":"TheCursedMod:Defend_TheCursed","floor":49.0,"key":"SMITH"},{"data":"TheCursedMod:Defend_TheCursed","floor":51.0,"key":"SMITH"}],"circlet_count":0,"master_deck":["TheCursedMod:Defend_TheCursed+1","TheCursedMod:Defend_TheCursed+1","TheCursedMod:Defend_TheCursed","TheCursedMod:Defend_TheCursed","TheCursedMod:StingEye+1","TheCursedMod:Stigma+1","TheCursedMod:SoulReap+1","TheCursedMod:OutForBlood+1","TheCursedMod:Mangle+1","TheCursedMod:VitalStrike+1","Apotheosis+1","TheCursedMod:Stigma+1","TheCursedMod:SurpriseAttack+1","TheCursedMod:WearCloak+1","Dramatic Entrance+1","TheCursedMod:Hemoplague+1","TheCursedMod:Stigma+1","TheCursedMod:SurpriseAttack+1","Dramatic Entrance+1","TheCursedMod:SoulReap+1","TheCursedMod:WearCloak+1"],"relics":["TheCursedMod:BlackMagic101","Sundial","Replay:Bandana","MerchantsRug","hubris:Icosahedron","Calipers","FossilizedHelix","Anchor","Medical Kit","Molten Egg 2","Golden Idol","Strange Spoon","Counterbalance","Whetstone","MealTicket","Coffee Dripper","Pondfish Scales","Replay:Wanted Poster","Guide Book","ClockworkSouvenir","Dream Catcher","Omamori","hubris:SphereOfDissonance","Black Star","TheCursedMod:Tack","ReplayTheSpireMod:Shallot","TentaclePot:ReiMu","Oddly Smooth Stone","Mirror","Sling","ReplayTheSpireMod:Lightbulb","hubris:TenFootPole"],"acts_visited":["Exordium","TheCity","TheBeyond"],"potions_floor_usage":[52],"damage_taken":[{"damage":3.0,"enemies":"Jaw Worm","floor":1.0,"turns":4.0},{"damage":0.0,"enemies":"2 Louse","floor":4.0,"turns":4.0},{"damage":0.0,"enemies":"Small Slimes","floor":5.0,"turns":3.0},{"damage":0.0,"enemies":"Blue Slaver","floor":11.0,"turns":3.0},{"damage":3.0,"enemies":"Lagavulin","floor":14.0,"turns":5.0},{"damage":44.0,"enemies":"Fading Forest","floor":16.0,"turns":11.0},{"damage":0.0,"enemies":"3 Byrds","floor":18.0,"turns":3.0},{"damage":8.0,"enemies":"2 Thieves","floor":25.0,"turns":3.0},{"damage":0.0,"enemies":"Centurion and Healer","floor":27.0,"turns":4.0},{"damage":15.0,"enemies":"Book of Stabbing","floor":28.0,"turns":4.0},{"damage":0.0,"enemies":"Shelled Parasite and Fungi","floor":29.0,"turns":3.0},{"damage":15.0,"enemies":"Slavers","floor":31.0,"turns":5.0},{"damage":33.0,"enemies":"Collector","floor":33.0,"turns":8.0},{"damage":9.0,"enemies":"3 Shapes","floor":35.0,"turns":5.0},{"damage":20.0,"enemies":"3 Darklings","floor":38.0,"turns":4.0},{"damage":0.0,"enemies":"HollowMod:StalkingDevout","floor":40.0,"turns":5.0},{"damage":0.0,"enemies":"Sphere and 2 Shapes","floor":50.0,"turns":2.0},{"damage":12,"enemies":"hubris:GrandSnecko","floor":52,"turns":11}],"seed_played":"7211153984812566038","potions_obtained":[{"floor":4.0,"key":"Doom Potion"},{"floor":20.0,"key":"Fire Potion"}],"is_trial":false,"path_per_floor":["M","?","$","M","M","R","?","R","T","R","M","$","T","E","R","B",null,"M","?","?","?","$","$","R","M","T","M","E","M","R","E","R","B",null,"M","?","$","M","$","E","R","?","T","R","PTL","PTL","?","$","R","M","R","B",null],"character_chosen":"THE_CURSED","items_purchased":["FossilizedHelix","Anchor","Strange Spoon","MerchantsRug","TheCursedMod:HellfireBreathing","TheCursedMod:CursedSpellbook","TheCursedMod:Wield","TheCursedMod:SmokeScreen","Replay:Bottled Eggs","Medical Kit","Counterbalance","TheCursedMod:OutForBlood","TheCursedMod:Mangle+1","Swift Potion","Pondfish Scales","aspiration:SeaSaltIceCream","TheCursedMod:FleshFromBone","Apotheosis","Guide Book","Elixir","ClockworkSouvenir","Dream Catcher","TheCursedMod:Stigma+1","TheCursedMod:SurpriseAttack+1","Flashbang","TheCursedMod:Tack","ReplayTheSpireMod:Shallot","TentaclePot:ReiMu","Dramatic Entrance+1","TheCursedMod:Hemoplague","TheCursedMod:Stigma+1","Calipers","Replay:Bandana","TheCursedMod:SoulReap+1","Sling","ReplayTheSpireMod:Lightbulb","hubris:TenFootPole"],"campfire_rested":0,"item_purchase_floors":[3,3,3,3,3,3,3,3,12,12,12,12,12,12,22,22,22,22,22,22,23,23,23,23,23,37,37,37,37,37,37,39,39,48,48,48,48],"current_hp_per_floor":[72,54,54,54,54,54,54,54,54,54,59,59,59,63,63,33,75,75,75,75,75,75,75,75,67,67,73,60,60,60,46,46,20,75,66,66,75,55,70,75,75,75,75,75,75,75,75,75,75,75,75,63],"gold":6059,"neow_bonus":"THREE_CARDS","is_daily":false,"chose_seed":false,"campfire_upgraded":11,"win_rate":0.0,"timestamp":1613952667,"path_taken":["M","?","$","M","M","R","?","R","T","R","M","$","?","E","R","BOSS","M","?","?","?","?","$","R","?","T","M","E","M","R","E","R","BOSS","M","?","$","M","$","E","R","?","T","R","PTL","PTL","?","?","R","M","R","BOSS"],"items_purchased_type":["Relic","Relic","Relic","Relic","Card","Card","Card","Card","Relic","Relic","Relic","Card","Card","Potion","Relic","Relic","Card","Card","Relic","Potion","Relic","Relic","Card","Card","Potion","Relic","Relic","Relic","Card","Card","Card","Relic","Relic","Card","Relic","Relic","Relic"],"build_version":"2020-12-22","purchased_purges":15,"victory":true,"max_hp_per_floor":[75,75,75,75,75,75,75,75,75,75,75,75,75,75,75,75,75,75,75,75,75,75,75,75,75,75,75,75,75,75,75,75,75,75,75,75,75,75,75,75,75,75,75,75,75,75,75,75,75,75,75,75],"card_choices":[{"not_picked":["TheCursedMod:RavingStaff","TheCursedMod:RapidMovement"],"picked":"TheCursedMod:StingEye","floor":1.0},{"not_picked":["TheCursedMod:CursedArmor","TheCursedMod:TroublousMinions"],"picked":"TheCursedMod:Stigma","floor":4.0},{"not_picked":["TheCursedMod:Stretching","TheCursedMod:SpitefulStrike"],"picked":"TheCursedMod:SoulReap","floor":5.0},{"not_picked":["TheCursedMod:SpitefulStrike+1","TheCursedMod:EmpowerCircles"],"picked":"TheCursedMod:CursedBlade+1","floor":11.0},{"not_picked":["TheCursedMod:CursedMace+1","TheCursedMod:RapidMovement"],"picked":"TheCursedMod:VitalStrike+1","floor":14.0},{"not_picked":["TheCursedMod:EmpowerCircles","TheCursedMod:Torture+1","TheCursedMod:TroublousMinions+1"],"picked":"SKIP","floor":18.0},{"not_picked":["TheCursedMod:FuryStrike+1","TheCursedMod:CircleOfWindfury","TheCursedMod:CircleOfAmplification"],"picked":"SKIP","floor":25.0},{"not_picked":["TheCursedMod:CircleOfFlame","TheCursedMod:CursedMace+1","TheCursedMod:Torture+1"],"picked":"SKIP","floor":27.0},{"not_picked":["TheCursedMod:CircleOfCorruption","TheCursedMod:CursedBoomerang+1","TheCursedMod:CircleOfFlame+1"],"picked":"SKIP","floor":28.0},{"not_picked":["TheCursedMod:CircleOfFlame+1","TheCursedMod:CursedMace+1","TheCursedMod:BloodBarrier"],"picked":"SKIP","floor":29.0},{"not_picked":["TheCursedMod:CursedAmulet","TheCursedMod:SoulCrush+1"],"picked":"TheCursedMod:SpitefulPlan","floor":31.0},{"not_picked":["TheCursedMod:Obscuration+1","TheCursedMod:SpitefulPlan+1"],"picked":"TheCursedMod:WearCloak","floor":35.0},{"not_picked":["TheCursedMod:CircleOfFlame","TheCursedMod:SpitefulPray"],"picked":"TheCursedMod:SurpriseAttack+1","floor":38.0},{"not_picked":["TheCursedMod:PrepareRite","TheCursedMod:BloodBarrier+1","TheCursedMod:CursedStaff+1"],"picked":"SKIP","floor":40.0},{"not_picked":["Magnetism","Finesse"],"picked":"Dramatic Entrance+1","floor":42.0},{"not_picked":["TheCursedMod:CursedAmulet+1","TheCursedMod:CircleOfAmplification+1"],"picked":"TheCursedMod:WearCloak+1","floor":50.0}],"player_experience":375777,"relics_obtained":[{"floor":9.0,"key":"Molten Egg 2"},{"floor":13.0,"key":"Whetstone"},{"floor":14.0,"key":"MealTicket"},{"floor":26.0,"key":"Omamori"},{"floor":28.0,"key":"Sundial"},{"floor":31.0,"key":"hubris:SphereOfDissonance"},{"floor":40.0,"key":"Oddly Smooth Stone"},{"floor":43.0,"key":"Mirror"}],"event_choices":[{"damage_healed":0.0,"max_hp_gain":0.0,"max_hp_loss":0.0,"gold_gain":0.0,"event_name":"Golden Idol","player_choice":"Take Damage","floor":2.0,"gold_loss":0.0,"damage_taken":18.0,"relics_obtained":["Golden Idol"]},{"damage_healed":0.0,"max_hp_gain":0.0,"max_hp_loss":0.0,"gold_gain":250.0,"event_name":"The Joust","player_choice":"Bet on Owner","floor":19.0,"gold_loss":50.0,"damage_taken":0.0},{"damage_healed":0.0,"max_hp_gain":0.0,"max_hp_loss":0.0,"gold_gain":0.0,"event_name":"The Woman in Blue","player_choice":"Bought 3 Potions","floor":20.0,"gold_loss":0.0,"damage_taken":0.0},{"damage_healed":0.0,"max_hp_gain":0.0,"max_hp_loss":0.0,"gold_gain":0.0,"event_name":"betterNote:BetterNote","player_choice":"Ignored","floor":21.0,"gold_loss":0.0,"damage_taken":0.0,"cards_obtained":["Finesse"]},{"damage_healed":0.0,"max_hp_gain":0.0,"max_hp_loss":0.0,"gold_gain":3.0,"event_name":"betterStone:BetterStone","player_choice":"1","floor":42.0,"gold_loss":0.0,"damage_taken":0.0},{"damage_healed":0.0,"max_hp_gain":0.0,"max_hp_loss":0.0,"gold_gain":0.0,"event_name":"The Moai Head","player_choice":"Ignored","floor":47.0,"gold_loss":0.0,"damage_taken":0.0}],"is_beta":false,"boss_relics":[{"not_picked":["Fusion Hammer","Abe\u0027s Treasure"],"picked":"Coffee Dripper"},{"not_picked":["Runic Pyramid","hubris:BlackHole"],"picked":"Black Star"}],"items_purged_floors":[12,12,12,12,12,22,22,22,23,37,37,37,37,37,37],"is_endless":false,"potions_floor_spawned":[4,27,31,33,38],"ascension_level":0}}