{"host":"xp5rvh2jwe2ejyfm","time":1613956820,"event":{"mods":["2.2 Compatiblity","Aspiration","Bard","BaseMod","Beaked The Cultist","Better Altar","Better Match","Better Note","Better Sensory Stone","Better Skull","BetterRewards","Colored Powertips","Conspire","Downfall","GifTheSpireLib","Gremlin Mod","GungeonMod","Hermit","Hubris","Jorbs\u0027s Wanderer Trilogy","Mad Scientist","Minty Spire (QoL Compilation)","Potionbrewer","Quick Restart","Replay The Spire","Robot Space Explorer","Shade Mod","Somnambulant","StSLib","The Bug Knight","The Clintock","The Construct","The Cursed","The Disciple","The Forsaken","The Hierophant","The Marked","The Mystic","The Necromancer","The Runesmith","The Servant 0.9.4","The Valiant","The Witch","TheFirefly","TheVacant","thorton"],"gold_per_floor":[118,1,1,20,20,20,20,20],"floor_reached":7,"language":"ENG","playtime":246,"items_purged":[],"score":39,"play_id":"f12f0df2-1b69-4f76-8fa5-e80d16be207a","local_time":"20210221202020","is_ascension_mode":false,"campfire_choices":[{"floor":6,"key":"RECALL"}],"circlet_count":0,"master_deck":["MadScienceMod:Strike_MadScience","MadScienceMod:Strike_MadScience","MadScienceMod:Strike_MadScience","MadScienceMod:Strike_MadScience","MadScienceMod:Defend_MadScience","MadScienceMod:Defend_MadScience","MadScienceMod:Defend_MadScience","MadScienceMod:Defend_MadScience","MadScienceMod:PoweredStrike","MadScienceMod:HideBehindJunk","MadScienceMod:FlexibleSpear","MadScienceMod:AssemblyLine","MadScienceMod:PowerArmor","MadScienceMod:SelfDestruct","theForsaken:PlagueCurse","MadScienceMod:BandageBot"],"relics":["MadScienceMod:FuelTank","Toolbox","theForsaken:PlagueMask"],"acts_visited":["Exordium"],"potions_floor_usage":[],"damage_taken":[{"damage":7,"enemies":"Small Slimes","floor":1,"turns":4},{"damage":2,"enemies":"Cultist","floor":4,"turns":3},{"damage":77,"enemies":"3 Sentries","floor":7,"turns":8}],"seed_played":"-935413750411066201","potions_obtained":[],"is_trial":false,"path_per_floor":["M","$","?","M","$","R","E"],"character_chosen":"MAD_SCIENTIST","items_purchased":["Toolbox","MadScienceMod:PowerArmor","MadScienceMod:SelfDestruct"],"campfire_rested":0,"item_purchase_floors":[0,2,2],"current_hp_per_floor":[61,61,61,59,59,59,0,0],"gold":20,"neow_bonus":"","is_daily":false,"chose_seed":false,"campfire_upgraded":0,"win_rate":0.0,"timestamp":1613956820,"path_taken":["M","$","?","M","$","R","E"],"items_purchased_type":["Relic","Card","Card"],"build_version":"2020-12-22","purchased_purges":0,"victory":false,"max_hp_per_floor":[75,75,75,75,75,75,75,75],"card_choices":[{"not_picked":["MadScienceMod:AntimatterBomb","MadScienceMod:Refuel"],"picked":"MadScienceMod:AssemblyLine","floor":1},{"not_picked":["MadScienceMod:AutoStrike","MadScienceMod:Detonate"],"picked":"MadScienceMod:BandageBot","floor":4}],"player_experience":560407,"relics_obtained":[],"event_choices":[{"damage_healed":0,"gold_gain":0,"player_choice":"Obtain Plague Curse","damage_taken":0,"max_hp_gain":0,"max_hp_loss":0,"event_name":"Plague Doctor","floor":3,"gold_loss":0,"cards_obtained":["theForsaken:PlagueCurse"]}],"is_beta":false,"boss_relics":[],"items_purged_floors":[],"is_endless":false,"potions_floor_spawned":[],"killed_by":"3 Sentries","ascension_level":0}}