{"host":"7gquyva492f4udta","time":1613954547,"event":{"mods":["BaseMod","Minty Spire (QoL Compilation)"],"gold_per_floor":[109,122,63,79,4,4,39,39,39,39,67,84,84,103,103,205,205,221,221,221,231,9,44,44,76,76,107,107,123,223,19,19,124,124,141,3,13,63,0,33,33,62,89,99,99,127,127,161,161,161],"floor_reached":51,"language":"ENG","playtime":5311,"items_purged":["Strike_B","Strike_B"],"score":1385,"play_id":"522fae08-5b9f-4c8f-8ef4-dbdca7add35d","local_time":"20210221184227","is_ascension_mode":true,"campfire_choices":[{"data":"Genetic Algorithm","floor":6.0,"key":"SMITH"},{"floor":10.0,"key":"REST"},{"data":"Zap","floor":13.0,"key":"SMITH"},{"data":"Consume","floor":15.0,"key":"SMITH"},{"data":"Buffer","floor":24.0,"key":"SMITH"},{"floor":32.0,"key":"REST"},{"floor":41.0,"key":"REST"},{"data":"Defend_B","floor":47,"key":"PURGE"},{"data":"Defend_B","floor":49,"key":"PURGE"}],"circlet_count":0,"master_deck":["Defend_B","Defend_B","Zap+1","Dualcast","Cold Snap","Genetic Algorithm+1","Consume+1","Skim","Auto Shields","Melter","Cold Snap","Buffer+1","CurseOfTheBell","Steam","Buffer+1","Reboot","Loop+1","Amplify","Genetic Algorithm+1","Glacier","RitualDagger","Turbo+1","Electrodynamics+1","Master of Strategy","Conserve Battery+1","Hologram+1","Violence","Thinking Ahead","Metamorphosis"],"relics":["Nuclear Battery","Thread and Needle","Oddly Smooth Stone","Du-Vu Doll","Juzu Bracelet","Calling Bell","Omamori","Frozen Egg 2","TungstenRod","Nilry\u0027s Codex","OrangePellets","DataDisk","Peace Pipe","Bottled Lightning","Ginger","Torii","The Courier","Frozen Eye","Busted Crown","Lizard Tail","Red Mask","Emotion Chip","Dead Branch","Blood Vial","FossilizedHelix"],"acts_visited":[],"potions_floor_usage":[48,48],"damage_taken":[{"damage":7.0,"enemies":"Jaw Worm","floor":1.0,"turns":4.0},{"damage":0.0,"enemies":"Cultist","floor":2.0,"turns":3.0},{"damage":0.0,"enemies":"2 Louse","floor":4.0,"turns":4.0},{"damage":25.0,"enemies":"3 Sentries","floor":7.0,"turns":12.0},{"damage":27.0,"enemies":"Lagavulin","floor":11.0,"turns":10.0},{"damage":0.0,"enemies":"Exordium Wildlife","floor":12.0,"turns":7.0},{"damage":1.0,"enemies":"Looter","floor":14.0,"turns":3.0},{"damage":0.0,"enemies":"The Guardian","floor":16.0,"turns":17.0},{"damage":0.0,"enemies":"Shell Parasite","floor":18.0,"turns":7.0},{"damage":0.0,"enemies":"Chosen","floor":21.0,"turns":8.0},{"damage":0.0,"enemies":"Book of Stabbing","floor":23.0,"turns":9.0},{"damage":0.0,"enemies":"Gremlin Leader","floor":25.0,"turns":10.0},{"damage":20.0,"enemies":"Slavers","floor":27.0,"turns":10.0},{"damage":0.0,"enemies":"Centurion and Healer","floor":29.0,"turns":10.0},{"damage":13.0,"enemies":"Colosseum Slavers","floor":30.0,"turns":6.0},{"damage":0.0,"enemies":"Colosseum Nobs","floor":30.0,"turns":7.0},{"damage":0.0,"enemies":"Collector","floor":33.0,"turns":23.0},{"damage":0.0,"enemies":"3 Darklings","floor":35.0,"turns":5.0},{"damage":0.0,"enemies":"Orb Walker","floor":37.0,"turns":4.0},{"damage":0.0,"enemies":"Mind Bloom Boss Battle","floor":38.0,"turns":13.0},{"damage":20.0,"enemies":"Giant Head","floor":40.0,"turns":16.0},{"damage":0.0,"enemies":"Nemesis","floor":42.0,"turns":15.0},{"damage":0.0,"enemies":"Sphere and 2 Shapes","floor":44.0,"turns":3.0},{"damage":0,"enemies":"Reptomancer","floor":46,"turns":7},{"damage":0,"enemies":"Giant Head","floor":48,"turns":12},{"damage":56,"enemies":"Awakened One","floor":50,"turns":17}],"seed_played":"-6031557668423165496","potions_obtained":[{"floor":11.0,"key":"Fire Potion"},{"floor":12.0,"key":"SpeedPotion"},{"floor":14.0,"key":"Weak Potion"},{"floor":21.0,"key":"EntropicBrew"},{"floor":27.0,"key":"Fire Potion"},{"floor":29.0,"key":"DuplicationPotion"},{"floor":40.0,"key":"SteroidPotion"},{"floor":42.0,"key":"Weak Potion"},{"floor":44.0,"key":"Block Potion"}],"is_trial":false,"path_per_floor":["M","M","?","M","$","R","E","$","T","R","E","M","R","M","R","B",null,"M","?","?","M","$","E","R","E","T","E","?","M","?","$","R","B",null,"M","$","M","?","?","E","R","E","T","M","?","E","R","E","R","B",null],"character_chosen":"DEFECT","items_purchased":["OrangePellets","Loop+1","Frozen Eye","Master of Strategy"],"campfire_rested":3,"item_purchase_floors":[22,22,31,36],"current_hp_per_floor":[61,61,61,61,61,61,36,36,36,58,31,31,31,30,30,30,64,64,64,52,52,52,52,52,52,52,32,27,27,14,14,36,36,65,65,65,65,65,65,45,67,67,67,67,58,58,58,60,60,6],"gold":161,"neow_bonus":"BOSS_RELIC","is_daily":false,"chose_seed":false,"campfire_upgraded":4,"win_rate":0.0,"timestamp":1613954547,"path_taken":["M","M","?","?","?","R","E","$","T","R","E","M","R","M","R","BOSS","M","?","?","M","$","E","R","E","T","E","?","M","?","?","R","BOSS","M","$","M","?","?","E","R","E","T","M","?","E","R","E","R","BOSS"],"items_purchased_type":["Relic","Card","Relic","Card"],"build_version":"2020-12-22","purchased_purges":2,"victory":true,"max_hp_per_floor":[75,75,75,75,75,75,75,75,75,75,75,75,75,75,75,75,75,75,75,75,75,75,75,75,75,75,75,75,75,75,75,75,75,75,75,75,75,75,75,75,75,75,75,75,75,75,75,75,75,75],"card_choices":[{"not_picked":["Ball Lightning","Streamline"],"picked":"Cold Snap","floor":1.0},{"not_picked":["Rebound","Turbo"],"picked":"Genetic Algorithm","floor":2.0},{"not_picked":["Steam","Sweeping Beam"],"picked":"Consume","floor":4.0},{"not_picked":["Rebound","Aggregate"],"picked":"Skim","floor":7.0},{"not_picked":["Heatsinks","Redo"],"picked":"Auto Shields","floor":11.0},{"not_picked":["Go for the Eyes","Aggregate"],"picked":"Melter","floor":12.0},{"not_picked":["Steam","Stack"],"picked":"Cold Snap","floor":14.0},{"not_picked":["Thunder Strike","Meteor Strike"],"picked":"Buffer","floor":16.0},{"not_picked":["Hologram","Ball Lightning"],"picked":"Steam","floor":18.0},{"not_picked":["Chaos","Redo","Coolheaded"],"picked":"SKIP","floor":21.0},{"not_picked":["Conserve Battery+1","Hologram+1"],"picked":"Amplify","floor":23.0},{"not_picked":["Reinforced Body","Hello World+1"],"picked":"Genetic Algorithm+1","floor":25.0},{"not_picked":["Chaos","Conserve Battery"],"picked":"Glacier","floor":27.0},{"not_picked":["Steam","Go for the Eyes"],"picked":"Turbo+1","floor":29.0},{"not_picked":["Seek","Machine Learning+1"],"picked":"Electrodynamics+1","floor":33.0},{"not_picked":["Rip and Tear"],"picked":"SKIP","floor":35.0},{"not_picked":[],"picked":"Conserve Battery+1","floor":37.0},{"not_picked":["Steam"],"picked":"SKIP","floor":40.0},{"not_picked":["Double Energy"],"picked":"SKIP","floor":42.0},{"not_picked":[],"picked":"Hologram+1","floor":44.0},{"not_picked":[],"picked":"Violence","floor":45},{"not_picked":[],"picked":"Thinking Ahead","floor":45},{"not_picked":[],"picked":"Metamorphosis","floor":45},{"not_picked":["Scrape"],"picked":"SKIP","floor":46},{"not_picked":["Leap"],"picked":"SKIP","floor":48}],"player_experience":309963,"relics_obtained":[{"floor":7.0,"key":"Oddly Smooth Stone"},{"floor":9.0,"key":"Du-Vu Doll"},{"floor":11.0,"key":"Juzu Bracelet"},{"floor":17.0,"key":"Omamori"},{"floor":17.0,"key":"Frozen Egg 2"},{"floor":17.0,"key":"TungstenRod"},{"floor":20.0,"key":"Nilry\u0027s Codex"},{"floor":23.0,"key":"DataDisk"},{"floor":25.0,"key":"Peace Pipe"},{"floor":26.0,"key":"Bottled Lightning"},{"floor":27.0,"key":"Ginger"},{"floor":30.0,"key":"Torii"},{"floor":30.0,"key":"The Courier"},{"floor":38.0,"key":"Lizard Tail"},{"floor":40.0,"key":"Emotion Chip"},{"floor":42.0,"key":"Dead Branch"},{"floor":46,"key":"Blood Vial"},{"floor":48,"key":"FossilizedHelix"}],"event_choices":[{"damage_healed":0.0,"max_hp_gain":0.0,"max_hp_loss":0.0,"gold_gain":0.0,"event_name":"WeMeetAgain","player_choice":"Paid Gold","floor":3.0,"gold_loss":59.0,"damage_taken":0.0,"relics_obtained":["Thread and Needle"]},{"damage_healed":0.0,"max_hp_gain":0.0,"max_hp_loss":0.0,"gold_gain":0.0,"cards_transformed":["Strike_B","Strike_B"],"event_name":"Drug Dealer","player_choice":"Became Test Subject","floor":19.0,"gold_loss":0.0,"damage_taken":0.0,"cards_obtained":["Buffer","Reboot"]},{"damage_healed":0.0,"max_hp_gain":0.0,"max_hp_loss":0.0,"gold_gain":0.0,"event_name":"Cursed Tome","player_choice":"Obtained Book","floor":20.0,"gold_loss":0.0,"damage_taken":16.0},{"damage_healed":0.0,"max_hp_gain":0.0,"max_hp_loss":0.0,"gold_gain":0.0,"event_name":"Nest","player_choice":"Joined the Cult","floor":28.0,"gold_loss":0.0,"damage_taken":6.0,"cards_obtained":["RitualDagger"]},{"damage_healed":0.0,"max_hp_gain":0.0,"max_hp_loss":0.0,"gold_gain":0.0,"event_name":"Colosseum","player_choice":"Fight","floor":30.0,"gold_loss":0.0,"damage_taken":0.0},{"damage_healed":0.0,"max_hp_gain":0.0,"max_hp_loss":0.0,"gold_gain":0.0,"event_name":"Colosseum","player_choice":"Fought Nobs","floor":30.0,"gold_loss":0.0,"damage_taken":0.0},{"damage_healed":0.0,"max_hp_gain":0.0,"max_hp_loss":0.0,"gold_gain":0.0,"event_name":"MindBloom","player_choice":"Fight","floor":38.0,"gold_loss":0.0,"damage_taken":0.0},{"damage_healed":0.0,"max_hp_gain":0.0,"max_hp_loss":0.0,"gold_gain":0.0,"event_name":"Tomb of Lord Red Mask","player_choice":"Paid","floor":39.0,"gold_loss":63.0,"damage_taken":0.0,"relics_obtained":["Red Mask"]},{"damage_healed":0,"gold_gain":0,"player_choice":"Memory 3","damage_taken":10,"max_hp_gain":0,"max_hp_loss":0,"event_name":"SensoryStone","floor":45,"gold_loss":0}],"is_beta":false,"boss_relics":[{"not_picked":["Snecko Eye","Fusion Hammer"],"picked":"Calling Bell"},{"not_picked":["Sozu","Runic Pyramid"],"picked":"Busted Crown"}],"items_purged_floors":[5,31],"is_endless":false,"potions_floor_spawned":[11,12,14,21,27,29,30,40,42,44],"ascension_level":6}}