{"host":"t39frk1gt0zfm79h","time":1613968062,"event":{"mods":["BaseMod","Better Altar","Better Match","Better Note","Better Sensory Stone","Better Skull","Better Third Choice","Block Reminder","Colored Map","Downfall","Hermit","Minty Spire (QoL Compilation)","Relic Stats","StSLib"],"gold_per_floor":[116,129,129,146,164,198,210,210,210,210,241,241,276,351,351,452,452,468,478,478,478,22,50,50,50],"floor_reached":24,"language":"ENG","playtime":1438,"items_purged":[],"score":246,"play_id":"36af5ae7-a0eb-4abc-9862-164f99542c7b","local_time":"20210221202742","is_ascension_mode":true,"campfire_choices":[{"floor":10,"key":"REST"},{"data":"Anger","floor":12,"key":"SMITH"},{"data":"Burning Pact","floor":15,"key":"SMITH"}],"circlet_count":0,"master_deck":["Strike_R","Strike_R","Strike_R","Defend_R","Defend_R","Defend_R","Defend_R","Bash","Anger+1","Shrug It Off","Burn","Iron Wave","Iron Wave","Blood for Blood","Burning Pact+1","Limit Break","CurseOfTheBell","Shrug It Off","Feel No Pain","Clothesline","Impervious","Feed","Feed","Rage"],"relics":["Burning Blood","Bag of Preparation","Ornamental Fan","Shuriken","Strawberry","White Beast Statue","Lizard Tail","Calling Bell","Red Skull","Question Card","Charon\u0027s Ashes","DollysMirror","Centennial Puzzle","Potion Belt"],"acts_visited":["Exordium","TheCity"],"potions_floor_usage":[11,13,16,18],"damage_taken":[{"damage":0,"enemies":"2 Louse","floor":1,"turns":3},{"damage":1,"enemies":"Jaw Worm","floor":2,"turns":3},{"damage":2,"enemies":"Small Slimes","floor":4,"turns":3},{"damage":7,"enemies":"Looter","floor":5,"turns":3},{"damage":54,"enemies":"3 Sentries","floor":6,"turns":17},{"damage":0,"enemies":"2 Fungi Beasts","floor":7,"turns":4},{"damage":18,"enemies":"Lagavulin","floor":11,"turns":5},{"damage":4,"enemies":"3 Sentries","floor":13,"turns":9},{"damage":56,"enemies":"The Guardian","floor":16,"turns":10},{"damage":22,"enemies":"2 Thieves","floor":18,"turns":5},{"damage":9,"enemies":"Chosen","floor":19,"turns":5},{"damage":55,"enemies":"Book of Stabbing","floor":23,"turns":7},{"damage":20,"enemies":"Snecko","floor":24,"turns":5}],"seed_played":"2555538655221117280","potions_obtained":[{"floor":5,"key":"DuplicationPotion"},{"floor":11,"key":"EssenceOfSteel"},{"floor":13,"key":"AttackPotion"},{"floor":16,"key":"FearPotion"},{"floor":18,"key":"SteroidPotion"},{"floor":19,"key":"PowerPotion"},{"floor":21,"key":"DuplicationPotion"},{"floor":21,"key":"FearPotion"},{"floor":21,"key":"Ancient Potion"},{"floor":23,"key":"Regen Potion"}],"is_trial":false,"path_per_floor":["M","M","?","M","M","E","M","T","T","R","E","R","E","?","R","B",null,"M","M","?","?","$","E","M"],"character_chosen":"IRONCLAD","items_purchased":["Feed","DollysMirror","Centennial Puzzle"],"campfire_rested":1,"item_purchase_floors":[22,22,22],"current_hp_per_floor":[80,80,80,80,79,31,37,37,44,70,58,58,60,49,49,43,87,71,68,68,68,68,19,0,0],"gold":50,"neow_bonus":"RANDOM_COMMON_RELIC","is_daily":false,"chose_seed":false,"campfire_upgraded":2,"win_rate":0.0,"timestamp":1613968062,"path_taken":["M","M","?","M","M","E","M","?","T","R","E","R","E","?","R","BOSS","M","M","?","?","$","E","M"],"items_purchased_type":["Card","Relic","Relic"],"build_version":"2020-12-22","purchased_purges":0,"victory":false,"max_hp_per_floor":[80,80,80,80,80,80,80,80,87,87,87,87,87,87,87,87,87,87,87,87,87,87,87,87,87],"relic_stats":{"Lizard Tail":43,"Centennial Puzzle":[6],"counters":[13,79],"Ornamental Fan":[76],"Shuriken":[17],"Charon\u0027s Ashes":[30],"Bag of Preparation":[26],"Question Card":3,"obtain_stats":[{"Potion Belt":23,"Charon\u0027s Ashes":17,"Bag of Preparation":0,"Question Card":17,"Burning Blood":0,"White Beast Statue":11,"Calling Bell":17,"Lizard Tail":13,"Centennial Puzzle":22,"Ornamental Fan":6,"Shuriken":8,"DollysMirror":22,"Strawberry":9,"Red Skull":17},{"Potion Belt":12,"Charon\u0027s Ashes":9,"Bag of Preparation":0,"Question Card":9,"Burning Blood":0,"White Beast Statue":7,"Calling Bell":9,"Lizard Tail":8,"Centennial Puzzle":11,"Ornamental Fan":5,"Shuriken":6,"DollysMirror":11,"Strawberry":6,"Red Skull":9},{"Potion Belt":74,"Charon\u0027s Ashes":57,"Bag of Preparation":0,"Question Card":57,"Burning Blood":0,"White Beast Statue":38,"Calling Bell":57,"Lizard Tail":47,"Centennial Puzzle":67,"Ornamental Fan":29,"Shuriken":33,"DollysMirror":67,"Strawberry":33,"Red Skull":57}],"Burning Blood":57},"card_choices":[{"not_picked":["Twin Strike","Shrug It Off"],"picked":"Anger","floor":1},{"not_picked":["Cleave","Carnage"],"picked":"Shrug It Off","floor":2},{"not_picked":["Metallicize","Searing Blow"],"picked":"Iron Wave","floor":4},{"not_picked":["Cleave","Barricade"],"picked":"Iron Wave","floor":5},{"not_picked":["Headbutt","Clothesline","Infernal Blade"],"picked":"SKIP","floor":6},{"not_picked":["Heavy Blade","Anger","Searing Blow"],"picked":"SKIP","floor":7},{"not_picked":["Thunderclap","Corruption"],"picked":"Blood for Blood","floor":11},{"not_picked":["Twin Strike","Pommel Strike"],"picked":"Burning Pact","floor":13},{"not_picked":["Corruption","Berserk"],"picked":"Limit Break","floor":16},{"not_picked":["Pommel Strike","Heavy Blade","Thunderclap"],"picked":"Shrug It Off","floor":18},{"not_picked":["Warcry+1","True Grit","Whirlwind"],"picked":"Feel No Pain","floor":19},{"not_picked":["Body Slam","Thunderclap","Perfected Strike+1"],"picked":"Rage","floor":23}],"player_experience":19844,"relics_obtained":[{"floor":6,"key":"Ornamental Fan"},{"floor":8,"key":"Shuriken"},{"floor":9,"key":"Strawberry"},{"floor":11,"key":"White Beast Statue"},{"floor":13,"key":"Lizard Tail"},{"floor":17,"key":"Red Skull"},{"floor":17,"key":"Question Card"},{"floor":17,"key":"Charon\u0027s Ashes"},{"floor":23,"key":"Potion Belt"}],"event_choices":[{"damage_healed":80,"gold_gain":0,"player_choice":"Embrace Burn","damage_taken":0,"max_hp_gain":0,"max_hp_loss":80,"event_name":"betterThird:BetterShining","floor":3,"gold_loss":0},{"damage_healed":0,"gold_gain":75,"player_choice":"Gold","damage_taken":11,"max_hp_gain":1,"max_hp_loss":0,"event_name":"betterThird:BetterGoop","floor":14,"gold_loss":0},{"damage_healed":0,"gold_gain":0,"cards_transformed":["Strike_R","Strike_R"],"player_choice":"Became Test Subject","damage_taken":0,"max_hp_gain":0,"max_hp_loss":0,"event_name":"Drug Dealer","floor":20,"gold_loss":0,"cards_obtained":["Clothesline","Impervious"]},{"damage_healed":0,"gold_gain":0,"player_choice":"Got Potions","damage_taken":0,"max_hp_gain":0,"max_hp_loss":0,"event_name":"Lab","floor":21,"gold_loss":0}],"is_beta":false,"boss_relics":[{"not_picked":["bronze:MakeshiftBattery","Fusion Hammer"],"picked":"Calling Bell"}],"items_purged_floors":[],"is_endless":false,"potions_floor_spawned":[5,11,13,16,18,19,23],"killed_by":"Snecko","ascension_level":1}}