{"host":"g7uq9uzahx9e0kti","time":1613998193,"event":{"mods":["100% Spire Juice","AchievementEnabler","Act Like it!","BaseMod","CapriCore","GungeonMod","Hermit","Koishi","Minty Spire (QoL Compilation)","Permanent Neow","Quick Restart","Replay The Spire","StSLib","SuperFastMode","The Bug Knight","The Cursed","Together in Spire","WarShipGirlsR/??á´Ò³R mod"],"gold_per_floor":[109,109,129,147,164,182,217,232,255,255,269,288,316,332,332,431,431,445,720,733,746,280,280,280,280,195,115,163,182,182,196,196,208,208,208,208],"floor_reached":35,"language":"KOR","playtime":1281,"items_purged":["Regret","rmod:strick"],"score":325,"play_id":"c8f5f3bd-648c-4af8-be7a-fea1efa7cbd8","local_time":"20210222214953","is_ascension_mode":false,"campfire_choices":[{"data":"rmod:aggressivemary","floor":10,"key":"SMITH"},{"data":"rmod:maingunfire","floor":25,"key":"SMITH"},{"data":"rmod:strick","floor":30,"key":"SMITH"},{"data":"rmod:strick","floor":34,"key":"SMITH"}],"circlet_count":0,"master_deck":["rmod:strick","rmod:strick","rmod:strick+3","rmod:defend","rmod:defend","rmod:defend","rmod:defend","rmod:basicallowance","rmod:maingunfire+1","Survivor","HollowMod:NailStrikeStart","rmod:maintain","rmod:firesupport","rmod:mineteam+1","rmod:fuelsupply","rmod:aggressivemary+1","rmod:unsinkable","rmod:fletcherpendant","rmod:windflower","rmod:ammunitionsupply+1","rmod:wife","rmod:firesupport"],"relics":["rmod:firstchargereward","DemoMod:BigBoy","MealTicket","Replay:Mystery Machine","Meat on the Bone","Black Star","DemoMod:MeatBun","Singing Bowl","The Courier","Simple Rune"],"acts_visited":["Exordium","TheCity"],"potions_floor_usage":[6,6,13,20,21,35],"damage_taken":[{"damage":0,"enemies":"Small Slimes","floor":1,"turns":3},{"damage":0,"enemies":"Cultist","floor":3,"turns":3},{"damage":0,"enemies":"Jaw Worm","floor":4,"turns":1},{"damage":14,"enemies":"Gremlin Gang","floor":5,"turns":5},{"damage":0,"enemies":"Looter","floor":6,"turns":3},{"damage":0,"enemies":"3 Sentries","floor":7,"turns":2},{"damage":0,"enemies":"2 Fungi Beasts","floor":8,"turns":4},{"damage":0,"enemies":"3 Louse","floor":11,"turns":4},{"damage":0,"enemies":"Red Slaver","floor":12,"turns":2},{"damage":0,"enemies":"Lagavulin","floor":13,"turns":2},{"damage":0,"enemies":"Blue Slaver","floor":14,"turns":4},{"damage":23,"enemies":"Hexaghost","floor":16,"turns":7},{"damage":0,"enemies":"3 Byrds","floor":18,"turns":1},{"damage":0,"enemies":"Spheric Guardian","floor":20,"turns":3},{"damage":29,"enemies":"Centurion and Healer","floor":21,"turns":8},{"damage":14,"enemies":"Snake Plant","floor":29,"turns":3},{"damage":0,"enemies":"Snecko","floor":31,"turns":3},{"damage":28,"enemies":"Sentry and Sphere","floor":33,"turns":6},{"damage":52,"enemies":"Collector","floor":35,"turns":6}],"seed_played":"1037266267870893053","potions_obtained":[{"floor":1,"key":"Energy Potion"},{"floor":3,"key":"FearPotion"},{"floor":6,"key":"Explosive Potion"},{"floor":7,"key":"Adrenaline Potion"},{"floor":12,"key":"BlessingOfTheForge"},{"floor":14,"key":"Explosive Potion"},{"floor":31,"key":"Elixir"}],"is_trial":false,"path_per_floor":["M","?","M","M","M","M","E","M","T","R","M","M","E","M","R","B",null,"M","?","M","M","$","PTL","PTL","R","?","$","T","M","R","M","?","M","R","B"],"character_chosen":"PRAEFECT","items_purchased":["DemoMod:MeatBun","Singing Bowl"],"campfire_rested":0,"item_purchase_floors":[22,22],"current_hp_per_floor":[75,75,75,75,61,61,61,61,61,61,61,61,61,61,46,35,75,75,75,75,46,75,75,75,75,75,75,75,63,63,65,65,51,51,0,0],"gold":208,"neow_bonus":"ONE_RARE_RELIC","is_daily":false,"chose_seed":false,"campfire_upgraded":4,"win_rate":0.0,"timestamp":1613998193,"path_taken":["M","?","M","M","M","?","E","M","T","R","M","M","E","M","R","BOSS","M","?","?","M","$","PTL","PTL","R","?","$","T","M","R","M","?","?","R","BOSS"],"items_purchased_type":["Relic","Relic"],"build_version":"2020-12-22","purchased_purges":2,"victory":false,"max_hp_per_floor":[75,75,75,75,75,75,75,75,75,75,75,75,75,75,75,75,75,75,75,75,75,75,75,75,75,75,75,75,77,77,79,79,81,81,81,81],"card_choices":[{"not_picked":["rmod:steelsupply","rmod:aluminumsupply"],"picked":"rmod:generalist","floor":1},{"not_picked":["rmod:robin","rmod:diaomin"],"picked":"rmod:maintain","floor":3},{"not_picked":["rmod:combined","rmod:concentratefire"],"picked":"rmod:firesupport","floor":4},{"not_picked":["rmod:luckystar","rmod:highspeedshooting","rmod:victimresponsibility"],"picked":"SKIP","floor":5},{"not_picked":["rmod:victimresponsibility","rmod:overbreakdown"],"picked":"rmod:mineteam","floor":6},{"not_picked":["rmod:ring","rmod:slowdown"],"picked":"rmod:fuelsupply","floor":7},{"not_picked":["rmod:fletcherpendant","rmod:robin"],"picked":"rmod:aggressivemary","floor":8},{"not_picked":["rmod:combined","rmod:royalracing","rmod:aggressivemary"],"picked":"SKIP","floor":11},{"not_picked":["rmod:victimresponsibility","rmod:capitalist","rmod:generalist"],"picked":"SKIP","floor":12},{"not_picked":["rmod:heivgo","rmod:aluminumsupply"],"picked":"rmod:unsinkable","floor":13},{"not_picked":["rmod:circuitoustactics","rmod:overbreakdown"],"picked":"rmod:fletcherpendant","floor":14},{"not_picked":["rmod:u235","rmod:stealaluminum"],"picked":"rmod:windflower","floor":16},{"not_picked":["rmod:luckystar+1","rmod:wolves"],"picked":"rmod:ammunitionsupply+1","floor":18},{"not_picked":["rmod:punchline+1","rmod:aggressivemary"],"picked":"rmod:wife","floor":20},{"not_picked":["rmod:combined","rmod:punchline"],"picked":"rmod:firesupport","floor":21},{"not_picked":["rmod:victimresponsibility+1","rmod:tearstotiara","rmod:steelsupply"],"picked":"Singing Bowl","floor":29},{"not_picked":["rmod:firesupport+1","rmod:intelligenceanalysis","rmod:overbreakdown"],"picked":"Singing Bowl","floor":31},{"not_picked":["rmod:capitalist+1","rmod:tearstotiara","rmod:aluminumsupply"],"picked":"Singing Bowl","floor":33}],"player_experience":135200,"relics_obtained":[{"floor":7,"key":"MealTicket"},{"floor":9,"key":"Replay:Mystery Machine"},{"floor":13,"key":"Meat on the Bone"},{"floor":28,"key":"Simple Rune"}],"event_choices":[{"cards_removed":["rmod:generalist"],"damage_healed":0,"gold_gain":0,"player_choice":"Offered Uncommon","damage_taken":0,"max_hp_gain":0,"max_hp_loss":0,"event_name":"Bonfire Elementals","floor":2,"gold_loss":0},{"damage_healed":0,"gold_gain":0,"player_choice":"Entered Light","damage_taken":15,"max_hp_gain":0,"max_hp_loss":0,"event_name":"Shining Light","floor":15,"gold_loss":0,"cards_upgraded":["rmod:strick","rmod:mineteam"]},{"damage_healed":0,"gold_gain":275,"player_choice":"Desecrate","damage_taken":0,"max_hp_gain":0,"max_hp_loss":0,"event_name":"Golden Shrine","floor":19,"gold_loss":0,"cards_obtained":["Regret"]},{"damage_healed":0,"gold_gain":0,"player_choice":"Obtained Relic","damage_taken":0,"relics_obtained":["The Courier"],"max_hp_gain":0,"max_hp_loss":0,"event_name":"Addict","floor":26,"gold_loss":85},{"damage_healed":0,"gold_gain":0,"player_choice":"0 cards matched","damage_taken":0,"max_hp_gain":0,"max_hp_loss":0,"event_name":"Match and Keep!","floor":32,"gold_loss":0,"cards_obtained":[]}],"is_beta":false,"boss_relics":[{"not_picked":["ReplayTheSpireMod:DimensionalGlitch","Kintsugi"],"picked":"Black Star"}],"items_purged_floors":[22,27],"is_endless":false,"potions_floor_spawned":[1,3,6,7,12,14,18,31],"killed_by":"Collector","ascension_level":0}}