{"host":"lofekbk9st7qup1x","time":1613997427,"event":{"mods":["BaseMod","BetterRewards","Minty Spire (QoL Compilation)","UnlockEverythingMod"],"gold_per_floor":[114,114,114,130,130,161,161,17,42,53,73,73,37,37,37,37,37],"floor_reached":16,"language":"ENG","playtime":1056,"items_purged":[],"score":123,"play_id":"6376ea86-9219-4fc3-9997-a5a22f5ce766","local_time":"20210222203707","is_ascension_mode":false,"campfire_choices":[{"floor":7,"key":"RECALL"},{"data":"After Image","floor":15,"key":"SMITH"}],"circlet_count":0,"master_deck":["Strike_G","Strike_G","Defend_G","Defend_G","Defend_G","Defend_G","Defend_G","Survivor","Neutralize","Prepared","Acrobatics","Iron Wave","After Image+1","Slice","Dagger Throw","Concentrate","Regret"],"relics":["Ring of the Snake","Lantern","Juzu Bracelet","Lee\u0027s Waffle","Omamori"],"acts_visited":["Exordium"],"potions_floor_usage":[16,16],"damage_taken":[{"damage":0,"enemies":"2 Louse","floor":1,"turns":3},{"damage":0,"enemies":"Jaw Worm","floor":4,"turns":4},{"damage":76,"enemies":"3 Sentries","floor":6,"turns":24},{"damage":2,"enemies":"Cultist","floor":10,"turns":6},{"damage":9,"enemies":"Large Slime","floor":11,"turns":12},{"damage":71,"enemies":"Slime Boss","floor":16,"turns":12}],"seed_played":"4304496216995970453","potions_obtained":[{"floor":6,"key":"BlessingOfTheForge"},{"floor":11,"key":"Energy Potion"}],"is_trial":false,"path_per_floor":["M","?","?","M","?","E","R","$","T","M","M","?","$","?","R","B"],"character_chosen":"THE_SILENT","items_purchased":["Lee\u0027s Waffle","Concentrate"],"campfire_rested":0,"item_purchase_floors":[8,13],"current_hp_per_floor":[70,70,80,80,80,4,4,87,87,85,76,69,69,69,69,0,0],"gold":37,"neow_bonus":"RANDOM_COMMON_RELIC","is_daily":false,"chose_seed":false,"campfire_upgraded":1,"win_rate":0.0,"timestamp":1613997427,"path_taken":["M","?","?","?","?","E","R","$","T","M","M","?","$","?","R","BOSS"],"items_purchased_type":["Relic","Card"],"build_version":"2020-12-22","purchased_purges":0,"victory":false,"max_hp_per_floor":[70,70,80,80,80,80,80,87,87,87,87,87,87,87,87,87,87],"card_choices":[{"not_picked":["Deadly Poison","Noxious Fumes"],"picked":"Prepared","floor":1},{"not_picked":["Skewer","Caltrops"],"picked":"Acrobatics","floor":4},{"not_picked":["Setup","Masterful Stab"],"picked":"After Image","floor":6},{"not_picked":["Sucker Punch","Bane"],"picked":"Slice","floor":10},{"not_picked":["Acrobatics","Dodge and Roll"],"picked":"Dagger Throw","floor":11}],"player_experience":8057,"relics_obtained":[{"floor":6,"key":"Juzu Bracelet"}],"event_choices":[{"damage_healed":0,"gold_gain":0,"cards_transformed":["Strike_G"],"player_choice":"Change","damage_taken":0,"max_hp_gain":0,"max_hp_loss":0,"event_name":"Living Wall","floor":2,"gold_loss":0,"cards_obtained":["Phantasmal Killer"]},{"cards_removed":["Phantasmal Killer"],"damage_healed":0,"gold_gain":0,"player_choice":"Offered Rare","damage_taken":0,"max_hp_gain":10,"max_hp_loss":0,"event_name":"Bonfire Elementals","floor":3,"gold_loss":0},{"cards_removed":["Strike_G"],"damage_healed":0,"gold_gain":0,"player_choice":"Took Card","damage_taken":0,"max_hp_gain":0,"max_hp_loss":0,"event_name":"NoteForYourself","floor":5,"gold_loss":0,"cards_obtained":["Iron Wave"]},{"cards_removed":["Strike_G"],"damage_healed":0,"gold_gain":0,"player_choice":"Card Removal","damage_taken":7,"max_hp_gain":0,"max_hp_loss":0,"event_name":"Golden Wing","floor":12,"gold_loss":0},{"damage_healed":0,"gold_gain":0,"player_choice":"Box","damage_taken":0,"relics_obtained":["Omamori"],"max_hp_gain":0,"max_hp_loss":0,"event_name":"Big Fish","floor":14,"gold_loss":0,"cards_obtained":["Regret"]}],"is_beta":false,"boss_relics":[],"items_purged_floors":[],"is_endless":false,"potions_floor_spawned":[6,11],"killed_by":"Slime Boss","ascension_level":0}}