{"host":"y0i0tbisecj7yjyn","time":1613959719,"event":{"mods":["2.2 Compatiblity","AchievementEnabler","AlwaysNeverKeys","BaseMod","Better Third Choice","BetterRewards","Colored Map","Colored Powertips","Curses Come First","Disable Question Mark Monsters","Displayed Cursed Tome","Highlight Path","Keyboard Shortcuts","Minty Spire (QoL Compilation)","Quick Restart","Random Character Button","Rare Cards Sparkle","Relic Stats","Reliquary","Smile Girya","StSLib","SuperFastMode","The Marked","Transform Curses","Weighted Paths"],"gold_per_floor":[109,109,109,34,49,63,88,128,175,188,188,213,244,267,267,398,398,386,386,386,399,399,399,399],"floor_reached":23,"language":"ENG","playtime":1579,"items_purged":["Regret"],"score":328,"play_id":"2585f2c3-7dd2-4b69-8caa-fdbeecbab7f8","local_time":"20210221200839","is_ascension_mode":false,"campfire_choices":[{"floor":15,"key":"REST"}],"circlet_count":0,"master_deck":["Eruption","Vigilance","Mayhem","Halt","Halt","Prostrate","Prostrate","LikeWater","EmptyBody","Judgement","BattleHymn","Swivel","EmptyFist","Devotion","Brilliance","Omniscience","Nirvana","Adaptation","PathToVictory","BattleHymn","Alpha","Prostrate+1","Bite","Bite","Bite","Bite","Bite"],"relics":["PureWater","reliquary:CitrusReamer","Kunai","Golden Idol","PreservedInsect","Ancient Tea Set","Pandora\u0027s Box","Tiny Chest"],"acts_visited":["Exordium","TheCity"],"potions_floor_usage":[14,21,21,21,21,23],"damage_taken":[{"damage":2.0,"enemies":"Small Slimes","floor":1.0,"turns":4.0},{"damage":0.0,"enemies":"Jaw Worm","floor":5.0,"turns":3.0},{"damage":1.0,"enemies":"Cultist","floor":6.0,"turns":4.0},{"damage":3.0,"enemies":"Large Slime","floor":7.0,"turns":7.0},{"damage":8.0,"enemies":"Lagavulin","floor":8.0,"turns":13.0},{"damage":0.0,"enemies":"2 Fungi Beasts","floor":10.0,"turns":5.0},{"damage":7.0,"enemies":"Lots of Slimes","floor":12.0,"turns":4.0},{"damage":2.0,"enemies":"3 Sentries","floor":13.0,"turns":5.0},{"damage":17,"enemies":"Exordium Thugs","floor":14,"turns":5},{"damage":10,"enemies":"Hexaghost","floor":16,"turns":13},{"damage":25,"enemies":"2 Thieves","floor":18,"turns":5},{"damage":6,"enemies":"Chosen","floor":21,"turns":4},{"damage":52,"enemies":"Slavers","floor":23,"turns":3}],"seed_played":"-4921466175586824608","potions_obtained":[{"floor":1.0,"key":"Weak Potion"},{"floor":6.0,"key":"StancePotion"},{"floor":8.0,"key":"BottledMiracle"},{"floor":10.0,"key":"PowerPotion"},{"floor":18,"key":"Regen Potion"},{"floor":21,"key":"SkillPotion"}],"is_trial":false,"path_per_floor":["M","?","?","$","M","M","M","E","T","M","?","M","E","M","R","B",null,"M","?","?","M","T","E"],"character_chosen":"WATCHER","items_purchased":["reliquary:CitrusReamer","Mayhem"],"campfire_rested":1,"item_purchase_floors":[0,0],"current_hp_per_floor":[70,70,52,52,52,51,48,40,40,42,42,37,37,22,43,35,72,47,47,28,42,42,0,0],"gold":399,"neow_bonus":"","is_daily":false,"chose_seed":false,"campfire_upgraded":0,"win_rate":0.0,"timestamp":1613959719,"path_taken":["M","?","?","$","M","M","M","E","T","M","?","?","E","M","R","BOSS","M","?","?","?","?","E"],"items_purchased_type":["Relic","Card"],"build_version":"2020-12-22","purchased_purges":1,"victory":false,"max_hp_per_floor":[72,72,72,72,72,72,72,72,72,72,72,72,72,72,72,72,72,72,72,72,72,72,72,72],"relic_stats":{"counters":[91,406],"Golden Idol":71,"Pandora\u0027s Box":["Brilliance","Omniscience","Nirvana","Adaptation","PathToVictory","BattleHymn","Alpha"],"Tiny Chest":0,"PreservedInsect":73,"Kunai":[7],"obtain_stats":[{"reliquary:Solitaire":34,"Gremlin Horn":11,"reliquary:PartyBalloon":9,"Vajra":46,"reliquary:BigHammer":17,"reliquary:RedCape":17,"Bottled Tornado":13,"reliquary:QuartzCube":10,"Blood Vial":30,"Centennial Puzzle":9,"reliquary:CitrusReamer":0,"Sundial":31,"Kunai":2,"reliquary:Vitrine":47,"Girya":7,"War Paint":46,"WarpedTongs":2,"Bottled Flame":22,"reliquary:PorcupineQuills":10,"Bronze Scales":24,"MutagenicStrength":19,"reliquary:GummyVitamins":9,"Pandora\u0027s Box":17,"Lantern":29,"reliquary:Boomerang":6,"Singing Bowl":26,"Black Blood":34,"Mango":42,"Ancient Tea Set":8,"Smiling Mask":4,"reliquary:ThirdArm":17,"Burning Blood":0,"reliquary:TridentHead":14,"reliquary:Buckler":4,"Tiny Chest":22,"WingedGreaves":28,"Red Mask":20,"InkBottle":26,"Potion Belt":21,"NeowsBlessing":0,"Golden Idol":5,"The Courier":43,"PreservedInsect":9,"Odd Mushroom":14,"reliquary:IridiumChain":41,"Anchor":6,"Bloody Idol":19,"reliquary:TuningFork":9,"PureWater":0,"Toy Ornithopter":24},{"reliquary:Solitaire":74,"Gremlin Horn":25,"reliquary:PartyBalloon":3,"Vajra":41,"reliquary:BigHammer":28,"reliquary:RedCape":7,"Bottled Tornado":26,"reliquary:QuartzCube":23,"Blood Vial":32,"Centennial Puzzle":63,"reliquary:CitrusReamer":78,"Sundial":33,"Kunai":79,"reliquary:Vitrine":42,"Girya":3,"War Paint":41,"WarpedTongs":18,"Bottled Flame":10,"reliquary:PorcupineQuills":48,"Bronze Scales":31,"MutagenicStrength":67,"reliquary:GummyVitamins":54,"Pandora\u0027s Box":88,"Lantern":15,"reliquary:Boomerang":46,"Singing Bowl":31,"Black Blood":34,"Mango":40,"Ancient Tea Set":23,"Smiling Mask":61,"reliquary:ThirdArm":66,"Burning Blood":0,"reliquary:TridentHead":57,"reliquary:Buckler":44,"Tiny Chest":90,"WingedGreaves":32,"Red Mask":68,"InkBottle":12,"Potion Belt":30,"NeowsBlessing":0,"Golden Idol":2,"The Courier":40,"PreservedInsect":83,"Odd Mushroom":65,"reliquary:IridiumChain":39,"Anchor":21,"Bloody Idol":8,"reliquary:TuningFork":47,"PureWater":0,"Toy Ornithopter":11},{"reliquary:Solitaire":315,"Gremlin Horn":97,"reliquary:PartyBalloon":3,"Vajra":192,"reliquary:BigHammer":119,"reliquary:RedCape":15,"Bottled Tornado":104,"reliquary:QuartzCube":85,"Blood Vial":142,"Centennial Puzzle":273,"reliquary:CitrusReamer":331,"Sundial":148,"Kunai":335,"reliquary:Vitrine":200,"Girya":3,"War Paint":192,"WarpedTongs":57,"Bottled Flame":25,"reliquary:PorcupineQuills":225,"Bronze Scales":137,"MutagenicStrength":285,"reliquary:GummyVitamins":240,"Pandora\u0027s Box":394,"Lantern":43,"reliquary:Boomerang":215,"Singing Bowl":137,"Black Blood":157,"Mango":188,"Ancient Tea Set":85,"Smiling Mask":265,"reliquary:ThirdArm":282,"Burning Blood":0,"reliquary:TridentHead":252,"reliquary:Buckler":209,"Tiny Chest":403,"WingedGreaves":142,"Red Mask":288,"InkBottle":32,"Potion Belt":131,"NeowsBlessing":0,"Golden Idol":2,"The Courier":188,"PreservedInsect":362,"Odd Mushroom":279,"reliquary:IridiumChain":181,"Anchor":77,"Bloody Idol":18,"reliquary:TuningFork":216,"PureWater":0,"Toy Ornithopter":30}]},"card_choices":[{"not_picked":["Indignation","BowlingBash"],"picked":"Halt","floor":1.0},{"not_picked":["FollowUp","SashWhip"],"picked":"Halt","floor":5.0},{"not_picked":["EmptyFist","ConjureBlade"],"picked":"Prostrate","floor":6.0},{"not_picked":["Halt","Protect"],"picked":"Prostrate","floor":7.0},{"not_picked":["FlyingSleeves","Wish"],"picked":"LikeWater","floor":8.0},{"not_picked":["DeceiveReality","Sanctity"],"picked":"EmptyBody","floor":10.0},{"not_picked":["Weave","Nirvana"],"picked":"BattleHymn","floor":12.0},{"not_picked":["WaveOfTheHand","ClearTheMind"],"picked":"Swivel","floor":13.0},{"not_picked":["Consecrate","CutThroughFate"],"picked":"EmptyFist","floor":14},{"not_picked":["SpiritShield","Blasphemy"],"picked":"Devotion","floor":16},{"not_picked":["WaveOfTheHand","EmptyFist"],"picked":"Prostrate+1","floor":18},{"not_picked":["WindmillStrike","EmptyBody","Pray"],"picked":"SKIP","floor":21}],"player_experience":532560,"relics_obtained":[{"floor":8.0,"key":"Blood Vial"},{"floor":9.0,"key":"PreservedInsect"},{"floor":13.0,"key":"Ancient Tea Set"},{"floor":22,"key":"Tiny Chest"}],"event_choices":[{"damage_healed":0.0,"max_hp_gain":0.0,"max_hp_loss":0.0,"gold_gain":0.0,"event_name":"Big Fish","player_choice":"Box","floor":2.0,"gold_loss":0.0,"damage_taken":0.0,"relics_obtained":["Kunai"],"cards_obtained":["Regret"]},{"damage_healed":0.0,"max_hp_gain":0.0,"max_hp_loss":0.0,"gold_gain":0.0,"event_name":"Golden Idol","player_choice":"Take Damage","floor":3.0,"gold_loss":0.0,"damage_taken":18.0,"relics_obtained":["Golden Idol"]},{"damage_healed":0.0,"max_hp_gain":0.0,"max_hp_loss":0.0,"gold_gain":0.0,"event_name":"Match and Keep!","player_choice":"1 cards matched","floor":11.0,"gold_loss":0.0,"damage_taken":0.0,"cards_obtained":["Judgement"]},{"damage_healed":0,"gold_gain":0,"player_choice":"Became a vampire (Vial)","damage_taken":0,"max_hp_gain":0,"max_hp_loss":0,"event_name":"Vampires","floor":19,"relics_lost":["Blood Vial"],"gold_loss":0,"cards_obtained":["Bite","Bite","Bite","Bite","Bite"]},{"damage_healed":0,"gold_gain":0,"player_choice":"POTION POTION ","damage_taken":19,"max_hp_gain":0,"max_hp_loss":0,"event_name":"Knowing Skull","floor":20,"potions_obtained":["PowerPotion","EntropicBrew"],"gold_loss":0,"cards_obtained":[]}],"is_beta":false,"boss_relics":[{"not_picked":["reliquary:RustamsPendant","Fusion Hammer"],"picked":"Pandora\u0027s Box"}],"items_purged_floors":[4],"is_endless":false,"potions_floor_spawned":[1,6,8,10,18,21],"killed_by":"Slavers","ascension_level":0}}