{"host":"7qjyzxi5zjrbio0h","time":1613958128,"event":{"mods":["AchievementEnabler","BaseMod","Colored Powertips","Downfall","Minty Spire (QoL Compilation)","StSLib"],"gold_per_floor":[113,131,144,94,169,197,197,122,196,214,225,236,236,278,290,400,412,443,415,447,476,502,514,526,526],"floor_reached":24,"language":"ENG","playtime":1466,"items_purged":["Parasite"],"score":210,"play_id":"e4d148d8-52fb-43fd-85c9-35e6b4756983","local_time":"20210221204208","is_ascension_mode":false,"campfire_choices":[{"floor":15,"key":"REST"},{"floor":23,"key":"REST"}],"circlet_count":0,"master_deck":["Strike_R","Strike_R","Strike_R","Strike_R","Defend_R","Defend_R","Defend_R","Defend_R","Bash","Cleave","Dual Wield","Inflame+1","Battle Trance","Flex+1","Headbutt","Inflame+1"],"relics":["Burning Blood","Toy Ornithopter","Mercury Hourglass","MawBank","Letter Opener","Mark of Pain"],"acts_visited":["Exordium","TheCity"],"potions_floor_usage":[16,22],"damage_taken":[{"damage":2.0,"enemies":"Small Slimes","floor":1.0,"turns":4.0},{"damage":1.0,"enemies":"Jaw Worm","floor":2.0,"turns":6.0},{"damage":2.0,"enemies":"2 Louse","floor":3.0,"turns":2.0},{"damage":42.0,"enemies":"3 Sentries","floor":6.0,"turns":7.0},{"damage":9.0,"enemies":"Blue Slaver","floor":10.0,"turns":4.0},{"damage":7.0,"enemies":"Exordium Thugs","floor":11.0,"turns":4.0},{"damage":0.0,"enemies":"Gremlin Gang","floor":12.0,"turns":1.0},{"damage":40.0,"enemies":"Lagavulin","floor":14.0,"turns":7.0},{"damage":63,"enemies":"The Guardian","floor":16,"turns":11},{"damage":36,"enemies":"2 Thieves","floor":18,"turns":4},{"damage":12,"enemies":"Shell Parasite","floor":20,"turns":3},{"damage":21,"enemies":"Sentry and Sphere","floor":21,"turns":4},{"damage":16,"enemies":"3 Cultists","floor":22,"turns":4},{"damage":59,"enemies":"Book of Stabbing","floor":24,"turns":5}],"seed_played":"-5846653819077463630","potions_obtained":[{"floor":1.0,"key":"champ:CounterPotion"},{"floor":6.0,"key":"BlessingOfTheForge"},{"floor":11.0,"key":"SteroidPotion"},{"floor":12.0,"key":"SneckoOil"},{"floor":18,"key":"DuplicationPotion"},{"floor":21,"key":"SteroidPotion"}],"is_trial":false,"path_per_floor":["M","M","M","?","?","E","?","$","T","M","M","M","T","E","R","B",null,"M","?","M","M","M","R","E"],"character_chosen":"IRONCLAD","items_purchased":[],"campfire_rested":2,"item_purchase_floors":[],"current_hp_per_floor":[88,88,88,88,77,41,63,63,63,60,59,70,70,41,66,14,85,55,55,49,34,29,54,0,0],"gold":526,"neow_bonus":"TEN_PERCENT_HP_BONUS","is_daily":false,"chose_seed":false,"campfire_upgraded":0,"win_rate":0.0,"timestamp":1613958128,"path_taken":["M","M","M","?","?","E","?","?","T","M","M","?","?","E","R","BOSS","M","?","M","?","M","R","E"],"items_purchased_type":[],"build_version":"2020-12-22","purchased_purges":1,"victory":false,"max_hp_per_floor":[88,88,88,88,88,88,88,85,85,85,85,85,85,85,85,85,85,85,85,85,85,85,85,85,85],"card_choices":[{"not_picked":["Metallicize","Shrug It Off","Havoc"],"picked":"SKIP","floor":1.0},{"not_picked":["Dropkick","Uppercut"],"picked":"Cleave","floor":2.0},{"not_picked":["Pummel","Armaments"],"picked":"Dual Wield","floor":3.0},{"not_picked":["Shockwave","Burning Pact"],"picked":"Inflame","floor":6.0},{"not_picked":["Combust","Clash","True Grit"],"picked":"SKIP","floor":10.0},{"not_picked":["Searing Blow","Anger"],"picked":"Battle Trance","floor":11.0},{"not_picked":["Clothesline","Battle Trance"],"picked":"Flex","floor":12.0},{"not_picked":["Sword Boomerang","Perfected Strike"],"picked":"Headbutt","floor":14},{"not_picked":["Flex","Iron Wave"],"picked":"Inflame+1","floor":18},{"not_picked":["Clash+1","Havoc","Disarm"],"picked":"SKIP","floor":20},{"not_picked":["Headbutt","Body Slam","Clothesline"],"picked":"SKIP","floor":21},{"not_picked":["Ghostly Armor","Havoc","Brutality"],"picked":"SKIP","floor":22}],"player_experience":60979,"relics_obtained":[{"floor":6.0,"key":"Toy Ornithopter"},{"floor":9.0,"key":"Mercury Hourglass"},{"floor":13.0,"key":"MawBank"},{"floor":14,"key":"Letter Opener"}],"event_choices":[{"cards_removed":["Strike_R"],"damage_healed":0.0,"max_hp_gain":0.0,"max_hp_loss":0.0,"gold_gain":0.0,"event_name":"The Cleric","player_choice":"Card Removal","floor":4.0,"gold_loss":50.0,"damage_taken":0.0},{"damage_healed":0.0,"max_hp_gain":0.0,"max_hp_loss":0.0,"gold_gain":75.0,"event_name":"World of Goop","player_choice":"Gather Gold","floor":5.0,"gold_loss":0.0,"damage_taken":11.0},{"damage_healed":22.0,"max_hp_gain":0.0,"max_hp_loss":0.0,"gold_gain":0.0,"event_name":"Mushrooms","player_choice":"Healed and dodged fight","floor":7.0,"gold_loss":0.0,"damage_taken":0.0,"cards_obtained":["Parasite"]},{"damage_healed":0,"gold_gain":0,"player_choice":"Upgraded Two","damage_taken":0,"max_hp_gain":0,"max_hp_loss":0,"event_name":"Designer","floor":19,"gold_loss":40,"cards_upgraded":["Flex","Inflame"]}],"is_beta":false,"boss_relics":[{"not_picked":["Runic Cube","Philosopher\u0027s Stone"],"picked":"Mark of Pain"}],"items_purged_floors":[8],"is_endless":false,"potions_floor_spawned":[1,6,11,12,18,21],"killed_by":"Book of Stabbing","ascension_level":0}}