{"host":"w05x4i13f2m9joq1","time":1613983726,"event":{"mods":["100% Spire Juice","Act Like it!","BaseMod","Better Altar","Better Match","Better Note","Better Sensory Stone","Better Skull","Better Third Choice","BetterRewards","CapriCore","Colored Map","Colored Powertips","Defective Defect","Downfall","Duelist Mod","Gensokyo","GifTheSpireLib","Googly Eyes","Infinite Spire","Ironclad Rager","Lobotomy","LobotomyExtend","Marisa????????","Melee Mod","Minty Spire (QoL Compilation)","Morshu Shopkeeper - ENHANCED","MostiFishMod","Quick Restart","Rare Cards Sparkle","Reliquary","Replay The Spire","Ruina","Shop Mod","Spicy Shops","Spire Birthday Party","StSLib","The Animator","The IronCluck","Uncapped","everything is the same but u backflip on backflip","slay the spire mod where everything is the same but ironclad has a cowboy hat"],"gold_per_floor":[118,129,148,74,88,115,115],"floor_reached":6,"language":"ENG","playtime":449,"items_purged":["Gensokyo:AllTheWorldsEvil"],"score":48,"play_id":"5329e949-955e-41a1-9e35-66be01a768b8","local_time":"20210222034846","is_ascension_mode":false,"campfire_choices":[],"circlet_count":0,"master_deck":["Moonworks:Strike","Moonworks:Strike","Moonworks:Strike","Moonworks:Strike","Moonworks:Defend","Moonworks:Defend","Moonworks:Defend","Moonworks:Defend","Moonworks:Ambush+1","Moonworks:LongDistanceShot","Moonworks:NicePresent","Moonworks:EvilSpyWorkPreparation","Moonworks:EvilSpyWorkPreparation","Moonworks:CloudOfSeagulls"],"relics":["Moonworks:BrokenBomb","Moonworks:Homemark","DaveBox","PatriotShield","SynthV:TestCard","LetterFromLob","ReplayTheSpireMod:CursedCoin","reliquary:Bookmark","infinitespire:Midas Blood"],"acts_visited":["Exordium"],"potions_floor_usage":[],"damage_taken":[{"damage":1,"enemies":"2 Louse","floor":1,"turns":2},{"damage":0,"enemies":"infinitespire:Voidling","floor":2,"turns":1},{"damage":0,"enemies":"Cultist","floor":3,"turns":2},{"damage":0,"enemies":"Blue Slaver","floor":5,"turns":2},{"damage":8,"enemies":"Lagavulin","floor":6,"turns":3}],"seed_played":"-7857435564748002967","potions_obtained":[{"floor":3,"key":"PowerPotion"}],"is_trial":false,"path_per_floor":["M","M","M","$","M","E"],"character_chosen":"THE_STARBREAKER","items_purchased":["ReplayTheSpireMod:CursedCoin","reliquary:Bookmark","Moonworks:EvilSpyWorkPreparation"],"campfire_rested":0,"item_purchase_floors":[4,4,4],"current_hp_per_floor":[59,59,59,59,59,51,51],"gold":115,"neow_bonus":"UPGRADE_CARD","is_daily":false,"chose_seed":false,"campfire_upgraded":0,"win_rate":0.0,"timestamp":1613983726,"path_taken":["M","M","M","$","M","E"],"items_purchased_type":["Relic","Relic","Card"],"build_version":"2020-12-22","purchased_purges":1,"victory":false,"max_hp_per_floor":[60,60,60,60,60,60,60],"card_choices":[{"not_picked":["Moonworks:Assault","Moonworks:SakisCookie","Moonworks:CloudOfSeagulls"],"picked":"SKIP","floor":1},{"not_picked":["Moonworks:MiracleWalker","Moonworks:ImOnFire","Moonworks:SakisCookie","Moonworks:RagingMadness"],"picked":"Moonworks:NicePresent","floor":2},{"not_picked":["Moonworks:Flamethrower","Moonworks:x16BigRocket","Moonworks:CompletionReward","Moonworks:Assault"],"picked":"Moonworks:EvilSpyWorkPreparation","floor":3},{"not_picked":["Moonworks:ImOnFire","Moonworks:DeployBits","Moonworks:FinalSurgery","Moonworks:BackdoorTrade","Moonworks:ExtendedPhotonRifle"],"picked":"SKIP","floor":5},{"not_picked":["Moonworks:SakisCookie","Moonworks:AngelHand","Moonworks:Assault","Moonworks:LulusLuckyEgg"],"picked":"Moonworks:CloudOfSeagulls","floor":6}],"player_experience":221652,"relics_obtained":[{"floor":1,"key":"SynthV:TestCard"},{"floor":1,"key":"LetterFromLob"},{"floor":6,"key":"infinitespire:Midas Blood"}],"event_choices":[],"is_beta":false,"boss_relics":[],"items_purged_floors":[4],"is_endless":false,"potions_floor_spawned":[3],"killed_by":"Lagavulin","ascension_level":0}}