{"host":"31srvgftwd43oumg","time":1613955706,"event":{"mods":["BaseMod","BetterRewards","Card Forge","Downfall","Hubris","Infinite Spire","Koishi","Luminous","Marisa????????","Minty Spire (QoL Compilation)","Remilia??????","Replay The Spire","Shop Mod","StSLib","The Bug Knight","The Cursed","The Death Knight","The Exalted","The Hierophant","The Mystic","The Necromancer"],"gold_per_floor":[116,116,127,52,62,87,87,138,138,165,165,182,36,69,69,173,173,184,38,49,49,128,163,163,130,130,144,156,173,202,221,221,326,326,342,358,358,375,17,17,32,32,32,64,83,95,95,105,105,105],"floor_reached":51,"language":"ENG","playtime":1127,"items_purged":["Run Through"],"score":991,"play_id":"398e5376-a75f-44a2-b271-bba8047bc0be","local_time":"20210221190146","daily_mods":["SealedDeck","Heirloom","Elite Swarm"],"is_ascension_mode":false,"campfire_choices":[{"data":"Whirlwind","floor":7,"key":"SMITH"},{"data":"Flex","floor":11,"key":"SMITH"},{"data":"Run Through","floor":15,"key":"SMITH"},{"floor":24,"key":"REST"},{"data":"Immolate","floor":32,"key":"SMITH"},{"data":"Offering","floor":40,"key":"SMITH"},{"floor":49,"key":"REST"}],"circlet_count":0,"master_deck":["Run Through+1","Run Through+1","Thunderclap+1","Whirlwind+1","Thunderclap+1","Flex+1","Flex+1","Flex+1","Flex+1","Immolate+1","Offering+1","Trip+1"],"relics":["Burning Blood","Hammer of Thor","Seething Fire","Anvil of the Gods","Turnip","hubris:Icosahedron","Bromod:ArcaneUltimatum","infinitespire:CheckeredPen","Boot","bronze:DonusWashers","Slimebound:PreparedRelic","infinitespire:Burning Sword","Orichalcum","Singing Bowl","HollowMod:StagPassRelic","Bromod:ArcaneNullifier","Runic Cube","Blue Candle","hubris:MysteriousPyramids","Bromod:ArcaneAwakening","War Paint"],"acts_visited":["Exordium","TheCity","TheBeyond"],"potions_floor_usage":[50],"damage_taken":[{"damage":0,"enemies":"2 Louse","floor":1,"turns":1},{"damage":0,"enemies":"Small Slimes","floor":3,"turns":1},{"damage":11,"enemies":"Jaw Worm","floor":5,"turns":2},{"damage":0,"enemies":"Gremlin Nob","floor":6,"turns":2},{"damage":0,"enemies":"Lagavulin","floor":10,"turns":2},{"damage":0,"enemies":"Exordium Thugs","floor":12,"turns":1},{"damage":0,"enemies":"HollowMod:MossKnight","floor":14,"turns":1},{"damage":48,"enemies":"Hexaghost","floor":16,"turns":4},{"damage":0,"enemies":"Shell Parasite","floor":18,"turns":1},{"damage":6,"enemies":"Chosen","floor":20,"turns":3},{"damage":13,"enemies":"Book of Stabbing","floor":23,"turns":3},{"damage":0,"enemies":"Snecko","floor":25,"turns":2},{"damage":0,"enemies":"3 Cultists","floor":27,"turns":1},{"damage":5,"enemies":"Shelled Parasite and Fungi","floor":28,"turns":2},{"damage":0,"enemies":"Snecko","floor":29,"turns":3},{"damage":0,"enemies":"Slavers","floor":30,"turns":2},{"damage":0,"enemies":"Centurion and Healer","floor":31,"turns":1},{"damage":0,"enemies":"Collector","floor":33,"turns":3},{"damage":6,"enemies":"3 Darklings","floor":35,"turns":1},{"damage":2,"enemies":"Orb Walker","floor":36,"turns":2},{"damage":0,"enemies":"Maw","floor":38,"turns":3},{"damage":0,"enemies":"4 Shapes","floor":41,"turns":1},{"damage":0,"enemies":"Reptomancer","floor":44,"turns":1},{"damage":0,"enemies":"3 Darklings","floor":45,"turns":1},{"damage":0,"enemies":"Jaw Worm Horde","floor":46,"turns":2},{"damage":6,"enemies":"Maw","floor":48,"turns":3},{"damage":24,"enemies":"Time Eater","floor":50,"turns":2}],"seed_played":"5250064012519558956","potions_obtained":[{"floor":1,"key":"champ:CounterPotion"},{"floor":5,"key":"AttackPotion"},{"floor":16,"key":"PowerPotion"}],"is_trial":true,"path_per_floor":["M","?","M","$","M","E","R","?","T","E","R","M","$","E","R","B",null,"M","$","M","?","T","E","R","M","T","M","M","M","E","M","R","B",null,"M","M","?","M","$","R","M","?","T","E","M","M","?","M","R","B",null],"character_chosen":"IRONCLAD","items_purchased":["bronze:DonusWashers","Orichalcum","hubris:MysteriousPyramids","Trip"],"campfire_rested":2,"item_purchase_floors":[13,19,39,39],"current_hp_per_floor":[80,80,80,80,75,80,80,80,80,80,80,80,80,80,80,38,80,80,80,80,80,80,75,82,82,82,84,86,88,88,90,90,90,90,92,94,89,96,96,96,98,98,98,100,102,104,104,106,106,88],"gold":105,"neow_bonus":"","is_daily":false,"chose_seed":false,"campfire_upgraded":5,"win_rate":0.0,"timestamp":1613955706,"path_taken":["M","?","M","$","M","E","R","?","T","E","R","M","$","E","R","BOSS","M","$","M","?","?","E","R","M","T","M","M","M","E","M","R","BOSS","M","M","?","M","$","R","M","?","T","E","?","M","?","M","R","BOSS"],"items_purchased_type":["Relic","Relic","Relic","Card"],"build_version":"2020-12-22","purchased_purges":1,"victory":true,"max_hp_per_floor":[80,80,80,80,80,80,80,80,80,80,80,80,80,80,80,80,80,80,80,80,80,80,82,82,82,82,84,86,88,88,90,90,90,90,92,94,94,96,96,96,98,98,98,100,102,104,104,106,106,106],"card_choices":[{"not_picked":["Spot Weakness","Havoc","Feel No Pain"],"picked":"SKIP","floor":1},{"not_picked":["Heavy Blade","Anger","Shockwave"],"picked":"SKIP","floor":3},{"not_picked":["Intimidate","Armaments","ReplayTheSpireMod:Strike From Hell"],"picked":"SKIP","floor":5},{"not_picked":["Demon Form","Juggernaut","Eclipse"],"picked":"SKIP","floor":6},{"not_picked":["Hemogenesis","Brutality","Barricade"],"picked":"SKIP","floor":10},{"not_picked":["Wild Strike","Clothesline","Replay:Undeath\u0027s Touch"],"picked":"SKIP","floor":12},{"not_picked":["hubris:StunningStrike","Reaper","Demonic Infusion"],"picked":"SKIP","floor":14},{"not_picked":["Headbutt","Seeing Red","Clothesline+1"],"picked":"SKIP","floor":18},{"not_picked":["Body Slam","Searing Blow","Shrug It Off"],"picked":"SKIP","floor":20},{"not_picked":["Barricade","Corruption","Exhume"],"picked":"SKIP","floor":23},{"not_picked":["Barricade","Corruption","Exhume"],"picked":"Singing Bowl","floor":23},{"not_picked":["ReplayTheSpireMod:Strike From Hell+1","Headbutt"],"picked":"Flex+1","floor":25},{"not_picked":["Pommel Strike","Havoc+1","Ghostly Armor"],"picked":"Singing Bowl","floor":27},{"not_picked":["ReplayTheSpireMod:Strike From Hell","Perfected Strike","ReplayTheSpireMod:LeadingStrike"],"picked":"Singing Bowl","floor":28},{"not_picked":["Heavy Blade","Dual Wield","Cleave"],"picked":"Singing Bowl","floor":29},{"not_picked":["Berserk","hubris:StunningStrike"],"picked":"Immolate","floor":30},{"not_picked":["Run Through","Thunderclap","ReplayReversal"],"picked":"Singing Bowl","floor":31},{"not_picked":["Eclipse","Feed"],"picked":"Offering","floor":33},{"not_picked":["Headbutt","Uppercut+1","ReplayTheSpireMod:Strike From Hell+1"],"picked":"Singing Bowl","floor":35},{"not_picked":["Replay:Undeath\u0027s Touch","Heavy Blade+1","Sword Boomerang"],"picked":"Singing Bowl","floor":36},{"not_picked":["Headbutt","Rage","Hemokinesis"],"picked":"Singing Bowl","floor":38},{"not_picked":["Berserk","Thunderclap","Wild Strike+1"],"picked":"Singing Bowl","floor":41},{"not_picked":["Fiend Fire","Demon Form","Limit Break"],"picked":"Singing Bowl","floor":44},{"not_picked":["Havoc+1","Feel No Pain","Clash"],"picked":"Singing Bowl","floor":45},{"not_picked":["Second Wind","hubris:CleavingFinish","ReplayReversal+1"],"picked":"Singing Bowl","floor":46},{"not_picked":["Whirlwind","infinitespire:OneForAll+1","Heavy Blade"],"picked":"Singing Bowl","floor":48}],"player_experience":1040478,"relics_obtained":[{"floor":6,"key":"Bromod:ArcaneUltimatum"},{"floor":9,"key":"infinitespire:CheckeredPen"},{"floor":10,"key":"Boot"},{"floor":14,"key":"Slimebound:PreparedRelic"},{"floor":22,"key":"Singing Bowl"},{"floor":23,"key":"HollowMod:StagPassRelic"},{"floor":30,"key":"Bromod:ArcaneNullifier"},{"floor":43,"key":"Bromod:ArcaneAwakening"},{"floor":44,"key":"War Paint"}],"event_choices":[{"damage_healed":0,"gold_gain":51,"player_choice":"Gained Gold","damage_taken":0,"max_hp_gain":0,"max_hp_loss":0,"event_name":"Golden Wing","floor":8,"gold_loss":0},{"damage_healed":0,"gold_gain":0,"player_choice":"1 cards matched","damage_taken":0,"max_hp_gain":0,"max_hp_loss":0,"event_name":"Match and Keep!","floor":42,"gold_loss":0,"cards_obtained":["Body Slam"]}],"is_beta":false,"boss_relics":[{"not_picked":["ReplayTheSpireMod:SealedPack","Snecko Eye"],"picked":"infinitespire:Burning Sword"},{"not_picked":["Runic Dome","bronze:MakeshiftBattery"],"picked":"Runic Cube"}],"items_purged_floors":[4],"is_endless":false,"potions_floor_spawned":[1,5,16,18,25,28,31,33,38,41,45,48],"ascension_level":0}}