{"host":"6fh0uvaoh3e0g6do","time":1613959152,"event":{"mods":["AchievementEnabler","BaseMod","BetterRewards","Colored Map","Colored Powertips","Highlight Path","Hubris","Infinite Spire","Minty Spire (QoL Compilation)","Quick Restart","Replay The Spire","StSLib"],"gold_per_floor":[110,130,145,165,177,177,147,147,220,220,247,267,344,358,358,463,463,483,502,502,502,502,502,37,11,11,21,21,135,135,100,100,203,203,214,230,157,157,157,157,183,183,183,183,200,200,200],"floor_reached":46,"language":"ENG","playtime":2495,"items_purged":[],"score":702,"play_id":"bd84ea0e-c84e-4ccc-b110-c08b2787a4bf","local_time":"20210221185912","is_ascension_mode":false,"campfire_choices":[{"data":"Noxious Fumes","floor":6.0,"key":"SMITH"},{"data":"Infinite Blades","floor":10.0,"key":"SMITH"},{"floor":15.0,"key":"REST"},{"data":"1","floor":23.0,"key":"LIFT"},{"data":"2","floor":28.0,"key":"LIFT"},{"data":"3","floor":30.0,"key":"LIFT"},{"data":"Venomology","floor":32.0,"key":"SMITH"},{"data":"Catalyst","floor":40.0,"key":"SMITH"},{"data":"Catalyst","floor":42.0,"key":"SMITH"},{"data":"Night Terror","floor":44.0,"key":"SMITH"}],"circlet_count":0,"master_deck":["Strike_G","Strike_G","Strike_G","Strike_G","Defend_G","Defend_G","Defend_G","Defend_G","Defend_G","Survivor","Neutralize","Bane","Catalyst+1","Endless Agony","Noxious Fumes+1","Infinite Blades+1","Bane","Crippling Poison+1","Poisoned Stab","PiercingWail","Bane","Venomology+1","CurseOfTheBell","Dagger Spray","Noxious Fumes+1","Slice","Catalyst+1","Deadly Poison","Calculated Gamble","Night Terror+1","Bouncing Flask+1","Noxious Fumes+1","Footwork+1","infinitespire:UltimateForm+1","Bane","Noxious Fumes+1"],"relics":["Ring of the Snake","Replay:Bottled Snecko","Girya","MealTicket","Calling Bell","infinitespire:Beetle Shell","Frozen Egg 2","hubris:Teleporter","hubris:Icosahedron","hubris:64BitClover","DollysMirror","Lantern","Toy Ornithopter","Bottled Tornado","hubris:Backtick","hubris:Spice","ReplayTheSpireMod:Lightbulb","Shuriken","infinitespire:Broken Mirror"],"acts_visited":["Exordium","TheCity","TheBeyond"],"potions_floor_usage":[],"damage_taken":[{"damage":2.0,"enemies":"Jaw Worm","floor":1.0,"turns":5.0},{"damage":4.0,"enemies":"Small Slimes","floor":2.0,"turns":4.0},{"damage":0.0,"enemies":"2 Louse","floor":3.0,"turns":3.0},{"damage":13.0,"enemies":"Exordium Wildlife","floor":4.0,"turns":4.0},{"damage":8.0,"enemies":"Red Slaver","floor":5.0,"turns":4.0},{"damage":2.0,"enemies":"Looter","floor":7.0,"turns":4.0},{"damage":13.0,"enemies":"Lagavulin","floor":11.0,"turns":6.0},{"damage":0.0,"enemies":"Blue Slaver","floor":12.0,"turns":4.0},{"damage":6.0,"enemies":"Red Slaver","floor":14.0,"turns":4.0},{"damage":20.0,"enemies":"Fading Forest","floor":16.0,"turns":11.0},{"damage":19.0,"enemies":"Chosen","floor":18.0,"turns":5.0},{"damage":11.0,"enemies":"Shell Parasite","floor":19.0,"turns":6.0},{"damage":12.0,"enemies":"Centurion and Healer","floor":25.0,"turns":5.0},{"damage":5.0,"enemies":"3 Cultists","floor":27.0,"turns":4.0},{"damage":18.0,"enemies":"Sentry and Sphere","floor":29.0,"turns":5.0},{"damage":1.0,"enemies":"Centurion and Healer","floor":31.0,"turns":4.0},{"damage":13.0,"enemies":"Collector","floor":33.0,"turns":6.0},{"damage":15.0,"enemies":"3 Darklings","floor":35.0,"turns":4.0},{"damage":14.0,"enemies":"Orb Walker","floor":36.0,"turns":3.0},{"damage":14.0,"enemies":"R_Hoarder","floor":41.0,"turns":6.0},{"damage":14.0,"enemies":"Maw","floor":45.0,"turns":6.0},{"damage":11,"enemies":"Sphere and 2 Shapes","floor":46,"turns":2}],"seed_played":"-4628786508956130776","potions_obtained":[{"floor":3.0,"key":"Poison Potion"},{"floor":11.0,"key":"Doom Potion"},{"floor":13.0,"key":"Elixir"},{"floor":13.0,"key":"LiquidMemories"},{"floor":16.0,"key":"Energy Potion"},{"floor":18.0,"key":"AttackPotion"},{"floor":29.0,"key":"DistilledChaos"},{"floor":33.0,"key":"ColorlessPotion"},{"floor":35.0,"key":"Elixir"},{"floor":45.0,"key":"FearPotion"}],"is_trial":false,"path_per_floor":["M","M","M","M","M","R","M","?","T","R","E","M","?","M","R","B",null,"M","M","?","?","T","R","$","M","T","M","R","M","R","M","R_BF","B",null,"M","M","$","?","?","R","E","R","T","R","M","M"],"character_chosen":"THE_SILENT","items_purchased":["Fruit Juice","DollysMirror","Lantern","Toy Ornithopter","Footwork+1"],"campfire_rested":1,"item_purchase_floors":[0,24,24,24,37],"current_hp_per_floor":[73,69,69,56,48,48,46,39,39,39,26,26,26,20,42,32,75,56,45,45,45,45,45,60,53,53,48,48,35,35,34,34,36,83,70,56,71,52,52,52,43,43,43,43,34,23,23],"gold":200,"neow_bonus":"","is_daily":false,"chose_seed":false,"campfire_upgraded":6,"win_rate":0.0,"timestamp":1613959152,"path_taken":["M","M","M","M","M","R","M","?","T","R","E","M","?","M","R","BOSS","M","M","?","?","?","R","$","M","T","?","R","M","R","M","R_BF","BOSS","M","M","$","?","?","R","E","R","T","R","M","M"],"items_purchased_type":["Potion","Relic","Relic","Relic","Card"],"build_version":"2020-12-22","purchased_purges":0,"victory":false,"max_hp_per_floor":[75,75,75,75,75,75,75,75,75,75,75,75,75,75,75,75,75,75,75,75,75,75,75,75,75,75,75,75,75,75,75,75,75,83,83,83,83,83,83,83,83,83,83,83,83,83,83],"card_choices":[{"not_picked":["Hidden Blade","Fluid Movement"],"picked":"Bane","floor":1.0},{"not_picked":["Expertise","Dodge and Roll"],"picked":"Catalyst","floor":2.0},{"not_picked":["Backflip","PiercingWail"],"picked":"Endless Agony","floor":3.0},{"not_picked":["ReplayTheSpireMod:Shiv Toss","Dodge and Roll"],"picked":"Noxious Fumes","floor":4.0},{"not_picked":["hubris:Sniper","ReplayTheSpireMod:Scrap Shanks"],"picked":"Infinite Blades","floor":5.0},{"not_picked":["Doppelganger","Hidden Blade"],"picked":"Bane","floor":7.0},{"not_picked":["Well Laid Plans","Prepared"],"picked":"Crippling Poison","floor":11.0},{"not_picked":["Toxin Wave","Deflect"],"picked":"Poisoned Stab","floor":12.0},{"not_picked":["Tactician","Backflip"],"picked":"PiercingWail","floor":13.0},{"not_picked":["Prepared","Deflect"],"picked":"Bane","floor":14.0},{"not_picked":["Phantasmal Killer","Tools of the Trade"],"picked":"Venomology","floor":16.0},{"not_picked":["Dash","Acrobatics"],"picked":"Dagger Spray","floor":18.0},{"not_picked":["Atom Bomb","Sucker Punch"],"picked":"Terror","floor":19.0},{"not_picked":["Blade Dance","ReplayTheSpireMod:Scrap Shanks+1"],"picked":"Slice","floor":25.0},{"not_picked":["Hidden Blade","Quick Slash"],"picked":"Catalyst","floor":27.0},{"not_picked":["Dagger Spray","PiercingWail"],"picked":"Deadly Poison","floor":29.0},{"not_picked":["Backflip","ReplayTheSpireMod:The Works"],"picked":"Calculated Gamble","floor":31.0},{"not_picked":["ReplayTheSpireMod:From All Sides","Glass Knife"],"picked":"Night Terror","floor":33.0},{"not_picked":["Tactician","Fluid Movement+1"],"picked":"Bouncing Flask+1","floor":35.0},{"not_picked":["Acrobatics","Quick Slash"],"picked":"Noxious Fumes+1","floor":36.0},{"not_picked":["infinitespire:Menacing","infinitespire:Oblivion"],"picked":"infinitespire:UltimateForm","floor":38.0},{"not_picked":["Skewer","Calculated Gamble"],"picked":"Bane","floor":41.0},{"not_picked":["Replay:Poison Smokescreen","Slice"],"picked":"Noxious Fumes+1","floor":45.0}],"player_experience":49244,"relics_obtained":[{"floor":9.0,"key":"Replay:Bottled Snecko"},{"floor":11.0,"key":"Girya"},{"floor":13.0,"key":"MealTicket"},{"floor":17.0,"key":"infinitespire:Beetle Shell"},{"floor":17.0,"key":"Frozen Egg 2"},{"floor":17.0,"key":"hubris:Teleporter"},{"floor":22.0,"key":"hubris:64BitClover"},{"floor":26.0,"key":"Bottled Tornado"},{"floor":36.0,"key":"ReplayTheSpireMod:Lightbulb"},{"floor":41.0,"key":"Shuriken"},{"floor":43.0,"key":"infinitespire:Broken Mirror"}],"event_choices":[{"cards_removed":["Strike_G"],"damage_healed":0.0,"max_hp_gain":0.0,"max_hp_loss":0.0,"gold_gain":0.0,"event_name":"Golden Wing","player_choice":"Card Removal","floor":8.0,"gold_loss":0.0,"damage_taken":7.0},{"cards_removed":["Terror"],"damage_healed":0.0,"max_hp_gain":0.0,"max_hp_loss":0.0,"gold_gain":0.0,"event_name":"Falling","player_choice":"Removed Skill","floor":39.0,"gold_loss":0.0,"damage_taken":0.0}],"is_beta":false,"boss_relics":[{"not_picked":["Empty Cage","hubris:TerracottaHorce"],"picked":"Calling Bell"},{"not_picked":["Honey Jar","Philosopher\u0027s Stone"],"picked":"hubris:Backtick"}],"items_purged_floors":[],"is_endless":false,"potions_floor_spawned":[3,11,16,18,29,33,35,45],"killed_by":"Sphere and 2 Shapes","ascension_level":0}}