{"host":"z37g2hkgkh2zjyzk","time":1613952352,"event":{"mods":["2.2 Compatiblity","AchievementEnabler","BaseMod","Bestiary","Colored Map","Colored Powertips","Curses Come First","Highlight Path","Keyboard Shortcuts","Minty Spire (QoL Compilation)","Relic Stats","StSLib","SuperFastMode"],"gold_per_floor":[99,99,99,99,99,99,99,18,18,18,18,18,18,18,18,18,18,18,0,0,0,0,0,0],"floor_reached":23,"language":"ENG","playtime":1289,"items_purged":[],"score":276,"play_id":"18ea2084-c484-466d-b4bc-66375a2fd06a","local_time":"20210222010552","is_ascension_mode":true,"campfire_choices":[{"floor":15,"key":"REST"}],"circlet_count":0,"master_deck":["Defend_B","Defend_B","Defend_B","Defend_B","Zap","Dualcast","Conserve Battery","Sweeping Beam","Go for the Eyes","Barrage","Cold Snap","Loop","Core Surge","Barrage","Electrodynamics","Leap","Bite","Bite","Bite","Bite","Bite","Streamline+1"],"relics":["Ectoplasm","Ginger","Kunai","Darkstone Periapt","Empty Cage"],"acts_visited":["Exordium","TheCity"],"potions_floor_usage":[6,16,16,21],"damage_taken":[{"damage":2,"enemies":"Jaw Worm","floor":1,"turns":2},{"damage":0,"enemies":"2 Louse","floor":4,"turns":2},{"damage":0,"enemies":"Small Slimes","floor":5,"turns":3},{"damage":6,"enemies":"Gremlin Nob","floor":6,"turns":3},{"damage":6,"enemies":"2 Fungi Beasts","floor":7,"turns":3},{"damage":28,"enemies":"3 Sentries","floor":11,"turns":7},{"damage":0,"enemies":"3 Louse","floor":12,"turns":3},{"damage":8,"enemies":"The Guardian","floor":16,"turns":12},{"damage":3,"enemies":"Spheric Guardian","floor":18,"turns":5},{"damage":27,"enemies":"2 Thieves","floor":19,"turns":4},{"damage":23,"enemies":"3 Cultists","floor":21,"turns":5},{"damage":52,"enemies":"Book of Stabbing","floor":23,"turns":4}],"seed_played":"2445954258911672210","potions_obtained":[{"floor":5,"key":"AttackPotion"},{"floor":7,"key":"FearPotion"},{"floor":12,"key":"Swift Potion"},{"floor":18,"key":"Swift Potion"},{"floor":21,"key":"EssenceOfDarkness"}],"is_trial":false,"path_per_floor":["M","?","?","M","M","E","M","$","T","?","E","M","?","?","R","B",null,"M","M","?","M","?","E"],"character_chosen":"DEFECT","items_purchased":["Loop"],"campfire_rested":1,"item_purchase_floors":[8],"current_hp_per_floor":[73,66,55,55,55,49,43,43,43,43,15,15,15,15,37,29,64,61,34,34,25,42,0,0],"gold":0,"neow_bonus":"BOSS_RELIC","is_daily":false,"chose_seed":false,"campfire_upgraded":0,"win_rate":0.0,"timestamp":1613952352,"path_taken":["M","?","?","M","M","E","M","$","T","?","E","M","?","?","R","BOSS","M","M","?","M","?","E"],"items_purchased_type":["Card"],"build_version":"2020-12-22","purchased_purges":0,"victory":false,"max_hp_per_floor":[75,75,75,75,75,75,75,75,75,75,75,75,75,75,75,75,75,75,75,52,52,52,52,52],"relic_stats":{"Darkstone Periapt":0,"counters":[12,53],"Ectoplasm":369,"Ginger":[0],"Kunai":[13],"obtain_stats":[{"Darkstone Periapt":11,"Ectoplasm":0,"Ginger":6,"Kunai":9,"Cracked Core":0,"Empty Cage":17},{"Darkstone Periapt":6,"Ectoplasm":0,"Ginger":4,"Kunai":5,"Cracked Core":0,"Empty Cage":8},{"Darkstone Periapt":20,"Ectoplasm":0,"Ginger":10,"Kunai":13,"Cracked Core":0,"Empty Cage":35}]},"card_choices":[{"not_picked":["Ball Lightning","Go for the Eyes"],"picked":"Conserve Battery","floor":1},{"not_picked":["Auto Shields","Loop"],"picked":"Sweeping Beam","floor":4},{"not_picked":["Coolheaded","Lockon"],"picked":"Go for the Eyes","floor":5},{"not_picked":["Blizzard","Turbo"],"picked":"Barrage","floor":6},{"not_picked":["Beam Cell","Steam"],"picked":"Cold Snap","floor":7},{"not_picked":["Stack","Redo"],"picked":"Core Surge","floor":11},{"not_picked":["Steam","Storm"],"picked":"Barrage","floor":12},{"not_picked":["Seek","Core Surge"],"picked":"Electrodynamics","floor":16},{"not_picked":["Lockon+1","Chaos","Stack"],"picked":"SKIP","floor":18},{"not_picked":["Hello World+1","Steam"],"picked":"Leap","floor":19},{"not_picked":["Steam","Reinforced Body"],"picked":"Streamline+1","floor":21}],"player_experience":191197,"relics_obtained":[{"floor":6,"key":"Ginger"},{"floor":9,"key":"Kunai"},{"floor":11,"key":"Darkstone Periapt"}],"event_choices":[{"cards_removed":["Strike_B"],"damage_healed":0,"gold_gain":0,"player_choice":"Card Removal","damage_taken":7,"max_hp_gain":0,"max_hp_loss":0,"event_name":"Golden Wing","floor":2,"gold_loss":0},{"damage_healed":0,"gold_gain":75,"player_choice":"Gather Gold","damage_taken":11,"max_hp_gain":0,"max_hp_loss":0,"event_name":"World of Goop","floor":3,"gold_loss":0},{"damage_healed":0,"gold_gain":0,"player_choice":"Ignored","damage_taken":0,"max_hp_gain":0,"max_hp_loss":0,"event_name":"Liars Game","floor":10,"gold_loss":0},{"damage_healed":0,"gold_gain":0,"player_choice":"Ignored","damage_taken":0,"max_hp_gain":0,"max_hp_loss":0,"event_name":"Shining Light","floor":13,"gold_loss":0},{"damage_healed":0,"gold_gain":0,"player_choice":"Ignored","damage_taken":0,"max_hp_gain":0,"max_hp_loss":0,"event_name":"Golden Idol","floor":14,"gold_loss":0},{"damage_healed":0,"gold_gain":0,"player_choice":"Became a vampire","damage_taken":0,"max_hp_gain":0,"max_hp_loss":23,"event_name":"Vampires","floor":20,"gold_loss":0,"cards_obtained":["Bite","Bite","Bite","Bite","Bite"]},{"damage_healed":17,"gold_gain":0,"player_choice":"Heal","damage_taken":0,"max_hp_gain":0,"max_hp_loss":0,"event_name":"The Library","floor":22,"gold_loss":0}],"is_beta":false,"boss_relics":[{"not_picked":["SacredBark","Busted Crown"],"picked":"Empty Cage"}],"items_purged_floors":[],"is_endless":false,"potions_floor_spawned":[5,7,12,18,21],"killed_by":"Book of Stabbing","ascension_level":5}}