{"host":"00olc56ucl6mk3pv","time":1613978264,"event":{"mods":["AchievementEnabler","BaseMod","Keyboard Shortcuts","Minty Spire (QoL Compilation)","Quick Restart","SuperFastMode"],"gold_per_floor":[114,126,36,36,36,36,111,143,143,160,190,190,190,208,208,286,286,302,315,325,336,353,353,365,365,390,15,15,15,15,35,35,114,114,131,31,56,70,90,90,117,117,117,146,146,175,185,199,199,199,199,199,199,21,53,53],"floor_reached":57,"language":"KOR","playtime":4974,"items_purged":["Perfected Strike","Shame","Perfected Strike+1"],"score":3079,"play_id":"a1f4f899-d582-4485-8d88-1ec6428af79e","local_time":"20210222161744","is_ascension_mode":true,"campfire_choices":[{"data":"Perfected Strike","floor":6,"key":"SMITH"},{"data":"Demon Form","floor":15,"key":"SMITH"},{"floor":23,"key":"REST"},{"data":"Armaments","floor":25,"key":"SMITH"},{"data":"Offering","floor":30,"key":"SMITH"},{"data":"Burning Pact","floor":32,"key":"SMITH"},{"floor":40,"key":"REST"},{"data":"Barricade","floor":42,"key":"SMITH"},{"floor":49,"key":"RECALL"},{"data":"Evolve","floor":53,"key":"SMITH"}],"circlet_count":0,"master_deck":["AscendersBane","Bash","Offering+1","Anger","Demon Form+1","Pommel Strike+1","Barricade+1","Reckless Charge+1","Entrench","Exhume","Warcry","Evolve+1","True Grit","Bloodletting","Sever Soul","Armaments+1","Sentinel","Burning Pact+1","Shrug It Off","Disarm","Impervious","Sentinel","Shrug It Off","Offering+1","Exhume","Burning Pact"],"relics":["Burning Blood","NeowsBlessing","White Beast Statue","Mercury Hourglass","Darkstone Periapt","Centennial Puzzle","Meat on the Bone","Pandora\u0027s Box","Potion Belt","OrangePellets","Singing Bowl","SacredBark","FossilizedHelix","Bronze Scales","Whetstone","Frozen Egg 2","Oddly Smooth Stone"],"acts_visited":["Exordium","TheCity","TheBeyond","TheEnding"],"potions_floor_usage":[11,16,18,21,21,22,33,33,44,51,55,56,56,56],"damage_taken":[{"damage":0,"enemies":"Cultist","floor":1,"turns":1},{"damage":0,"enemies":"Jaw Worm","floor":2,"turns":1},{"damage":0,"enemies":"3 Sentries","floor":8,"turns":2},{"damage":6,"enemies":"Small Slimes","floor":10,"turns":2},{"damage":6,"enemies":"Gremlin Nob","floor":11,"turns":2},{"damage":0,"enemies":"2 Fungi Beasts","floor":14,"turns":2},{"damage":34,"enemies":"Hexaghost","floor":16,"turns":7},{"damage":32,"enemies":"2 Thieves","floor":18,"turns":3},{"damage":20,"enemies":"Spheric Guardian","floor":19,"turns":3},{"damage":33,"enemies":"Snake Plant","floor":20,"turns":3},{"damage":19,"enemies":"Snecko","floor":21,"turns":3},{"damage":28,"enemies":"Cultist and Chosen","floor":22,"turns":4},{"damage":27,"enemies":"Centurion and Healer","floor":24,"turns":5},{"damage":12,"enemies":"Snecko","floor":31,"turns":5},{"damage":15,"enemies":"Automaton","floor":33,"turns":9},{"damage":36,"enemies":"3 Darklings","floor":35,"turns":6},{"damage":16,"enemies":"Mind Bloom Boss Battle","floor":37,"turns":7},{"damage":0,"enemies":"3 Shapes","floor":38,"turns":6},{"damage":37,"enemies":"Transient","floor":39,"turns":6},{"damage":9,"enemies":"Giant Head","floor":41,"turns":10},{"damage":19,"enemies":"Nemesis","floor":44,"turns":9},{"damage":9,"enemies":"Giant Head","floor":46,"turns":8},{"damage":23,"enemies":"Sphere and 2 Shapes","floor":47,"turns":6},{"damage":21,"enemies":"Maw","floor":48,"turns":9},{"damage":36,"enemies":"Time Eater","floor":50,"turns":12},{"damage":29,"enemies":"Awakened One","floor":51,"turns":15},{"damage":27,"enemies":"Shield and Spear","floor":55,"turns":6},{"damage":57,"enemies":"The Heart","floor":56,"turns":9}],"seed_played":"-1584868972379426320","potions_obtained":[{"floor":1,"key":"AttackPotion"},{"floor":8,"key":"SneckoOil"},{"floor":11,"key":"SteroidPotion"},{"floor":14,"key":"Block Potion"},{"floor":16,"key":"Explosive Potion"},{"floor":18,"key":"AttackPotion"},{"floor":19,"key":"DistilledChaos"},{"floor":21,"key":"LiquidBronze"},{"floor":22,"key":"LiquidBronze"},{"floor":24,"key":"SneckoOil"},{"floor":31,"key":"SmokeBomb"},{"floor":33,"key":"Regen Potion"},{"floor":35,"key":"SpeedPotion"},{"floor":37,"key":"LiquidBronze"},{"floor":38,"key":"Energy Potion"},{"floor":44,"key":"LiquidBronze"},{"floor":47,"key":"BloodPotion"},{"floor":48,"key":"CultistPotion"},{"floor":55,"key":"Swift Potion"}],"is_trial":false,"path_per_floor":["M","M","$","T","$","R","?","E","T","M","E","?","?","M","R","B",null,"M","M","M","M","M","R","M","R","T","$","?","?","R","M","R","B",null,"M","$","?","M","M","R","E","R","T","E","?","E","M","M","R","B","B",null,"R","$","E","B",null],"character_chosen":"IRONCLAD","items_purchased":["Offering","Shrug It Off","Disarm","OrangePellets","Swift Potion"],"campfire_rested":2,"item_purchase_floors":[3,27,27,27,54],"current_hp_per_floor":[74,75,75,75,75,75,64,70,70,70,70,47,47,53,53,37,66,52,50,35,34,24,46,37,37,37,37,37,43,43,51,51,54,76,60,60,52,58,39,65,64,64,64,91,91,88,73,58,58,40,29,77,77,77,58,19],"gold":53,"neow_bonus":"THREE_ENEMY_KILL","is_daily":false,"chose_seed":false,"campfire_upgraded":7,"win_rate":0.0,"timestamp":1613978264,"path_taken":["M","?","$","?","?","R","?","E","T","M","E","?","?","M","R","BOSS","M","?","M","M","?","R","M","R","T","?","?","?","R","M","R","BOSS","M","$","?","M","M","R","E","R","T","E","?","E","?","M","R","BOSS","BOSS","R","$","E","BOSS"],"items_purchased_type":["Card","Card","Card","Relic","Potion"],"build_version":"2020-12-22","purchased_purges":3,"victory":true,"max_hp_per_floor":[75,75,75,75,75,75,75,75,75,75,75,75,75,75,75,75,75,75,75,75,75,75,75,75,75,75,75,75,81,81,83,83,83,83,85,85,87,87,87,87,89,89,89,91,91,91,93,93,93,93,93,93,93,93,95,95],"card_choices":[{"not_picked":["Entrench","True Grit"],"picked":"Perfected Strike","floor":1},{"not_picked":["Rampage","Warcry","Cleave"],"picked":"SKIP","floor":2},{"not_picked":["Heavy Blade","Thunderclap","True Grit"],"picked":"SKIP","floor":8},{"not_picked":["Dropkick","Reckless Charge"],"picked":"Anger","floor":10},{"not_picked":["Clothesline","Wild Strike"],"picked":"Demon Form","floor":11},{"not_picked":["Dark Embrace","Havoc"],"picked":"Pommel Strike","floor":14},{"not_picked":["Offering","Feed"],"picked":"Barricade","floor":16},{"not_picked":["Metallicize","Flex+1","Thunderclap"],"picked":"SKIP","floor":18},{"not_picked":["Thunderclap","Shrug It Off"],"picked":"Armaments","floor":19},{"not_picked":["Whirlwind","Sword Boomerang"],"picked":"Sentinel","floor":20},{"not_picked":["Flex","Heavy Blade","Bloodletting"],"picked":"SKIP","floor":21},{"not_picked":["Pummel","Pommel Strike"],"picked":"Burning Pact","floor":22},{"not_picked":["Clash","True Grit","Headbutt"],"picked":"SKIP","floor":24},{"not_picked":["Thunderclap","Flex","Fiend Fire"],"picked":"Singing Bowl","floor":31},{"not_picked":["Fiend Fire","Bludgeon"],"picked":"Impervious","floor":33},{"not_picked":["Hemokinesis","Thunderclap+1","Havoc+1"],"picked":"Singing Bowl","floor":35},{"not_picked":["Uppercut","Flex","Havoc"],"picked":"Singing Bowl","floor":37},{"not_picked":["Wild Strike","Shrug It Off"],"picked":"Sentinel","floor":38},{"not_picked":["Sword Boomerang+1","Wild Strike+1"],"picked":"Shrug It Off","floor":39},{"not_picked":["Warcry+1","Armaments+1","Blood for Blood"],"picked":"Singing Bowl","floor":41},{"not_picked":["Shrug It Off+1","Thunderclap+1","Blood for Blood"],"picked":"Singing Bowl","floor":44},{"not_picked":["Feed","Wild Strike"],"picked":"Exhume","floor":46},{"not_picked":["Pommel Strike+1","Clothesline","Clash"],"picked":"Singing Bowl","floor":47},{"not_picked":["Cleave","Clash"],"picked":"Burning Pact","floor":48},{"not_picked":["Feed","Rampage","Sword Boomerang"],"picked":"Singing Bowl","floor":55}],"player_experience":602879,"relics_obtained":[{"floor":4,"key":"White Beast Statue"},{"floor":8,"key":"Mercury Hourglass"},{"floor":9,"key":"Darkstone Periapt"},{"floor":11,"key":"Centennial Puzzle"},{"floor":26,"key":"Potion Belt"},{"floor":37,"key":"FossilizedHelix"},{"floor":41,"key":"Bronze Scales"},{"floor":44,"key":"Whetstone"},{"floor":46,"key":"Frozen Egg 2"},{"floor":55,"key":"Oddly Smooth Stone"}],"event_choices":[{"damage_healed":0,"gold_gain":75,"player_choice":"Gather Gold","damage_taken":11,"max_hp_gain":0,"max_hp_loss":0,"event_name":"World of Goop","floor":7,"gold_loss":0},{"damage_healed":0,"gold_gain":0,"player_choice":"Entered Light","damage_taken":23,"max_hp_gain":0,"max_hp_loss":0,"event_name":"Shining Light","floor":12,"gold_loss":0,"cards_upgraded":["Strike_R","Defend_R"]},{"damage_healed":0,"gold_gain":0,"player_choice":"Gave Potion","damage_taken":0,"relics_obtained":["Meat on the Bone"],"max_hp_gain":0,"max_hp_loss":0,"event_name":"WeMeetAgain","floor":13,"gold_loss":0},{"damage_healed":0,"gold_gain":0,"player_choice":"Ignored","damage_taken":0,"max_hp_gain":0,"max_hp_loss":0,"event_name":"Vampires","floor":28,"gold_loss":0},{"damage_healed":0,"gold_gain":0,"player_choice":"Stole Relic","damage_taken":0,"relics_obtained":["Singing Bowl"],"max_hp_gain":0,"max_hp_loss":0,"event_name":"Addict","floor":29,"gold_loss":0,"cards_obtained":["Shame"]},{"damage_healed":0,"gold_gain":0,"player_choice":"Fight","damage_taken":0,"max_hp_gain":0,"max_hp_loss":0,"event_name":"MindBloom","floor":37,"gold_loss":0},{"damage_healed":0,"gold_gain":0,"player_choice":"Copied","damage_taken":0,"max_hp_gain":0,"max_hp_loss":0,"event_name":"Duplicator","floor":45,"gold_loss":0,"cards_obtained":["Offering"]}],"is_beta":false,"boss_relics":[{"not_picked":["Fusion Hammer","Runic Pyramid"],"picked":"Pandora\u0027s Box"},{"not_picked":["Black Star","Velvet Choker"],"picked":"SacredBark"}],"items_purged_floors":[27,36,54],"is_endless":false,"potions_floor_spawned":[1,8,10,11,14,16,18,19,20,21,22,24,31,33,35,37,38,39,41,44,46,47,48,55],"ascension_level":20}}