{"host":"b0hicta09nhxha44","time":1613989066,"event":{"mods":["BaseMod","Highlight Path","Minty Spire (QoL Compilation)","Slay-I"],"gold_per_floor":[115,115,133,146,8,37,37,68,93,93,43,54,54,86,86,165,165,185,197,197,209,209,209],"floor_reached":22,"language":"ENG","playtime":1985,"items_purged":[],"score":495,"play_id":"659d9ca5-74f0-41cc-88e6-50cc0480fb07","local_time":"20210222101746","is_ascension_mode":true,"campfire_choices":[{"data":"MentalFortress","floor":7,"key":"SMITH"},{"data":"DeceiveReality","floor":10,"key":"SMITH"},{"data":"MentalFortress","floor":15,"key":"SMITH"}],"circlet_count":0,"master_deck":["AscendersBane","Strike_P","Strike_P","Strike_P","Strike_P","Defend_P","Defend_P","Defend_P","Defend_P","Eruption+1","Vigilance","DeceiveReality+1","FlyingSleeves","EmptyFist","MentalFortress+1","CutThroughFate","EmptyFist","FlurryOfBlows","MentalFortress+1","Brilliance","Weave","CutThroughFate","ThirdEye"],"relics":["PureWater","Regal Pillow","MealTicket","Damaru","Shuriken","SlaversCollar","Enchiridion"],"acts_visited":["Exordium","TheCity"],"potions_floor_usage":[6,8,18,21],"damage_taken":[{"damage":2,"enemies":"Small Slimes","floor":1,"turns":2},{"damage":0,"enemies":"Cultist","floor":3,"turns":2},{"damage":0,"enemies":"2 Louse","floor":4,"turns":3},{"damage":24,"enemies":"3 Sentries","floor":6,"turns":10},{"damage":0,"enemies":"Gremlin Nob","floor":8,"turns":2},{"damage":1,"enemies":"Blue Slaver","floor":12,"turns":5},{"damage":0,"enemies":"Lagavulin","floor":14,"turns":6},{"damage":16,"enemies":"The Guardian","floor":16,"turns":10},{"damage":0,"enemies":"Spheric Guardian","floor":18,"turns":2},{"damage":21,"enemies":"3 Byrds","floor":19,"turns":7},{"damage":21,"enemies":"Snake Plant","floor":21,"turns":4},{"damage":13,"enemies":"Snecko","floor":22,"turns":4}],"seed_played":"3564948021712753862","potions_obtained":[{"floor":2,"key":"FairyPotion"},{"floor":2,"key":"Block Potion"},{"floor":6,"key":"SteroidPotion"},{"floor":8,"key":"AttackPotion"},{"floor":19,"key":"SkillPotion"}],"is_trial":false,"path_per_floor":["M","?","M","M","$","E","R","E","T","R","$","M","?","E","R","B",null,"M","M","?","M","M"],"character_chosen":"WATCHER","items_purchased":["EmptyFist","MentalFortress","FlurryOfBlows"],"campfire_rested":0,"item_purchase_floors":[5,5,11],"current_hp_per_floor":[59,59,59,59,59,35,35,35,35,35,50,49,49,49,49,33,59,59,38,17,20,7,7],"gold":209,"neow_bonus":"UPGRADE_CARD","is_daily":false,"chose_seed":false,"campfire_upgraded":3,"win_rate":0.0,"timestamp":1613989066,"path_taken":["M","?","M","M","$","E","R","E","T","R","?","M","?","E","R","BOSS","M","M","?","M","M"],"items_purchased_type":["Card","Card","Card"],"build_version":"2020-12-22","purchased_purges":0,"victory":false,"max_hp_per_floor":[68,68,68,68,68,68,68,68,68,68,68,68,68,68,68,68,68,68,68,68,68,68,68],"card_choices":[{"not_picked":["Crescendo","SashWhip"],"picked":"DeceiveReality","floor":1},{"not_picked":["PathToVictory","Fasting2","CrushJoints"],"picked":"SKIP","floor":3},{"not_picked":["Evaluate","EmptyBody"],"picked":"FlyingSleeves","floor":4},{"not_picked":["Weave","EmptyFist"],"picked":"CutThroughFate","floor":6},{"not_picked":["SashWhip","EmptyMind"],"picked":"EmptyFist","floor":8},{"not_picked":["Halt","CutThroughFate"],"picked":"MentalFortress","floor":12},{"not_picked":["SashWhip","DeceiveReality","Study"],"picked":"SKIP","floor":14},{"not_picked":["LessonLearned","DevaForm"],"picked":"Brilliance","floor":16},{"not_picked":["DeceiveReality","WaveOfTheHand"],"picked":"Weave","floor":18},{"not_picked":["Crescendo","ClearTheMind"],"picked":"CutThroughFate","floor":19},{"not_picked":["Pray","SashWhip"],"picked":"ThirdEye","floor":21}],"player_experience":3628776,"relics_obtained":[{"floor":6,"key":"Regal Pillow"},{"floor":8,"key":"MealTicket"},{"floor":9,"key":"Damaru"},{"floor":14,"key":"Shuriken"},{"floor":20,"key":"Enchiridion"}],"event_choices":[{"damage_healed":0,"gold_gain":0,"player_choice":"Got Potions","damage_taken":0,"max_hp_gain":0,"max_hp_loss":0,"event_name":"Lab","floor":2,"gold_loss":0},{"damage_healed":0,"gold_gain":0,"player_choice":"Ignored","damage_taken":0,"max_hp_gain":0,"max_hp_loss":0,"event_name":"Liars Game","floor":13,"gold_loss":0},{"damage_healed":0,"gold_gain":0,"player_choice":"Obtained Book","damage_taken":21,"max_hp_gain":0,"max_hp_loss":0,"event_name":"Cursed Tome","floor":20,"gold_loss":0}],"is_beta":false,"boss_relics":[{"not_picked":["VioletLotus","Tiny House"],"picked":"SlaversCollar"}],"items_purged_floors":[],"is_endless":false,"potions_floor_spawned":[3,6,8,16,19],"killed_by":"Snecko","ascension_level":19}}