{"host":"2a0mdijsgk15db4y","time":1613962575,"event":{"mods":["AchievementEnabler","BaseMod","Colored Map","Colored Powertips","Downfall","Googly Eyes","Hermit","Highlight Path","Hubris","Jorbs\u0027s Wanderer Trilogy","Minty Spire (QoL Compilation)","Quick Restart","Rare Cards Sparkle","Replay The Spire","Shop Mod","StSLib","The Bug Knight","The Construct","The Cursed","The Hierophant","The Mystic"],"gold_per_floor":[117,117,67,67,84,118,118,146,146,161,172,172,186,202,202,299,299,309,408,418,200,291,291,309,309,362,362,381,414,433,452,452,548,548,559,559,574,585,81,81,81],"floor_reached":40,"language":"ENG","playtime":2104,"items_purged":["construct:Strike_Gold"],"score":470,"play_id":"9d984f35-550e-45ce-a5d2-d929e1fe73d7","local_time":"20210221185615","is_ascension_mode":false,"campfire_choices":[{"data":"construct:ScopeCore","floor":7,"key":"SMITH"},{"data":"construct:Versatility","floor":15,"key":"SMITH"},{"data":"construct:Enhance","floor":23,"key":"SMITH"},{"data":"construct:ClusterMines","floor":25,"key":"SMITH"},{"data":"construct:Strike_Gold","floor":27,"key":"SMITH"},{"floor":32,"key":"REST"}],"circlet_count":0,"master_deck":["construct:Strike_Gold+1","construct:Strike_Gold+1","construct:Strike_Gold","construct:Defend_Gold","construct:Defend_Gold","construct:Defend_Gold","construct:Defend_Gold","construct:Defend_Gold+1","construct:AttackMode","construct:DefenseMode","construct:ClusterMines+1","construct:ScopeCore+1","construct:FlameCore","construct:Enhance+1","construct:Versatility+1","construct:ScrapCannon+1","construct:ScopeCore+1","construct:Zapper","construct:LongRangeLance","construct:Anticipate+1","construct:Autoturret","construct:Reserves"],"relics":["Potion Belt","Pen Nib","hubris:ToyBattleship","Replay:Antivirus Software","Runic Pyramid","ClockworkSouvenir","Replay:Wax Seal","Replay:Baseball","Blood Vial","Black Star","Bronze Scales","Regal Pillow"],"acts_visited":["Exordium","TheCity","TheBeyond"],"potions_floor_usage":[13,16,16,29,30,33,33],"damage_taken":[{"damage":0,"enemies":"2 Louse","floor":1,"turns":4},{"damage":2,"enemies":"Small Slimes","floor":5,"turns":3},{"damage":5,"enemies":"Replay:BlueRogue","floor":6,"turns":6},{"damage":13,"enemies":"HollowMod:MossKnight","floor":8,"turns":6},{"damage":3,"enemies":"Jaw Worm","floor":10,"turns":2},{"damage":10,"enemies":"Exordium Wildlife","floor":11,"turns":5},{"damage":1,"enemies":"Lots of Slimes","floor":13,"turns":4},{"damage":0,"enemies":"3 Louse","floor":14,"turns":3},{"damage":0,"enemies":"Hexaghost","floor":16,"turns":9},{"damage":0,"enemies":"Shell Parasite","floor":18,"turns":6},{"damage":0,"enemies":"Chosen","floor":20,"turns":4},{"damage":0,"enemies":"Snake Plant","floor":24,"turns":5},{"damage":3,"enemies":"Snecko","floor":28,"turns":4},{"damage":9,"enemies":"Book of Stabbing","floor":29,"turns":4},{"damage":11,"enemies":"3 Cultists","floor":30,"turns":3},{"damage":15,"enemies":"Centurion and Healer","floor":31,"turns":5},{"damage":39,"enemies":"Collector","floor":33,"turns":9},{"damage":25,"enemies":"Orb Walker","floor":35,"turns":5},{"damage":39,"enemies":"3 Darklings","floor":37,"turns":6},{"damage":52,"enemies":"Writhing Mass","floor":38,"turns":5},{"damage":6,"enemies":"Giant Head","floor":40,"turns":2}],"seed_played":"4545051857472836093","potions_obtained":[{"floor":6,"key":"Ancient Potion"},{"floor":8,"key":"Reflective Coating"},{"floor":10,"key":"ColorlessPotion"},{"floor":11,"key":"EssenceOfSteel"},{"floor":16,"key":"SneckoOil"},{"floor":20,"key":"champ:CounterPotion"},{"floor":28,"key":"hexamod:SoulburnPotion"},{"floor":31,"key":"ColorlessPotion"},{"floor":35,"key":"construct:ShiftPotion"},{"floor":38,"key":"Death Potion"}],"is_trial":false,"path_per_floor":["M","?","?","$","M","E","R","E","T","M","M","?","M","M","R","B",null,"M","?","M","$","?","R","M","R","T","R","M","E","M","M","R","B",null,"M","?","M","M","$","E"],"character_chosen":"THE_CONSTRUCT_MOD","items_purchased":["ClockworkSouvenir","Bronze Scales","Regal Pillow","construct:Autoturret","construct:Reserves"],"campfire_rested":1,"item_purchase_floors":[21,39,39,39,39],"current_hp_per_floor":[93,74,74,74,72,67,67,54,54,51,41,41,40,40,40,40,93,93,93,93,93,56,56,56,56,56,56,53,44,35,22,49,12,93,68,93,54,4,4,0,0],"gold":81,"neow_bonus":"TEN_PERCENT_HP_BONUS","is_daily":false,"chose_seed":false,"campfire_upgraded":5,"win_rate":0.0,"timestamp":1613962575,"path_taken":["M","?","?","$","M","E","R","E","T","M","M","?","M","M","R","BOSS","M","?","M","$","?","R","M","R","T","R","M","E","M","M","R","BOSS","M","?","M","M","$","E"],"items_purchased_type":["Relic","Relic","Relic","Card","Card"],"build_version":"2020-12-22","purchased_purges":1,"victory":false,"max_hp_per_floor":[93,93,93,93,93,93,93,93,93,93,93,93,93,93,93,93,93,93,93,93,93,93,93,93,93,93,93,93,93,93,93,93,93,93,93,93,93,93,93,93,93],"card_choices":[{"not_picked":["construct:Boost","construct:Impenetrable"],"picked":"construct:ClusterMines","floor":1},{"not_picked":["construct:ElectricArmor","construct:Backfire"],"picked":"construct:ScopeCore","floor":5},{"not_picked":["construct:FierceBash","construct:FocusedBeam","construct:ElectricArmor"],"picked":"SKIP","floor":6},{"not_picked":["construct:SaveState","construct:Reserves"],"picked":"construct:FlameCore","floor":8},{"not_picked":["construct:ReactiveShield","construct:ScopeCore"],"picked":"construct:Enhance","floor":10},{"not_picked":["construct:VentSteam","construct:Forcefield"],"picked":"construct:Versatility","floor":11},{"not_picked":["construct:SweepLaser","construct:Enhance","construct:ReactiveShield"],"picked":"SKIP","floor":13},{"not_picked":["construct:MetalShell","construct:Backup","construct:FocusedBeam"],"picked":"SKIP","floor":14},{"not_picked":["construct:Disrupt","construct:ShiftStrike"],"picked":"construct:ScrapCannon+1","floor":18},{"not_picked":["construct:SweepLaser","construct:ScopeCore","construct:FocusedBeam"],"picked":"SKIP","floor":20},{"not_picked":["construct:ScrapCannon","construct:Versatility"],"picked":"construct:ScopeCore+1","floor":22},{"not_picked":["construct:FlakBarrage","construct:Impenetrable","construct:UnbalancingBlast"],"picked":"SKIP","floor":24},{"not_picked":["construct:Missile","construct:SyphonStrike+1","construct:Forcefield"],"picked":"SKIP","floor":28},{"not_picked":["construct:Boost+1","construct:ShiftStrike"],"picked":"construct:Zapper","floor":29},{"not_picked":["construct:ClusterMines","construct:FlakBarrage+1","construct:Backfire"],"picked":"SKIP","floor":30},{"not_picked":["construct:ForceCore","construct:SuppressiveFire","construct:Accumulate"],"picked":"SKIP","floor":31},{"not_picked":["construct:HyperBeam","construct:Multistage"],"picked":"construct:LongRangeLance","floor":33},{"not_picked":["construct:HeavyBolt","construct:ElectricArmor","construct:SyphonStrike+1"],"picked":"SKIP","floor":35},{"not_picked":["construct:ShiftGuard+1","construct:FierceBash","construct:Backfire"],"picked":"SKIP","floor":37},{"not_picked":["construct:Boost","construct:Backup+1"],"picked":"construct:Anticipate+1","floor":38}],"player_experience":197256,"relics_obtained":[{"floor":6,"key":"Potion Belt"},{"floor":8,"key":"Pen Nib"},{"floor":9,"key":"hubris:ToyBattleship"},{"floor":22,"key":"Replay:Wax Seal"},{"floor":26,"key":"Replay:Baseball"},{"floor":29,"key":"Blood Vial"}],"event_choices":[{"damage_healed":0,"gold_gain":0,"player_choice":"Entered Light","damage_taken":19,"max_hp_gain":0,"max_hp_loss":0,"event_name":"Shining Light","floor":2,"gold_loss":0,"cards_upgraded":["construct:Strike_Gold","construct:Defend_Gold"]},{"cards_removed":["construct:Strike_Gold"],"damage_healed":0,"gold_gain":0,"player_choice":"Card Removal","damage_taken":0,"max_hp_gain":0,"max_hp_loss":0,"event_name":"The Cleric","floor":3,"gold_loss":50},{"damage_healed":0,"gold_gain":99,"player_choice":"Stole From Cult","damage_taken":0,"max_hp_gain":0,"max_hp_loss":0,"event_name":"Nest","floor":19,"gold_loss":0},{"damage_healed":25,"gold_gain":0,"player_choice":"Full Heal","damage_taken":0,"max_hp_gain":0,"max_hp_loss":0,"event_name":"Wheel of Change","floor":36,"gold_loss":0}],"is_beta":false,"boss_relics":[{"not_picked":["Replay:Wanted Poster","Ectoplasm"],"picked":"Runic Pyramid"},{"not_picked":["Replay:Ancient Bell","hubris:TerracottaHorce"],"picked":"Black Star"}],"items_purged_floors":[21],"is_endless":false,"potions_floor_spawned":[6,8,10,11,16,20,28,31,35,38],"killed_by":"Giant Head","ascension_level":0}}