{"host":"0kk91h4bq4kgfj0u","time":1613954118,"event":{"mods":["BaseMod","Bestiary","Block Reminder","Colored Map","Colored Powertips","Curses Come First","Highlight Path","Minty Spire (QoL Compilation)","Relic Stats","StSLib"],"gold_per_floor":[114,127,127,202,212,241,241,269,269,280,312,312,331,331,331,331,331],"floor_reached":16,"language":"ENG","playtime":477,"items_purged":[],"score":174,"play_id":"323d4f90-cd4f-4c59-84ed-20d369b32908","local_time":"20210221193518","is_ascension_mode":true,"campfire_choices":[{"floor":7,"key":"RECALL"},{"floor":12,"key":"REST"},{"data":"Madness","floor":15,"key":"SMITH"}],"circlet_count":0,"master_deck":["Strike_R","Strike_R","Strike_R","Strike_R","Strike_R","Defend_R","Defend_R","Defend_R","Defend_R","Bash","Madness+1","Anger","Inflame+1","Wild Strike","Flex","Immolate","Armaments","Flame Barrier","Iron Wave"],"relics":["Burning Blood","HornCleat","White Beast Statue","Darkstone Periapt","Omamori"],"acts_visited":["Exordium"],"potions_floor_usage":[11,16],"damage_taken":[{"damage":0,"enemies":"Small Slimes","floor":1,"turns":3},{"damage":1,"enemies":"2 Louse","floor":2,"turns":3},{"damage":4,"enemies":"Jaw Worm","floor":5,"turns":3},{"damage":25,"enemies":"Lagavulin","floor":6,"turns":6},{"damage":12,"enemies":"Gremlin Nob","floor":8,"turns":4},{"damage":10,"enemies":"3 Louse","floor":10,"turns":3},{"damage":16,"enemies":"3 Sentries","floor":11,"turns":6},{"damage":16,"enemies":"Exordium Wildlife","floor":13,"turns":4},{"damage":66,"enemies":"The Guardian","floor":16,"turns":15}],"seed_played":"5601271425019137924","potions_obtained":[{"floor":1,"key":"BloodPotion"},{"floor":8,"key":"BlessingOfTheForge"},{"floor":10,"key":"CultistPotion"},{"floor":11,"key":"Energy Potion"}],"is_trial":false,"path_per_floor":["M","M","?","?","M","E","R","E","T","M","E","R","M","?","R","B"],"character_chosen":"IRONCLAD","items_purchased":[],"campfire_rested":1,"item_purchase_floors":[],"current_hp_per_floor":[78,80,80,69,71,52,52,46,46,42,48,72,62,62,62,0,0],"gold":331,"neow_bonus":"RANDOM_COLORLESS","is_daily":false,"chose_seed":false,"campfire_upgraded":1,"win_rate":0.0,"timestamp":1613954118,"path_taken":["M","M","?","?","?","E","R","E","T","M","E","R","M","?","R","BOSS"],"items_purchased_type":[],"build_version":"2020-12-22","purchased_purges":0,"victory":false,"max_hp_per_floor":[80,80,80,80,80,80,80,80,80,80,80,80,80,80,80,80,80],"relic_stats":{"Darkstone Periapt":0,"counters":[9,47],"obtain_stats":[{"Darkstone Periapt":9,"HornCleat":6,"Omamori":11,"Burning Blood":0,"White Beast Statue":8},{"Darkstone Periapt":5,"HornCleat":4,"Omamori":7,"Burning Blood":0,"White Beast Statue":5},{"Darkstone Periapt":19,"HornCleat":15,"Omamori":28,"Burning Blood":0,"White Beast Statue":19}],"Burning Blood":45},"card_choices":[{"not_picked":["Purity","Enlightenment"],"picked":"Madness","floor":0},{"not_picked":["Wild Strike","Dual Wield"],"picked":"Anger","floor":1},{"not_picked":["Havoc","Ghostly Armor"],"picked":"Inflame","floor":2},{"not_picked":["Sentinel","Ghostly Armor"],"picked":"Wild Strike","floor":5},{"not_picked":["Twin Strike","Metallicize"],"picked":"Flex","floor":6},{"not_picked":["Uppercut","Double Tap"],"picked":"Immolate","floor":8},{"not_picked":["Sword Boomerang","Wild Strike"],"picked":"Armaments","floor":10},{"not_picked":["Thunderclap","Evolve"],"picked":"Flame Barrier","floor":11},{"not_picked":["Clash","Warcry"],"picked":"Iron Wave","floor":13}],"player_experience":901641,"relics_obtained":[{"floor":6,"key":"HornCleat"},{"floor":8,"key":"White Beast Statue"},{"floor":9,"key":"Darkstone Periapt"},{"floor":11,"key":"Omamori"}],"event_choices":[{"damage_healed":0,"gold_gain":0,"player_choice":"Grow","damage_taken":0,"max_hp_gain":0,"max_hp_loss":0,"event_name":"Living Wall","floor":3,"gold_loss":0,"cards_upgraded":["Inflame"]},{"damage_healed":0,"gold_gain":75,"player_choice":"Gather Gold","damage_taken":11,"max_hp_gain":0,"max_hp_loss":0,"event_name":"World of Goop","floor":4,"gold_loss":0},{"damage_healed":0,"gold_gain":0,"player_choice":"Leave","damage_taken":0,"max_hp_gain":0,"max_hp_loss":0,"event_name":"The Cleric","floor":14,"gold_loss":0}],"is_beta":false,"boss_relics":[],"items_purged_floors":[],"is_endless":false,"potions_floor_spawned":[1,8,10,11,13],"killed_by":"The Guardian","ascension_level":9}}