{"host":"mpvt08kax8preffg","time":1613964814,"event":{"mods":["AchievementEnabler","BaseMod","Bestiary","Colored Map","Highlight Path","Minty Spire (QoL Compilation)","Replay The Spire","StSLib","The Hierophant"],"gold_per_floor":[117,117,117,117,133,182,202,225,225,225,245,320,311,348,348,420,420,392,317,317,332,344,344],"floor_reached":22,"language":"ENG","playtime":1697,"items_purged":[],"score":161,"play_id":"201b9d40-faef-4ec9-b858-5dedbbfa8c43","local_time":"20210221193334","is_ascension_mode":false,"campfire_choices":[{"data":"hierophant:ChurchCoffers","floor":10,"key":"SMITH"},{"floor":15,"key":"REST"}],"circlet_count":0,"master_deck":["hierophant:Strike_Hierophant","hierophant:Strike_Hierophant","hierophant:Strike_Hierophant","hierophant:Punish+1","hierophant:Defend_Hierophant","hierophant:Defend_Hierophant+1","hierophant:Defend_Hierophant","hierophant:ChurchCoffers+1","hierophant:Embezzle","hierophant:Doubloon","hierophant:RecallFunds","hierophant:Upheaval","hierophant:Embezzle","hierophant:Purify","hierophant:Doubloon","hierophant:CursedGold","hierophant:Cornucopia","hierophant:Mercenaries","hierophant:AuricForm","Burst+1","hierophant:Smite"],"relics":["hierophant:PropheticMaskRelic","NeowsBlessing","Golden Idol","Dream Catcher","Lantern","Snack Pack","Sozu"],"acts_visited":["Exordium","TheCity"],"potions_floor_usage":[],"damage_taken":[{"damage":0,"enemies":"2 Louse","floor":1,"turns":1},{"damage":0,"enemies":"Small Slimes","floor":5,"turns":1},{"damage":0,"enemies":"3 Sentries","floor":6,"turns":1},{"damage":0,"enemies":"Cultist","floor":7,"turns":4},{"damage":6,"enemies":"Exordium Wildlife","floor":11,"turns":3},{"damage":7,"enemies":"Blue Slaver","floor":13,"turns":3},{"damage":0,"enemies":"Red Slaver","floor":14,"turns":1},{"damage":0,"enemies":"Slime Boss","floor":16,"turns":3},{"damage":34,"enemies":"2 Thieves","floor":18,"turns":4},{"damage":2,"enemies":"Shell Parasite","floor":21,"turns":2},{"damage":36,"enemies":"Snake Plant","floor":22,"turns":3}],"seed_played":"-5355794119834273327","potions_obtained":[{"floor":1,"key":"Dexterity Potion"},{"floor":7,"key":"SteroidPotion"},{"floor":13,"key":"Adrenaline Potion"},{"floor":14,"key":"PowerPotion"},{"floor":16,"key":"DistilledChaos"}],"is_trial":false,"path_per_floor":["M","?","?","?","M","E","M","T","T","R","M","?","M","M","R_BF","B",null,"M","?","?","M","M"],"character_chosen":"HIEROPHANT","items_purchased":[],"campfire_rested":1,"item_purchase_floors":[],"current_hp_per_floor":[75,60,60,60,60,60,60,60,60,60,58,52,47,49,69,69,69,35,35,35,35,0,0],"gold":344,"neow_bonus":"THREE_ENEMY_KILL","is_daily":false,"chose_seed":false,"campfire_upgraded":1,"win_rate":0.0,"timestamp":1613964814,"path_taken":["M","?","?","?","M","E","?","?","T","R","M","?","M","?","R_BF","BOSS","M","?","?","?","M"],"items_purchased_type":[],"build_version":"2020-12-22","purchased_purges":0,"victory":false,"max_hp_per_floor":[75,75,69,69,69,69,69,69,69,69,69,69,69,69,69,69,69,69,69,69,69,69,69],"card_choices":[{"not_picked":["hierophant:FlamingChariot","hierophant:Encroach"],"picked":"hierophant:Embezzle","floor":1},{"not_picked":["hierophant:Racketeering","hierophant:FlamingChariot"],"picked":"hierophant:RecallFunds","floor":5},{"not_picked":["hierophant:HammerAndAnvil","hierophant:Blessing"],"picked":"hierophant:Upheaval","floor":6},{"not_picked":["hierophant:PassingBell","hierophant:Martyrdom"],"picked":"hierophant:Embezzle","floor":7},{"not_picked":["hierophant:Upheaval","hierophant:FieryStrike"],"picked":"hierophant:Purify","floor":11},{"not_picked":["hierophant:Prophecy","hierophant:Purify"],"picked":"hierophant:CursedGold","floor":13},{"not_picked":["hierophant:Zeal","hierophant:SolarFlare"],"picked":"hierophant:Cornucopia","floor":14},{"not_picked":["hierophant:FlamingChariot","hierophant:Zeal"],"picked":"hierophant:Mercenaries","floor":15},{"not_picked":["hierophant:Determination","hierophant:WrathOfGod"],"picked":"hierophant:AuricForm","floor":16},{"not_picked":["hierophant:Zeal+1","hierophant:OrnateBuckler"],"picked":"hierophant:Doubloon+1","floor":18},{"not_picked":["hierophant:SecretStash","hierophant:AuricBeam+1"],"picked":"hierophant:Smite","floor":21}],"player_experience":32312,"relics_obtained":[{"floor":6,"key":"Dream Catcher"},{"floor":8,"key":"Lantern"},{"floor":9,"key":"Snack Pack"}],"event_choices":[{"damage_healed":0,"gold_gain":0,"player_choice":"Entered Light","damage_taken":15,"max_hp_gain":0,"max_hp_loss":0,"event_name":"Shining Light","floor":2,"gold_loss":0,"cards_upgraded":["hierophant:Punish","hierophant:Defend_Hierophant"]},{"damage_healed":0,"gold_gain":0,"player_choice":"Lose Max HP","damage_taken":0,"relics_obtained":["Golden Idol"],"max_hp_gain":0,"max_hp_loss":6,"event_name":"Golden Idol","floor":3,"gold_loss":0},{"cards_removed":["hierophant:Defend_Hierophant"],"damage_healed":0,"gold_gain":0,"player_choice":"Purged","damage_taken":0,"max_hp_gain":0,"max_hp_loss":0,"event_name":"Purifier","floor":4,"gold_loss":0},{"damage_healed":0,"gold_gain":75,"player_choice":"Touch","damage_taken":6,"max_hp_gain":0,"max_hp_loss":0,"event_name":"FaceTrader","floor":12,"gold_loss":0},{"cards_removed":["hierophant:Strike_Hierophant"],"damage_healed":0,"gold_gain":0,"player_choice":"Gave Gold","damage_taken":0,"max_hp_gain":0,"max_hp_loss":0,"event_name":"Beggar","floor":19,"gold_loss":75},{"cards_removed":["hierophant:Doubloon"],"damage_healed":0,"gold_gain":0,"player_choice":"Took Card","damage_taken":0,"max_hp_gain":0,"max_hp_loss":0,"event_name":"NoteForYourself","floor":20,"gold_loss":0,"cards_obtained":["Burst"]}],"is_beta":false,"boss_relics":[{"not_picked":["SlaversCollar","Black Star"],"picked":"Sozu"}],"items_purged_floors":[],"is_endless":false,"potions_floor_spawned":[1,7,13,14,16,21],"killed_by":"Snake Plant","ascension_level":0}}