{"host":"xauhhfeuacw2ajt1","time":1613980455,"event":{"mods":["BaseMod","GifTheSpireLib","KinomotoSakuraMod(????)","Minty Spire (QoL Compilation)","StSLib","The Senshi"],"gold_per_floor":[113,65,78,78,153,153,188,206,206,224,237,237,260,279,279,403,403,421,440,359,373,388,388,406,406,406],"floor_reached":25,"language":"ENG","playtime":1082,"items_purged":[],"score":209,"play_id":"db29558e-1751-4b8d-91e5-207ad189b56e","local_time":"20210222095415","is_ascension_mode":false,"campfire_choices":[{"floor":6,"key":"RECALL"},{"floor":12,"key":"REST"},{"data":"Perfected Strike","floor":15,"key":"SMITH"},{"data":"Flame Barrier","floor":23,"key":"SMITH"}],"circlet_count":0,"master_deck":["Strike_R","Strike_R","Strike_R","Strike_R","Strike_R","Defend_R","Defend_R","Defend_R","Defend_R","Bash","Shockwave","Perfected Strike","Flame Barrier+1","Injury","Flex","Hemokinesis","Twin Strike","Shrug It Off","Perfected Strike+1","Twin Strike","Fiend Fire","True Grit+1","Twin Strike+1","Rupture","Clash+1","Hemokinesis","Ghostly Armor"],"relics":["Black Blood","Lantern","Golden Idol","HornCleat"],"acts_visited":["Exordium","TheCity"],"potions_floor_usage":[14],"damage_taken":[{"damage":1,"enemies":"Cultist","floor":1,"turns":4},{"damage":5,"enemies":"Jaw Worm","floor":3,"turns":4},{"damage":65,"enemies":"Gremlin Nob","floor":7,"turns":6},{"damage":5,"enemies":"Small Slimes","floor":8,"turns":4},{"damage":2,"enemies":"2 Fungi Beasts","floor":10,"turns":3},{"damage":3,"enemies":"Large Slime","floor":11,"turns":5},{"damage":2,"enemies":"Blue Slaver","floor":13,"turns":3},{"damage":15,"enemies":"Exordium Wildlife","floor":14,"turns":6},{"damage":46,"enemies":"The Guardian","floor":16,"turns":10},{"damage":12,"enemies":"Shell Parasite","floor":18,"turns":5},{"damage":14,"enemies":"Spheric Guardian","floor":19,"turns":4},{"damage":26,"enemies":"Cultist and Chosen","floor":21,"turns":6},{"damage":32,"enemies":"Shelled Parasite and Fungi","floor":22,"turns":5},{"damage":21,"enemies":"Snake Plant","floor":24,"turns":4},{"damage":40,"enemies":"Slavers","floor":25,"turns":3}],"seed_played":"3212630170812406146","potions_obtained":[{"floor":11,"key":"Regen Potion"},{"floor":13,"key":"Ancient Potion"},{"floor":16,"key":"BlessingOfTheForge"},{"floor":19,"key":"GamblersBrew"}],"is_trial":false,"path_per_floor":["M","$","M","?","?","R","E","M","T","M","M","R","M","M","R","B",null,"M","M","$","M","M","R","M","E"],"character_chosen":"IRONCLAD","items_purchased":["Perfected Strike","Rupture"],"campfire_rested":1,"item_purchase_floors":[2,20],"current_hp_per_floor":[80,80,80,80,69,69,10,11,11,15,18,42,46,52,52,12,80,80,78,78,64,44,44,35,0,0],"gold":406,"neow_bonus":"RANDOM_COMMON_RELIC","is_daily":false,"chose_seed":false,"campfire_upgraded":2,"win_rate":0.0,"timestamp":1613980455,"path_taken":["M","$","M","?","?","R","E","M","T","?","?","R","?","M","R","BOSS","M","M","$","M","M","R","M","E"],"items_purchased_type":["Card","Card"],"build_version":"2020-12-22","purchased_purges":0,"victory":false,"max_hp_per_floor":[80,80,80,80,80,80,80,80,80,80,80,80,80,80,80,80,80,80,80,80,80,80,80,80,80,80],"card_choices":[{"not_picked":["Sword Boomerang","Havoc"],"picked":"Shockwave","floor":1},{"not_picked":["Pummel","Second Wind"],"picked":"Flame Barrier","floor":3},{"not_picked":["Armaments","Warcry"],"picked":"Flex","floor":7},{"not_picked":["Flex","Wild Strike"],"picked":"Hemokinesis","floor":8},{"not_picked":["Armaments","Fiend Fire"],"picked":"Twin Strike","floor":10},{"not_picked":["Body Slam","Pommel Strike"],"picked":"Shrug It Off","floor":11},{"not_picked":["Barricade","Sword Boomerang"],"picked":"Perfected Strike","floor":13},{"not_picked":["Battle Trance","Warcry"],"picked":"Twin Strike","floor":14},{"not_picked":["Limit Break","Barricade"],"picked":"Fiend Fire","floor":16},{"not_picked":["Body Slam","Clash"],"picked":"True Grit+1","floor":18},{"not_picked":["Ghostly Armor","Battle Trance"],"picked":"Twin Strike+1","floor":19},{"not_picked":["Pommel Strike","Perfected Strike"],"picked":"Clash+1","floor":21},{"not_picked":["Feel No Pain+1","Havoc"],"picked":"Hemokinesis","floor":22},{"not_picked":["Thunderclap","Armaments"],"picked":"Ghostly Armor","floor":24}],"player_experience":212148,"relics_obtained":[{"floor":7,"key":"HornCleat"}],"event_choices":[{"damage_healed":0,"gold_gain":0,"player_choice":"Take Wound","damage_taken":0,"relics_obtained":["Golden Idol"],"max_hp_gain":0,"max_hp_loss":0,"event_name":"Golden Idol","floor":4,"gold_loss":0,"cards_obtained":["Injury"]},{"damage_healed":0,"gold_gain":75,"player_choice":"Gather Gold","damage_taken":11,"max_hp_gain":0,"max_hp_loss":0,"event_name":"World of Goop","floor":5,"gold_loss":0}],"is_beta":false,"boss_relics":[{"not_picked":["Empty Cage","Snecko Eye"],"picked":"Black Blood"}],"items_purged_floors":[],"is_endless":false,"potions_floor_spawned":[11,13,16,19,22],"killed_by":"Slavers","ascension_level":0}}