{"host":"sc0o2qwpf9j16a4i","time":1613982575,"event":{"mods":["AchievementEnabler","BaseMod","BetterRewards","Block Reminder","Colored Map","Colored Powertips","Custom Start","Highlight Path","Minty Spire (QoL Compilation)","Relic Stats"],"gold_per_floor":[111,121,70,86,86,113,113,123,123,177,206,221,221,253,253,349,349,365,385,403,318,318,350,350,384,458,53,66,27,58,58,58,159,159,173,193,193,212,225,256,4,4,81,109,121,141,141,172,172,172],"floor_reached":51,"language":"ENG","playtime":2049,"items_purged":[],"score":1215,"play_id":"102751b7-04fc-4345-a0b4-72fe0cb54994","local_time":"20210222102935","daily_mods":["SealedDeck","Blue Cards","Binary"],"is_ascension_mode":false,"campfire_choices":[{"data":"Dash","floor":7,"key":"SMITH"},{"data":"Sweeping Beam","floor":13,"key":"SMITH"},{"data":"Reprogram","floor":15,"key":"SMITH"},{"data":"Calculated Gamble","floor":32,"key":"SMITH"},{"data":"Burst","floor":49,"key":"SMITH"}],"circlet_count":0,"master_deck":["Go for the Eyes+1","Blade Dance","Predator+1","Escape Plan","Escape Plan","Calculated Gamble+1","Dash+1","Flying Knee","Backstab+1","Sweeping Beam+1","Blade Dance","Reprogram+1","Burst+1","Gash+1","Venomology+1","Turbo+1","All For One","Tools of the Trade+1","Cloak And Dagger+1","A Thousand Cuts+1","Well Laid Plans+1","Dash+1","Deflect+1","PiercingWail+1","Corpse Explosion+1"],"relics":["Ring of the Snake","Paper Crane","Frozen Egg 2","Bag of Preparation","Ornamental Fan","WristBlade","Vajra","Nloth\u0027s Gift","Juzu Bracelet","Blood Vial","Omamori","The Courier","Matryoshka","Toxic Egg 2","Mummified Hand","HoveringKite","Whetstone","InkBottle","White Beast Statue","Kunai","Pocketwatch","Strawberry"],"acts_visited":["Exordium","TheCity","TheBeyond"],"potions_floor_usage":[20,23,23,30,33,33,36,38,38,40,40,44,45,48,48,50,50,50],"damage_taken":[{"damage":0,"enemies":"Small Slimes","floor":1,"turns":1},{"damage":0,"enemies":"2 Louse","floor":2,"turns":1},{"damage":0,"enemies":"Jaw Worm","floor":4,"turns":2},{"damage":0,"enemies":"Gremlin Nob","floor":6,"turns":3},{"damage":0,"enemies":"Blue Slaver","floor":8,"turns":2},{"damage":0,"enemies":"3 Sentries","floor":11,"turns":5},{"damage":0,"enemies":"Large Slime","floor":12,"turns":4},{"damage":0,"enemies":"Lagavulin","floor":14,"turns":4},{"damage":0,"enemies":"Slime Boss","floor":16,"turns":3},{"damage":0,"enemies":"Chosen","floor":18,"turns":3},{"damage":0,"enemies":"3 Byrds","floor":19,"turns":2},{"damage":7,"enemies":"Centurion and Healer","floor":20,"turns":2},{"damage":0,"enemies":"Book of Stabbing","floor":23,"turns":2},{"damage":0,"enemies":"Slavers","floor":25,"turns":3},{"damage":0,"enemies":"Snecko","floor":28,"turns":3},{"damage":0,"enemies":"Gremlin Leader","floor":30,"turns":3},{"damage":0,"enemies":"Collector","floor":33,"turns":5},{"damage":0,"enemies":"3 Shapes","floor":35,"turns":3},{"damage":0,"enemies":"3 Darklings","floor":36,"turns":3},{"damage":0,"enemies":"Spire Growth","floor":38,"turns":2},{"damage":0,"enemies":"4 Shapes","floor":39,"turns":2},{"damage":10,"enemies":"Nemesis","floor":40,"turns":3},{"damage":0,"enemies":"Giant Head","floor":44,"turns":4},{"damage":0,"enemies":"Transient","floor":45,"turns":5},{"damage":0,"enemies":"Maw","floor":46,"turns":4},{"damage":0,"enemies":"Nemesis","floor":48,"turns":5},{"damage":0,"enemies":"Donu and Deca","floor":50,"turns":5}],"seed_played":"4836088975426685613","potions_obtained":[{"floor":1,"key":"Explosive Potion"},{"floor":4,"key":"GamblersBrew"},{"floor":14,"key":"DistilledChaos"},{"floor":20,"key":"LiquidMemories"},{"floor":25,"key":"SteroidPotion"},{"floor":28,"key":"EssenceOfSteel"},{"floor":33,"key":"Energy Potion"},{"floor":40,"key":"SpeedPotion"},{"floor":44,"key":"PowerPotion"},{"floor":48,"key":"BlessingOfTheForge"}],"is_trial":true,"path_per_floor":["M","M","$","M","?","E","R","M","T","T","E","M","R","E","R","B",null,"M","M","M","?","?","E","?","E","T","$","M","$","E","$","R","B",null,"M","M","?","M","M","E","$","?","T","E","M","M","?","E","R","B",null],"character_chosen":"THE_SILENT","items_purchased":["Fire Potion","Matryoshka","Toxic Egg 2","Turbo+1","Deflect+1","InkBottle"],"campfire_rested":0,"item_purchase_floors":[3,27,27,29,41,41],"current_hp_per_floor":[70,70,70,70,70,70,70,70,70,70,70,70,70,70,70,70,70,70,70,63,63,63,63,63,65,65,65,67,67,69,69,69,70,70,70,70,70,70,70,60,60,60,60,62,64,66,66,73,73,73],"gold":172,"neow_bonus":"","is_daily":false,"chose_seed":false,"campfire_upgraded":5,"win_rate":0.0,"timestamp":1613982575,"path_taken":["M","M","?","M","?","E","R","M","T","?","E","M","R","E","R","BOSS","M","M","M","?","?","E","?","E","T","$","M","?","E","$","R","BOSS","M","M","?","M","M","E","$","?","T","E","M","M","?","E","R","BOSS"],"items_purchased_type":["Potion","Relic","Relic","Card","Card","Relic"],"build_version":"2020-12-22","purchased_purges":0,"victory":true,"max_hp_per_floor":[70,70,70,70,70,70,70,70,70,70,70,70,70,70,70,70,70,70,70,70,70,70,70,70,70,70,70,70,70,70,70,70,70,70,70,70,70,70,70,70,70,66,66,66,66,66,66,73,73,73],"relic_stats":{"counters":[27,84],"HoveringKite":[19],"Bag of Preparation":[44],"Juzu Bracelet":1,"Whetstone":["Backstab","Go for the Eyes"],"Blood Vial":13,"Ornamental Fan":[248],"Mummified Hand":[32],"Nloth\u0027s Gift":5,"Kunai":[25],"obtain_stats":[{"Vajra":21,"HoveringKite":34,"The Courier":26,"Bag of Preparation":10,"Juzu Bracelet":23,"Omamori":25,"Whetstone":40,"Paper Crane":6,"Frozen Egg 2":9,"White Beast Statue":43,"Blood Vial":24,"Matryoshka":27,"WristBlade":17,"Ornamental Fan":14,"Mummified Hand":30,"Strawberry":48,"Nloth\u0027s Gift":22,"Kunai":43,"Toxic Egg 2":27,"InkBottle":41,"Ring of the Snake":0,"Meat on the Bone":11,"Pocketwatch":44},{"Vajra":12,"HoveringKite":17,"The Courier":14,"Bag of Preparation":5,"Juzu Bracelet":13,"Omamori":14,"Whetstone":22,"Paper Crane":4,"Frozen Egg 2":5,"White Beast Statue":22,"Blood Vial":13,"Matryoshka":14,"WristBlade":9,"Ornamental Fan":8,"Mummified Hand":16,"Strawberry":26,"Nloth\u0027s Gift":12,"Kunai":22,"Toxic Egg 2":14,"InkBottle":22,"Ring of the Snake":0,"Meat on the Bone":6,"Pocketwatch":23},{"Vajra":32,"HoveringKite":48,"The Courier":37,"Bag of Preparation":9,"Juzu Bracelet":34,"Omamori":37,"Whetstone":61,"Paper Crane":7,"Frozen Egg 2":9,"White Beast Statue":61,"Blood Vial":34,"Matryoshka":37,"WristBlade":25,"Ornamental Fan":22,"Mummified Hand":43,"Strawberry":79,"Nloth\u0027s Gift":32,"Kunai":61,"Toxic Egg 2":37,"InkBottle":61,"Ring of the Snake":0,"Meat on the Bone":14,"Pocketwatch":65}],"InkBottle":[17],"Ring of the Snake":[54],"Pocketwatch":[12]},"card_choices":[{"not_picked":["Streamline"],"picked":"Blade Dance","floor":1},{"not_picked":["Barrage","Rebound"],"picked":"SKIP","floor":2},{"not_picked":["Blade Dance","Poisoned Stab"],"picked":"SKIP","floor":4},{"not_picked":["Steam","Compile Driver"],"picked":"SKIP","floor":6},{"not_picked":["Rebound"],"picked":"Reprogram","floor":8},{"not_picked":["Steam","Heatsinks+1"],"picked":"SKIP","floor":11},{"not_picked":["Go for the Eyes","Static Discharge+1"],"picked":"SKIP","floor":12},{"not_picked":["Catalyst","Underhanded Strike"],"picked":"SKIP","floor":14},{"not_picked":["Creative AI+1"],"picked":"Burst","floor":16},{"not_picked":["Glacier","Rebound"],"picked":"SKIP","floor":18},{"not_picked":["Expertise","Conserve Battery"],"picked":"SKIP","floor":19},{"not_picked":["Steam","Streamline"],"picked":"SKIP","floor":20},{"not_picked":["Dagger Spray+1"],"picked":"Gash+1","floor":23},{"not_picked":["Skim","Poisoned Stab"],"picked":"SKIP","floor":25},{"not_picked":["Lockon"],"picked":"Venomology+1","floor":28},{"not_picked":["Multi-Cast+1"],"picked":"All For One","floor":30},{"not_picked":["Venomology+1"],"picked":"Tools of the Trade+1","floor":33},{"not_picked":["Redo+1"],"picked":"Cloak And Dagger+1","floor":35},{"not_picked":["Masterful Stab+1","Aggregate+1"],"picked":"SKIP","floor":36},{"not_picked":["Skewer"],"picked":"A Thousand Cuts+1","floor":38},{"not_picked":["Riddle With Holes"],"picked":"Well Laid Plans+1","floor":39},{"not_picked":["Blade Dance+1"],"picked":"Dash+1","floor":40},{"not_picked":["Compile Driver","Well Laid Plans+1"],"picked":"SKIP","floor":44},{"not_picked":["Conserve Battery+1","Predator"],"picked":"SKIP","floor":45},{"not_picked":["Recycle+1"],"picked":"PiercingWail+1","floor":46},{"not_picked":["Steam Power+1"],"picked":"Corpse Explosion+1","floor":48}],"player_experience":1508187,"relics_obtained":[{"floor":6,"key":"Paper Crane"},{"floor":9,"key":"Frozen Egg 2"},{"floor":10,"key":"Bag of Preparation"},{"floor":11,"key":"Meat on the Bone"},{"floor":14,"key":"Ornamental Fan"},{"floor":23,"key":"Juzu Bracelet"},{"floor":25,"key":"Omamori"},{"floor":26,"key":"The Courier"},{"floor":30,"key":"Mummified Hand"},{"floor":40,"key":"Whetstone"},{"floor":43,"key":"White Beast Statue"},{"floor":43,"key":"Kunai"},{"floor":44,"key":"Pocketwatch"},{"floor":48,"key":"Strawberry"}],"event_choices":[{"damage_healed":0,"gold_gain":0,"player_choice":"Grow","damage_taken":0,"max_hp_gain":0,"max_hp_loss":0,"event_name":"Living Wall","floor":5,"gold_loss":0,"cards_upgraded":["Predator"]},{"damage_healed":0,"gold_gain":0,"player_choice":"Obtained Relic","damage_taken":0,"relics_obtained":["Vajra"],"max_hp_gain":0,"max_hp_loss":0,"event_name":"Addict","floor":21,"gold_loss":85},{"damage_healed":0,"gold_gain":0,"player_choice":"Traded Relic","damage_taken":0,"relics_obtained":["Nloth\u0027s Gift"],"max_hp_gain":0,"max_hp_loss":0,"event_name":"N\u0027loth","floor":22,"relics_lost":["Meat on the Bone"],"gold_loss":0},{"damage_healed":0,"gold_gain":0,"player_choice":"Gave Potion","damage_taken":0,"relics_obtained":["Blood Vial"],"max_hp_gain":0,"max_hp_loss":0,"event_name":"WeMeetAgain","floor":24,"gold_loss":0},{"damage_healed":0,"gold_gain":0,"player_choice":"Ignored","damage_taken":0,"max_hp_gain":0,"max_hp_loss":0,"event_name":"Tomb of Lord Red Mask","floor":37,"gold_loss":0},{"damage_healed":0,"gold_gain":0,"player_choice":"Max HP","damage_taken":0,"max_hp_gain":0,"max_hp_loss":4,"event_name":"Winding Halls","floor":42,"gold_loss":0},{"damage_healed":0,"gold_gain":0,"player_choice":"Ignored","damage_taken":0,"max_hp_gain":0,"max_hp_loss":0,"event_name":"SecretPortal","floor":47,"gold_loss":0}],"is_beta":false,"boss_relics":[{"not_picked":["Astrolabe","Snecko Eye"],"picked":"WristBlade"},{"not_picked":["Sozu","Cursed Key"],"picked":"HoveringKite"}],"items_purged_floors":[],"is_endless":false,"potions_floor_spawned":[1,4,14,16,20,25,28,33,36,40,44,45,46,48],"ascension_level":0}}