{"host":"njruw0b0uprlitpx","time":1613965654,"event":{"mods":["2.2 Compatiblity","Bartender","BaseMod","Better Altar","Better Match","Better Note","Better Sensory Stone","Better Skull","Better Third Choice","BetterRewards","Block Reminder","Colored Map","Colored Powertips","Curses Come First","Energized Spire","Jedi Mod","Keyboard Shortcuts","Minty Spire (QoL Compilation)","Quick Restart","Rare Cards Sparkle","Relic Stats","Replay The Spire","SacredBarkPlus","Spicy Shops","StSLib","SuperFastMode","The Blackbeard","The Mystic"],"gold_per_floor":[116,135,410,429,441,441,476,476,476,476,7,7,21,21,21,121,121,138,154,36,50,50,50,81,81,81,81,95,44,58,58,58,160,160,178,178,188,264,11,11,23,36,36,36,36,0,20,20,20,20],"floor_reached":51,"language":"ENG","playtime":1831,"items_purged":["Defend_P","Regret"],"score":965,"play_id":"8b1ec178-ff84-4e9b-a121-047a5489dac6","local_time":"20210221214734","is_ascension_mode":false,"campfire_choices":[{"data":"1","floor":6,"key":"LIFT"},{"data":"2","floor":8,"key":"LIFT"},{"data":"3","floor":10,"key":"LIFT"},{"data":"Eruption","floor":12,"key":"SMITH"},{"data":"Tantrum","floor":23,"key":"SMITH"},{"floor":25,"key":"REST"},{"data":"ClearTheMind","floor":32,"key":"SMITH"},{"data":"Fasting2","floor":40,"key":"SMITH"},{"floor":49,"key":"REST"}],"circlet_count":0,"master_deck":["Strike_P","Strike_P","Strike_P","Strike_P","Defend_P","Defend_P","Defend_P","Eruption+1","Vigilance","Replay:Vibes+1","WindmillStrike+1","FollowUp+1","LikeWater+1","Replay:Hum+1","EmptyBody+1","ThirdEye+1","EmptyFist+1","Sanctity+1","SignatureMove+1","SignatureMove+1","jedi:forcepush+1","Adaptation+1","ConjureBlade+1","Wallop","Prostrate","ThirdEye","Tantrum+1","BattleHymn+1","Fasting2+1","Devotion+1","Evaluate","EmptyMind","CutThroughFate","Replay:Cycle+1","Worship","SashWhip","Brilliance+1","BowlingBash+1","WindmillStrike","EmptyFist","FlurryOfBlows","LikeWater+1","ThirdEye","MentalFortress","Crescendo+1","Indignation","EmptyBody","Crescendo+1","ClearTheMind+1","Vengeance","EmptyBody","Devotion+1","Replay:AllIn+1","MasterReality+1","DevaForm+1","ForeignInfluence+1","CutThroughFate+1","WindmillStrike","Evaluate","Tantrum+1","SashWhip+1","CrushJoints+1","Consecrate","Replay:LoomingThreat+1","Ragnarok+1","SpiritShield+1","Writhe"],"relics":["PureWater","Girya","BargainBundle","Golden Egg","Orrery","Counterbalance","HornCleat","Replay:Multitool","Toy Ornithopter","Guide Book","jedi:archwizardhat","ReplayTheSpireMod:Shallot","Onion Ring","energizedSpire:StickyHand","Snecko Eye","Lizard Tail","Shuriken","FaceOfCleric","jedi:paperlyon","ReplayTheSpireMod:Lightbulb","Toxic Egg 2"],"acts_visited":["Exordium","TheCity","TheBeyond"],"potions_floor_usage":[33,33,50],"damage_taken":[{"damage":0,"enemies":"Small Slimes","floor":1,"turns":2},{"damage":0,"enemies":"Cultist","floor":2,"turns":2},{"damage":0,"enemies":"2 Louse","floor":4,"turns":3},{"damage":8,"enemies":"Lots of Slimes","floor":5,"turns":5},{"damage":0,"enemies":"Replay:BlueRogue","floor":7,"turns":2},{"damage":0,"enemies":"Exordium Wildlife","floor":13,"turns":2},{"damage":4,"enemies":"The Guardian","floor":16,"turns":5},{"damage":0,"enemies":"Spheric Guardian","floor":18,"turns":2},{"damage":4,"enemies":"2 Thieves","floor":19,"turns":3},{"damage":0,"enemies":"Snecko","floor":21,"turns":2},{"damage":22,"enemies":"Book of Stabbing","floor":24,"turns":4},{"damage":0,"enemies":"Snake Plant","floor":28,"turns":2},{"damage":2,"enemies":"Chosen and Byrds","floor":30,"turns":2},{"damage":24,"enemies":"Collector","floor":33,"turns":5},{"damage":0,"enemies":"Orb Walker","floor":35,"turns":2},{"damage":0,"enemies":"3 Shapes","floor":37,"turns":2},{"damage":0,"enemies":"3 Darklings","floor":41,"turns":2},{"damage":7,"enemies":"4 Shapes","floor":42,"turns":3},{"damage":8,"enemies":"Maw","floor":47,"turns":4},{"damage":26,"enemies":"Donu and Deca","floor":50,"turns":5}],"seed_played":"8349922509976613216","potions_obtained":[{"floor":2,"key":"Adrenaline Potion"},{"floor":15,"key":"StancePotion"},{"floor":37,"key":"SpeedPotion"},{"floor":38,"key":"Death Potion"},{"floor":38,"key":"AttackPotion"}],"is_trial":false,"path_per_floor":["M","M","?","M","M","R","E","R","T","R","$","R","M","?","R","B",null,"M","M","$","M","?","R","E","R","T","?","M","$","M","?","R","B",null,"M","?","M","?","$","R","M","M","T","R","?","R","M","?","R","B",null],"character_chosen":"WATCHER","items_purchased":["Replay:Vibes","WindmillStrike","BargainBundle","Golden Egg","Orrery","Counterbalance","HornCleat","EmptyFist","Sanctity","SignatureMove","Ambrosia","LiquidMemories","Strength Potion","jedi:forcepush","Toy Ornithopter","Guide Book","Adaptation","Onion Ring","BattleHymn","Brilliance","BowlingBash","Crescendo","ForeignInfluence","CutThroughFate+1"],"campfire_rested":2,"item_purchase_floors":[0,0,0,0,0,0,0,0,0,0,0,0,0,0,0,0,0,11,11,20,20,29,39,39],"current_hp_per_floor":[72,72,72,72,64,64,64,64,64,64,64,64,64,64,64,60,72,72,68,68,68,54,54,32,48,48,48,49,49,48,48,48,35,57,58,47,48,48,48,48,49,43,43,43,46,46,39,55,62,37],"gold":20,"neow_bonus":"","is_daily":false,"chose_seed":false,"campfire_upgraded":4,"win_rate":0.0,"timestamp":1613965654,"path_taken":["M","M","?","M","?","R","E","R","T","R","$","R","M","?","R","BOSS","M","?","$","M","?","R","E","R","T","?","M","$","?","?","R","BOSS","M","?","M","?","$","R","M","?","T","R","?","R","M","?","R","BOSS"],"items_purchased_type":["Card","Card","Relic","Relic","Relic","Relic","Relic","Card","Card","Card","Potion","Potion","Potion","Card","Relic","Relic","Card","Relic","Card","Card","Card","Card","Card","Card"],"build_version":"2020-12-22","purchased_purges":2,"victory":true,"max_hp_per_floor":[72,72,72,72,72,72,72,72,72,72,72,72,72,72,72,72,72,72,72,72,72,54,54,54,54,54,54,55,55,56,56,56,57,57,58,58,59,59,59,59,60,61,61,61,61,61,62,62,62,63],"relic_stats":{"Lizard Tail":0,"FaceOfCleric":27,"counters":[91,297],"Shuriken":[12],"Snecko Eye":[57,57,52,64],"obtain_stats":[{"jedi:angrymask":14,"Golden Egg":48,"Tiny House":17,"CeramicFish":8,"Vajra":10,"jedi:bottledfury":28,"Boot":9,"Blood Vial":12,"Lizard Tail":24,"HornCleat":0,"FaceOfCleric":14,"jedi:paperlyon":34,"jedi:firstaidkit":42,"Sundial":34,"Strawberry":43,"Honey Jar":17,"Toxic Egg 2":20,"Replay:Wax Seal":47,"aspiration:DSix":6,"Replay:Bottled Steam":42,"Girya":31,"Counterbalance":0,"Eternal Feather":5,"Pen Nib":7,"aspiration:SeaSaltIceCream":23,"energizedSpire:StickyHand":17,"Du-Vu Doll":3,"jedi:heavyjacket":26,"Replay:Baseball":30,"ReplayTheSpireMod:Shallot":9,"Shuriken":26,"Snecko Eye":22,"Onion Ring":28,"Black Star":17,"aspiration:HatOfInfinitePower":38,"Lantern":9,"beaked:ShinyBauble":44,"Singing Bowl":39,"Replay:Multitool":0,"jedi:command_boss":22,"TeardropLocket":10,"jedi:Pinwheel":0,"jedi:archwizardhat":7,"Cursed Key":34,"Power_Wrist":28,"Pet Ghost":7,"Tiny Chest":26,"jedi:cryingmask":41,"Red Mask":37,"aspiration:ChemicalBlood":43,"Potion Belt":3,"Gremlin Food":9,"BargainBundle":0,"aspiration:FetidBarrel":19,"Guide Book":20,"Quantum Egg":0,"Circlet":23,"Damaru":43,"Protect_Vest":46,"jedi:crownofsimplicity":0,"Frozen Egg 2":8,"MawBank":38,"Replay:Arrowhead":25,"Peace Pipe":0,"Calling Bell":34,"Pondfish Scales":41,"Orrery":0,"Bottled Lightning":4,"PureWater":0,"ReplayTheSpireMod:Lightbulb":14,"Toy Ornithopter":0},{"jedi:angrymask":8,"Golden Egg":24,"Tiny House":9,"CeramicFish":5,"Vajra":29,"jedi:bottledfury":37,"Boot":29,"Blood Vial":30,"Lizard Tail":82,"HornCleat":71,"FaceOfCleric":53,"jedi:paperlyon":40,"jedi:firstaidkit":43,"Sundial":63,"Strawberry":67,"Honey Jar":54,"Toxic Egg 2":11,"Replay:Wax Seal":23,"aspiration:DSix":3,"Replay:Bottled Steam":43,"Girya":16,"Counterbalance":71,"Eternal Feather":28,"Pen Nib":29,"aspiration:SeaSaltIceCream":35,"energizedSpire:StickyHand":78,"Du-Vu Doll":2,"jedi:heavyjacket":58,"Replay:Baseball":15,"ReplayTheSpireMod:Shallot":76,"Shuriken":82,"Snecko Eye":81,"Onion Ring":37,"Black Star":32,"aspiration:HatOfInfinitePower":66,"Lantern":5,"beaked:ShinyBauble":21,"Singing Bowl":19,"Replay:Multitool":25,"jedi:command_boss":81,"TeardropLocket":51,"jedi:Pinwheel":46,"jedi:archwizardhat":76,"Cursed Key":17,"Power_Wrist":59,"Pet Ghost":50,"Tiny Chest":11,"jedi:cryingmask":42,"Red Mask":41,"aspiration:ChemicalBlood":20,"Potion Belt":2,"Gremlin Food":50,"BargainBundle":71,"aspiration:FetidBarrel":55,"Guide Book":11,"Quantum Egg":46,"Circlet":35,"Damaru":43,"Protect_Vest":69,"jedi:crownofsimplicity":25,"Frozen Egg 2":29,"MawBank":19,"Replay:Arrowhead":36,"Peace Pipe":46,"Calling Bell":63,"Pondfish Scales":67,"Orrery":71,"Bottled Lightning":2,"PureWater":0,"ReplayTheSpireMod:Lightbulb":31,"Toy Ornithopter":71},{"jedi:angrymask":18,"Golden Egg":84,"Tiny House":25,"CeramicFish":12,"Vajra":95,"jedi:bottledfury":122,"Boot":95,"Blood Vial":96,"Lizard Tail":270,"HornCleat":238,"FaceOfCleric":170,"jedi:paperlyon":132,"jedi:firstaidkit":141,"Sundial":210,"Strawberry":223,"Honey Jar":173,"Toxic Egg 2":32,"Replay:Wax Seal":79,"aspiration:DSix":8,"Replay:Bottled Steam":141,"Girya":49,"Counterbalance":238,"Eternal Feather":92,"Pen Nib":95,"aspiration:SeaSaltIceCream":113,"energizedSpire:StickyHand":259,"Du-Vu Doll":4,"jedi:heavyjacket":188,"Replay:Baseball":46,"ReplayTheSpireMod:Shallot":252,"Shuriken":270,"Snecko Eye":266,"Onion Ring":122,"Black Star":104,"aspiration:HatOfInfinitePower":221,"Lantern":12,"beaked:ShinyBauble":73,"Singing Bowl":64,"Replay:Multitool":88,"jedi:command_boss":266,"TeardropLocket":166,"jedi:Pinwheel":151,"jedi:archwizardhat":252,"Cursed Key":58,"Power_Wrist":191,"Pet Ghost":162,"Tiny Chest":32,"jedi:cryingmask":136,"Red Mask":134,"aspiration:ChemicalBlood":69,"Potion Belt":4,"Gremlin Food":162,"BargainBundle":238,"aspiration:FetidBarrel":176,"Guide Book":32,"Quantum Egg":151,"Circlet":113,"Damaru":141,"Protect_Vest":231,"jedi:crownofsimplicity":88,"Frozen Egg 2":95,"MawBank":64,"Replay:Arrowhead":118,"Peace Pipe":151,"Calling Bell":210,"Pondfish Scales":223,"Orrery":238,"Bottled Lightning":4,"PureWater":0,"ReplayTheSpireMod:Lightbulb":101,"Toy Ornithopter":238}],"Toy Ornithopter":10},"card_choices":[{"not_picked":["Worship","Halt"],"picked":"FollowUp","floor":0},{"not_picked":["SashWhip","Prostrate"],"picked":"LikeWater","floor":0},{"not_picked":["Replay:Vibes","SandsOfTime"],"picked":"Replay:Hum","floor":0},{"not_picked":["JustLucky","Halt"],"picked":"EmptyBody","floor":0},{"not_picked":["Pray","EmptyBody"],"picked":"ThirdEye","floor":0},{"not_picked":["Consecrate","Wireheading"],"picked":"ConjureBlade","floor":1},{"not_picked":["Halt","CutThroughFate"],"picked":"Wallop","floor":2},{"not_picked":["Replay:AtTheReady","Wireheading"],"picked":"Prostrate","floor":4},{"not_picked":["WindmillStrike","Consecrate"],"picked":"ThirdEye","floor":5},{"not_picked":["Replay:BluntJabs","DeusExMachina"],"picked":"Tantrum","floor":7},{"not_picked":["Swivel","Consecrate"],"picked":"Fasting2","floor":13},{"not_picked":["Alpha","Omniscience"],"picked":"Devotion","floor":16},{"not_picked":["Evaluate","EmptyMind"],"picked":"CutThroughFate","floor":18},{"not_picked":["Replay:Cycle+1","Worship"],"picked":"SashWhip","floor":19},{"not_picked":["WindmillStrike","EmptyFist"],"picked":"FlurryOfBlows","floor":21},{"not_picked":["ThirdEye","MentalFortress"],"picked":"LikeWater+1","floor":24},{"not_picked":["Crescendo+1","EmptyBody"],"picked":"Indignation","floor":28},{"not_picked":["Vengeance","EmptyBody"],"picked":"ClearTheMind","floor":30},{"not_picked":["Devotion","Replay:AllIn"],"picked":"MasterReality","floor":33},{"not_picked":["PathToVictory+1","Crescendo","EmptyBody+1"],"picked":"SKIP","floor":35},{"not_picked":["FearNoEvil+1","Nirvana","FlurryOfBlows+1"],"picked":"SKIP","floor":37},{"not_picked":["WindmillStrike","Evaluate"],"picked":"Tantrum+1","floor":41},{"not_picked":["SashWhip+1","Consecrate"],"picked":"CrushJoints+1","floor":42},{"not_picked":["Replay:LoomingThreat+1","SpiritShield+1"],"picked":"Ragnarok+1","floor":46},{"not_picked":["Swivel+1","Worship+1","Indignation+1"],"picked":"SKIP","floor":47}],"player_experience":1381848,"relics_obtained":[{"floor":7,"key":"jedi:archwizardhat"},{"floor":9,"key":"ReplayTheSpireMod:Shallot"},{"floor":24,"key":"Lizard Tail"},{"floor":26,"key":"Shuriken"},{"floor":38,"key":"ReplayTheSpireMod:Lightbulb"},{"floor":43,"key":"Toxic Egg 2"}],"event_choices":[{"damage_healed":0,"gold_gain":275,"player_choice":"Desecrate","damage_taken":0,"max_hp_gain":0,"max_hp_loss":0,"event_name":"Golden Shrine","floor":3,"gold_loss":0,"cards_obtained":["Regret"]},{"damage_healed":0,"gold_gain":0,"player_choice":"Ignored","damage_taken":0,"max_hp_gain":0,"max_hp_loss":0,"event_name":"WeMeetAgain","floor":14,"gold_loss":0},{"damage_healed":0,"gold_gain":0,"player_choice":"Trade","damage_taken":0,"relics_obtained":["FaceOfCleric"],"max_hp_gain":0,"max_hp_loss":0,"event_name":"FaceTrader","floor":27,"gold_loss":0},{"cards_removed":["Crescendo"],"damage_healed":0,"gold_gain":0,"player_choice":"Give","damage_taken":0,"max_hp_gain":0,"max_hp_loss":0,"event_name":"betterNote:BetterNote","floor":31,"gold_loss":0,"cards_obtained":["None"]},{"damage_healed":0,"gold_gain":3,"player_choice":"2","damage_taken":0,"max_hp_gain":0,"max_hp_loss":11,"event_name":"betterStone:BetterStone","floor":36,"gold_loss":0},{"damage_healed":3,"gold_gain":0,"player_choice":"LEAVE ","damage_taken":0,"relics_obtained":[],"max_hp_gain":0,"max_hp_loss":0,"event_name":"betterSkull:BetterSkull","floor":45,"gold_loss":0,"cards_upgraded":[]},{"damage_healed":0,"gold_gain":0,"player_choice":"2","damage_taken":0,"max_hp_gain":0,"max_hp_loss":0,"event_name":"betterMatch:BetterMatch","floor":46,"gold_loss":0,"cards_obtained":["betterMatch:UncommonCard","betterMatch:RareCard"]},{"damage_healed":16,"gold_gain":0,"player_choice":"Writhe","damage_taken":0,"max_hp_gain":0,"max_hp_loss":0,"event_name":"Winding Halls","floor":48,"gold_loss":0,"cards_obtained":["Writhe"]}],"is_beta":false,"boss_relics":[{"not_picked":["Pandora\u0027s Box","Velvet Choker"],"picked":"energizedSpire:StickyHand"},{"not_picked":["energizedSpire:EnergizedDie","Kintsugi"],"picked":"jedi:paperlyon"}],"items_purged_floors":[0,11],"is_endless":false,"potions_floor_spawned":[1,2,16,18,19,21,37,41],"ascension_level":0}}