{"host":"tzyzz5n7hg2ni9q2","time":1613994976,"event":{"mods":["BaseMod","Minty Spire (QoL Compilation)","Quick Restart"],"gold_per_floor":[22,109,109,109,128,144,144,172,192,270,270,270,270,9,9,9,87,87,100,375,387,297,309,309,309,209,209,209,209,225,2,12,12,87,87,97,97,111,111,111],"floor_reached":38,"language":"ENG","playtime":1183,"items_purged":["Shame"],"score":887,"play_id":"352882fb-4c82-4cd9-9273-4accda5cf733","local_time":"20210222125616","is_ascension_mode":true,"campfire_choices":[{"data":"Pommel Strike","floor":6,"key":"SMITH"},{"data":"True Grit","floor":12,"key":"SMITH"},{"data":"Rampage","floor":15,"key":"SMITH"},{"data":"Ghostly Armor","floor":23,"key":"SMITH"},{"data":"Shrug It Off","floor":27,"key":"SMITH"},{"data":"Ghostly Armor","floor":28,"key":"SMITH"},{"data":"Battle Trance","floor":32,"key":"SMITH"}],"circlet_count":0,"master_deck":["AscendersBane","Strike_R","Strike_R","Strike_R","Defend_R+1","Defend_R","Defend_R","Defend_R+1","Bash","Seeing Red+1","Pommel Strike+1","Twin Strike","True Grit+1","Ghostly Armor+1","Rampage+1","Metallicize+1","Demon Form+1","Ghostly Armor+1","Shrug It Off+1","Battle Trance+1","Battle Trance"],"relics":["Burning Blood","WingedGreaves","Frozen Egg 2","Oddly Smooth Stone","Sundial","Busted Crown","Happy Flower","Molten Egg 2","Art of War","Sozu"],"acts_visited":["Exordium","TheCity","TheBeyond"],"potions_floor_usage":[18],"damage_taken":[{"damage":6.0,"enemies":"Cultist","floor":1.0,"turns":4.0},{"damage":4.0,"enemies":"Small Slimes","floor":4.0,"turns":5.0},{"damage":2,"enemies":"Jaw Worm","floor":5,"turns":4},{"damage":21,"enemies":"Gremlin Nob","floor":7,"turns":4},{"damage":2,"enemies":"3 Louse","floor":8,"turns":4},{"damage":13,"enemies":"Hexaghost","floor":16,"turns":9},{"damage":6,"enemies":"3 Byrds","floor":18,"turns":5},{"damage":10,"enemies":"Spheric Guardian","floor":20,"turns":5},{"damage":23,"enemies":"Centurion and Healer","floor":22,"turns":7},{"damage":0,"enemies":"3 Cultists","floor":29,"turns":6},{"damage":24,"enemies":"Snake Plant","floor":31,"turns":5},{"damage":33,"enemies":"Automaton","floor":33,"turns":10},{"damage":17,"enemies":"3 Shapes","floor":35,"turns":5},{"damage":0,"enemies":"Orb Walker","floor":37,"turns":4},{"damage":57,"enemies":"2 Orb Walkers","floor":38,"turns":6}],"seed_played":"-5442313377603549374","potions_obtained":[{"floor":1.0,"key":"Explosive Potion"},{"floor":5,"key":"SmokeBomb"},{"floor":7,"key":"GamblersBrew"},{"floor":22,"key":"Weak Potion"}],"is_trial":false,"path_per_floor":["M","?","?","M","M","R","E","M","T","$","?","R","$","T","R","B",null,"M","?","M","?","M","R","?","$","T","R","R","M","$","M","R","B",null,"M","?","M","?"],"character_chosen":"IRONCLAD","items_purchased":["Oddly Smooth Stone","Rampage","Metallicize+1","Shrug It Off","Art of War","Battle Trance"],"campfire_rested":0,"item_purchase_floors":[13,13,13,25,30,30],"current_hp_per_floor":[8,75,68,68,70,74,74,59,63,63,63,47,47,47,47,47,40,72,72,72,68,68,51,51,51,51,51,51,51,57,57,39,39,12,65,54,54,60,3,3],"gold":111,"neow_bonus":"TEN_PERCENT_HP_BONUS","is_daily":false,"chose_seed":false,"campfire_upgraded":7,"win_rate":0.0,"timestamp":1613994976,"path_taken":["M","?","?","M","M","R","E","?","T","$","?","R","$","?","R","BOSS","M","?","?","?","?","R","?","$","T","R","R","M","$","M","R","BOSS","M","?","?","?"],"items_purchased_type":["Relic","Card","Card","Card","Relic","Card"],"build_version":"2020-12-22","purchased_purges":1,"victory":false,"max_hp_per_floor":[75,82,82,82,82,82,82,82,82,82,82,82,82,82,82,82,82,82,82,82,82,82,82,82,82,82,82,82,82,82,82,82,82,82,82,82,82,82,82,82],"card_choices":[{"not_picked":["Burning Pact","Intimidate"],"picked":"Seeing Red","floor":1.0},{"not_picked":["Fire Breathing","Perfected Strike"],"picked":"Pommel Strike","floor":4.0},{"not_picked":["Reckless Charge","Iron Wave"],"picked":"Twin Strike","floor":5},{"not_picked":["Hemokinesis","Iron Wave"],"picked":"True Grit","floor":7},{"not_picked":["Fiend Fire","Sword Boomerang"],"picked":"Ghostly Armor","floor":8},{"not_picked":["Brutality+1","Impervious"],"picked":"Demon Form+1","floor":16},{"not_picked":["Rampage"],"picked":"SKIP","floor":18},{"not_picked":[],"picked":"Ghostly Armor","floor":20},{"not_picked":["Pummel"],"picked":"SKIP","floor":22},{"not_picked":["Clash+1"],"picked":"SKIP","floor":29},{"not_picked":[],"picked":"Battle Trance","floor":31},{"not_picked":["Havoc"],"picked":"SKIP","floor":35},{"not_picked":["Second Wind"],"picked":"SKIP","floor":37}],"player_experience":320520,"relics_obtained":[{"floor":7,"key":"WingedGreaves"},{"floor":9,"key":"Frozen Egg 2"},{"floor":14,"key":"Sundial"},{"floor":26,"key":"Molten Egg 2"}],"event_choices":[{"cards_removed":["Strike_R"],"damage_healed":0.0,"max_hp_gain":0.0,"max_hp_loss":0.0,"gold_gain":0.0,"event_name":"Golden Wing","player_choice":"Card Removal","floor":2.0,"gold_loss":0.0,"damage_taken":7.0},{"cards_removed":["Strike_R"],"damage_healed":0.0,"max_hp_gain":0.0,"max_hp_loss":0.0,"gold_gain":0.0,"event_name":"Bonfire Elementals","player_choice":"Offered Basic","floor":3.0,"gold_loss":0.0,"damage_taken":0.0},{"damage_healed":0,"gold_gain":0,"player_choice":"Entered Light","damage_taken":16,"max_hp_gain":0,"max_hp_loss":0,"event_name":"Shining Light","floor":11,"gold_loss":0,"cards_upgraded":["Seeing Red","Defend_R"]},{"damage_healed":0,"gold_gain":275,"player_choice":"Desecrate","damage_taken":0,"max_hp_gain":0,"max_hp_loss":0,"event_name":"Golden Shrine","floor":19,"gold_loss":0,"cards_obtained":["Regret"]},{"cards_removed":["Regret"],"damage_healed":0,"gold_gain":0,"player_choice":"Upgrade and Remove","damage_taken":0,"max_hp_gain":0,"max_hp_loss":0,"event_name":"Designer","floor":21,"gold_loss":90,"cards_upgraded":["Defend_R"]},{"damage_healed":0,"gold_gain":0,"player_choice":"Stole Relic","damage_taken":0,"relics_obtained":["Happy Flower"],"max_hp_gain":0,"max_hp_loss":0,"event_name":"Addict","floor":24,"gold_loss":0,"cards_obtained":["Shame"]},{"damage_healed":0,"gold_gain":0,"player_choice":"Got Potions","damage_taken":0,"max_hp_gain":0,"max_hp_loss":0,"event_name":"Lab","floor":36,"gold_loss":0},{"damage_healed":0,"gold_gain":0,"player_choice":"Fight","damage_taken":0,"max_hp_gain":0,"max_hp_loss":0,"event_name":"Mysterious Sphere","floor":38,"gold_loss":0}],"is_beta":false,"boss_relics":[{"not_picked":["Mark of Pain","Coffee Dripper"],"picked":"Busted Crown"},{"not_picked":["Runic Pyramid","Empty Cage"],"picked":"Sozu"}],"items_purged_floors":[25],"is_endless":false,"potions_floor_spawned":[1,5,7,22],"killed_by":"2 Orb Walkers","ascension_level":14}}