{"host":"kvh5342rl0c7vxi5","time":1613963399,"event":{"mods":["Act Like it!","BaseMod","Bestiary","Better Third Choice","Challenge The Spire","Downfall","Duelist Mod","GifTheSpireLib","Gremlin Mod","Hermit","Hubris","Ironclad Rager","Jorbs\u0027s Wanderer Trilogy","Melee Mod","Minty Spire (QoL Compilation)","Potionbrewer","Quick Restart","Relic Stats","Replay The Spire","Spicy Shops","Spire Arcade","StSLib","SuperFastMode","The Forsaken","The Judge","The Mystic","The Poker Player","The Sage","slay the spire mod where everything is the same but ironclad has a cowboy hat"],"gold_per_floor":[289,9,42,77,109,109,109,109,139,171,201,201,201,22,22,22],"floor_reached":15,"language":"ENG","playtime":585,"items_purged":["Eclipse","Strike_R"],"score":320,"play_id":"ff6f0ec1-3412-48e7-96e4-ffa1fb7cfc70","local_time":"20210221220959","daily_mods":["challengethespire:Platinum Difficulty","challengethespire:Elite Rush","Uncertain Future"],"is_ascension_mode":true,"campfire_choices":[{"data":"Eclipse","floor":7,"key":"SMITH"},{"floor":8,"key":"REST"},{"floor":13,"key":"REST"}],"circlet_count":0,"master_deck":["AscendersBane","Strike_R","Strike_R","Strike_R","Strike_R","Defend_R","Defend_R","Defend_R","Defend_R","Bash","Twin Strike","ReplayTheSpireMod:Strike From Hell","Body Slam","Disarm","Burning Pact","Eclipse+1","Dropkick","Rampage","Reaper","Spot Weakness","Anger","Feel No Pain+1","True Grit","Entrench+1"],"relics":["Burning Blood","Black Star","Sling","PreservedInsect","potionbrewer:BoosterPack","Red Skull","ClockworkSouvenir","Happy Flower","Replay:WaspNest","Replay:Accelerometer","potionbrewer:Torch","bronze:BronzeIdol","Slimebound:StickyStick","Mark of Pain","hubris:ToyBattleship","Gremlin Food","Lantern","ReplayTheSpireMod:TigerMarble","hubris:SlimyHat","hubris:FunFungus","ChewingGum"],"acts_visited":["Exordium"],"potions_floor_usage":[5,9],"damage_taken":[{"damage":41,"enemies":"3 Sentries","floor":3,"turns":10},{"damage":6,"enemies":"Gremlin Nob","floor":4,"turns":3},{"damage":0,"enemies":"Lagavulin","floor":5,"turns":2},{"damage":48,"enemies":"Book of Stabbing","floor":9,"turns":3},{"damage":16,"enemies":"Gremlin Leader","floor":10,"turns":4},{"damage":43,"enemies":"Slavers","floor":11,"turns":3},{"damage":79,"enemies":"Reptomancer","floor":15,"turns":4}],"seed_played":"1782043614546127156","potions_obtained":[{"floor":4,"key":"AttackPotion"},{"floor":11,"key":"Explosive Potion"}],"is_trial":true,"path_per_floor":["$","$","E","E","E","T","R","R","E","E","E","T","R","$","E"],"character_chosen":"IRONCLAD","items_purchased":["potionbrewer:BoosterPack","Strength Potion","Red Skull","ClockworkSouvenir","Dropkick","Entrench+1"],"campfire_rested":2,"item_purchase_floors":[1,1,1,2,2,14],"current_hp_per_floor":[68,68,33,33,39,39,39,61,35,54,43,43,65,65,0,0],"gold":22,"neow_bonus":"","is_daily":false,"chose_seed":false,"campfire_upgraded":1,"win_rate":0.0,"timestamp":1613963399,"path_taken":["$","$","E","E","E","T","R","R","E","E","E","T","R","$","E"],"items_purchased_type":["Relic","Potion","Relic","Relic","Card","Card"],"build_version":"2020-12-22","purchased_purges":2,"victory":false,"max_hp_per_floor":[75,75,75,75,75,75,75,75,75,75,75,75,75,75,75,75],"relic_stats":{"Happy Flower":[6],"counters":[7,29],"PreservedInsect":275,"Black Star":6,"obtain_stats":[{"Gremlin Food":9,"Replay:Accelerometer":4,"Lantern":10,"Happy Flower":3,"PreservedInsect":0,"Replay:WaspNest":3,"hubris:SlimyHat":11,"Sling":0,"Burning Blood":0,"ClockworkSouvenir":2,"bronze:BronzeIdol":5,"potionbrewer:Torch":4,"potionbrewer:BoosterPack":1,"Slimebound:StickyStick":5,"ChewingGum":12,"Mark of Pain":6,"hubris:FunFungus":11,"Black Star":0,"hubris:ToyBattleship":9,"ReplayTheSpireMod:TigerMarble":10,"Red Skull":1},{"Gremlin Food":4,"Replay:Accelerometer":2,"Lantern":5,"Happy Flower":1,"PreservedInsect":0,"Replay:WaspNest":1,"hubris:SlimyHat":6,"Sling":0,"Burning Blood":0,"ClockworkSouvenir":0,"bronze:BronzeIdol":3,"potionbrewer:Torch":2,"potionbrewer:BoosterPack":0,"Slimebound:StickyStick":3,"ChewingGum":6,"Mark of Pain":3,"hubris:FunFungus":6,"Black Star":0,"hubris:ToyBattleship":4,"ReplayTheSpireMod:TigerMarble":5,"Red Skull":0},{"Gremlin Food":18,"Replay:Accelerometer":13,"Lantern":22,"Happy Flower":10,"PreservedInsect":0,"Replay:WaspNest":10,"hubris:SlimyHat":25,"Sling":0,"Burning Blood":0,"ClockworkSouvenir":0,"bronze:BronzeIdol":15,"potionbrewer:Torch":13,"potionbrewer:BoosterPack":0,"Slimebound:StickyStick":15,"ChewingGum":25,"Mark of Pain":15,"hubris:FunFungus":25,"Black Star":0,"hubris:ToyBattleship":18,"ReplayTheSpireMod:TigerMarble":22,"Red Skull":0}],"Burning Blood":36},"card_choices":[],"player_experience":591457,"relics_obtained":[{"floor":3,"key":"Happy Flower"},{"floor":3,"key":"Replay:WaspNest"},{"floor":4,"key":"Replay:Accelerometer"},{"floor":4,"key":"potionbrewer:Torch"},{"floor":5,"key":"bronze:BronzeIdol"},{"floor":5,"key":"Slimebound:StickyStick"},{"floor":9,"key":"hubris:ToyBattleship"},{"floor":9,"key":"Gremlin Food"},{"floor":10,"key":"Lantern"},{"floor":10,"key":"ReplayTheSpireMod:TigerMarble"},{"floor":11,"key":"hubris:SlimyHat"},{"floor":11,"key":"hubris:FunFungus"}],"event_choices":[],"is_beta":false,"boss_relics":[{"not_picked":["ReplayTheSpireMod:DimensionalGlitch","hubris:GrandSneckoEye"],"picked":"Mark of Pain"},{"not_picked":["potionbrewer:BhaskarasWheel","Runic Cube"],"picked":"ChewingGum"}],"items_purged_floors":[1,14],"is_endless":false,"potions_floor_spawned":[4,11],"killed_by":"Reptomancer","ascension_level":20}}