{"host":"1e3ivg30op4goso1","time":1613963845,"event":{"mods":["AchievementEnabler","Ascension Unlocker","BaseMod","Colored Map","Minty Spire (QoL Compilation)","Permanent Neow","Quick Restart","Relic Filter","StSLib","SuperFastMode"],"gold_per_floor":[111,126,126,126,144,144,164,164,164,164,175,175,175,192,192,293,293,311,311,311,511,526,557,557,585,585,610,610,610,628,382,382,484,484,504,504,125,139,151,185,185,220,220,220,233,233,233,34,34,34],"floor_reached":51,"language":"ENG","playtime":1983,"items_purged":["Strike_R"],"score":1277,"play_id":"8340e93c-932f-4693-8fbe-04e41d209826","local_time":"20210221221725","is_ascension_mode":true,"campfire_choices":[{"data":"Strike_R","floor":6.0,"key":"SMITH"},{"data":"Strike_R","floor":10.0,"key":"SMITH"},{"data":"Uppercut","floor":15.0,"key":"SMITH"},{"floor":24.0,"key":"REST"},{"floor":28.0,"key":"REST"},{"data":"Feel No Pain","floor":32.0,"key":"SMITH"},{"floor":41,"key":"REST"},{"data":"Demon Form","floor":46,"key":"SMITH"},{"data":"Feel No Pain","floor":49,"key":"SMITH"}],"circlet_count":0,"master_deck":["AscendersBane","Strike_R","Strike_R","Strike_R+1","Strike_R+1","Defend_R","Defend_R","Defend_R","Defend_R","Bash+1","Clothesline","Uppercut+1","Corruption+1","Feel No Pain+1","Clothesline+1","Demon Form+1","Feel No Pain+1","Pommel Strike+1","Shrug It Off"],"relics":["Snecko Eye","Regal Pillow","Gambling Chip","Black Star","Gremlin Horn","Bottled Flame","Meat on the Bone","Pen Nib","Mercury Hourglass","Paper Frog","Bottled Tornado","Enchiridion","Tiny House","SlaversCollar","Membership Card","Ornamental Fan","Vajra","Lizard Tail","PreservedInsect","Shuriken","MealTicket","Turnip","TheAbacus","Ancient Tea Set"],"acts_visited":["Exordium","TheCity","TheBeyond"],"potions_floor_usage":[50,50],"damage_taken":[{"damage":5.0,"enemies":"2 Louse","floor":1.0,"turns":3.0},{"damage":7.0,"enemies":"Jaw Worm","floor":2.0,"turns":2.0},{"damage":0.0,"enemies":"Cultist","floor":5.0,"turns":2.0},{"damage":16.0,"enemies":"3 Louse","floor":7.0,"turns":4.0},{"damage":12.0,"enemies":"Exordium Wildlife","floor":11.0,"turns":3.0},{"damage":0.0,"enemies":"Blue Slaver","floor":14.0,"turns":1.0},{"damage":0.0,"enemies":"Slime Boss","floor":16.0,"turns":5.0},{"damage":17.0,"enemies":"Spheric Guardian","floor":18.0,"turns":4.0},{"damage":43.0,"enemies":"3 Byrds","floor":22.0,"turns":7.0},{"damage":6.0,"enemies":"Gremlin Leader","floor":23.0,"turns":5.0},{"damage":44.0,"enemies":"Book of Stabbing","floor":25.0,"turns":5.0},{"damage":23.0,"enemies":"Slavers","floor":27.0,"turns":4.0},{"damage":19.0,"enemies":"Snake Plant","floor":30.0,"turns":2.0},{"damage":41.0,"enemies":"Automaton","floor":33.0,"turns":6.0},{"damage":23.0,"enemies":"3 Shapes","floor":35.0,"turns":4.0},{"damage":0.0,"enemies":"Orb Walker","floor":38.0,"turns":3.0},{"damage":26.0,"enemies":"Maw","floor":39.0,"turns":7.0},{"damage":30,"enemies":"Nemesis","floor":40,"turns":5},{"damage":0,"enemies":"Giant Head","floor":42,"turns":4},{"damage":23,"enemies":"Transient","floor":45,"turns":5},{"damage":19,"enemies":"Donu and Deca","floor":50,"turns":6}],"seed_played":"-839746311852550693","potions_obtained":[{"floor":1.0,"key":"Strength Potion"},{"floor":11.0,"key":"SneckoOil"},{"floor":14.0,"key":"FairyPotion"},{"floor":16.0,"key":"Regen Potion"},{"floor":18.0,"key":"BloodPotion"},{"floor":23.0,"key":"Explosive Potion"},{"floor":30.0,"key":"ColorlessPotion"},{"floor":33.0,"key":"Dexterity Potion"},{"floor":42,"key":"Weak Potion"}],"is_trial":false,"path_per_floor":["M","M","?","?","M","R","M","?","T","R","M","$","T","M","R","B",null,"M","?","?","?","M","E","R","E","T","E","R","?","M","$","R","B",null,"M","?","$","M","M","E","R","E","T","?","M","R","?","$","R","B",null],"character_chosen":"IRONCLAD","items_purchased":["Tiny House","Membership Card","Ornamental Fan","Feel No Pain","Vajra","TheAbacus","Ancient Tea Set","Shrug It Off"],"campfire_rested":3,"item_purchase_floors":[31,37,37,37,37,48,48,48],"current_hp_per_floor":[67,60,60,60,60,60,44,70,70,70,58,58,58,58,58,58,75,58,58,58,58,15,23,62,18,18,23,62,46,39,44,44,15,68,45,45,45,45,31,13,53,53,53,53,42,42,42,57,57,50],"gold":34,"neow_bonus":"BOSS_RELIC","is_daily":false,"chose_seed":false,"campfire_upgraded":6,"win_rate":0.0,"timestamp":1613963845,"path_taken":["M","M","?","?","?","R","M","?","T","R","M","?","?","?","R","BOSS","M","?","?","?","?","E","R","E","T","E","R","?","M","?","R","BOSS","M","?","$","M","?","E","R","E","T","?","M","R","?","$","R","BOSS"],"items_purchased_type":["Relic","Relic","Relic","Card","Relic","Relic","Relic","Card"],"build_version":"2020-12-22","purchased_purges":1,"victory":true,"max_hp_per_floor":[80,80,80,80,80,80,80,80,80,80,80,80,80,80,80,80,80,80,80,80,80,80,80,80,80,80,80,80,80,80,85,85,85,85,85,85,85,85,85,85,85,85,85,85,85,85,85,85,85,85],"card_choices":[{"not_picked":["Carnage","Body Slam","Clash"],"picked":"SKIP","floor":1.0},{"not_picked":["Reckless Charge","Perfected Strike","Searing Blow"],"picked":"SKIP","floor":2.0},{"not_picked":["Armaments","Pommel Strike","Clothesline"],"picked":"SKIP","floor":5.0},{"not_picked":["Seeing Red","Entrench","Cleave"],"picked":"SKIP","floor":7.0},{"not_picked":["Body Slam","Headbutt"],"picked":"Clothesline","floor":11.0},{"not_picked":["Carnage","Pummel"],"picked":"Uppercut","floor":14.0},{"not_picked":["Offering","Reaper"],"picked":"Corruption","floor":16.0},{"not_picked":["Heavy Blade","Cleave","Shrug It Off"],"picked":"SKIP","floor":18.0},{"not_picked":["Infernal Blade","Dropkick","Iron Wave+1"],"picked":"SKIP","floor":22.0},{"not_picked":["Body Slam+1","Burning Pact"],"picked":"Clothesline+1","floor":23.0},{"not_picked":["Shrug It Off","Combust","Seeing Red"],"picked":"SKIP","floor":25.0},{"not_picked":["Headbutt","Twin Strike+1","Anger+1"],"picked":"SKIP","floor":27.0},{"not_picked":["Pommel Strike","Combust","Burning Pact"],"picked":"SKIP","floor":30.0},{"not_picked":["Double Tap","Feed"],"picked":"Demon Form","floor":33.0},{"not_picked":["Anger+1","Second Wind+1","Reckless Charge"],"picked":"SKIP","floor":35.0},{"not_picked":["Twin Strike+1","Intimidate+1"],"picked":"Pommel Strike+1","floor":38.0},{"not_picked":["Clash+1","Carnage","Clothesline"],"picked":"SKIP","floor":39.0},{"not_picked":["Brutality","Pommel Strike+1","Thunderclap"],"picked":"SKIP","floor":40},{"not_picked":["Berserk","Shrug It Off","Clothesline+1"],"picked":"SKIP","floor":42},{"not_picked":["Headbutt","Rampage","Shrug It Off"],"picked":"SKIP","floor":45}],"player_experience":19024,"relics_obtained":[{"floor":9.0,"key":"Regal Pillow"},{"floor":13.0,"key":"Gambling Chip"},{"floor":23.0,"key":"Gremlin Horn"},{"floor":23.0,"key":"Bottled Flame"},{"floor":25.0,"key":"Meat on the Bone"},{"floor":25.0,"key":"Pen Nib"},{"floor":26.0,"key":"Mercury Hourglass"},{"floor":27.0,"key":"Paper Frog"},{"floor":27.0,"key":"Bottled Tornado"},{"floor":29.0,"key":"Enchiridion"},{"floor":40,"key":"Lizard Tail"},{"floor":40,"key":"PreservedInsect"},{"floor":42,"key":"Shuriken"},{"floor":42,"key":"MealTicket"},{"floor":43,"key":"Turnip"}],"event_choices":[{"damage_healed":0.0,"max_hp_gain":0.0,"max_hp_loss":0.0,"gold_gain":0.0,"event_name":"Shining Light","player_choice":"Ignored","floor":3.0,"gold_loss":0.0,"damage_taken":0.0},{"damage_healed":0.0,"max_hp_gain":0.0,"max_hp_loss":0.0,"gold_gain":0.0,"event_name":"Upgrade Shrine","player_choice":"Upgraded","floor":4.0,"gold_loss":0.0,"damage_taken":0.0,"cards_upgraded":["Bash"]},{"damage_healed":26.0,"max_hp_gain":0.0,"max_hp_loss":0.0,"gold_gain":0.0,"event_name":"Big Fish","player_choice":"Banana","floor":8.0,"gold_loss":0.0,"damage_taken":0.0},{"damage_healed":0.0,"max_hp_gain":0.0,"max_hp_loss":0.0,"gold_gain":0.0,"event_name":"Beggar","player_choice":"Ignored","floor":19.0,"gold_loss":0.0,"damage_taken":0.0},{"damage_healed":0.0,"max_hp_gain":0.0,"max_hp_loss":0.0,"gold_gain":0.0,"event_name":"The Library","player_choice":"Read","floor":20.0,"gold_loss":0.0,"damage_taken":0.0,"cards_obtained":["Feel No Pain"]},{"damage_healed":0.0,"max_hp_gain":0.0,"max_hp_loss":0.0,"gold_gain":250.0,"event_name":"The Joust","player_choice":"Bet on Owner","floor":21.0,"gold_loss":50.0,"damage_taken":0.0},{"damage_healed":0.0,"max_hp_gain":0.0,"max_hp_loss":0.0,"gold_gain":0.0,"event_name":"Cursed Tome","player_choice":"Obtained Book","floor":29.0,"gold_loss":0.0,"damage_taken":16.0},{"damage_healed":0.0,"max_hp_gain":0.0,"max_hp_loss":0.0,"gold_gain":0.0,"event_name":"SecretPortal","player_choice":"Ignored","floor":36.0,"gold_loss":0.0,"damage_taken":0.0},{"damage_healed":0,"gold_gain":0,"player_choice":"Memory 1","damage_taken":0,"max_hp_gain":0,"max_hp_loss":0,"event_name":"SensoryStone","floor":44,"gold_loss":0},{"damage_healed":0,"gold_gain":0,"player_choice":"Got Potions","damage_taken":0,"max_hp_gain":0,"max_hp_loss":0,"event_name":"Lab","floor":47,"gold_loss":0}],"is_beta":false,"boss_relics":[{"not_picked":["Runic Dome","Coffee Dripper"],"picked":"Black Star"},{"not_picked":["Philosopher\u0027s Stone","Velvet Choker"],"picked":"SlaversCollar"}],"items_purged_floors":[48],"is_endless":false,"potions_floor_spawned":[1,11,14,16,18,23,30,33,38,42],"ascension_level":10}}