{"host":"IMPacifista","time":1613980526,"event":{"mods":["BaseMod","Minty Spire (QoL Compilation)"],"gold_per_floor":[118,132,132,82,82,110,173,173,173,208,58,71,89,122,122,219,219,237,271,290,290,290,325,337,363,386,386,414,414,445,456,456,456,456],"floor_reached":33,"language":"ENG","playtime":1186,"items_purged":[],"score":592,"play_id":"54f6d7af-591e-4a23-b820-4de08123b578","local_time":"20210221235526","is_ascension_mode":true,"campfire_choices":[{"data":"Immolate","floor":8.0,"key":"SMITH"},{"floor":15.0,"key":"REST"},{"floor":27,"key":"REST"},{"data":"Carnage","floor":29,"key":"SMITH"},{"data":"Perfected Strike","floor":32,"key":"SMITH"}],"circlet_count":0,"master_deck":["Strike_R","Strike_R","Strike_R","Strike_R","Strike_R","Defend_R","Defend_R","Defend_R","Defend_R","Bash","Clash","Clothesline","Immolate+1","Ghostly Armor","Carnage+1","Disarm","Twin Strike","Feed","Twin Strike","Pommel Strike+1","Immolate","Pommel Strike+1","Inflame+1","Wild Strike+1","Perfected Strike+1","Shrug It Off"],"relics":["Burning Blood","NeowsBlessing","Blood Vial","Du-Vu Doll","Question Card","StrikeDummy","Pantograph","Orichalcum","Bag of Marbles","Regal Pillow","Mark of Pain","Red Mask","Mummified Hand","Dream Catcher","Happy Flower","Matryoshka","Mango"],"acts_visited":["Exordium","TheCity"],"potions_floor_usage":[30,33],"damage_taken":[{"damage":0.0,"enemies":"2 Louse","floor":1.0,"turns":1.0},{"damage":0.0,"enemies":"Jaw Worm","floor":2.0,"turns":1.0},{"damage":0.0,"enemies":"3 Sentries","floor":6.0,"turns":1.0},{"damage":16.0,"enemies":"Gremlin Nob","floor":7.0,"turns":3.0},{"damage":28.0,"enemies":"Gremlin Nob","floor":10.0,"turns":4.0},{"damage":0.0,"enemies":"Small Slimes","floor":12.0,"turns":1.0},{"damage":8.0,"enemies":"Blue Slaver","floor":13.0,"turns":2.0},{"damage":5.0,"enemies":"3 Sentries","floor":14.0,"turns":4.0},{"damage":42.0,"enemies":"Slime Boss","floor":16.0,"turns":10.0},{"damage":16.0,"enemies":"3 Byrds","floor":18.0,"turns":6.0},{"damage":29.0,"enemies":"Masked Bandits","floor":19.0,"turns":5.0},{"damage":5.0,"enemies":"Spheric Guardian","floor":20.0,"turns":3.0},{"damage":6,"enemies":"Slavers","floor":23,"turns":3},{"damage":2,"enemies":"Cultist and Chosen","floor":24,"turns":4},{"damage":13,"enemies":"Book of Stabbing","floor":25,"turns":4},{"damage":13,"enemies":"Slavers","floor":28,"turns":4},{"damage":0,"enemies":"Gremlin Leader","floor":30,"turns":5},{"damage":8,"enemies":"Shelled Parasite and Fungi","floor":31,"turns":2},{"damage":107,"enemies":"Collector","floor":33,"turns":6}],"seed_played":"2004665090685737575","potions_obtained":[{"floor":2.0,"key":"EntropicBrew"},{"floor":10.0,"key":"BlessingOfTheForge"},{"floor":13.0,"key":"Strength Potion"},{"floor":18.0,"key":"Swift Potion"},{"floor":25,"key":"SkillPotion"}],"is_trial":false,"path_per_floor":["M","M","?","?","T","E","?","R","T","E","$","M","M","E","R","B",null,"M","?","M","?","$","E","M","E","T","R","E","R","E","M","R","B"],"character_chosen":"IRONCLAD","items_purchased":["Bag of Marbles"],"campfire_rested":2,"item_purchase_floors":[11],"current_hp_per_floor":[78,80,80,80,80,80,70,70,70,50,50,58,58,61,80,44,71,63,42,45,45,45,50,56,51,51,83,76,76,100,98,98,0,0],"gold":456,"neow_bonus":"THREE_ENEMY_KILL","is_daily":false,"chose_seed":false,"campfire_upgraded":3,"win_rate":0.0,"timestamp":1613980526,"path_taken":["M","M","?","?","?","E","?","R","T","E","$","M","M","E","R","BOSS","M","?","M","?","$","E","M","E","T","R","E","R","E","M","R","BOSS"],"items_purchased_type":["Relic"],"build_version":"2020-12-18","purchased_purges":0,"victory":false,"max_hp_per_floor":[80,80,80,80,80,80,80,80,80,80,80,80,80,80,80,80,80,80,80,80,80,80,83,83,83,83,83,83,83,100,100,100,100,100],"card_choices":[{"not_picked":["Warcry","Anger"],"picked":"Clash","floor":1.0},{"not_picked":["Rampage","Reckless Charge"],"picked":"Clothesline","floor":2.0},{"not_picked":["Twin Strike","Sword Boomerang"],"picked":"Immolate","floor":6.0},{"not_picked":["Sever Soul","Thunderclap","Heavy Blade"],"picked":"Ghostly Armor","floor":7.0},{"not_picked":["Bloodletting","Intimidate","Dark Embrace"],"picked":"Carnage","floor":10.0},{"not_picked":["Warcry","True Grit","Rupture","Burning Pact"],"picked":"SKIP","floor":12.0},{"not_picked":["Sever Soul","Clothesline","Iron Wave"],"picked":"Disarm","floor":13.0},{"not_picked":["Sword Boomerang","Seeing Red","Perfected Strike"],"picked":"Twin Strike","floor":14.0},{"not_picked":["Corruption","Reaper","Brutality"],"picked":"Feed","floor":16.0},{"not_picked":["Intimidate","Seeing Red","Bloodletting+1","Flame Barrier"],"picked":"SKIP","floor":18.0},{"not_picked":["Inflame+1","Armaments","Clash"],"picked":"Twin Strike","floor":19.0},{"not_picked":["Combust+1","Shrug It Off","Warcry"],"picked":"Pommel Strike+1","floor":20.0},{"not_picked":["True Grit","Armaments+1","Reaper"],"picked":"Immolate","floor":23},{"not_picked":["Thunderclap+1","Clash+1","Havoc"],"picked":"Pommel Strike+1","floor":24},{"not_picked":["Dropkick","Rampage","Uppercut"],"picked":"Inflame+1","floor":25},{"not_picked":["Havoc+1","Twin Strike","Iron Wave"],"picked":"Wild Strike+1","floor":27},{"not_picked":["Dark Embrace","Combust","Hemokinesis+1"],"picked":"Perfected Strike","floor":28},{"not_picked":["Flame Barrier","Offering","Feel No Pain","Entrench"],"picked":"SKIP","floor":30},{"not_picked":["Havoc","Anger","Wild Strike"],"picked":"Shrug It Off","floor":31}],"player_experience":311548,"relics_obtained":[{"floor":5.0,"key":"Du-Vu Doll"},{"floor":6.0,"key":"Question Card"},{"floor":7.0,"key":"StrikeDummy"},{"floor":9.0,"key":"Pantograph"},{"floor":10.0,"key":"Orichalcum"},{"floor":14.0,"key":"Regal Pillow"},{"floor":19.0,"key":"Red Mask"},{"floor":23,"key":"Mummified Hand"},{"floor":25,"key":"Dream Catcher"},{"floor":26,"key":"Happy Flower"},{"floor":28,"key":"Matryoshka"},{"floor":30,"key":"Mango"}],"event_choices":[{"damage_healed":0.0,"max_hp_gain":0.0,"max_hp_loss":0.0,"gold_gain":0.0,"event_name":"Big Fish","player_choice":"Box","floor":3.0,"gold_loss":0.0,"damage_taken":0.0,"relics_obtained":["Blood Vial"],"cards_obtained":["Regret"]},{"cards_removed":["Regret"],"damage_healed":0.0,"max_hp_gain":0.0,"max_hp_loss":0.0,"gold_gain":0.0,"event_name":"The Cleric","player_choice":"Card Removal","floor":4.0,"gold_loss":50.0,"damage_taken":0.0},{"damage_healed":0.0,"max_hp_gain":0.0,"max_hp_loss":0.0,"gold_gain":30.0,"event_name":"Dead Adventurer","player_choice":"Searched \u00273\u0027 times","floor":7.0,"gold_loss":0.0,"damage_taken":0.0},{"damage_healed":0.0,"max_hp_gain":0.0,"max_hp_loss":0.0,"gold_gain":0.0,"event_name":"Masked Bandits","player_choice":"Fought Bandits","floor":19.0,"gold_loss":0.0,"damage_taken":0.0},{"damage_healed":0.0,"max_hp_gain":0.0,"max_hp_loss":0.0,"gold_gain":0.0,"event_name":"Vampires","player_choice":"Ignored","floor":21.0,"gold_loss":0.0,"damage_taken":0.0}],"is_beta":true,"boss_relics":[{"not_picked":["Philosopher\u0027s Stone","Ectoplasm"],"picked":"Mark of Pain"}],"items_purged_floors":[],"is_endless":false,"potions_floor_spawned":[2,10,13,14,18,25,28],"killed_by":"Collector","ascension_level":9}}