{"host":"9v3x998ddbx8o276","time":1613981990,"event":{"mods":["AchievementEnabler","BaseMod","Colored Map","Colored Powertips","Highlight Path","Minty Spire (QoL Compilation)","Quick Restart","Rare Cards Sparkle"],"gold_per_floor":[116,127,33,33,33,62,62,90,90,90,90],"floor_reached":10,"language":"ENG","playtime":293,"items_purged":[],"score":148,"play_id":"2165ac30-9ea1-4ad6-8686-2e0af7de607b","local_time":"20210222184950","is_ascension_mode":true,"campfire_choices":[{"floor":7.0,"key":"REST"}],"circlet_count":0,"master_deck":["AscendersBane","Strike_B","Strike_B","Strike_B","Defend_B","Defend_B","Defend_B","Zap","Dualcast","Ball Lightning","FTL","Melter","Sweeping Beam"],"relics":["Empty Cage","Eternal Feather","Pantograph","Ice Cream","StrikeDummy"],"acts_visited":["Exordium"],"potions_floor_usage":[10],"damage_taken":[{"damage":4.0,"enemies":"2 Louse","floor":1.0,"turns":3.0},{"damage":6.0,"enemies":"Cultist","floor":2.0,"turns":3.0},{"damage":45.0,"enemies":"Lagavulin","floor":6.0,"turns":6.0},{"damage":25.0,"enemies":"3 Sentries","floor":8.0,"turns":6.0},{"damage":10,"enemies":"Lagavulin","floor":10,"turns":3}],"seed_played":"4517908660891421266","potions_obtained":[{"floor":6.0,"key":"FearPotion"}],"is_trial":false,"path_per_floor":["M","M","?","$","$","E","R","E","T","E"],"character_chosen":"DEFECT","items_purchased":[],"campfire_rested":1,"item_purchase_floors":[],"current_hp_per_floor":[60,54,54,54,54,9,36,11,11,1,1],"gold":90,"neow_bonus":"BOSS_RELIC","is_daily":false,"chose_seed":false,"campfire_upgraded":0,"win_rate":0.0,"timestamp":1613981990,"path_taken":["M","M","?","?","$","E","R","E","T","E"],"items_purchased_type":[],"build_version":"2020-12-22","purchased_purges":0,"victory":false,"max_hp_per_floor":[71,71,71,71,71,71,71,71,71,71,71],"card_choices":[{"not_picked":["Stack","Compile Driver"],"picked":"Ball Lightning","floor":1.0},{"not_picked":["Steam","Go for the Eyes"],"picked":"FTL","floor":2.0},{"not_picked":["Sunder","Loop"],"picked":"Melter","floor":6.0},{"not_picked":["Rebound","Steam"],"picked":"Sweeping Beam","floor":8.0}],"player_experience":2249024,"relics_obtained":[{"floor":6.0,"key":"Pantograph"},{"floor":8.0,"key":"Ice Cream"},{"floor":9.0,"key":"StrikeDummy"}],"event_choices":[{"damage_healed":0.0,"max_hp_gain":0.0,"max_hp_loss":0.0,"gold_gain":0.0,"event_name":"WeMeetAgain","player_choice":"Paid Gold","floor":3.0,"gold_loss":94.0,"damage_taken":0.0,"relics_obtained":["Eternal Feather"]}],"is_beta":false,"boss_relics":[],"items_purged_floors":[],"is_endless":false,"potions_floor_spawned":[6],"killed_by":"Lagavulin","ascension_level":20}}