{"host":"bvc3bp2iol2n355r","time":1613961106,"event":{"mods":["AchievementEnabler","BaseMod","Dark Map","Downfall","Minty Spire (QoL Compilation)","Relic Stats","StSLib"],"gold_per_floor":[99,116,136,148,248,278,302,335,3,17,27,39,39,67,79,175,175,175,189,207,207,227,112,112,127,127,162,22,22,41,41,69,166,166,66,85,110,132,132,132,132],"floor_reached":39,"language":"ENG","playtime":3570,"items_purged":["hexamod:Strike","Pride","hexamod:Strike+1"],"score":536,"play_id":"805c3d4d-95d8-4065-b0e2-72b587a3bbf4","local_time":"20210221213146","is_ascension_mode":true,"campfire_choices":[{"data":"hexamod:Sear","floor":1.0,"key":"SMITH"},{"data":"hexamod:GhostOfSpirePast","floor":13.0,"key":"SMITH"},{"floor":18.0,"key":"RECALL"},{"data":"hexamod:ExtraCrispy","floor":35.0,"key":"SMITH"}],"circlet_count":0,"master_deck":["hexamod:Defend+1","hexamod:Defend+1","hexamod:Defend+1","hexamod:Defend+1","hexamod:Sear+1","hexamod:Float+1","hexamod:PowerFromBeyond+1","hexamod:HeatCrush+1","hexamod:Incineration+1","hexamod:SixthSeal","hexamod:FastForward+1","hexamod:PhantomFireball+1","hexamod:ExtraCrispy+1","hexamod:ThermalTransfer+1","hexamod:GhostOfSpirePast+1","hexamod:RetreatToShadows+1","hexamod:ThirdSeal","hexamod:SearingWound+1","hexamod:Rewind+1","hexamod:DynamicBlow+1","hexamod:FourthSeal","hexamod:RetreatToShadows+1","hexamod:ShieldOfDarkness+1","hexamod:Hexaguard+1","hexamod:SoulSteal+1","hexamod:PhantomCloak+1","hexamod:SecondSeal","hexamod:SearingWound+1","hexamod:SpectralAdrenaline+1"],"relics":["hexamod:SpiritBrand","Boot","Toy Ornithopter","Dream Catcher","Eternal Feather","Toxic Egg 2","hexamod:IceCube","Bag of Marbles","Strawberry","Nunchaku","SlaversCollar","downfall:HeartBlessingRed"],"acts_visited":["Exordium","TheCity","TheBeyond"],"potions_floor_usage":[],"damage_taken":[{"damage":2.0,"enemies":"2 Louse","floor":2.0,"turns":4.0},{"damage":0.0,"enemies":"Cultist","floor":3.0,"turns":3.0},{"damage":0.0,"enemies":"Small Slimes","floor":4.0,"turns":4.0},{"damage":11.0,"enemies":"3 Sentries","floor":6.0,"turns":9.0},{"damage":7.0,"enemies":"Gremlin Nob","floor":8.0,"turns":3.0},{"damage":5.0,"enemies":"downfall:FleeingMerchant","floor":9.0,"turns":4.0},{"damage":10.0,"enemies":"Exordium Wildlife","floor":10.0,"turns":3.0},{"damage":0.0,"enemies":"downfall:LooterAlt","floor":11.0,"turns":2.0},{"damage":22.0,"enemies":"3 Louse","floor":12.0,"turns":4.0},{"damage":2.0,"enemies":"Lagavulin","floor":14.0,"turns":5.0},{"damage":1.0,"enemies":"2 Fungi Beasts","floor":15.0,"turns":4.0},{"damage":6.0,"enemies":"IC_STATUS_ARCHETYPE","floor":16.0,"turns":4.0},{"damage":7.0,"enemies":"Shell Parasite","floor":19.0,"turns":4.0},{"damage":18.0,"enemies":"3 Byrds","floor":20.0,"turns":4.0},{"damage":19.0,"enemies":"Snake Plant","floor":22.0,"turns":3.0},{"damage":3.0,"enemies":"downfall:FleeingMerchant","floor":23.0,"turns":4.0},{"damage":8.0,"enemies":"Shelled Parasite and Fungi","floor":25.0,"turns":4.0},{"damage":22.0,"enemies":"Book of Stabbing","floor":27.0,"turns":5.0},{"damage":3.0,"enemies":"downfall:FleeingMerchant","floor":28.0,"turns":4.0},{"damage":0.0,"enemies":"Centurion and Healer","floor":29.0,"turns":2.0},{"damage":1.0,"enemies":"Cultist and Chosen","floor":30.0,"turns":5.0},{"damage":1.0,"enemies":"Snake Plant","floor":32.0,"turns":3.0},{"damage":9.0,"enemies":"SI_MIRROR_ARCHETYPE","floor":33.0,"turns":8.0},{"damage":8.0,"enemies":"3 Shapes","floor":36.0,"turns":5.0},{"damage":12.0,"enemies":"3 Darklings","floor":37.0,"turns":6.0},{"damage":36.0,"enemies":"Writhing Mass","floor":38.0,"turns":5.0},{"damage":39,"enemies":"Transient","floor":39,"turns":5}],"seed_played":"-1327441120003479911","potions_obtained":[{"floor":0.0,"key":"FearPotion"},{"floor":0.0,"key":"sneckomod:MuddlingPotion"},{"floor":0.0,"key":"EssenceOfSteel"},{"floor":2.0,"key":"SteroidPotion"},{"floor":3.0,"key":"bronze:BurnAndBuffPotion"},{"floor":4.0,"key":"EssenceOfSteel"},{"floor":14.0,"key":"SpeedPotion"},{"floor":16.0,"key":"BlessingOfTheForge"},{"floor":20.0,"key":"BlessingOfTheForge"},{"floor":22.0,"key":"SpeedPotion"},{"floor":22.0,"key":"AttackPotion"},{"floor":25.0,"key":"Ancient Potion"},{"floor":27.0,"key":"SmokeBomb"},{"floor":27.0,"key":"Weak Potion"},{"floor":28.0,"key":"Explosive Potion"},{"floor":30.0,"key":"Energy Potion"},{"floor":36.0,"key":"Dexterity Potion"},{"floor":36.0,"key":"SpeedPotion"},{"floor":37.0,"key":"AttackPotion"},{"floor":38.0,"key":"Ancient Potion"}],"is_trial":false,"path_per_floor":["R","M","M","M","?","E","T","E","$","M","M","M","R","E","M","B",null,"R","M","M","?","M","$","T","M","?","E","$","M","M","?","M","B",null,"R","M","M","M","M"],"character_chosen":"THE_SPIRIT","items_purchased":["Eternal Feather"],"campfire_rested":0,"item_purchase_floors":[9],"current_hp_per_floor":[70,68,68,68,68,57,57,50,45,35,35,18,27,25,24,28,60,70,63,50,50,31,28,35,27,27,20,17,22,26,26,25,26,64,77,69,57,26,0,0,0],"gold":132,"neow_bonus":"THREE_SMALL_POTIONS","is_daily":false,"chose_seed":false,"campfire_upgraded":3,"win_rate":0.0,"timestamp":1613961106,"path_taken":["R","M","M","M","?","E","T","E","$","M","M","?","R","E","M","BOSS","R","M","M","?","M","$","T","M","?","E","?","M","?","?","M","BOSS","R","M","M","M","M"],"items_purchased_type":["Relic"],"build_version":"2020-12-22","purchased_purges":3,"victory":false,"max_hp_per_floor":[70,70,70,70,70,70,70,70,70,70,70,70,70,70,70,70,70,70,70,70,70,70,70,77,77,77,77,77,77,77,77,77,77,77,77,77,77,77,77,77,77],"relic_stats":{"Dream Catcher":0,"Nunchaku":[4],"counters":[27,116],"Eternal Feather":32,"Boot":[80],"obtain_stats":[{"SlaversCollar":34,"Dream Catcher":8,"Nunchaku":27,"downfall:HeartBlessingRed":35,"Strawberry":24,"Eternal Feather":9,"Bag of Marbles":21,"Toxic Egg 2":14,"Boot":6,"hexamod:SpiritBrand":0,"Toy Ornithopter":7,"hexamod:IceCube":17},{"SlaversCollar":23,"Dream Catcher":5,"Nunchaku":18,"downfall:HeartBlessingRed":23,"Strawberry":16,"Eternal Feather":6,"Bag of Marbles":14,"Toxic Egg 2":10,"Boot":4,"hexamod:SpiritBrand":0,"Toy Ornithopter":4,"hexamod:IceCube":12},{"SlaversCollar":95,"Dream Catcher":23,"Nunchaku":73,"downfall:HeartBlessingRed":95,"Strawberry":64,"Eternal Feather":27,"Bag of Marbles":57,"Toxic Egg 2":41,"Boot":20,"hexamod:SpiritBrand":0,"Toy Ornithopter":20,"hexamod:IceCube":49}],"Toy Ornithopter":60},"card_choices":[{"not_picked":["hexamod:ExtraCrispy","hexamod:SpectersWail"],"picked":"hexamod:PowerFromBeyond","floor":2.0},{"not_picked":["hexamod:GhostShield","hexamod:BurningTouch"],"picked":"hexamod:HeatCrush","floor":3.0},{"not_picked":["hexamod:FastForward","hexamod:GhostShield"],"picked":"hexamod:Incineration","floor":4.0},{"not_picked":["hexamod:GhostOfSpireFuture","hexamod:NightmareGuise"],"picked":"hexamod:SixthSeal","floor":6.0},{"not_picked":["hexamod:NightmareStrike","hexamod:SpectersWail"],"picked":"hexamod:FastForward","floor":8.0},{"not_picked":["hexamod:SwordOfDarkness","hexamod:GhostShield"],"picked":"hexamod:PhantomFireball","floor":9.0},{"not_picked":["hexamod:GhostOfSpireFuture","hexamod:Rewind"],"picked":"hexamod:ExtraCrispy","floor":10.0},{"not_picked":["hexamod:BurningTouch","hexamod:SwordOfDarkness"],"picked":"hexamod:ThermalTransfer","floor":11.0},{"not_picked":["hexamod:SwordOfDarkness","hexamod:SuperheatedStrike"],"picked":"hexamod:GhostOfSpirePast","floor":12.0},{"not_picked":["hexamod:NightmareStrike","hexamod:GhostLash"],"picked":"hexamod:RetreatToShadows+1","floor":14.0},{"not_picked":["hexamod:FastForward+1","hexamod:FlamesFromBeyond+1"],"picked":"hexamod:ThirdSeal","floor":15.0},{"not_picked":["hexamod:TimeWarp","hexamod:ApocalypticArmor"],"picked":"hexamod:SearingWound+1","floor":16.0},{"not_picked":["hexamod:ThirdSeal","hexamod:HeatMetal"],"picked":"hexamod:Rewind+1","floor":19.0},{"not_picked":["hexamod:HauntingEcho","hexamod:EmpoweredFlame"],"picked":"hexamod:DynamicBlow+1","floor":19.0},{"not_picked":["hexamod:SuperheatedStrike","hexamod:DynamicBlow"],"picked":"hexamod:FourthSeal","floor":20.0},{"not_picked":["hexamod:ChargedBarrage+1","hexamod:HeatMetal","hexamod:GhostOfSpirePast"],"picked":"SKIP","floor":20.0},{"not_picked":["hexamod:HeatCrush+1","hexamod:RadiantFlame"],"picked":"hexamod:RetreatToShadows+1","floor":22.0},{"not_picked":["hexamod:SwordOfDarkness","hexamod:GhostLash"],"picked":"hexamod:ShieldOfDarkness+1","floor":22.0},{"not_picked":["hexamod:ExtraCrispy","hexamod:NightmareGuise+1"],"picked":"hexamod:Hexaguard+1","floor":23.0},{"not_picked":["hexamod:PhantomCloak","hexamod:GhostflameBarrier+1"],"picked":"hexamod:SoulSteal+1","floor":23.0},{"not_picked":["hexamod:GhostLash","hexamod:SixthSeal","hexamod:HauntingEcho+1"],"picked":"SKIP","floor":25.0},{"not_picked":["hexamod:ShieldOfDarkness+1","hexamod:RecurringNightmare+1","hexamod:FlamesFromBeyond+1"],"picked":"SKIP","floor":25.0},{"not_picked":["hexamod:NightmareGuise+1","hexamod:DynamicBlow","hexamod:GhostShield+1"],"picked":"SKIP","floor":27.0},{"not_picked":["hexamod:Firestarter+1","hexamod:SpectersWail","hexamod:GhostOfSpirePast+1"],"picked":"SKIP","floor":27.0},{"not_picked":["hexamod:NecessarySacrifice+1","hexamod:ParanormalForm"],"picked":"hexamod:PhantomCloak","floor":28.0},{"not_picked":["hexamod:HeatMetal+1","hexamod:FlamesFromBeyond+1","hexamod:FastForward+1"],"picked":"SKIP","floor":28.0},{"not_picked":["hexamod:ThermalTransfer","hexamod:NightmareStrike"],"picked":"hexamod:SecondSeal","floor":30.0},{"not_picked":["hexamod:GhostShield+1","hexamod:ThermalTransfer","hexamod:BurningTouch+1"],"picked":"SKIP","floor":30.0},{"not_picked":["hexamod:SpectersWail","hexamod:ThirdSeal","hexamod:FlamesFromBeyond+1"],"picked":"SKIP","floor":32.0},{"not_picked":["hexamod:SixthSeal","hexamod:GhostOfSpirePresent"],"picked":"hexamod:SearingWound+1","floor":33.0},{"not_picked":["hexamod:HeatMetal+1","hexamod:Incineration","hexamod:HauntingEcho+1"],"picked":"SKIP","floor":36.0},{"not_picked":["hexamod:FlamesFromBeyond+1","hexamod:HauntingEcho"],"picked":"hexamod:SpectralAdrenaline+1","floor":37.0},{"not_picked":["hexamod:HauntingEcho+1","hexamod:Rewind+1","hexamod:HeatCrush"],"picked":"SKIP","floor":37.0},{"not_picked":["hexamod:Again+1","hexamod:HauntingEcho","hexamod:InspiringFlames+1"],"picked":"SKIP","floor":38.0}],"player_experience":605141,"relics_obtained":[{"floor":6.0,"key":"Boot"},{"floor":7.0,"key":"Toy Ornithopter"},{"floor":8.0,"key":"Dream Catcher"},{"floor":14.0,"key":"Toxic Egg 2"},{"floor":24.0,"key":"Strawberry"},{"floor":27.0,"key":"Nunchaku"}],"event_choices":[{"damage_healed":0.0,"max_hp_gain":0.0,"max_hp_loss":0.0,"gold_gain":100.0,"event_name":"Wheel of Change","player_choice":"Gold","floor":5.0,"gold_loss":0.0,"damage_taken":0.0},{"damage_healed":0.0,"max_hp_gain":0.0,"max_hp_loss":0.0,"gold_gain":0.0,"event_name":"Addict","player_choice":"Stole Relic","floor":21.0,"gold_loss":0.0,"damage_taken":0.0,"relics_obtained":["Bag of Marbles"],"cards_obtained":["Pride"]}],"is_beta":false,"boss_relics":[{"not_picked":["Empty Cage","SacredBark"],"picked":"hexamod:IceCube"},{"not_picked":["Sozu","Fusion Hammer"],"picked":"SlaversCollar"}],"items_purged_floors":[9,23,28],"is_endless":false,"potions_floor_spawned":[2,3,4,14,16,20,22,25,27,36,38],"killed_by":"Transient","ascension_level":5}}