{"host":"f5gffvlv6a66yqkd","time":1613986767,"event":{"mods":["2.2 Compatiblity","BaseMod","Colored Map","Custom Start","DeckTracker","Keyboard Shortcuts","Minty Spire (QoL Compilation)","Permanent Neow","Quick Restart","Relic Stats","StSLib","SuperFastMode"],"gold_per_floor":[111,111,111,124,140,140,156,156,156,191,191,234,31,60,60,159,159,177,177,177,195,208,208,229,229,229],"floor_reached":25,"language":"KOR","playtime":761,"items_purged":["Strike_B"],"score":422,"play_id":"5c42386c-d363-48e7-8f46-88b75b737130","local_time":"20210222183927","is_ascension_mode":true,"campfire_choices":[{"data":"Chaos","floor":6,"key":"SMITH"},{"data":"Sunder","floor":11,"key":"SMITH"},{"data":"Defragment","floor":15,"key":"SMITH"},{"data":"Loop","floor":23,"key":"SMITH"}],"circlet_count":0,"master_deck":["AscendersBane","Zap","Dualcast","Chaos+1","Multi-Cast","Loop+1","Sunder+1","Lockon","Undo","Buffer","Defragment+1","Recycle","Skim","Seek","Rainbow","Multi-Cast","Turbo","Hello World","Sunder"],"relics":["Cracked Core","Toy Ornithopter","Golden Idol","Pantograph","Mercury Hourglass","Thread and Needle","Odd Mushroom","Pandora\u0027s Box"],"acts_visited":["Exordium","TheCity"],"potions_floor_usage":[7,21,24,25],"damage_taken":[{"damage":7,"enemies":"Small Slimes","floor":1,"turns":4},{"damage":1,"enemies":"2 Louse","floor":4,"turns":2},{"damage":2,"enemies":"Jaw Worm","floor":5,"turns":3},{"damage":6,"enemies":"Blue Slaver","floor":7,"turns":4},{"damage":24,"enemies":"Lagavulin","floor":10,"turns":7},{"damage":8,"enemies":"Gremlin Nob","floor":12,"turns":3},{"damage":4,"enemies":"The Mushroom Lair","floor":14,"turns":3},{"damage":4,"enemies":"Slime Boss","floor":16,"turns":9},{"damage":14,"enemies":"2 Thieves","floor":18,"turns":3},{"damage":16,"enemies":"3 Byrds","floor":21,"turns":4},{"damage":6,"enemies":"3 Cultists","floor":22,"turns":4},{"damage":10,"enemies":"Centurion and Healer","floor":24,"turns":8},{"damage":27,"enemies":"Slavers","floor":25,"turns":2}],"seed_played":"-4603912596604163720","potions_obtained":[{"floor":1,"key":"Block Potion"},{"floor":12,"key":"ColorlessPotion"},{"floor":18,"key":"Weak Potion"},{"floor":21,"key":"LiquidBronze"},{"floor":24,"key":"CultistPotion"}],"is_trial":false,"path_per_floor":["M","?","?","M","M","R","M","?","T","E","R","E","$","?","R","B",null,"M","?","?","M","M","R","M","E"],"character_chosen":"DEFECT","items_purchased":["Defragment","Recycle"],"campfire_rested":0,"item_purchase_floors":[13,13],"current_hp_per_floor":[57,57,57,56,54,54,53,53,53,29,29,21,21,17,17,38,58,44,44,44,33,27,27,22,0,0],"gold":229,"neow_bonus":"RANDOM_COMMON_RELIC","is_daily":false,"chose_seed":false,"campfire_upgraded":4,"win_rate":0.0,"timestamp":1613986767,"path_taken":["M","?","?","M","M","R","M","?","T","E","R","E","$","?","R","BOSS","M","?","?","M","M","R","M","E"],"items_purchased_type":["Card","Card"],"build_version":"2020-12-22","purchased_purges":1,"victory":false,"max_hp_per_floor":[71,71,64,64,64,64,64,64,64,64,64,64,64,64,64,64,64,64,64,64,64,64,64,64,64,64],"relic_stats":{"counters":[13,55],"Golden Idol":66,"Pantograph":25,"Pandora\u0027s Box":["Rainbow","Amplify","Multi-Cast","Turbo","Hello World","Sunder"],"obtain_stats":[{"Golden Idol":3,"Pantograph":9,"Thread and Needle":12,"Pandora\u0027s Box":17,"Odd Mushroom":14,"Cracked Core":0,"Toy Ornithopter":0,"Mercury Hourglass":10},{"Golden Idol":1,"Pantograph":4,"Thread and Needle":6,"Pandora\u0027s Box":8,"Odd Mushroom":7,"Cracked Core":0,"Toy Ornithopter":0,"Mercury Hourglass":5},{"Golden Idol":4,"Pantograph":13,"Thread and Needle":23,"Pandora\u0027s Box":34,"Odd Mushroom":26,"Cracked Core":0,"Toy Ornithopter":0,"Mercury Hourglass":20}],"Toy Ornithopter":20,"Mercury Hourglass":[226]},"card_choices":[{"not_picked":["Melter","Sweeping Beam"],"picked":"Chaos","floor":1},{"not_picked":["Doom and Gloom","Turbo"],"picked":"Loop","floor":4},{"not_picked":["Sweeping Beam","Beam Cell"],"picked":"Sunder","floor":5},{"not_picked":["Self Repair","Leap"],"picked":"Lockon","floor":7},{"not_picked":["Leap","Conserve Battery"],"picked":"Undo","floor":10},{"not_picked":["Steam","Coolheaded"],"picked":"Buffer","floor":12},{"not_picked":["Leap","Doom and Gloom"],"picked":"Skim","floor":14},{"not_picked":["Hyperbeam","Rainbow"],"picked":"Seek","floor":16},{"not_picked":["Doom and Gloom+1","Turbo","Darkness"],"picked":"SKIP","floor":18},{"not_picked":["Scrape","Aggregate","Streamline"],"picked":"SKIP","floor":21},{"not_picked":["Stack","Rebound","Steam"],"picked":"SKIP","floor":22},{"not_picked":["Cold Snap","Redo","Conserve Battery"],"picked":"SKIP","floor":24}],"player_experience":1552841,"relics_obtained":[{"floor":9,"key":"Pantograph"},{"floor":10,"key":"Mercury Hourglass"},{"floor":12,"key":"Thread and Needle"},{"floor":14,"key":"Odd Mushroom"}],"event_choices":[{"damage_healed":0,"gold_gain":0,"cards_transformed":["Strike_B"],"player_choice":"Change","damage_taken":0,"max_hp_gain":0,"max_hp_loss":0,"event_name":"Living Wall","floor":2,"gold_loss":0,"cards_obtained":["Multi-Cast"]},{"damage_healed":0,"gold_gain":0,"player_choice":"Lose Max HP","damage_taken":0,"relics_obtained":["Golden Idol"],"max_hp_gain":0,"max_hp_loss":7,"event_name":"Golden Idol","floor":3,"gold_loss":0},{"damage_healed":0,"gold_gain":0,"player_choice":"Ignored","damage_taken":0,"max_hp_gain":0,"max_hp_loss":0,"event_name":"Liars Game","floor":8,"gold_loss":0},{"damage_healed":0,"gold_gain":0,"player_choice":"Fought Mushrooms","damage_taken":0,"max_hp_gain":0,"max_hp_loss":0,"event_name":"Mushrooms","floor":14,"gold_loss":0},{"cards_removed":["Amplify"],"damage_healed":0,"gold_gain":0,"player_choice":"Elegance","damage_taken":0,"max_hp_gain":0,"max_hp_loss":0,"event_name":"Back to Basics","floor":19,"gold_loss":0},{"damage_healed":0,"gold_gain":0,"player_choice":"Ignored","damage_taken":0,"max_hp_gain":0,"max_hp_loss":0,"event_name":"The Mausoleum","floor":20,"gold_loss":0}],"is_beta":false,"boss_relics":[{"not_picked":["Fusion Hammer","Empty Cage"],"picked":"Pandora\u0027s Box"}],"items_purged_floors":[13],"is_endless":false,"potions_floor_spawned":[1,12,18,21,24],"killed_by":"Slavers","ascension_level":20}}