{"host":"bq4pt811tk9yrmjl","time":1613961087,"event":{"mods":["AchievementEnabler","BaseMod","Colored Map","Colored Powertips","Defuse TimeMaze Blight","Minty Spire (QoL Compilation)","Smile Girya","StSLib","SuperFastMode"],"gold_per_floor":[119,12,12,23,23,56,56,81,107,107,127,158,176,96,96,191,191,204,204,204,204,219,219,150,150,177,194,211,222,222,233,233,329,329,339,339,389,434,452,452,465,465,488,488,488,518,518,538,538,538,538,538,12,37,37,37],"floor_reached":55,"language":"ENG","playtime":1212,"items_purged":["Strike_R"],"score":749,"play_id":"1910bc73-370e-49ae-934a-0d78c1ccf9d9","local_time":"20210221233127","is_ascension_mode":true,"campfire_choices":[{"data":"Metallicize","floor":7.0,"key":"SMITH"},{"data":"Juggernaut","floor":15.0,"key":"SMITH"},{"data":"Whirlwind","floor":23.0,"key":"SMITH"},{"data":"Metallicize","floor":25.0,"key":"SMITH"},{"data":"Rage","floor":30.0,"key":"SMITH"},{"data":"Disarm","floor":32.0,"key":"SMITH"},{"floor":40.0,"key":"REST"},{"floor":42.0,"key":"RECALL"},{"data":"Ghostly Armor","floor":44.0,"key":"SMITH"},{"data":"Iron Wave","floor":47.0,"key":"SMITH"},{"data":"Iron Wave","floor":49.0,"key":"SMITH"},{"data":"Bash","floor":52,"key":"SMITH"}],"circlet_count":0,"master_deck":["Strike_R","Strike_R","Strike_R","Strike_R","Defend_R","Defend_R","Defend_R","Defend_R","Bash+1","Iron Wave+1","Whirlwind+1","Metallicize+1","Clash","Juggernaut+1","Iron Wave+1","Rage+1","Armaments+1","Ghostly Armor+1","Cleave+1","Metallicize+1","Disarm+1","Armaments+1","Clothesline+1","Blood for Blood+1","Shrug It Off+1","Flame Barrier+1"],"relics":["Burning Blood","NeowsBlessing","Lantern","Self Forming Clay","Gremlin Horn","FossilizedHelix","SlaversCollar","Ornamental Fan","Oddly Smooth Stone","Sozu","Shovel","Ice Cream","MealTicket","Mercury Hourglass","Orichalcum","TungstenRod","Boot","Anchor"],"acts_visited":["Exordium","TheCity","TheBeyond","TheEnding"],"potions_floor_usage":[55],"damage_taken":[{"damage":0.0,"enemies":"2 Louse","floor":1.0,"turns":1.0},{"damage":0.0,"enemies":"Jaw Worm","floor":4.0,"turns":1.0},{"damage":0.0,"enemies":"3 Sentries","floor":6.0,"turns":1.0},{"damage":17.0,"enemies":"Gremlin Nob","floor":8.0,"turns":5.0},{"damage":0.0,"enemies":"Cultist","floor":11.0,"turns":4.0},{"damage":24.0,"enemies":"3 Sentries","floor":12.0,"turns":10.0},{"damage":0.0,"enemies":"Blue Slaver","floor":13.0,"turns":3.0},{"damage":15.0,"enemies":"Hexaghost","floor":16.0,"turns":8.0},{"damage":6.0,"enemies":"Shell Parasite","floor":18.0,"turns":6.0},{"damage":0.0,"enemies":"Spheric Guardian","floor":22.0,"turns":3.0},{"damage":0.0,"enemies":"Centurion and Healer","floor":27.0,"turns":9.0},{"damage":0.0,"enemies":"3 Cultists","floor":28.0,"turns":3.0},{"damage":5.0,"enemies":"Snake Plant","floor":29.0,"turns":6.0},{"damage":0.0,"enemies":"Chosen and Byrds","floor":31.0,"turns":5.0},{"damage":28.0,"enemies":"Collector","floor":33.0,"turns":11.0},{"damage":11.0,"enemies":"3 Darklings","floor":35.0,"turns":7.0},{"damage":0.0,"enemies":"Mind Bloom Boss Battle","floor":37.0,"turns":7.0},{"damage":54.0,"enemies":"2 Orb Walkers","floor":38.0,"turns":5.0},{"damage":0.0,"enemies":"3 Shapes","floor":39.0,"turns":7.0},{"damage":0.0,"enemies":"Spire Growth","floor":41.0,"turns":5.0},{"damage":0.0,"enemies":"Nemesis","floor":46.0,"turns":7.0},{"damage":5.0,"enemies":"Jaw Worm Horde","floor":48.0,"turns":5.0},{"damage":1.0,"enemies":"Awakened One","floor":50.0,"turns":14.0},{"damage":38,"enemies":"Shield and Spear","floor":54,"turns":10},{"damage":59,"enemies":"The Heart","floor":55,"turns":8}],"seed_played":"8124109059068304674","potions_obtained":[{"floor":1.0,"key":"Regen Potion"},{"floor":6.0,"key":"BlessingOfTheForge"},{"floor":8.0,"key":"FearPotion"},{"floor":13.0,"key":"Weak Potion"},{"floor":27.0,"key":"GamblersBrew"},{"floor":29.0,"key":"Strength Potion"},{"floor":31.0,"key":"ElixirPotion"}],"is_trial":false,"path_per_floor":["M","$","?","M","?","E","R","E","T","?","M","E","M","$","R","B",null,"M","?","?","?","M","R","$","R","T","M","M","M","R","M","R","B",null,"M","?","?","?","M","R","M","R","T","R","T","E","R","M","R","B",null,"R","$","E","B"],"character_chosen":"IRONCLAD","items_purchased":["Whirlwind","Metallicize","Rage","Metallicize","TungstenRod","Boot"],"campfire_rested":1,"item_purchase_floors":[2,2,14,24,53,53],"current_hp_per_floor":[80,80,73,79,79,80,80,69,69,74,80,77,83,83,83,74,85,85,85,85,85,85,85,85,85,85,85,85,85,85,85,85,63,85,80,80,85,37,43,68,74,74,74,74,74,80,80,81,81,85,85,85,85,53,0,0],"gold":37,"neow_bonus":"THREE_ENEMY_KILL","is_daily":false,"chose_seed":false,"campfire_upgraded":10,"win_rate":0.0,"timestamp":1613961087,"path_taken":["M","$","?","M","?","E","R","E","T","?","?","E","?","$","R","BOSS","M","?","?","?","?","R","$","R","T","M","M","?","R","M","R","BOSS","M","?","?","?","M","R","M","R","T","R","?","E","R","M","R","BOSS","R","$","E","BOSS"],"items_purchased_type":["Card","Card","Card","Card","Relic","Relic"],"build_version":"2020-12-22","purchased_purges":1,"victory":false,"max_hp_per_floor":[80,80,80,80,80,80,80,80,80,85,85,85,85,85,85,85,85,85,85,85,85,85,85,85,85,85,85,85,85,85,85,85,85,85,85,85,85,85,85,85,85,85,85,85,85,85,85,85,85,85,85,85,85,85,85,85],"card_choices":[{"not_picked":["Blood for Blood","Searing Blow"],"picked":"Iron Wave","floor":1.0},{"not_picked":["Sword Boomerang","Uppercut","Cleave"],"picked":"SKIP","floor":4.0},{"not_picked":["Perfected Strike","Sword Boomerang","Headbutt"],"picked":"SKIP","floor":6.0},{"not_picked":["Flex","Anger"],"picked":"Clash","floor":8.0},{"not_picked":["Dropkick","Heavy Blade","Armaments"],"picked":"SKIP","floor":11.0},{"not_picked":["Reckless Charge","Battle Trance"],"picked":"Juggernaut","floor":12.0},{"not_picked":["Shrug It Off","Heavy Blade"],"picked":"Iron Wave","floor":13.0},{"not_picked":["Rampage","Body Slam"],"picked":"Armaments+1","floor":18.0},{"not_picked":["Twin Strike","Burning Pact"],"picked":"Cleave+1","floor":22.0},{"not_picked":["Shrug It Off","Flex","Clothesline"],"picked":"SKIP","floor":27.0},{"not_picked":["Twin Strike","Armaments","True Grit"],"picked":"SKIP","floor":28.0},{"not_picked":["Brutality","Dropkick","Havoc"],"picked":"SKIP","floor":29.0},{"not_picked":["Sword Boomerang+1","Iron Wave"],"picked":"Disarm","floor":31.0},{"not_picked":["Reckless Charge","Heavy Blade+1","Armaments"],"picked":"SKIP","floor":35.0},{"not_picked":["Battle Trance","Sever Soul"],"picked":"Armaments+1","floor":38.0},{"not_picked":["Wild Strike","Armaments+1","Reckless Charge+1"],"picked":"SKIP","floor":39.0},{"not_picked":["Reckless Charge+1","Havoc+1"],"picked":"Clothesline+1","floor":41.0},{"not_picked":["Iron Wave","Havoc"],"picked":"Blood for Blood+1","floor":46.0},{"not_picked":["Combust+1","Inflame+1"],"picked":"Shrug It Off+1","floor":48.0},{"not_picked":["Exhume","Burning Pact+1"],"picked":"Flame Barrier+1","floor":54}],"player_experience":284794,"relics_obtained":[{"floor":6.0,"key":"Self Forming Clay"},{"floor":8.0,"key":"Gremlin Horn"},{"floor":12.0,"key":"FossilizedHelix"},{"floor":26.0,"key":"Oddly Smooth Stone"},{"floor":37.0,"key":"Shovel"},{"floor":38.0,"key":"Ice Cream"},{"floor":43.0,"key":"MealTicket"},{"floor":45.0,"key":"Mercury Hourglass"},{"floor":46.0,"key":"Orichalcum"},{"floor":54,"key":"Anchor"}],"event_choices":[{"damage_healed":0.0,"max_hp_gain":0.0,"max_hp_loss":0.0,"gold_gain":0.0,"event_name":"Scrap Ooze","player_choice":"Success","floor":3.0,"gold_loss":0.0,"damage_taken":7.0,"relics_obtained":["Lantern"]},{"damage_healed":0.0,"max_hp_gain":0.0,"max_hp_loss":0.0,"gold_gain":0.0,"event_name":"Golden Wing","player_choice":"Ignored","floor":5.0,"gold_loss":0.0,"damage_taken":0.0},{"damage_healed":0.0,"max_hp_gain":5.0,"max_hp_loss":0.0,"gold_gain":0.0,"event_name":"Big Fish","player_choice":"Donut","floor":10.0,"gold_loss":0.0,"damage_taken":0.0},{"damage_healed":0.0,"max_hp_gain":0.0,"max_hp_loss":0.0,"gold_gain":0.0,"event_name":"The Library","player_choice":"Read","floor":19.0,"gold_loss":0.0,"damage_taken":0.0,"cards_obtained":["Ghostly Armor"]},{"damage_healed":0.0,"max_hp_gain":0.0,"max_hp_loss":0.0,"gold_gain":0.0,"event_name":"Ghosts","player_choice":"Ignored","floor":20.0,"gold_loss":0.0,"damage_taken":0.0},{"damage_healed":0.0,"max_hp_gain":0.0,"max_hp_loss":0.0,"gold_gain":0.0,"event_name":"The Mausoleum","player_choice":"Opened","floor":21.0,"gold_loss":0.0,"damage_taken":0.0,"relics_obtained":["Ornamental Fan"]},{"damage_healed":0.0,"max_hp_gain":0.0,"max_hp_loss":0.0,"gold_gain":0.0,"event_name":"SensoryStone","player_choice":"Memory 1","floor":36.0,"gold_loss":0.0,"damage_taken":0.0},{"damage_healed":0.0,"max_hp_gain":0.0,"max_hp_loss":0.0,"gold_gain":0.0,"event_name":"MindBloom","player_choice":"Fight","floor":37.0,"gold_loss":0.0,"damage_taken":0.0},{"damage_healed":0.0,"max_hp_gain":0.0,"max_hp_loss":0.0,"gold_gain":0.0,"event_name":"Mysterious Sphere","player_choice":"Fight","floor":38.0,"gold_loss":0.0,"damage_taken":0.0}],"is_beta":false,"boss_relics":[{"not_picked":["SacredBark","Philosopher\u0027s Stone"],"picked":"SlaversCollar"},{"not_picked":["Astrolabe","Runic Dome"],"picked":"Sozu"}],"items_purged_floors":[53],"is_endless":false,"potions_floor_spawned":[1,6,8,13,27,29,31,37,38,46,48,54],"killed_by":"The Heart","ascension_level":1}}