{"host":"08yfhu6uhosdn245","time":1613968209,"event":{"mods":["2.2 Compatiblity","AchievementEnabler","BaseMod","Bestiary","Colored Map","Colored Powertips","Curses Come First","Highlight Path","Minty Spire (QoL Compilation)","Quick Restart","Relic Stats","StSLib"],"gold_per_floor":[119,129,54,64,79,79,154,187,187,187,187,187,187,60,60,156,156,171,171,186,203,48,48,48,80,107,133,133,158,193,221,221,323,323,341,341,360,372,384,384,384],"floor_reached":40,"language":"ENG","playtime":1655,"items_purged":["Strike_B"],"score":709,"play_id":"34015a5d-be30-4655-948d-54faf65ed825","local_time":"20210221233009","is_ascension_mode":true,"campfire_choices":[{"data":"Defragment","floor":6.0,"key":"SMITH"},{"data":"Sunder","floor":10.0,"key":"SMITH"},{"data":"Cold Snap","floor":12.0,"key":"SMITH"},{"data":"Conserve Battery","floor":15.0,"key":"SMITH"},{"floor":23.0,"key":"REST"},{"floor":32.0,"key":"REST"}],"circlet_count":0,"master_deck":["Strike_B","Strike_B","Defend_B","Defend_B","Defend_B","Defend_B","Zap","Dualcast","Cold Snap+1","Sweeping Beam","Sunder+1","Defragment+1","Electrodynamics+1","Capacitor","Conserve Battery+1","Biased Cognition+1","Beam Cell+1","Loop","Self Repair+1","Fission","Ball Lightning","Storm","Coolheaded+1","Redo+1","Aggregate","Consume","Stack","Static Discharge","Stack+1","Coolheaded+1","Glacier+1"],"relics":["Cracked Core","Toy Ornithopter","Dream Catcher","Letter Opener","SacredBark","Orrery","Tiny Chest","Orichalcum","WingedGreaves","Singing Bowl","PreservedInsect","InkBottle","Happy Flower","Black Star"],"acts_visited":["TheCity","TheBeyond"],"potions_floor_usage":[40],"damage_taken":[{"damage":1.0,"enemies":"Cultist","floor":1.0,"turns":3.0},{"damage":0.0,"enemies":"Jaw Worm","floor":2.0,"turns":3.0},{"damage":5.0,"enemies":"Small Slimes","floor":4.0,"turns":3.0},{"damage":1.0,"enemies":"2 Fungi Beasts","floor":5.0,"turns":2.0},{"damage":24.0,"enemies":"Gremlin Nob","floor":8.0,"turns":5.0},{"damage":2.0,"enemies":"Hexaghost","floor":16.0,"turns":8.0},{"damage":1.0,"enemies":"Spheric Guardian","floor":18.0,"turns":3.0},{"damage":5.0,"enemies":"Shell Parasite","floor":20.0,"turns":5.0},{"damage":26.0,"enemies":"Shelled Parasite and Fungi","floor":21.0,"turns":5.0},{"damage":17.0,"enemies":"Slavers","floor":25.0,"turns":4.0},{"damage":29.0,"enemies":"Book of Stabbing","floor":27.0,"turns":5.0},{"damage":0.0,"enemies":"Gremlin Leader","floor":29.0,"turns":4.0},{"damage":14.0,"enemies":"Book of Stabbing","floor":30.0,"turns":3.0},{"damage":24.0,"enemies":"Gremlin Leader","floor":31.0,"turns":3.0},{"damage":28.0,"enemies":"Automaton","floor":33.0,"turns":8.0},{"damage":35,"enemies":"3 Darklings","floor":35,"turns":4},{"damage":2,"enemies":"3 Shapes","floor":37,"turns":5},{"damage":32,"enemies":"3 Darklings","floor":38,"turns":3},{"damage":0,"enemies":"Jaw Worm Horde","floor":39,"turns":2},{"damage":23,"enemies":"Giant Head","floor":40,"turns":5}],"seed_played":"-1438195775988954307","potions_obtained":[{"floor":4.0,"key":"ColorlessPotion"},{"floor":8.0,"key":"CultistPotion"},{"floor":16.0,"key":"Dexterity Potion"},{"floor":18.0,"key":"Energy Potion"},{"floor":20.0,"key":"SkillPotion"},{"floor":27.0,"key":"DistilledChaos"},{"floor":30.0,"key":"SpeedPotion"},{"floor":39,"key":"Dexterity Potion"}],"is_trial":false,"path_per_floor":["M","M","$","M","M","R","?","E","T","R","?","R","?","$","R","B",null,"M","?","M","M","$","R","$","E","T","E","T","E","E","E","R","B",null,"M","?","M","M","M","E"],"character_chosen":"DEFECT","items_purchased":["Capacitor","Conserve Battery","Orrery"],"campfire_rested":2,"item_purchase_floors":[14,14,22],"current_hp_per_floor":[74,74,74,69,68,68,57,33,33,33,33,33,21,21,21,19,66,65,65,65,39,39,63,63,61,61,47,47,64,52,40,66,60,83,48,48,48,16,16,0,0],"gold":384,"neow_bonus":"TEN_PERCENT_HP_BONUS","is_daily":false,"chose_seed":false,"campfire_upgraded":4,"win_rate":0.0,"timestamp":1613968209,"path_taken":["M","M","?","M","M","R","?","E","T","R","?","R","?","$","R","BOSS","M","?","?","M","?","R","$","E","T","E","?","E","E","E","R","BOSS","M","?","M","M","M","E"],"items_purchased_type":["Card","Card","Relic"],"build_version":"2020-12-22","purchased_purges":1,"victory":false,"max_hp_per_floor":[82,82,82,82,82,82,82,82,82,82,82,82,82,82,82,82,82,82,82,82,82,82,82,82,82,82,82,82,84,86,88,88,90,90,90,90,92,92,92,92,92],"relic_stats":{"Dream Catcher":2,"Singing Bowl":10,"Happy Flower":[9],"counters":[20,83],"Tiny Chest":0,"PreservedInsect":214,"Black Star":0,"Letter Opener":[126],"Orichalcum":[96],"obtain_stats":[{"Singing Bowl":28,"Happy Flower":31,"SacredBark":17,"PreservedInsect":29,"Letter Opener":13,"Orichalcum":26,"Dream Catcher":9,"Orrery":22,"Tiny Chest":25,"WingedGreaves":27,"Black Star":34,"Cracked Core":0,"Toy Ornithopter":8,"InkBottle":30},{"Singing Bowl":11,"Happy Flower":14,"SacredBark":6,"PreservedInsect":12,"Letter Opener":5,"Orichalcum":10,"Dream Catcher":5,"Orrery":9,"Tiny Chest":10,"WingedGreaves":11,"Black Star":15,"Cracked Core":0,"Toy Ornithopter":5,"InkBottle":13},{"Singing Bowl":46,"Happy Flower":56,"SacredBark":24,"PreservedInsect":50,"Letter Opener":16,"Orichalcum":41,"Dream Catcher":16,"Orrery":37,"Tiny Chest":41,"WingedGreaves":46,"Black Star":64,"Cracked Core":0,"Toy Ornithopter":16,"InkBottle":53}],"Toy Ornithopter":35,"InkBottle":[12]},"card_choices":[{"not_picked":["Beam Cell","Turbo"],"picked":"Cold Snap","floor":1.0},{"not_picked":["Steam Power","Rip and Tear"],"picked":"Sweeping Beam","floor":2.0},{"not_picked":["Hologram","Beam Cell"],"picked":"Sunder","floor":4.0},{"not_picked":["Streamline","FTL"],"picked":"Defragment","floor":5.0},{"not_picked":["Rip and Tear","Storm"],"picked":"Electrodynamics","floor":8.0},{"not_picked":["Meteor Strike","Rainbow"],"picked":"Biased Cognition","floor":16.0},{"not_picked":["Hologram+1","Stack"],"picked":"Beam Cell+1","floor":18.0},{"not_picked":["Sunder","Hello World+1"],"picked":"Loop","floor":20.0},{"not_picked":["Gash+1","Defragment"],"picked":"Self Repair+1","floor":21.0},{"not_picked":["Compile Driver","All For One"],"picked":"Fission","floor":22.0},{"not_picked":["Rebound","Steam+1"],"picked":"Ball Lightning","floor":22.0},{"not_picked":["Redo","Rainbow"],"picked":"Storm","floor":22.0},{"not_picked":["Lockon","Meteor Strike"],"picked":"Coolheaded+1","floor":22.0},{"not_picked":["Conserve Battery","Compile Driver"],"picked":"Redo+1","floor":22.0},{"not_picked":["Barrage","Defragment"],"picked":"Aggregate","floor":23.0},{"not_picked":["Cold Snap","Hello World"],"picked":"Consume","floor":25.0},{"not_picked":["Capacitor+1","Darkness"],"picked":"Stack","floor":27.0},{"not_picked":["Darkness","Leap","Hologram"],"picked":"Singing Bowl","floor":29.0},{"not_picked":["Reprogram+1","Blizzard","Meteor Strike"],"picked":"Singing Bowl","floor":30.0},{"not_picked":["Chaos","Go for the Eyes","Sweeping Beam"],"picked":"Singing Bowl","floor":31.0},{"not_picked":["Melter+1","Go for the Eyes"],"picked":"Static Discharge","floor":32.0},{"not_picked":["All For One","Electrodynamics","Meteor Strike"],"picked":"Singing Bowl","floor":33.0},{"not_picked":["Consume","Redo+1"],"picked":"Stack+1","floor":35},{"not_picked":["Barrage+1","Go for the Eyes","Conserve Battery+1"],"picked":"Singing Bowl","floor":37},{"not_picked":["Chaos","Auto Shields+1"],"picked":"Coolheaded+1","floor":38},{"not_picked":["Cold Snap","Turbo"],"picked":"Glacier+1","floor":39}],"player_experience":420343,"relics_obtained":[{"floor":8.0,"key":"Toy Ornithopter"},{"floor":9.0,"key":"Dream Catcher"},{"floor":25.0,"key":"Tiny Chest"},{"floor":26.0,"key":"Orichalcum"},{"floor":27.0,"key":"WingedGreaves"},{"floor":28.0,"key":"Singing Bowl"},{"floor":29.0,"key":"PreservedInsect"},{"floor":30.0,"key":"InkBottle"},{"floor":31.0,"key":"Happy Flower"}],"event_choices":[{"damage_healed":0.0,"max_hp_gain":0.0,"max_hp_loss":0.0,"gold_gain":75.0,"event_name":"World of Goop","player_choice":"Gather Gold","floor":7.0,"gold_loss":0.0,"damage_taken":11.0},{"damage_healed":0.0,"max_hp_gain":0.0,"max_hp_loss":0.0,"gold_gain":0.0,"event_name":"Living Wall","player_choice":"Grow","floor":11.0,"gold_loss":0.0,"damage_taken":0.0,"cards_upgraded":["Electrodynamics"]},{"damage_healed":0.0,"max_hp_gain":0.0,"max_hp_loss":0.0,"gold_gain":0.0,"event_name":"Scrap Ooze","player_choice":"Success","floor":13.0,"gold_loss":0.0,"damage_taken":12.0,"relics_obtained":["Letter Opener"]},{"damage_healed":0.0,"max_hp_gain":0.0,"max_hp_loss":0.0,"gold_gain":0.0,"event_name":"Upgrade Shrine","player_choice":"Upgraded","floor":19.0,"gold_loss":0.0,"damage_taken":0.0,"cards_upgraded":["Biased Cognition"]},{"cards_removed":["Strike_B"],"damage_healed":0,"gold_gain":0,"player_choice":"Removed Attack","damage_taken":0,"max_hp_gain":0,"max_hp_loss":0,"event_name":"Falling","floor":36,"gold_loss":0}],"is_beta":false,"boss_relics":[{"not_picked":["Tiny House","Ectoplasm"],"picked":"SacredBark"},{"not_picked":["Philosopher\u0027s Stone","Runic Dome"],"picked":"Black Star"}],"items_purged_floors":[3],"is_endless":false,"potions_floor_spawned":[4,8,16,18,20,27,30,39],"killed_by":"Giant Head","ascension_level":7}}