{"host":"9wyo3s38eq483nmn","time":1613977205,"event":{"mods":["AchievementEnabler","Act Like it!","Ascension Reborn","Aspiration","BaseMod","Better Altar","Better Match","Better Note","Better Sensory Stone","Better Skull","Better Third Choice","BetterRewards","Card Forge","Challenge The Spire","Clockwork Mod","Colored Map","Colored Powertips","Downfall","Duelist Mod","Friendly Minions","GifTheSpireLib","Hallownest","Hermit","Hero for Fun","Highlight Path","Hubris","Infinite Spire","Jorbs\u0027s Wanderer Trilogy","Koishi","Marisa????????","Minty Spire (QoL Compilation)","Permanent Neow","Quick Restart","Remilia??????","Replay The Spire","Shop Mod","StSLib","Td1madao Mod","The Administrix","The Animator","The Bladedancer","The Bug Knight","The Construct","The Cursed","The Disciple","The Exalted","The Forsaken","The Hierophant","The Jungle","The Mystic","The Necromancer","The Runesmith","The Saiyan","The Senshi","The Servant 0.9.4","The Wild Card","Yuyuko"],"gold_per_floor":[19,19,35,53,64,64,94,106,156,2,14,14,33,47,47,145,145,162,178,188,202,220,220,253,273,273,121,137,153,187,206,206,309,309,322,338,338,348,366,394,394,409,409,409,426,426,440,456,456,456,456,456,402,433,433],"floor_reached":56,"language":"ENG","playtime":1354,"items_purged":[],"score":1710,"play_id":"508bb89b-5222-407b-af92-fd5584c81f4e","local_time":"20210222020005","is_ascension_mode":true,"campfire_choices":[{"floor":6,"key":"RECALL"},{"data":"Strike_Y","floor":12,"key":"SMITH"},{"data":"Consecutive_Normal_Punch","floor":15,"key":"SMITH"},{"data":"Strike_Y","floor":23,"key":"SMITH"},{"data":"Do_Nothing","floor":32,"key":"SMITH"},{"data":"Serious_Side_Hops","floor":41,"key":"SMITH"},{"floor":46,"key":"REST"},{"data":"Strike_Y","floor":49,"key":"SMITH"},{"floor":52,"key":"REST"}],"circlet_count":0,"master_deck":["Strike_Y+1","Strike_Y+1","Strike_Y+1","Strike_Y","Strike_Y","Defend_Y","Defend_Y","Defend_Y","Defend_Y","Defend_Y","Do_Nothing+1","Consecutive_Normal_Punch+1","Hop","Toss_Stone","Toss_Stone","Slap","Normal_Punch","Consecutive_Normal_Punch","Hop","Get_Hopes_Up+1","Hop+1","Toss_Stone+1","Consecutive_Normal_Punch+1","Side_Hop","Wear_Disguise","Consecutive_Normal_Punch","Terrifying_Presence+1","Consecutive_Normal_Punch","Side_Hop+1","Serious_Side_Hops","Slap+1","Serious_Side_Hops+1","Normal_Punch","Consecutive_Normal_Punch","infinitespire:Menacing+1","Hop+1","Normal_Punch+1","Normal_Punch","Consecutive_Normal_Punch","Slap+1","Yawn+1","Toss_Stone","Slap","Toss_Stone+1"],"relics":["Cape","Hammer of Thor","Seething Fire","Anvil of the Gods","Strawberry","Sling","hubris:HollowSoul","Anchor","Quantum Egg","Guide Book","hubris:PeanutButter","construct:ClawGrip","Runesmith:AutoHammer","War Paint","Replay:Accelerometer","Blood Vial"],"acts_visited":["Exordium","Exordium","TheBeyond","TheEnding"],"potions_floor_usage":[14,14,14,22,22,29,29,29,36,36,36,38],"damage_taken":[{"damage":0,"enemies":"Jaw Worm","floor":1,"turns":1},{"damage":0,"enemies":"infinitespire:Voidling","floor":3,"turns":1},{"damage":0,"enemies":"Small Slimes","floor":4,"turns":1},{"damage":0,"enemies":"Gremlin Gang","floor":5,"turns":2},{"damage":0,"enemies":"HollowMod:MossKnight","floor":7,"turns":1},{"damage":0,"enemies":"Looter","floor":8,"turns":1},{"damage":0,"enemies":"Exordium Wildlife","floor":11,"turns":1},{"damage":0,"enemies":"Blue Slaver","floor":13,"turns":1},{"damage":0,"enemies":"2 Fungi Beasts","floor":14,"turns":1},{"damage":0,"enemies":"The Guardian","floor":16,"turns":1},{"damage":0,"enemies":"theJungle:GiantWrat","floor":18,"turns":1},{"damage":0,"enemies":"theJungle:Flameango_and_Byrd","floor":19,"turns":1},{"damage":0,"enemies":"theJungle:JungleHuntersEncounter","floor":20,"turns":1},{"damage":0,"enemies":"theJungle:SlimyTreeVines","floor":21,"turns":1},{"damage":0,"enemies":"theJungle:Snecko_Cultist_And_Trap","floor":22,"turns":1},{"damage":0,"enemies":"theJungle:Cassacara","floor":24,"turns":1},{"damage":0,"enemies":"Snake Plant","floor":25,"turns":1},{"damage":0,"enemies":"theJungle:2_Snecko_Cultists","floor":28,"turns":1},{"damage":0,"enemies":"theJungle:SlimyTreeVines","floor":29,"turns":1},{"damage":0,"enemies":"theJungle:MamaSnecko","floor":30,"turns":1},{"damage":0,"enemies":"Snake Plant","floor":31,"turns":1},{"damage":0,"enemies":"theJungle:FunGuy","floor":33,"turns":1},{"damage":0,"enemies":"3 Darklings","floor":35,"turns":2},{"damage":0,"enemies":"3 Shapes","floor":36,"turns":2},{"damage":0,"enemies":"Sphere and 2 Shapes","floor":38,"turns":2},{"damage":0,"enemies":"Maw","floor":39,"turns":1},{"damage":0,"enemies":"Nemesis","floor":40,"turns":1},{"damage":0,"enemies":"4 Shapes","floor":42,"turns":2},{"damage":0,"enemies":"Jaw Worm Horde","floor":45,"turns":1},{"damage":0,"enemies":"3 Darklings","floor":47,"turns":2},{"damage":0,"enemies":"4 Shapes","floor":48,"turns":2},{"damage":0,"enemies":"Awakened One","floor":50,"turns":2},{"damage":0,"enemies":"Shield and Spear","floor":54,"turns":1},{"damage":0,"enemies":"The Heart","floor":55,"turns":3}],"seed_played":"8511708291350926091","potions_obtained":[{"floor":4,"key":"ColorlessPotion"},{"floor":5,"key":"SkillPotion"},{"floor":11,"key":"hexamod:SoulburnPotion"},{"floor":19,"key":"construct:ShiftPotion"},{"floor":21,"key":"champ:CounterPotion"},{"floor":24,"key":"PowerPotion"},{"floor":25,"key":"Energy Potion"},{"floor":28,"key":"GamblersBrew"},{"floor":31,"key":"FearPotion"},{"floor":33,"key":"Flashbang"},{"floor":35,"key":"infinitespire:BlackPotion"},{"floor":36,"key":"champ:CounterPotion"},{"floor":42,"key":"GamblersBrew"},{"floor":45,"key":"Doom Potion"}],"is_trial":false,"path_per_floor":["M","?","M","M","M","R","E","M","T","$","M","R","M","M","R","B",null,"M","M","M","M","M","R","E","M","T","$","M","M","E","M","R","B",null,"M","M","AVR","M","M","E","R","M","T","$","M","R","M","M","R","B",null,"R","$","E","B",null],"character_chosen":"OPM","items_purchased":["Sling","Guide Book","Slap"],"campfire_rested":2,"item_purchase_floors":[10,27,53],"current_hp_per_floor":[999,999,999,999,999,999,1006,1006,1006,1006,1006,1006,1006,1006,1006,1006,1006,1006,1006,1006,1006,1006,1006,1006,1006,1006,1006,1006,1006,1006,1006,1006,1006,1006,1006,1006,1006,1006,1006,1006,1006,1006,1006,1006,1006,1006,1006,1006,1006,1006,1006,1006,1006,1006,1006],"gold":433,"neow_bonus":"","is_daily":false,"chose_seed":false,"campfire_upgraded":6,"win_rate":0.0,"timestamp":1613977205,"path_taken":["M","?","M","M","M","R","E","M","T","$","M","R","M","M","R","BOSS","M","M","M","M","M","R","E","M","T","$","?","M","E","M","R","BOSS","M","M","AVR","M","M","E","R","M","T","$","M","R","M","M","R","BOSS","R","$","E","BOSS"],"items_purchased_type":["Relic","Relic","Card"],"build_version":"2020-12-22","purchased_purges":0,"victory":true,"max_hp_per_floor":[999,999,999,999,999,999,1006,1006,1006,1006,1006,1006,1006,1006,1006,1006,1006,1006,1006,1006,1006,1006,1006,1006,1006,1006,1006,1006,1006,1006,1006,1006,1006,1006,1006,1006,1006,1006,1006,1006,1006,1006,1006,1006,1006,1006,1006,1006,1006,1006,1006,1006,1006,1006,1006],"card_choices":[{"not_picked":["Wear_Disguise","Normal_Punch"],"picked":"Do_Nothing","floor":1},{"not_picked":["Do_Nothing","Yawn"],"picked":"Consecutive_Normal_Punch","floor":3},{"not_picked":["Normal_Punch","Ignore"],"picked":"Hop","floor":4},{"not_picked":["Consecutive_Normal_Punch","Normal_Punch"],"picked":"Toss_Stone","floor":5},{"not_picked":["Normal_Punch","Ignore"],"picked":"Toss_Stone","floor":7},{"not_picked":["Normal_Punch","Do_Nothing"],"picked":"Slap","floor":8},{"not_picked":["Hop","Serious_Side_Hops"],"picked":"Normal_Punch","floor":11},{"not_picked":["Hop","Yawn"],"picked":"Consecutive_Normal_Punch","floor":13},{"not_picked":["Side_Hop","Yawn"],"picked":"Hop","floor":14},{"not_picked":["Terrifying_Presence","Oh"],"picked":"Get_Hopes_Up","floor":16},{"not_picked":["Ignore","Side_Hop"],"picked":"Hop","floor":18},{"not_picked":["Normal_Punch","Wear_Disguise+1"],"picked":"Toss_Stone+1","floor":19},{"not_picked":["Ignore","Hop"],"picked":"Consecutive_Normal_Punch+1","floor":20},{"not_picked":["Ignore","Toss_Stone"],"picked":"Side_Hop","floor":21},{"not_picked":["Ignore","Side_Hop"],"picked":"Wear_Disguise","floor":22},{"not_picked":["Wear_Disguise","Hop"],"picked":"Consecutive_Normal_Punch","floor":24},{"not_picked":["Wear_Disguise+1","Ignore"],"picked":"Terrifying_Presence","floor":25},{"not_picked":["Hop","Toss_Stone"],"picked":"Consecutive_Normal_Punch","floor":28},{"not_picked":["Hop","Normal_Punch"],"picked":"Side_Hop+1","floor":29},{"not_picked":["Hop","Side_Hop"],"picked":"Serious_Side_Hops","floor":30},{"not_picked":["Consecutive_Normal_Punch","Ignore"],"picked":"Slap+1","floor":31},{"not_picked":["Get_Hopes_Up","Terrifying_Presence"],"picked":"Serious_Side_Hops","floor":33},{"not_picked":["Wear_Disguise","Yawn"],"picked":"Normal_Punch","floor":35},{"not_picked":["Wear_Disguise","Ignore+1"],"picked":"Consecutive_Normal_Punch","floor":36},{"not_picked":["Side_Hop+1","Wear_Disguise+1"],"picked":"Hop+1","floor":38},{"not_picked":["Side_Hop","Ignore"],"picked":"Normal_Punch+1","floor":39},{"not_picked":["Do_Nothing+1","Toss_Stone+1"],"picked":"Normal_Punch","floor":40},{"not_picked":["Ignore+1","Yawn+1"],"picked":"Consecutive_Normal_Punch","floor":42},{"not_picked":["Toss_Stone+1","Yawn"],"picked":"Slap+1","floor":45},{"not_picked":["Wear_Disguise","Ignore"],"picked":"Yawn+1","floor":47},{"not_picked":["Serious_Punch","Side_Hop"],"picked":"Toss_Stone","floor":48},{"not_picked":["Do_Nothing+1","Consecutive_Normal_Punch+1"],"picked":"Toss_Stone+1","floor":54}],"player_experience":0,"relics_obtained":[{"floor":7,"key":"Strawberry"},{"floor":24,"key":"Anchor"},{"floor":26,"key":"Quantum Egg"},{"floor":30,"key":"hubris:PeanutButter"},{"floor":40,"key":"War Paint"},{"floor":43,"key":"Replay:Accelerometer"},{"floor":54,"key":"Blood Vial"}],"event_choices":[{"cards_removed":["Do_Nothing"],"damage_healed":0,"gold_gain":0,"player_choice":"Give","damage_taken":0,"max_hp_gain":0,"max_hp_loss":0,"event_name":"betterNote:BetterNote","floor":2,"gold_loss":0,"cards_obtained":["None"]}],"is_beta":false,"boss_relics":[{"not_picked":["Replay:Wanted Poster","hubris:VirtuousBlindfold"],"picked":"hubris:HollowSoul"},{"not_picked":["bronze:MakeshiftBattery","ReplayTheSpireMod:DimensionalGlitch"],"picked":"construct:ClawGrip"}],"items_purged_floors":[],"is_endless":false,"potions_floor_spawned":[4,5,11,13,19,21,24,25,28,31,33,35,36,42,45],"ascension_level":0}}