{"host":"z37g2hkgkh2zjyzk","time":1613959779,"event":{"mods":["2.2 Compatiblity","AchievementEnabler","BaseMod","Bestiary","Colored Map","Colored Powertips","Curses Come First","Highlight Path","Keyboard Shortcuts","Minty Spire (QoL Compilation)","Relic Stats","StSLib","SuperFastMode"],"gold_per_floor":[114,289,305,305,319,319,319,319],"floor_reached":7,"language":"ENG","playtime":204,"items_purged":[],"score":51,"play_id":"83455341-7dc6-4dc4-aaa4-c6dd6e3df849","local_time":"20210222030939","is_ascension_mode":true,"campfire_choices":[{"floor":6,"key":"REST"}],"circlet_count":0,"master_deck":["Strike_B","Strike_B+1","Strike_B","Strike_B","Defend_B","Defend_B","Defend_B","Defend_B","Zap","Dualcast","Reprogram","Doubt","Streamline+1","Aggregate"],"relics":["SacredBark"],"acts_visited":["Exordium"],"potions_floor_usage":[],"damage_taken":[{"damage":1,"enemies":"2 Louse","floor":1,"turns":3},{"damage":13,"enemies":"Small Slimes","floor":3,"turns":5},{"damage":10,"enemies":"Jaw Worm","floor":5,"turns":5},{"damage":64,"enemies":"Gremlin Nob","floor":7,"turns":4}],"seed_played":"8006597532400044049","potions_obtained":[{"floor":3,"key":"ColorlessPotion"}],"is_trial":false,"path_per_floor":["M","?","M","?","M","R","E"],"character_chosen":"DEFECT","items_purchased":[],"campfire_rested":1,"item_purchase_floors":[],"current_hp_per_floor":[74,74,61,46,36,58,0,0],"gold":319,"neow_bonus":"BOSS_RELIC","is_daily":false,"chose_seed":false,"campfire_upgraded":0,"win_rate":0.0,"timestamp":1613959779,"path_taken":["M","?","M","?","M","R","E"],"items_purchased_type":[],"build_version":"2020-12-22","purchased_purges":0,"victory":false,"max_hp_per_floor":[75,75,75,75,75,75,75,75],"relic_stats":{"counters":[4,17],"obtain_stats":[{"SacredBark":0,"Cracked Core":0},{"SacredBark":0,"Cracked Core":0},{"SacredBark":0,"Cracked Core":0}]},"card_choices":[{"not_picked":["Compile Driver","Stack"],"picked":"Reprogram","floor":1},{"not_picked":["Tempest","Skim"],"picked":"Streamline","floor":3},{"not_picked":["Turbo","Cold Snap"],"picked":"Aggregate","floor":5}],"player_experience":196780,"relics_obtained":[],"event_choices":[{"damage_healed":0,"gold_gain":175,"player_choice":"AGREE","damage_taken":0,"max_hp_gain":0,"max_hp_loss":0,"event_name":"Liars Game","floor":2,"gold_loss":0,"cards_obtained":["Doubt"]},{"damage_healed":0,"gold_gain":0,"player_choice":"Entered Light","damage_taken":15,"max_hp_gain":0,"max_hp_loss":0,"event_name":"Shining Light","floor":4,"gold_loss":0,"cards_upgraded":["Streamline","Strike_B"]}],"is_beta":false,"boss_relics":[],"items_purged_floors":[],"is_endless":false,"potions_floor_spawned":[3],"killed_by":"Gremlin Nob","ascension_level":5}}