{"host":"w14xfy17z3c5mpoi","time":1613966185,"event":{"mods":["AchievementEnabler","BaseMod","Minty Spire (QoL Compilation)","Relic Stats"],"gold_per_floor":[111,124,143,8,23,23,49,49,49,66,66,76,86,104,104,176,176,176],"floor_reached":17,"language":"ENG","playtime":3164,"items_purged":[],"score":266,"play_id":"3db71fd1-7e16-4a29-a6d5-3ec07712c694","local_time":"20210221225625","is_ascension_mode":true,"campfire_choices":[{"data":"Venomology","floor":6,"key":"SMITH"},{"data":"Phantasmal Killer","floor":8,"key":"SMITH"},{"floor":15,"key":"REST"}],"circlet_count":0,"master_deck":["AscendersBane","Strike_G","Strike_G","Strike_G","Strike_G","Strike_G","Defend_G","Defend_G","Defend_G","Defend_G","Defend_G","Survivor","Neutralize","Phantasmal Killer+1","Deadly Poison","Infinite Blades","Well Laid Plans","Venomology+1","Quick Slash","Leg Sweep","Blade Dance","Backflip","A Thousand Cuts","CurseOfTheBell"],"relics":["Ring of the Snake","Ornamental Fan","Calling Bell","Oddly Smooth Stone","Paper Crane","Pocketwatch"],"acts_visited":["Exordium","TheCity"],"potions_floor_usage":[7,7,10,11,12,13,14,16,16,16],"damage_taken":[{"damage":6,"enemies":"Cultist","floor":1,"turns":5},{"damage":4,"enemies":"Jaw Worm","floor":2,"turns":3},{"damage":0,"enemies":"Small Slimes","floor":3,"turns":2},{"damage":10,"enemies":"3 Louse","floor":5,"turns":5},{"damage":19,"enemies":"Lagavulin","floor":7,"turns":5},{"damage":1,"enemies":"Looter","floor":10,"turns":4},{"damage":10,"enemies":"2 Fungi Beasts","floor":12,"turns":4},{"damage":1,"enemies":"Red Slaver","floor":13,"turns":4},{"damage":1,"enemies":"Blue Slaver","floor":14,"turns":4},{"damage":15,"enemies":"Slime Boss","floor":16,"turns":7}],"seed_played":"-5430686801592437320","potions_obtained":[{"floor":1,"key":"Swift Potion"},{"floor":5,"key":"Energy Potion"},{"floor":11,"key":"Fruit Juice"},{"floor":11,"key":"DuplicationPotion"},{"floor":12,"key":"Block Potion"},{"floor":14,"key":"Dexterity Potion"}],"is_trial":false,"path_per_floor":["M","M","M","$","M","R","E","R","T","M","?","M","M","M","R","B",null],"character_chosen":"THE_SILENT","items_purchased":["Venomology"],"campfire_rested":1,"item_purchase_floors":[4],"current_hp_per_floor":[57,53,53,53,43,43,24,24,24,23,28,18,17,16,36,21,56,56],"gold":176,"neow_bonus":"THREE_RARE_CARDS","is_daily":false,"chose_seed":false,"campfire_upgraded":2,"win_rate":0.0,"timestamp":1613966185,"path_taken":["M","M","?","$","M","R","E","R","T","M","?","M","?","M","R","BOSS"],"items_purchased_type":["Card"],"build_version":"2020-12-22","purchased_purges":0,"victory":false,"max_hp_per_floor":[63,63,63,63,63,63,63,63,63,63,68,68,68,68,68,68,68,68],"relic_stats":{"counters":[10,43],"Ornamental Fan":[44],"obtain_stats":[{"Calling Bell":17,"Ornamental Fan":7,"Oddly Smooth Stone":17,"Paper Crane":17,"Ring of the Snake":0,"Pocketwatch":17},{"Calling Bell":10,"Ornamental Fan":5,"Oddly Smooth Stone":10,"Paper Crane":10,"Ring of the Snake":0,"Pocketwatch":10},{"Calling Bell":43,"Ornamental Fan":20,"Oddly Smooth Stone":43,"Paper Crane":43,"Ring of the Snake":0,"Pocketwatch":43}],"Ring of the Snake":[20],"Pocketwatch":[0]},"card_choices":[{"not_picked":["Corpse Explosion","Die Die Die"],"picked":"Phantasmal Killer","floor":0},{"not_picked":["Tactician","Masterful Stab"],"picked":"Deadly Poison","floor":1},{"not_picked":["Distraction","Blur"],"picked":"Infinite Blades","floor":2},{"not_picked":["Flying Knee","Calculated Gamble"],"picked":"Well Laid Plans","floor":3},{"not_picked":["Acrobatics","Outmaneuver"],"picked":"Quick Slash","floor":5},{"not_picked":["Flechettes","Quick Slash","Underhanded Strike"],"picked":"SKIP","floor":7},{"not_picked":["Catalyst","Deadly Poison"],"picked":"Leg Sweep","floor":10},{"not_picked":["Outmaneuver","Bane","Masterful Stab"],"picked":"SKIP","floor":12},{"not_picked":["Caltrops","PiercingWail"],"picked":"Blade Dance","floor":13},{"not_picked":["Quick Slash","Deadly Poison"],"picked":"Backflip","floor":14},{"not_picked":["Doppelganger","Tools of the Trade"],"picked":"A Thousand Cuts","floor":16}],"player_experience":762927,"relics_obtained":[{"floor":7,"key":"Ornamental Fan"},{"floor":17,"key":"Oddly Smooth Stone"},{"floor":17,"key":"Paper Crane"},{"floor":17,"key":"Pocketwatch"}],"event_choices":[{"damage_healed":0,"gold_gain":0,"player_choice":"Got Potions","damage_taken":0,"max_hp_gain":0,"max_hp_loss":0,"event_name":"Lab","floor":11,"gold_loss":0}],"is_beta":false,"boss_relics":[{"not_picked":["Velvet Choker","Tiny House"],"picked":"Calling Bell"}],"items_purged_floors":[],"is_endless":false,"potions_floor_spawned":[1,5,12,14],"ascension_level":13}}