{"host":"066y5nba5qw19k68","time":1613957877,"event":{"mods":["BaseMod","Colored Powertips","Downfall","Minty Spire (QoL Compilation)","Replay The Spire","Shop Mod","StSLib"],"gold_per_floor":[110,130,12,27,42,42,42,42,42,59,75,75,108,108,108,212,212,227,242,253,253,253,253,269,309,364,383,0,0,20,46,46,165,165,193,12,12,21,40,81,81,104,140,167,191,191,210,210,210,219],"floor_reached":51,"language":"ZHS","playtime":1742,"items_purged":["Normality"],"score":803,"play_id":"717a0b64-222e-4e92-a25b-50945ba30392","local_time":"20210222093757","daily_mods":["Red Cards","Green Cards","Blue Cards","Purple Cards","Colorless Cards","Heirloom","Time Dilation","Cursed Run","Uncertain Future"],"is_ascension_mode":false,"campfire_choices":[{"data":"Seeing Red","floor":6,"key":"SMITH"},{"data":"Blade Dance","floor":8,"key":"SMITH"},{"data":"Neutralize","floor":15,"key":"SMITH"},{"data":"Creative AI","floor":23,"key":"SMITH"},{"data":"Blade Dance","floor":29,"key":"SMITH"},{"data":"Replay:Undeath\u0027s Touch","floor":32,"key":"SMITH"},{"data":"ReplayUltimateDefense","floor":41,"key":"SMITH"},{"data":"Flex","floor":46,"key":"SMITH"},{"data":"Sword Boomerang","floor":49,"key":"SMITH"}],"circlet_count":0,"master_deck":["bronze:Strike+1","bronze:Strike+1","bronze:Strike+1","bronze:Strike+1","bronze:Strike+1","bronze:Defend","bronze:Defend","bronze:Defend","bronze:Defend","bronze:Defend","Survivor","Neutralize+1","Flying Knee","FollowUp","Seeing Red+1","JustLucky","Blade Dance+1","Sword Boomerang+1","Writhe","Backflip","Flex+1","CarveReality","Creative AI+1","Steam","Cloak And Dagger+1","Blade Dance+1","FollowUp","Metallicize","ReplayTheSpireMod:Faulty Equipment","Replay:Undeath\u0027s Touch+1","BasicCrystalCard+1","Prepared+1","downfall:Aged","ReplayUltimateDefense+1","Dramatic Entrance+1","Violence","Looming Evil","Slice","Shrug It Off+1","Wild Strike","Parasite","Flying Knee","ReplayTheSpireMod:Muscle Training+1","Deflect","Spreading Infection"],"relics":["Cursed Key","Darkstone Periapt","Du-Vu Doll","bronze:AnalyticalCore","Pondfish Scales","NeowsBlessing","Replay:Bottled Eggs","NeowsBlessing","Pocketwatch","Honey Jar","NeowsBlessing","CeramicFish","MealTicket","hexamod:BolsterEngine","ClockworkSouvenir","expansioncontent:StudyCardRelic","NeowsBlessing","Ring of Fury","Ring of Misfortune","Divine Protection","Anchor","NeowsBlessing"],"acts_visited":["Exordium","TheCity","TheBeyond"],"potions_floor_usage":[19,19,33,33,33,33,33,33,50],"damage_taken":[{"damage":0,"enemies":"Jaw Worm","floor":1,"turns":2},{"damage":0,"enemies":"Cultist","floor":2,"turns":2},{"damage":0,"enemies":"Small Slimes","floor":4,"turns":2},{"damage":0,"enemies":"Exordium Wildlife","floor":5,"turns":3},{"damage":0,"enemies":"Exordium Thugs","floor":10,"turns":1},{"damage":0,"enemies":"Large Slime","floor":11,"turns":1},{"damage":0,"enemies":"Gremlin Nob","floor":13,"turns":1},{"damage":0,"enemies":"The Guardian","floor":16,"turns":1},{"damage":0,"enemies":"Shell Parasite","floor":18,"turns":1},{"damage":0,"enemies":"3 Byrds","floor":19,"turns":2},{"damage":8,"enemies":"3 Cultists","floor":20,"turns":3},{"damage":0,"enemies":"Snecko","floor":24,"turns":1},{"damage":0,"enemies":"Slavers","floor":25,"turns":2},{"damage":0,"enemies":"Centurion and Healer","floor":27,"turns":1},{"damage":1,"enemies":"3 Cultists","floor":30,"turns":3},{"damage":5,"enemies":"Shelled Parasite and Fungi","floor":31,"turns":3},{"damage":10,"enemies":"Pondfish","floor":33,"turns":6},{"damage":0,"enemies":"3 Darklings","floor":35,"turns":3},{"damage":0,"enemies":"3 Shapes","floor":39,"turns":1},{"damage":0,"enemies":"Reptomancer","floor":40,"turns":1},{"damage":0,"enemies":"3 Darklings","floor":42,"turns":1},{"damage":0,"enemies":"Transient","floor":44,"turns":5},{"damage":0,"enemies":"Maw","floor":45,"turns":3},{"damage":0,"enemies":"Sphere and 2 Shapes","floor":47,"turns":2},{"damage":0,"enemies":"Awakened One","floor":50,"turns":7}],"seed_played":"-5205293620580736046","potions_obtained":[{"floor":1,"key":"GhostInAJar"},{"floor":4,"key":"EntropicBrew"},{"floor":13,"key":"PowerPotion"},{"floor":19,"key":"BlessingOfTheForge"},{"floor":20,"key":"Cursed Concoction"},{"floor":25,"key":"AttackPotion"},{"floor":31,"key":"FearPotion"},{"floor":40,"key":"Fire Potion"},{"floor":42,"key":"LiquidBronze"}],"is_trial":true,"path_per_floor":["M","M","$","M","M","R","WH","R","T","M","M","WH","E","?","R","B",null,"M","M","M","WH","WH","R","M","E","T","M","$","R","M","M","R","B",null,"M","$","WH","?","M","E","R","M","T","M","M","R","M","WH","R","B",null],"character_chosen":"THE_SILENT","items_purchased":["Seeing Red","JustLucky","hexamod:BolsterEngine","ClockworkSouvenir","Violence"],"campfire_rested":0,"item_purchase_floors":[3,3,28,28,36],"current_hp_per_floor":[70,70,70,70,70,70,70,70,76,76,76,76,76,76,76,82,82,82,82,74,82,82,82,82,82,88,88,96,96,95,90,90,86,102,102,102,102,108,108,108,108,108,114,114,114,114,114,114,114,120],"gold":219,"neow_bonus":"THREE_ENEMY_KILL","is_daily":false,"chose_seed":false,"campfire_upgraded":9,"win_rate":0.0,"timestamp":1613957877,"path_taken":["M","M","$","M","M","R","WH","R","T","M","M","WH","E","?","R","BOSS","M","M","M","WH","WH","R","M","E","T","M","$","R","?","M","R","BOSS","M","$","WH","?","M","E","R","M","T","M","M","R","M","WH","R","BOSS"],"items_purchased_type":["Card","Card","Relic","Relic","Card"],"build_version":"2020-12-22","purchased_purges":1,"victory":true,"max_hp_per_floor":[70,70,70,70,70,70,70,70,76,76,76,76,76,76,76,82,82,82,82,82,90,90,90,90,90,96,96,96,96,96,96,96,102,102,102,102,102,108,108,108,108,108,114,114,114,114,114,114,114,120],"card_choices":[{"not_picked":["TalkToTheHand","Battle Trance"],"picked":"Flying Knee","floor":1},{"not_picked":["Slice","Iron Wave"],"picked":"FollowUp","floor":2},{"not_picked":["Streamline","Replay:Battleflow"],"picked":"Blade Dance","floor":4},{"not_picked":["Weave","Dodge and Roll"],"picked":"Sword Boomerang","floor":5},{"not_picked":["JustLucky","Ball Lightning"],"picked":"Backflip","floor":10},{"not_picked":["Hidden Blade","Redo"],"picked":"Flex","floor":11},{"not_picked":["Underhanded Strike","Wish"],"picked":"CarveReality","floor":13},{"not_picked":["Brutality","ReplayTheSpireMod:Necrosis"],"picked":"Creative AI","floor":16},{"not_picked":["Acrobatics","Doom and Gloom+1","ReplayTheSpireMod:Exploit Weakness"],"picked":"Steam","floor":18},{"not_picked":["BootSequence","Cleave","Replay:ManipulateFuture"],"picked":"Cloak And Dagger+1","floor":19},{"not_picked":["Combust+1","Blood for Blood","EmptyBody"],"picked":"Blade Dance","floor":20},{"not_picked":["Battle Trance","Poisoned Stab","FearNoEvil"],"picked":"FollowUp","floor":24},{"not_picked":["TalkToTheHand","ReplayTheSpireMod:Limb From Limb","Flying Knee"],"picked":"Metallicize","floor":25},{"not_picked":["Chill","Vengeance","Corpse Explosion"],"picked":"Replay:Undeath\u0027s Touch","floor":27},{"not_picked":["Dual Wield","Fasting2","Scrape"],"picked":"BasicCrystalCard+1","floor":30},{"not_picked":["Tantrum","JustLucky","Outmaneuver"],"picked":"Prepared+1","floor":31},{"not_picked":["Creative AI","All For One","Barricade"],"picked":"ReplayUltimateDefense","floor":33},{"not_picked":["Masterful Stab+1","Purity","Reflex"],"picked":"Dramatic Entrance+1","floor":35},{"not_picked":["Sneak Up","EmptyFist","Dropkick"],"picked":"Slice","floor":39},{"not_picked":["Deflect","Amplify","Ball Lightning+1"],"picked":"Shrug It Off+1","floor":40},{"not_picked":["Static Discharge","Sweeping Beam+1","Rage"],"picked":"Wild Strike","floor":42},{"not_picked":["Barrage","Specialist+1","Calculated Gamble"],"picked":"Flying Knee","floor":44},{"not_picked":["Bane+1","PiercingWail","Skim+1"],"picked":"ReplayTheSpireMod:Muscle Training+1","floor":45},{"not_picked":["Force Field","Clash","Redo"],"picked":"Deflect","floor":47}],"player_experience":110500,"relics_obtained":[{"floor":9,"key":"Replay:Bottled Eggs"},{"floor":13,"key":"Pocketwatch"},{"floor":25,"key":"CeramicFish"},{"floor":26,"key":"MealTicket"},{"floor":38,"key":"Ring of Fury"},{"floor":38,"key":"Ring of Misfortune"},{"floor":40,"key":"Divine Protection"},{"floor":43,"key":"Anchor"}],"event_choices":[{"damage_healed":0,"gold_gain":0,"player_choice":"Got Potions","damage_taken":0,"max_hp_gain":0,"max_hp_loss":0,"event_name":"Lab","floor":14,"gold_loss":0}],"is_beta":false,"boss_relics":[{"not_picked":["Astrolabe","Black Star"],"picked":"Honey Jar"},{"not_picked":["Velvet Choker","Empty Cage"],"picked":"expansioncontent:StudyCardRelic"}],"items_purged_floors":[28],"is_endless":false,"potions_floor_spawned":[1,4,13,16,19,20,25,31,40,42],"ascension_level":0}}