{"host":"vx488ommchhibo3k","time":1613959440,"event":{"mods":["BaseMod","BetterRewards","Colored Map","Colored Powertips","Highlight Path","Minty Spire (QoL Compilation)","Quick Restart","Rare Cards Sparkle","Shop Mod","StSLib","SuperFastMode"],"gold_per_floor":[116,191,266,278,289,289,239,251,251,251,266,266,266],"floor_reached":12,"language":"JPN","playtime":378,"items_purged":["Strike_P"],"score":70,"play_id":"8e4fcc52-f1ea-4ce9-b9b8-55428b70031f","local_time":"20210222110400","is_ascension_mode":false,"campfire_choices":[{"data":"Eruption","floor":6,"key":"SMITH"},{"data":"Vigilance","floor":10,"key":"SMITH"}],"circlet_count":0,"master_deck":["Strike_P","Strike_P","Strike_P","Defend_P","Defend_P","Defend_P","Eruption+1","Vigilance+1","Tantrum","Crescendo","Wireheading","Consecrate","CrushJoints","BattleHymn","ClearTheMind","Tantrum"],"relics":["PureWater","Turnip","Art of War","MerchantsRug","Bottled Lightning"],"acts_visited":["Exordium"],"potions_floor_usage":[4],"damage_taken":[{"damage":1,"enemies":"Jaw Worm","floor":1,"turns":3},{"damage":0,"enemies":"Cultist","floor":4,"turns":2},{"damage":3,"enemies":"2 Louse","floor":5,"turns":3},{"damage":1,"enemies":"Exordium Wildlife","floor":8,"turns":2},{"damage":0,"enemies":"2 Fungi Beasts","floor":11,"turns":2},{"damage":22,"enemies":"3 Sentries","floor":12,"turns":2}],"seed_played":"392858350524885244","potions_obtained":[{"floor":1,"key":"FearPotion"},{"floor":5,"key":"ColorlessPotion"},{"floor":8,"key":"DistilledChaos"}],"is_trial":false,"path_per_floor":["M","?","?","M","M","R","?","M","T","R","M","E"],"character_chosen":"WATCHER","items_purchased":["Tantrum","Crescendo","Wireheading","Consecrate","Art of War","MerchantsRug"],"campfire_rested":0,"item_purchase_floors":[0,0,0,0,0,0],"current_hp_per_floor":[39,28,21,21,18,18,18,17,17,17,17,0,0],"gold":266,"neow_bonus":"","is_daily":false,"chose_seed":false,"campfire_upgraded":2,"win_rate":0.0,"timestamp":1613959440,"path_taken":["M","?","?","M","?","R","?","M","T","R","M","E"],"items_purchased_type":["Card","Card","Card","Card","Relic","Relic"],"build_version":"2020-12-22","purchased_purges":1,"victory":false,"max_hp_per_floor":[72,72,72,72,72,72,72,72,72,72,72,72,72],"card_choices":[{"not_picked":["Indignation","EmptyMind","FlurryOfBlows"],"picked":"SKIP","floor":1},{"not_picked":["Vengeance","EmptyFist"],"picked":"CrushJoints","floor":4},{"not_picked":["Pray","ForeignInfluence"],"picked":"BattleHymn","floor":5},{"not_picked":["FearNoEvil","FlurryOfBlows"],"picked":"ClearTheMind","floor":8},{"not_picked":["SashWhip","Fasting2"],"picked":"Tantrum","floor":11}],"player_experience":149927,"relics_obtained":[{"floor":9,"key":"Bottled Lightning"}],"event_choices":[{"damage_healed":0,"gold_gain":75,"player_choice":"Gather Gold","damage_taken":11,"max_hp_gain":0,"max_hp_loss":0,"event_name":"World of Goop","floor":2,"gold_loss":0},{"damage_healed":0,"gold_gain":75,"player_choice":"Touch","damage_taken":7,"max_hp_gain":0,"max_hp_loss":0,"event_name":"FaceTrader","floor":3,"gold_loss":0},{"cards_removed":["Defend_P"],"damage_healed":0,"gold_gain":0,"player_choice":"Card Removal","damage_taken":0,"max_hp_gain":0,"max_hp_loss":0,"event_name":"The Cleric","floor":7,"gold_loss":50}],"is_beta":false,"boss_relics":[],"items_purged_floors":[0],"is_endless":false,"potions_floor_spawned":[1,5,8],"killed_by":"3 Sentries","ascension_level":0}}