{"host":"qc1sjgtdjonvdsd8","time":1613955924,"event":{"mods":["BaseMod","Colored Map","Colored Powertips","Curses Come First","Minty Spire (QoL Compilation)","Replay The Spire","StSLib"],"gold_per_floor":[117,117,133,148,118,118,118,118,118,144,144,158,158,158,158,171,171,300,300,323,323,344,359,359,397,397,438,438,456,224,349,369,385,385,514,514,528,546,299,318,418,418,462,483,531,484,484,524,204,204,204,204,204],"floor_reached":52,"language":"ENG","playtime":5903,"items_purged":["Envenom","Poisoned Stab+1"],"score":990,"play_id":"ce7f08b8-020f-495e-97d4-a98ca890916e","local_time":"20210221170524","is_ascension_mode":true,"campfire_choices":[{"data":"Acrobatics","floor":6,"key":"SMITH"},{"data":"Deflect","floor":9,"key":"SMITH"},{"data":"Calculated Gamble","floor":15,"key":"SMITH"},{"data":"Tactician","floor":26,"key":"SMITH"},{"data":"Calculated Gamble","floor":34,"key":"SMITH"},{"data":"Concentrate","floor":42,"key":"SMITH"},{"data":"Calculated Gamble","floor":47,"key":"SMITH"},{"floor":51,"key":"RECALL"}],"circlet_count":0,"master_deck":["Survivor","Neutralize","Deflect+1","Cloak And Dagger","Acrobatics+1","ReplayTheSpireMod:The Works","Calculated Gamble+1","Blur+1","Burst","Dagger Throw","Blur","Venomology","Calculated Gamble+1","Finisher+1","Toxin Wave","Concentrate+1","Tactician+1","Backflip","Expertise","Reflex+1","Eviscerate+1","Hidden Blade","Calculated Gamble+1","Adrenaline","Prepared","Reflex+1","PiercingWail","ReplayTheSpireMod:The Works"],"relics":["Philosopher\u0027s Stone","Bag of Preparation","Blue Candle","Golden Idol","Pandora\u0027s Box","Akabeko","Vampiric Spirits","MealTicket","Meat on the Bone","BranchBurnRelic","Centennial Puzzle","Mirror","Whetstone","Bag of Marbles","Ornamental Fan"],"acts_visited":["Exordium","TheCity","TheBeyond"],"potions_floor_usage":[18,18,18,22,22,22,27,27,29,31,32,33,33,35,37,40,52,52],"damage_taken":[{"damage":1,"enemies":"2 Louse","floor":1,"turns":3},{"damage":0,"enemies":"Cultist","floor":3,"turns":6},{"damage":0,"enemies":"Small Slimes","floor":4,"turns":5},{"damage":2,"enemies":"Looter","floor":5,"turns":4},{"damage":3,"enemies":"Large Slime","floor":12,"turns":10},{"damage":0,"enemies":"Blue Slaver","floor":16,"turns":4},{"damage":21,"enemies":"Fading Forest","floor":18,"turns":11},{"damage":12,"enemies":"Spheric Guardian","floor":20,"turns":9},{"damage":4,"enemies":"2 Thieves","floor":22,"turns":3},{"damage":0,"enemies":"Centurion and Healer","floor":23,"turns":4},{"damage":0,"enemies":"Book of Stabbing","floor":25,"turns":3},{"damage":0,"enemies":"Slavers","floor":27,"turns":2},{"damage":0,"enemies":"Sentry and Sphere","floor":29,"turns":1},{"damage":0,"enemies":"Colosseum Slavers","floor":31,"turns":1},{"damage":0,"enemies":"Colosseum Nobs","floor":31,"turns":1},{"damage":0,"enemies":"Shelled Parasite and Fungi","floor":32,"turns":1},{"damage":0,"enemies":"3 Cultists","floor":33,"turns":2},{"damage":0,"enemies":"Collector","floor":35,"turns":1},{"damage":0,"enemies":"3 Darklings","floor":37,"turns":1},{"damage":0,"enemies":"Orb Walker","floor":38,"turns":1},{"damage":0,"enemies":"Sphere and 2 Shapes","floor":40,"turns":1},{"damage":0,"enemies":"Nemesis","floor":43,"turns":1},{"damage":0,"enemies":"Transient","floor":44,"turns":1},{"damage":0,"enemies":"Giant Head","floor":48,"turns":3},{"damage":79,"enemies":"Time Eater","floor":52,"turns":7}],"seed_played":"6041322934726692835","potions_obtained":[{"floor":3,"key":"CultistPotion"},{"floor":12,"key":"DistilledChaos"},{"floor":16,"key":"Fire Potion"},{"floor":20,"key":"Block Potion"},{"floor":27,"key":"Death Potion"},{"floor":32,"key":"Poison Potion"},{"floor":43,"key":"Swift Potion"}],"is_trial":false,"path_per_floor":["M","?","M","M","M","R","PTL","PTL","R","T","T","M","?","?","R","M","R_BF","B",null,"M","?","M","M","?","E","R","E","T","M","$","?","M","M","R","B",null,"M","M","$","M","?","R","E","M","T","$","R","E","$","?","R","B"],"character_chosen":"THE_SILENT","items_purchased":["MealTicket","Centennial Puzzle","PiercingWail","ReplayTheSpireMod:The Works","Ornamental Fan"],"campfire_rested":0,"item_purchase_floors":[30,39,46,49,49],"current_hp_per_floor":[62,62,62,62,60,60,60,60,60,60,60,57,40,40,40,40,61,40,63,51,51,47,47,47,47,47,47,47,54,54,70,70,70,70,70,70,70,70,70,70,70,70,70,70,70,70,70,70,70,70,70,0,0],"gold":204,"neow_bonus":"BOSS_RELIC","is_daily":false,"chose_seed":false,"campfire_upgraded":7,"win_rate":0.0,"timestamp":1613955924,"path_taken":["M","?","M","?","?","R","PTL","PTL","R","?","T","M","?","?","R","M","R_BF","BOSS","M","?","M","M","?","E","R","E","T","M","$","?","M","M","R","BOSS","M","M","$","M","?","R","E","?","T","?","R","E","$","?","R","BOSS"],"items_purchased_type":["Relic","Relic","Card","Card","Relic"],"build_version":"2020-12-22","purchased_purges":2,"victory":false,"max_hp_per_floor":[70,70,70,70,70,70,70,70,70,70,70,70,70,70,70,70,70,70,70,70,70,70,70,70,70,70,70,70,70,70,70,70,70,70,70,70,70,70,70,70,70,70,70,70,70,70,70,70,70,70,70,70,70],"card_choices":[{"not_picked":["Poisoned Stab","Flying Knee"],"picked":"Deflect","floor":1},{"not_picked":["Outmaneuver","Unload"],"picked":"Cloak And Dagger","floor":3},{"not_picked":["Endless Agony","Quick Slash"],"picked":"Acrobatics","floor":4},{"not_picked":["Sneak Up","Sucker Punch"],"picked":"ReplayTheSpireMod:The Works","floor":5},{"not_picked":["Bane","Quick Slash"],"picked":"Calculated Gamble","floor":12},{"not_picked":["Dodge and Roll","Deflect"],"picked":"Blur","floor":16},{"not_picked":["Venomology","Unload"],"picked":"Burst","floor":18},{"not_picked":["Blur","Backflip"],"picked":"Poisoned Stab+1","floor":20},{"not_picked":["Dodge and Roll+1","Backstab+1"],"picked":"Expertise","floor":22},{"not_picked":["Deadly Poison+1","PiercingWail"],"picked":"Reflex+1","floor":23},{"not_picked":["Deadly Poison","Cloak And Dagger","Deflect"],"picked":"SKIP","floor":25},{"not_picked":["Fluid Movement","PiercingWail"],"picked":"Eviscerate","floor":27},{"not_picked":["Dagger Spray+1","Blade Dance"],"picked":"Hidden Blade","floor":29},{"not_picked":["Cloak And Dagger+1","Sneak Up","Flying Knee"],"picked":"SKIP","floor":32},{"not_picked":["Dodge and Roll","Skewer+1"],"picked":"Calculated Gamble","floor":33},{"not_picked":["Storm of Steel","Wraith Form v2"],"picked":"Adrenaline","floor":35},{"not_picked":["All Out Attack+1","Escape Plan"],"picked":"Prepared","floor":37},{"not_picked":["Underhanded Strike+1","Predator"],"picked":"Reflex+1","floor":38},{"not_picked":["Outmaneuver","Die Die Die","PiercingWail"],"picked":"SKIP","floor":40},{"not_picked":["Dagger Spray","Catalyst","Deflect+1"],"picked":"SKIP","floor":43},{"not_picked":["Infinite Blades","Underhanded Strike+1","Outmaneuver+1"],"picked":"SKIP","floor":44},{"not_picked":["Skewer","Well Laid Plans+1","Bane+1"],"picked":"SKIP","floor":48}],"player_experience":338249,"relics_obtained":[{"floor":10,"key":"Bag of Preparation"},{"floor":11,"key":"Blue Candle"},{"floor":25,"key":"Akabeko"},{"floor":27,"key":"Vampiric Spirits"},{"floor":31,"key":"Dead Branch"},{"floor":31,"key":"Meat on the Bone"},{"floor":43,"key":"Mirror"},{"floor":45,"key":"Whetstone"},{"floor":48,"key":"Bag of Marbles"}],"event_choices":[{"cards_removed":["Strike_G"],"damage_healed":0,"gold_gain":0,"player_choice":"Offered Basic","damage_taken":0,"max_hp_gain":0,"max_hp_loss":0,"event_name":"Bonfire Elementals","floor":2,"gold_loss":0},{"damage_healed":0,"gold_gain":0,"player_choice":"Take Damage","damage_taken":17,"relics_obtained":["Golden Idol"],"max_hp_gain":0,"max_hp_loss":0,"event_name":"Golden Idol","floor":13,"gold_loss":0},{"damage_healed":0,"gold_gain":0,"player_choice":"Searched \u00271\u0027 times","damage_taken":0,"max_hp_gain":0,"max_hp_loss":0,"event_name":"Dead Adventurer","floor":14,"gold_loss":0},{"damage_healed":0,"gold_gain":0,"player_choice":"Read","damage_taken":0,"max_hp_gain":0,"max_hp_loss":0,"event_name":"The Library","floor":21,"gold_loss":0,"cards_obtained":["Backflip"]},{"damage_healed":0,"gold_gain":0,"player_choice":"Ignored","damage_taken":0,"max_hp_gain":0,"max_hp_loss":0,"event_name":"Vampires","floor":24,"gold_loss":0},{"damage_healed":0,"gold_gain":0,"player_choice":"Fight","damage_taken":0,"max_hp_gain":0,"max_hp_loss":0,"event_name":"Colosseum","floor":31,"gold_loss":0},{"damage_healed":0,"gold_gain":0,"player_choice":"Fought Nobs","damage_taken":0,"max_hp_gain":0,"max_hp_loss":0,"event_name":"Colosseum","floor":31,"gold_loss":0},{"damage_healed":0,"gold_gain":100,"player_choice":"Pray","damage_taken":0,"max_hp_gain":0,"max_hp_loss":0,"event_name":"Golden Shrine","floor":41,"gold_loss":0},{"damage_healed":0,"gold_gain":0,"player_choice":"Ignored","damage_taken":0,"max_hp_gain":0,"max_hp_loss":0,"event_name":"Tomb of Lord Red Mask","floor":50,"gold_loss":0}],"is_beta":false,"boss_relics":[{"not_picked":["Busted Crown","Ring of Chaos"],"picked":"Pandora\u0027s Box"},{"not_picked":["Painkiller Herb","Velvet Choker","Snecko Heart"]}],"items_purged_floors":[30,39],"is_endless":false,"potions_floor_spawned":[3,12,16,20,27,31,32,35,43,48],"killed_by":"Time Eater","ascension_level":7}}