{"host":"rbccvrvdyhsypb23","time":1613993294,"event":{"mods":["2.2 Compatiblity","AchievementEnabler","Act Like it!","Arknights","Aspiration","BaseMod","Beaked The Cultist","Better Third Choice","BetterRewards","Defuse TimeMaze Blight","Fox Events","Friendly Minions","GungeonMod","Hubris","Infinite Spire","Ironclad Rager","KomeijiMod","Marisa????????","Minty Spire (QoL Compilation)","Random Character Button","Reimu??????","Reliquary","Replay The Spire","Shade Mod","StSLib","The Animator","The Blackbeard","The Cursed","The Disciple","The Hierophant","The Jungle","The Marked","The Mystic","The Necromancer","Wandering Minibosses"],"gold_per_floor":[116,142,66,66,109,136,136,130,178,216,251,275,293,468,468,446,446],"floor_reached":16,"language":"ENG","playtime":4217,"items_purged":[],"score":114,"play_id":"3210f722-965e-4fe3-8cd3-ed79bacc68c0","local_time":"20210222142814","is_ascension_mode":false,"campfire_choices":[{"data":"hierophant:Charity","floor":7.0,"key":"SMITH"},{"floor":15.0,"key":"REST"}],"circlet_count":0,"master_deck":["hierophant:Strike_Hierophant","hierophant:Strike_Hierophant","hierophant:Strike_Hierophant","hierophant:Punish","hierophant:Defend_Hierophant","hierophant:Defend_Hierophant","hierophant:Defend_Hierophant","hierophant:Defend_Hierophant","hierophant:ChurchCoffers","hierophant:Doubloon","hierophant:CoinFling","hierophant:Doubloon","hierophant:Charity+1","hierophant:Doubloon","hierophant:Blessing","hierophant:MorningPrayer","hierophant:FieryStrike","hierophant:ThreeLashes","hierophant:Smite","hierophant:DivineIntervention","hierophant:OrnateBuckler","hierophant:Shelter","Doubt"],"relics":["hierophant:PropheticMaskRelic","reliquary:TatteredRug","reliquary:PartyBalloon","Replay:Bandana"],"acts_visited":["Exordium"],"potions_floor_usage":[16,16],"damage_taken":[{"damage":0.0,"enemies":"Small Slimes","floor":1.0,"turns":4.0},{"damage":5.0,"enemies":"Jaw Worm","floor":2.0,"turns":3.0},{"damage":7.0,"enemies":"2 Louse","floor":5.0,"turns":2.0},{"damage":24.0,"enemies":"Gremlin Nob","floor":6.0,"turns":4.0},{"damage":10.0,"enemies":"Looter","floor":8.0,"turns":3.0},{"damage":17.0,"enemies":"Exordium Wildlife","floor":10.0,"turns":5.0},{"damage":13.0,"enemies":"3 Sentries","floor":11.0,"turns":4.0},{"damage":1.0,"enemies":"2 Fungi Beasts","floor":12.0,"turns":2.0},{"damage":29.0,"enemies":"Exordium Thugs","floor":13.0,"turns":7.0},{"damage":34,"enemies":"Hexaghost","floor":16,"turns":14}],"seed_played":"-8562617692204082827","potions_obtained":[{"floor":1.0,"key":"Explosive Potion"},{"floor":10.0,"key":"Reflective Coating"},{"floor":12.0,"key":"AttackPotion"},{"floor":13.0,"key":"GamblersBrew"}],"is_trial":false,"path_per_floor":["M","M","$","?","M","E","R","M","T","M","E","M","M","?","R","B"],"character_chosen":"HIEROPHANT","items_purchased":["hierophant:Charity"],"campfire_rested":1,"item_purchase_floors":[3],"current_hp_per_floor":[82,77,77,77,70,46,46,43,43,33,27,26,4,4,28,1,1],"gold":446,"neow_bonus":"TEN_PERCENT_HP_BONUS","is_daily":false,"chose_seed":false,"campfire_upgraded":1,"win_rate":0.0,"timestamp":1613993294,"path_taken":["M","M","$","?","M","E","R","M","T","M","E","M","M","?","R","BOSS"],"items_purchased_type":["Card"],"build_version":"2020-12-22","purchased_purges":0,"victory":false,"max_hp_per_floor":[82,82,82,82,82,82,82,82,82,82,82,82,82,82,82,82,82],"card_choices":[{"not_picked":["hierophant:Bribe","hierophant:RustyCrate"],"picked":"hierophant:CoinFling","floor":1.0},{"not_picked":["hierophant:DisplayOfPower","hierophant:CursedGold"],"picked":"hierophant:Doubloon","floor":2.0},{"not_picked":["hierophant:Embezzle","hierophant:FlamingChariot"],"picked":"hierophant:MorningPrayer","floor":5.0},{"not_picked":["hierophant:AuricBeam","hierophant:Prophecy"],"picked":"hierophant:FieryStrike","floor":6.0},{"not_picked":["hierophant:Blessing","hierophant:Upheaval"],"picked":"hierophant:ThreeLashes","floor":8.0},{"not_picked":["hierophant:FlamingChariot","hierophant:DisplayOfPower"],"picked":"hierophant:Smite","floor":10.0},{"not_picked":["hierophant:FieryStrike","hierophant:PassingBell"],"picked":"hierophant:DivineIntervention","floor":11.0},{"not_picked":["hierophant:Exaltation","hierophant:MorningPrayer"],"picked":"hierophant:OrnateBuckler","floor":12.0},{"not_picked":["hierophant:Dazzle","hierophant:EyeForCoin"],"picked":"hierophant:Shelter","floor":13.0}],"player_experience":680044,"relics_obtained":[{"floor":6.0,"key":"reliquary:TatteredRug"},{"floor":9.0,"key":"reliquary:PartyBalloon"},{"floor":11.0,"key":"Replay:Bandana"}],"event_choices":[{"damage_healed":0.0,"max_hp_gain":0.0,"max_hp_loss":0.0,"gold_gain":0.0,"cards_transformed":["hierophant:Strike_Hierophant"],"event_name":"Living Wall","player_choice":"Change","floor":4.0,"gold_loss":0.0,"damage_taken":0.0,"cards_obtained":["hierophant:Blessing"]},{"damage_healed":0.0,"max_hp_gain":0.0,"max_hp_loss":0.0,"gold_gain":175.0,"event_name":"betterThird:BetterSerpent","player_choice":"AGREE","floor":14.0,"gold_loss":0.0,"damage_taken":293.0}],"is_beta":false,"boss_relics":[],"items_purged_floors":[],"is_endless":false,"potions_floor_spawned":[1,10,12,13],"killed_by":"Hexaghost","ascension_level":0}}