{"host":"nptej036rrbiurf5","time":1613959919,"event":{"mods":["BaseMod","Colored Map","Colored Powertips","DeckTracker","Minty Spire (QoL Compilation)","StSLib","SuperFastMode"],"gold_per_floor":[111,121,136,153,153,153,173,204,204,204,25,50,62,62,62,62,62],"floor_reached":16,"language":"KOR","playtime":378,"items_purged":[],"score":220,"play_id":"a38f8637-821c-4d16-8c9a-cd488a95fa28","local_time":"20210222111159","is_ascension_mode":true,"campfire_choices":[{"data":"Perfected Strike","floor":6,"key":"SMITH"},{"data":"Carnage","floor":10,"key":"SMITH"},{"floor":15,"key":"REST"}],"circlet_count":0,"master_deck":["AscendersBane","Strike_R","Strike_R","Strike_R","Strike_R","Strike_R","Defend_R","Defend_R","Defend_R","Bash","Feed","Shrug It Off","Carnage+1","Perfected Strike+1","Immolate","Shrug It Off"],"relics":["Burning Blood","Odd Mushroom","Darkstone Periapt","Self Forming Clay","The Courier","Golden Idol"],"acts_visited":["Exordium"],"potions_floor_usage":[8,8,16],"damage_taken":[{"damage":12,"enemies":"Small Slimes","floor":1,"turns":6},{"damage":11,"enemies":"Jaw Worm","floor":2,"turns":4},{"damage":0,"enemies":"2 Louse","floor":3,"turns":2},{"damage":9,"enemies":"Looter","floor":4,"turns":5},{"damage":31,"enemies":"The Mushroom Lair","floor":7,"turns":5},{"damage":21,"enemies":"3 Sentries","floor":8,"turns":7},{"damage":24,"enemies":"Lagavulin","floor":12,"turns":5},{"damage":5,"enemies":"Blue Slaver","floor":13,"turns":3},{"damage":50,"enemies":"The Guardian","floor":16,"turns":10}],"seed_played":"3980832840111805398","potions_obtained":[{"floor":4,"key":"Regen Potion"},{"floor":7,"key":"BlessingOfTheForge"},{"floor":12,"key":"GamblersBrew"}],"is_trial":false,"path_per_floor":["M","M","M","M","?","R","?","E","T","R","$","E","M","?","R","B"],"character_chosen":"IRONCLAD","items_purchased":["Immolate"],"campfire_rested":1,"item_purchase_floors":[11],"current_hp_per_floor":[65,63,72,72,65,65,40,43,43,43,43,25,26,26,50,0,0],"gold":62,"neow_bonus":"ONE_RANDOM_RARE_CARD","is_daily":false,"chose_seed":false,"campfire_upgraded":2,"win_rate":0.0,"timestamp":1613959919,"path_taken":["M","M","M","M","?","R","?","E","T","R","$","E","M","?","R","BOSS"],"items_purchased_type":["Card"],"build_version":"2020-12-22","purchased_purges":0,"victory":false,"max_hp_per_floor":[78,81,84,87,87,87,87,90,90,90,90,90,90,81,81,81,81],"card_choices":[{"not_picked":["Havoc","Clothesline"],"picked":"Shrug It Off","floor":1},{"not_picked":["Body Slam","Warcry"],"picked":"Carnage","floor":2},{"not_picked":["Sever Soul","Dual Wield"],"picked":"Perfected Strike","floor":3},{"not_picked":["Rupture","Headbutt","Thunderclap"],"picked":"SKIP","floor":4},{"not_picked":["Armaments","Sever Soul","Blood for Blood"],"picked":"SKIP","floor":8},{"not_picked":["Fiend Fire","Havoc"],"picked":"Shrug It Off","floor":12},{"not_picked":["Clothesline","Wild Strike","Body Slam"],"picked":"SKIP","floor":13}],"player_experience":1001602,"relics_obtained":[{"floor":7,"key":"Odd Mushroom"},{"floor":8,"key":"Darkstone Periapt"},{"floor":9,"key":"Self Forming Clay"},{"floor":12,"key":"The Courier"}],"event_choices":[{"cards_removed":["Defend_R"],"damage_healed":0,"gold_gain":0,"player_choice":"Card Removal","damage_taken":7,"max_hp_gain":0,"max_hp_loss":0,"event_name":"Golden Wing","floor":5,"gold_loss":0},{"damage_healed":0,"gold_gain":0,"player_choice":"Fought Mushrooms","damage_taken":0,"max_hp_gain":0,"max_hp_loss":0,"event_name":"Mushrooms","floor":7,"gold_loss":0},{"damage_healed":0,"gold_gain":0,"player_choice":"Lose Max HP","damage_taken":0,"relics_obtained":["Golden Idol"],"max_hp_gain":0,"max_hp_loss":9,"event_name":"Golden Idol","floor":14,"gold_loss":0}],"is_beta":false,"boss_relics":[],"items_purged_floors":[],"is_endless":false,"potions_floor_spawned":[4,7,12],"killed_by":"The Guardian","ascension_level":20}}