{"host":"blhqr6uo32maonpv","time":1613976308,"event":{"mods":["BaseMod","Downfall","Minty Spire (QoL Compilation)","Replay The Spire","StSLib","The Bug Knight","The Marked"],"gold_per_floor":[116,116,116,136,136,162,172,172,218,232,3,15,15,15,15,117,117,135,135,150,150,81,81,107,125,150,165,165,180,180,180,180,180,180],"floor_reached":33,"language":"ENG","playtime":1619,"items_purged":["Languid"],"score":265,"play_id":"2f23b16a-72e8-41de-9187-83950767953f","local_time":"20210222024508","is_ascension_mode":false,"campfire_choices":[{"floor":8,"key":"REST"},{"floor":15,"key":"REST"},{"floor":23,"key":"REST"},{"floor":28,"key":"REST"},{"floor":30,"key":"REST"},{"floor":32,"key":"REST"}],"circlet_count":0,"master_deck":["HollowMod:NailStrikeStart","HollowMod:NailStrikeStart","HollowMod:NailStrikeStart+1","HollowMod:QuickDashStart","HollowMod:QuickDashStart","HollowMod:QuickDashStart","HollowMod:QuickDashStart","HollowMod:FocusHealStart+1","HollowMod:PogoStrike+1","Slimebound:Strike_Slimebound","hexamod:Defend","Poisoned Strike","HollowMod:InfectedCysts","HollowMod:NewJinnsSoul+1","HollowMod:HowlingWraiths","HollowMod:CycloneSlash","HollowMod:HeavyBlow","HollowMod:MantisMark","HollowMod:BrokenVessel","HollowMod:InfectedCysts","HollowMod:HornetsHelp","HollowMod:MothsMistake","Iron Wave","HollowMod:DungDefenderAura","HollowMod:NewGlowingWomb","HollowMod:SiblingsSouls+1","HollowMod:SiblingsSouls+1","HollowMod:LifebloodCocoon+1"],"relics":["HollowMod:VesselMask","Ring of Searing","Ancient Tea Set","Whetstone","Fusion Hammer","Replay:Mystery Machine","Smiling Mask","Toy Ornithopter"],"acts_visited":["Exordium","TheCity"],"potions_floor_usage":[16,20,33,33,33],"damage_taken":[{"damage":3,"enemies":"2 Louse","floor":1,"turns":3},{"damage":21,"enemies":"Small Slimes","floor":4,"turns":4},{"damage":74,"enemies":"Lagavulin","floor":6,"turns":11},{"damage":0,"enemies":"Cultist","floor":7,"turns":3},{"damage":0,"enemies":"Large Slime","floor":10,"turns":4},{"damage":0,"enemies":"3 Louse","floor":12,"turns":1},{"damage":17,"enemies":"Fading Forest","floor":16,"turns":11},{"damage":22,"enemies":"2 Thieves","floor":18,"turns":3},{"damage":4,"enemies":"3 Byrds","floor":20,"turns":3},{"damage":38,"enemies":"Gremlin Leader","floor":24,"turns":5},{"damage":24,"enemies":"Centurion and Healer","floor":25,"turns":5},{"damage":30,"enemies":"Snecko","floor":27,"turns":6},{"damage":21,"enemies":"Snake Plant","floor":29,"turns":5},{"damage":80,"enemies":"Champ","floor":33,"turns":8}],"seed_played":"8312703337964312793","potions_obtained":[{"floor":7,"key":"BlessingOfTheForge"},{"floor":12,"key":"LifebloodPotion"},{"floor":18,"key":"champ:CounterPotion"},{"floor":27,"key":"Fire Potion"},{"floor":29,"key":"Block Potion"}],"is_trial":false,"path_per_floor":["M","?","?","M","?","E","M","R","T","M","$","M","$","?","R","B",null,"M","?","M","?","$","R","E","M","T","M","R","M","R","T","R","B"],"character_chosen":"THE_BUGKNIGHT","items_purchased":["HollowMod:MantisMark","HollowMod:BrokenVessel","HollowMod:NewGlowingWomb"],"campfire_rested":6,"item_purchase_floors":[11,11,22],"current_hp_per_floor":[75,75,75,60,75,13,13,35,35,35,35,35,35,35,57,56,75,53,53,55,55,55,75,43,25,25,1,23,14,36,36,58,0,0],"gold":180,"neow_bonus":"RANDOM_COLORLESS_2","is_daily":false,"chose_seed":false,"campfire_upgraded":0,"win_rate":0.0,"timestamp":1613976308,"path_taken":["M","?","?","M","?","E","M","R","T","?","$","M","$","?","R","BOSS","M","?","?","?","?","R","E","M","T","?","R","M","R","?","R","BOSS"],"items_purchased_type":["Card","Card","Card"],"build_version":"2020-12-22","purchased_purges":1,"victory":false,"max_hp_per_floor":[75,75,75,75,75,75,75,75,75,75,75,75,75,75,75,75,75,75,75,75,75,75,75,75,75,75,75,75,75,75,75,75,75,75],"card_choices":[{"not_picked":["Crow Ritual","ReplayTheSpireMod:Necrogeddon"],"picked":"Poisoned Strike","floor":0},{"not_picked":["HollowMod:HuntersJournal","HollowMod:CornifersMapStart"],"picked":"HollowMod:InfectedCysts","floor":1},{"not_picked":["HollowMod:DreamGate","HollowMod:ShapeofUnn"],"picked":"HollowMod:NewJinnsSoul","floor":4},{"not_picked":["HollowMod:DescendingDark","HollowMod:SharpenedShadows"],"picked":"HollowMod:HowlingWraiths","floor":6},{"not_picked":["HollowMod:DreamGate","HollowMod:ChannelNail"],"picked":"HollowMod:CycloneSlash","floor":7},{"not_picked":["HollowMod:ChannelNail","HollowMod:VoidDash"],"picked":"HollowMod:HeavyBlow","floor":10},{"not_picked":["HollowMod:ShadowDash","HollowMod:VengefulVoid"],"picked":"HollowMod:InfectedCysts","floor":12},{"not_picked":["HollowMod:ZotesMagnificence","HollowMod:AwokenDreamNail"],"picked":"HollowMod:HornetsHelp","floor":16},{"not_picked":["HollowMod:GreatSlash","HollowMod:CycloneSlash"],"picked":"HollowMod:MothsMistake","floor":18},{"not_picked":["HollowMod:TaintedHusks","HollowMod:RecoilStrike"],"picked":"HollowMod:DungDefenderAura","floor":20},{"not_picked":["HollowMod:HuntersJournal","HollowMod:DreamGate","HollowMod:BlackTendrils"],"picked":"SKIP","floor":24},{"not_picked":["HollowMod:NewLittleFool","HollowMod:SoulSplash"],"picked":"HollowMod:SiblingsSouls+1","floor":25},{"not_picked":["HollowMod:ChannelNail","HollowMod:InfectedAttack"],"picked":"HollowMod:SiblingsSouls+1","floor":27},{"not_picked":["HollowMod:SoulStrike","HollowMod:InfectedAttack+1"],"picked":"HollowMod:LifebloodCocoon+1","floor":29}],"player_experience":53703,"relics_obtained":[{"floor":2,"key":"Ring of Searing"},{"floor":6,"key":"Ancient Tea Set"},{"floor":9,"key":"Whetstone"},{"floor":24,"key":"Replay:Mystery Machine"},{"floor":26,"key":"Smiling Mask"},{"floor":31,"key":"Toy Ornithopter"}],"event_choices":[{"damage_healed":0,"gold_gain":0,"player_choice":"Ignored","damage_taken":0,"max_hp_gain":0,"max_hp_loss":0,"event_name":"Liars Game","floor":3,"gold_loss":0},{"damage_healed":15,"gold_gain":0,"player_choice":"Full Heal","damage_taken":0,"max_hp_gain":0,"max_hp_loss":0,"event_name":"Wheel of Change","floor":5,"gold_loss":0},{"damage_healed":0,"gold_gain":0,"player_choice":"Grow","damage_taken":0,"max_hp_gain":0,"max_hp_loss":0,"event_name":"Living Wall","floor":14,"gold_loss":0,"cards_upgraded":["HollowMod:NewJinnsSoul"]},{"cards_removed":["HollowMod:NailStrikeStart"],"damage_healed":0,"gold_gain":0,"player_choice":"Took Card","damage_taken":0,"max_hp_gain":0,"max_hp_loss":0,"event_name":"NoteForYourself","floor":19,"gold_loss":0,"cards_obtained":["Iron Wave"]},{"damage_healed":0,"gold_gain":0,"player_choice":"Upgraded","damage_taken":0,"max_hp_gain":0,"max_hp_loss":0,"event_name":"Upgrade Shrine","floor":21,"gold_loss":0,"cards_upgraded":["HollowMod:FocusHealStart"]}],"is_beta":false,"boss_relics":[{"not_picked":["Runic Pyramid","Kintsugi"],"picked":"Fusion Hammer"}],"items_purged_floors":[11],"is_endless":false,"potions_floor_spawned":[7,12,18,27,29],"killed_by":"Champ","ascension_level":0}}