{"host":"yqw1zpryoutrnocq","time":1613963491,"event":{"mods":["2.2 Compatiblity","AchievementEnabler","BaseMod","Colored Map","Custom Start","DeckTracker","Minty Spire (QoL Compilation)","StSLib","SuperFastMode"],"gold_per_floor":[112,132,132,149,165,191,209,234,234,246,260,260,274,199,199,199,199],"floor_reached":16,"language":"KOR","playtime":356,"items_purged":["Infernal Blade"],"score":236,"play_id":"88d5204b-363e-42b1-987e-e752ea543f44","local_time":"20210221211131","is_ascension_mode":true,"campfire_choices":[{"data":"Perfected Strike","floor":12,"key":"SMITH"},{"floor":15,"key":"REST"}],"circlet_count":0,"master_deck":["AscendersBane","Strike_R","Strike_R","Strike_R","Strike_R","Strike_R","Defend_R","Defend_R","Defend_R","Defend_R","Bash","Uppercut","Perfected Strike+1","Feed","Cleave","Jack Of All Trades","Perfected Strike","Clothesline","Fire Breathing","Perfected Strike","Perfected Strike","Burning Pact","Warcry"],"relics":["Burning Blood","NeowsBlessing","Du-Vu Doll","Calipers"],"acts_visited":["Exordium"],"potions_floor_usage":[7,8,16,16],"damage_taken":[{"damage":0.0,"enemies":"Cultist","floor":1.0,"turns":1.0},{"damage":0.0,"enemies":"2 Louse","floor":2.0,"turns":1.0},{"damage":0.0,"enemies":"Jaw Worm","floor":4.0,"turns":1.0},{"damage":21,"enemies":"Blue Slaver","floor":5,"turns":3},{"damage":40,"enemies":"Lagavulin","floor":6,"turns":6},{"damage":0,"enemies":"3 Louse","floor":7,"turns":4},{"damage":30,"enemies":"3 Sentries","floor":8,"turns":6},{"damage":15,"enemies":"Gremlin Gang","floor":10,"turns":5},{"damage":6,"enemies":"Looter","floor":11,"turns":2},{"damage":15,"enemies":"Large Slime","floor":13,"turns":4},{"damage":43,"enemies":"Hexaghost","floor":16,"turns":8}],"seed_played":"-4239857764031586884","potions_obtained":[{"floor":1.0,"key":"GamblersBrew"},{"floor":6,"key":"Block Potion"},{"floor":11,"key":"SkillPotion"},{"floor":13,"key":"Swift Potion"}],"is_trial":false,"path_per_floor":["M","M","?","M","M","E","M","E","T","M","M","R","M","$","R","B"],"character_chosen":"IRONCLAD","items_purchased":[],"campfire_rested":1,"item_purchase_floors":[],"current_hp_per_floor":[78,80,80,80,68,37,46,25,25,19,19,19,13,13,42,0,0],"gold":199,"neow_bonus":"THREE_ENEMY_KILL","is_daily":false,"chose_seed":false,"campfire_upgraded":1,"win_rate":0.0,"timestamp":1613963491,"path_taken":["M","?","?","M","?","E","M","E","T","M","M","R","M","$","R","BOSS"],"items_purchased_type":[],"build_version":"2020-12-22","purchased_purges":1,"victory":false,"max_hp_per_floor":[80,80,80,80,83,86,89,92,92,95,95,95,98,98,98,98,98],"card_choices":[{"not_picked":["Clash","Second Wind"],"picked":"Uppercut","floor":1.0},{"not_picked":["Thunderclap","Headbutt"],"picked":"Perfected Strike","floor":2.0},{"not_picked":["Cleave","Heavy Blade"],"picked":"Perfected Strike","floor":4.0},{"not_picked":["Havoc","Pommel Strike"],"picked":"Clothesline","floor":5},{"not_picked":["Warcry","Feed"],"picked":"Fire Breathing","floor":6},{"not_picked":["Flame Barrier","Clash"],"picked":"Perfected Strike","floor":7},{"not_picked":["Headbutt","Inflame","Anger"],"picked":"SKIP","floor":8},{"not_picked":["Warcry","Intimidate"],"picked":"Perfected Strike","floor":10},{"not_picked":["Metallicize","Rage"],"picked":"Burning Pact","floor":11},{"not_picked":["Wild Strike","Anger"],"picked":"Warcry","floor":13}],"player_experience":358271,"relics_obtained":[{"floor":6,"key":"Du-Vu Doll"},{"floor":8,"key":"Calipers"}],"event_choices":[{"damage_healed":0.0,"max_hp_gain":0.0,"max_hp_loss":0.0,"gold_gain":0.0,"event_name":"Match and Keep!","player_choice":"4 cards matched","floor":3.0,"gold_loss":0.0,"damage_taken":0.0,"cards_obtained":["Feed","Cleave","Infernal Blade","Jack Of All Trades"]}],"is_beta":false,"boss_relics":[],"items_purged_floors":[14],"is_endless":false,"potions_floor_spawned":[1,6,11,13],"killed_by":"Hexaghost","ascension_level":12}}