{"host":"h7xtspmc2x3i8s2i","time":1613981532,"event":{"mods":["2.2 Compatiblity","AchievementEnabler","Act Like it!","AlwaysNeverKeys","Aspiration","Astrologer","BaseMod","Bestiary","Better Altar","Better Match","Better Note","Better Sensory Stone","Better Skull","Better Third Choice","Better Vampires","Better-Laid Plans","Colored Map","Colored Powertips","Conjunction","Curses Come First","Defuse TimeMaze Blight","Dio Mod","Disable Question Mark Monsters","Dota2Spire","Downfall","EXCEPTION","Emptier Cage","Energized Spire","Evolution","Friendly Minions","GifTheSpireLib","Gold Saver","Gremlin Skip","Halation","Hubris","Hyrulean Relics","Jedi Mod","Key Reminder","Marked Mod","Minty Spire (QoL Compilation)","Permanent Neow","Potion Indicator Mod","Quick Restart","Random Character Button","Random Character Mod","Rare Cards Sparkle","Relic Filter","Relic Stats","Reliquary","Replay The Spire","SacredBarkPlus","Shop Mod","Smile Girya","Somnambulant","Spicy Shops","Spikes Relics","Spire Birthday Party","StSLib","Steal the Spire","Stuff the Spire","SuperFastMode","The Awakened One except there are too many feathers","The Blue Laboratory","The Cursed","The Death Knight","The Edgeheg","The Problem Sleuth","The Runesmith","The Wild Card","Trackpad","Transform Curses","Uncapped","Unceasing Turn Reminder","Virulent Crown","Wide Potions","everything is the same but u backflip on backflip","slay the spire mod where everything is the same but ironclad has a cowboy hat"],"gold_per_floor":[1405,1420,1105,1105,1306,1456,1456,1476,1494,1519,1319,1336,1356,1091,1102,1206,1206,1206,1223,461,461,461,74,99,99,117,117,135,135,145,174,191,295,295,195,205,221,271,271,282,282,282,282,282,308,308,47,73,91,91,91,119,119,119,119,119],"floor_reached":57,"language":"ENG","playtime":2820,"items_purged":["Doubt","downfall:Icky"],"score":1728,"play_id":"4570b0f2-650e-43f6-88d9-5c4c53005179","local_time":"20210222031212","is_ascension_mode":true,"campfire_choices":[{"floor":1,"key":"RECALL"},{"data":"TheCursedMod:CleanUpWorkshop","floor":11,"key":"SMITH"},{"data":"TheCursedMod:CursedSpellbook","floor":18,"key":"SMITH"},{"floor":29,"key":"REST"},{"floor":35,"key":"DIG"},{"data":"TheCursedMod:CircleOfFocus","floor":42,"key":"SMITH"},{"data":"TheCursedMod:Neurasthenia","floor":46,"key":"SMITH"},{"data":"TheCursedMod:VoidForm","floor":54,"key":"SMITH"}],"circlet_count":0,"master_deck":["TheCursedMod:CleanUpWorkshop+1","TheCursedMod:CursedSpellbook+1","TheCursedMod:CursedArmor","TheCursedMod:SpitefulPlan","TheCursedMod:LuckyCharm","TheCursedMod:CircleOfBlood","TheCursedMod:CircleOfFocus+1","TheCursedMod:CircleOfAmplification+1","TheCursedMod:VoidForm+1","Sadistic Nature+1","TheCursedMod:SpitefulPlan","TheCursedMod:AbyssShockwave","ReplayTheSpireMod:Splinters","TheCursedMod:RapidMovement","TheCursedMod:DemonSword","TheCursedMod:FleshFromBone","TheCursedMod:Wield","TheCursedMod:SpitefulPlan","TheCursedMod:SpitefulPlan","expansioncontent:StudyTheSpire+1","jedi:forcepull","Dramatic Entrance","Replay:SS_hec_1","TheCursedMod:SpitefulStrike+1","TheCursedMod:WearCloak","TheCursedMod:CircleOfWindfury+1","TheCursedMod:Neurasthenia+1","TheCursedMod:SpitefulPray+1","TheCursedMod:CleanUpWorkshop+1","Runesmith:ChaoticBlast+1","TheCursedMod:HellfireBreathing+1"],"relics":["TheCursedMod:OminousMark","EVO:Axolotl","MerchantsRug","halation:Komachan","hubris:Towel","Juzu Bracelet","downfall:HeartBlessingRed","downfall:HeartBlessingBlue","Dota2Spire:PhaseBoots","Runesmith:AutoHammer","ClockworkSouvenir","theSleuth:AffinityCrow","trackpad:RapidFire","reliquary:CitrusReamer","Guardian:PocketSentry","jedi:fakemustache","TheCursedMod:Tack","reliquary:BoilingFlask","Bloody Idol","Blood Vial","ReplayTheSpireMod:TigerMarble","aspiration:RunesmithSkillbook","downfall:HeartBlessingGreen","Anchor","hubris:Potato","Bottled Tornado","Question Card","reliquary:BallBearing","reliquary:RoseTintedGlasses","reliquary:Knoch"],"acts_visited":["Exordium","TheCity","TheBeyond","TheEnding"],"potions_floor_usage":[15,19,19,32,38,40,55,56],"damage_taken":[{"damage":0,"enemies":"Cultist","floor":2,"turns":3},{"damage":12,"enemies":"downfall:FleeingMerchant","floor":3,"turns":4},{"damage":0,"enemies":"Jaw Worm","floor":8,"turns":4},{"damage":2,"enemies":"Small Slimes","floor":9,"turns":1},{"damage":5,"enemies":"Lagavulin","floor":10,"turns":4},{"damage":3,"enemies":"Blue Slaver","floor":12,"turns":4},{"damage":0,"enemies":"2 Fungi Beasts","floor":13,"turns":2},{"damage":2,"enemies":"downfall:FleeingMerchant","floor":14,"turns":4},{"damage":0,"enemies":"Lots of Slimes","floor":15,"turns":2},{"damage":37,"enemies":"WA_ARCHETYPE_RETAIN","floor":16,"turns":3},{"damage":5,"enemies":"3 Byrds","floor":19,"turns":3},{"damage":0,"enemies":"Shell Parasite","floor":26,"turns":2},{"damage":8,"enemies":"Centurion and Healer","floor":28,"turns":5},{"damage":0,"enemies":"Snecko","floor":30,"turns":4},{"damage":8,"enemies":"Replay:Snechameleon","floor":31,"turns":3},{"damage":0,"enemies":"Snake Plant","floor":32,"turns":1},{"damage":0,"enemies":"SI_MIRROR_ARCHETYPE","floor":33,"turns":3},{"damage":6,"enemies":"Orb Walker","floor":36,"turns":3},{"damage":2,"enemies":"3 Darklings","floor":37,"turns":2},{"damage":12,"enemies":"3 Darklings","floor":38,"turns":6},{"damage":10,"enemies":"Writhing Mass","floor":40,"turns":4},{"damage":0,"enemies":"Reptomancer","floor":45,"turns":2},{"damage":0,"enemies":"Giant Head","floor":48,"turns":3},{"damage":0,"enemies":"4 Shapes","floor":49,"turns":1},{"damage":0,"enemies":"DF_ARCHETYPE_ORBS","floor":50,"turns":2},{"damage":0,"enemies":"downfall:CharBossMerchant","floor":52,"turns":4},{"damage":0,"enemies":"downfall:NeowBoss","floor":55,"turns":5},{"damage":0,"enemies":"downfall:NeowBossFinal","floor":56,"turns":5}],"seed_played":"-3691991144032208014","potions_obtained":[{"floor":8,"key":"Dota2Spire:Clarity"},{"floor":13,"key":"jedi:mysterypotion"},{"floor":15,"key":"blueLaboratory:BottledHope"},{"floor":16,"key":"blueLaboratory:FruitPunch"},{"floor":28,"key":"blueLaboratory:HorrorPotion"},{"floor":30,"key":"Swift Potion"},{"floor":33,"key":"jedi:holywater"},{"floor":37,"key":"blueLaboratory:BottledHope"},{"floor":40,"key":"blueLaboratory:SavagePotion"},{"floor":45,"key":"Swift Potion"}],"is_trial":false,"path_per_floor":["R","M","$","?","?","?","T","M","M","E","R","M","M","$","M","B",null,"R","M","$","?","?","$","T","T","M","?","M","R","M","E","M","B",null,"R_BF","M","M","?","?","M","T","R","?","?","E","R","$","E","M","B",null,"E","$","R","B","B",null],"character_chosen":"THE_CURSED","items_purchased":["MerchantsRug","halation:Komachan","TheCursedMod:AbyssShockwave","TheCursedMod:Wield","Dota2Spire:PhaseBoots","Runesmith:AutoHammer","ClockworkSouvenir","TheCursedMod:SpitefulPlan","expansioncontent:StudyTheSpire","trackpad:RapidFire","reliquary:CitrusReamer","Guardian:PocketSentry","jedi:fakemustache","Replay:SS_hec_1","reliquary:BallBearing"],"campfire_rested":1,"item_purchase_floors":[3,3,3,14,14,14,14,20,20,20,20,23,23,23,47],"current_hp_per_floor":[75,75,63,63,63,63,63,63,65,62,72,69,71,69,69,38,85,85,82,82,82,82,87,87,87,87,34,33,59,70,69,76,83,87,87,86,87,80,80,81,81,81,55,55,62,62,67,87,87,87,87,87,87,87,87,87],"gold":119,"neow_bonus":"RANDOM_COLORLESS_2","is_daily":false,"chose_seed":false,"campfire_upgraded":5,"win_rate":0.0,"timestamp":1613981532,"path_taken":["R","M","?","?","?","?","T","M","?","E","R","M","M","$","M","BOSS","R","M","$","?","?","?","T","?","M","?","M","R","M","E","M","BOSS","R_BF","M","M","?","?","M","T","R","?","?","E","R","$","E","M","BOSS","E","$","R","BOSS","BOSS"],"items_purchased_type":["Relic","Relic","Card","Card","Relic","Relic","Relic","Card","Card","Relic","Relic","Relic","Relic","Card","Relic"],"build_version":"2020-12-22","purchased_purges":2,"victory":true,"max_hp_per_floor":[75,75,75,75,75,75,75,75,75,75,85,85,85,85,85,85,85,85,87,87,87,87,87,87,87,87,87,87,87,87,87,87,87,87,87,87,87,87,87,87,87,87,87,87,87,87,87,87,87,87,87,87,87,87,87,87],"relic_stats":{"Blood Vial":17,"counters":[28,89],"Bloody Idol":49,"Juzu Bracelet":3,"Question Card":8,"obtain_stats":[{"TheCursedMod:Tack":24,"reliquary:BoilingFlask":25,"downfall:HeartBlessingGreen":35,"halation:Komachan":3,"Juzu Bracelet":10,"EVO:Axolotl":0,"Bottled Tornado":41,"ClockworkSouvenir":14,"Blood Vial":27,"trackpad:RapidFire":20,"reliquary:CitrusReamer":20,"downfall:HeartBlessingBlue":11,"theSleuth:AffinityCrow":17,"reliquary:RoseTintedGlasses":48,"MerchantsRug":3,"downfall:HeartBlessingRed":11,"Guardian:PocketSentry":23,"hubris:Towel":4,"Question Card":45,"keyreminder:keyreminder":1,"jedi:fakemustache":23,"Anchor":35,"TheCursedMod:OminousMark":0,"Bloody Idol":27,"aspiration:RunesmithSkillbook":34,"reliquary:BallBearing":47,"ReplayTheSpireMod:TigerMarble":31,"Runesmith:AutoHammer":14,"reliquary:Knoch":52,"hubris:Potato":38,"Dota2Spire:PhaseBoots":14},{"TheCursedMod:Tack":11,"reliquary:BoilingFlask":11,"downfall:HeartBlessingGreen":17,"halation:Komachan":2,"Juzu Bracelet":5,"EVO:Axolotl":0,"Bottled Tornado":21,"ClockworkSouvenir":8,"Blood Vial":12,"trackpad:RapidFire":11,"reliquary:CitrusReamer":11,"downfall:HeartBlessingBlue":5,"theSleuth:AffinityCrow":10,"reliquary:RoseTintedGlasses":23,"MerchantsRug":2,"downfall:HeartBlessingRed":5,"Guardian:PocketSentry":11,"hubris:Towel":2,"Question Card":22,"keyreminder:keyreminder":0,"jedi:fakemustache":11,"Anchor":17,"TheCursedMod:OminousMark":0,"Bloody Idol":12,"aspiration:RunesmithSkillbook":17,"reliquary:BallBearing":22,"ReplayTheSpireMod:TigerMarble":15,"Runesmith:AutoHammer":8,"reliquary:Knoch":26,"hubris:Potato":20,"Dota2Spire:PhaseBoots":8},{"TheCursedMod:Tack":34,"reliquary:BoilingFlask":34,"downfall:HeartBlessingGreen":52,"halation:Komachan":7,"Juzu Bracelet":16,"EVO:Axolotl":0,"Bottled Tornado":67,"ClockworkSouvenir":26,"Blood Vial":36,"trackpad:RapidFire":34,"reliquary:CitrusReamer":34,"downfall:HeartBlessingBlue":16,"theSleuth:AffinityCrow":31,"reliquary:RoseTintedGlasses":72,"MerchantsRug":7,"downfall:HeartBlessingRed":16,"Guardian:PocketSentry":34,"hubris:Towel":7,"Question Card":69,"keyreminder:keyreminder":0,"jedi:fakemustache":34,"Anchor":52,"TheCursedMod:OminousMark":0,"Bloody Idol":36,"aspiration:RunesmithSkillbook":52,"reliquary:BallBearing":69,"ReplayTheSpireMod:TigerMarble":48,"Runesmith:AutoHammer":26,"reliquary:Knoch":79,"hubris:Potato":63,"Dota2Spire:PhaseBoots":26}]},"card_choices":[{"not_picked":["Poisoned Strike","Violence"],"picked":"Sadistic Nature","floor":0},{"not_picked":["TheCursedMod:Stretching","TheCursedMod:SpitefulStrike"],"picked":"TheCursedMod:SpitefulPlan","floor":2},{"not_picked":["TheCursedMod:EmpowerCircles","TheCursedMod:Stretching","TheCursedMod:DarkBarrier"],"picked":"SKIP","floor":3},{"not_picked":["TheCursedMod:SpreadPlague","TheCursedMod:PrepareRite"],"picked":"TheCursedMod:RapidMovement","floor":5},{"not_picked":["TheCursedMod:SoulReap","TheCursedMod:SurpriseAttack"],"picked":"TheCursedMod:DemonSword","floor":8},{"not_picked":["TheCursedMod:CircleOfCorruption","TheCursedMod:VitalStrike","TheCursedMod:ReleasedStrength"],"picked":"SKIP","floor":9},{"not_picked":["TheCursedMod:SaltUponWound","TheCursedMod:TacticalStrike"],"picked":"TheCursedMod:FleshFromBone","floor":10},{"not_picked":["TheCursedMod:DoubleShield","TheCursedMod:CursedAmulet","TheCursedMod:Torture"],"picked":"SKIP","floor":12},{"not_picked":["TheCursedMod:CircleOfFlame","TheCursedMod:FleshFromBone","TheCursedMod:CursedBlade"],"picked":"SKIP","floor":13},{"not_picked":["TheCursedMod:BlessingInDisguise","TheCursedMod:VitalStrike","TheCursedMod:Obscuration"],"picked":"SKIP","floor":14},{"not_picked":["TheCursedMod:Stigma","TheCursedMod:StingEye","TheCursedMod:Mangle"],"picked":"SKIP","floor":15},{"not_picked":["TheCursedMod:FuryStrike","TheCursedMod:SmokeScreen+1"],"picked":"TheCursedMod:SpitefulPlan","floor":19},{"not_picked":["hubris:EnhanceAbility","Sharp Hide"],"picked":"jedi:forcepull","floor":22},{"not_picked":["PlatinumSkin","Exception:ExceptionCard"],"picked":"Dramatic Entrance","floor":22},{"not_picked":["TheCursedMod:CursedMace","TheCursedMod:HellsGateOpen","TheCursedMod:CircleOfCorruption"],"picked":"SKIP","floor":26},{"not_picked":["TheCursedMod:CursedBlade","TheCursedMod:BlessingInDisguise+1","TheCursedMod:Stretching"],"picked":"SKIP","floor":28},{"not_picked":["TheCursedMod:OutForBlood","TheCursedMod:FleshFromBone+1"],"picked":"TheCursedMod:SpitefulStrike+1","floor":30},{"not_picked":["TheCursedMod:HellsGateOpen","TheCursedMod:CursedBlade"],"picked":"TheCursedMod:WearCloak","floor":31},{"not_picked":["TheCursedMod:Mangle","TheCursedMod:Stigma+1"],"picked":"TheCursedMod:CircleOfWindfury+1","floor":32},{"not_picked":["TheCursedMod:DemonSword","TheCursedMod:UltimatePain"],"picked":"TheCursedMod:Neurasthenia","floor":33},{"not_picked":["Runesmith:ChargedHammer","Runesmith:EnergizedChisel","Runesmith:ShiftingStrike","TheCursedMod:CursedMace"],"picked":"SKIP","floor":36},{"not_picked":["Runesmith:Electrocute+1","TheCursedMod:RapidMovement","TheCursedMod:TacticalStrike","Runesmith:Attraction"],"picked":"SKIP","floor":37},{"not_picked":["Runesmith:HeatExchange+1","Runesmith:EarthShield","TheCursedMod:CircleOfFlame"],"picked":"TheCursedMod:SpitefulPray+1","floor":40},{"not_picked":["Runesmith:Augment+1","Runesmith:FrozenChisel+1","TheCursedMod:Torture"],"picked":"Runesmith:ChaoticBlast+1","floor":45},{"not_picked":["Runesmith:Malloc","Runesmith:Repurpose","aspiration:UnbridledHammer+1","TheCursedMod:CursedAmulet+1"],"picked":"TheCursedMod:HellfireBreathing+1","floor":48},{"not_picked":["Runesmith:Overpower","Runesmith:NanitesCloud+1","TheCursedMod:Stretching","TheCursedMod:CircleOfFocus+1","TheCursedMod:SmokeScreen"],"picked":"SKIP","floor":49},{"not_picked":["TheCursedMod:EmpowerCircles","TheCursedMod:CursedBlade+1","Runesmith:RuneHurl","TheCursedMod:SoulReap+1","TheCursedMod:CursedAmulet+1"],"picked":"SKIP","floor":52}],"player_experience":416422,"relics_obtained":[{"floor":10,"key":"Juzu Bracelet"},{"floor":24,"key":"TheCursedMod:Tack"},{"floor":25,"key":"reliquary:BoilingFlask"},{"floor":31,"key":"ReplayTheSpireMod:TigerMarble"},{"floor":35,"key":"Anchor"},{"floor":38,"key":"hubris:Potato"},{"floor":41,"key":"Bottled Tornado"},{"floor":45,"key":"Question Card"},{"floor":48,"key":"reliquary:RoseTintedGlasses"},{"floor":52,"key":"reliquary:Knoch"}],"event_choices":[{"damage_healed":0,"gold_gain":0,"player_choice":"Became a vampire","damage_taken":0,"max_hp_gain":0,"max_hp_loss":0,"event_name":"Vampires","floor":21,"gold_loss":0,"cards_obtained":[]},{"damage_healed":0,"gold_gain":2,"player_choice":"1","damage_taken":0,"max_hp_gain":0,"max_hp_loss":0,"event_name":"betterStone:BetterStone","floor":22,"gold_loss":0},{"damage_healed":0,"gold_gain":0,"player_choice":" Idol Vial ","damage_taken":67,"relics_obtained":["Bloody Idol","Blood Vial"],"max_hp_gain":87,"max_hp_loss":34,"event_name":"betterAltar:BetterAltar","floor":27,"potions_obtained":[],"relics_lost":[],"gold_loss":0}],"is_beta":false,"boss_relics":[{"not_picked":["Calling Bell","aspiration:FutureDiary"],"picked":"theSleuth:AffinityCrow"},{"not_picked":["jedi:hotpepper","energizedSpire:RedRose"],"picked":"aspiration:RunesmithSkillbook"}],"items_purged_floors":[14,20],"is_endless":false,"potions_floor_spawned":[8,13,15,16,28,30,33,36,37,40,45,52],"ascension_level":2}}