{"host":"zu1swnxjkaahohqc","time":1613967389,"event":{"mods":["BaseMod","Hubris","Minty Spire (QoL Compilation)","Replay The Spire","StSLib"],"gold_per_floor":[119,119,44,44,64,64,107,128,128,207,60,98,117,40,40,168,168,181,201,251,275,293,331,331,349,349,349,349,349],"floor_reached":28,"language":"ENG","playtime":1385,"items_purged":["Defend_B"],"score":298,"play_id":"27b9941d-a9c7-45d1-8150-9e779b46076a","local_time":"20210221231629","is_ascension_mode":true,"campfire_choices":[{"data":"Zap","floor":6,"key":"SMITH"},{"floor":15,"key":"DIG"},{"floor":24,"key":"REST"},{"floor":27,"key":"REST"}],"circlet_count":0,"master_deck":["Strike_B","Strike_B","Strike_B","Defend_B","Defend_B","Zap+1","Dualcast","Leap","Ball Lightning","Static Discharge","BasicCrystalCard","Ball Lightning","Rebound","hubris:Ukulele","Leap+1","Ball Lightning"],"relics":["Cracked Core","Golden Idol","Replay:Mystery Machine","Shuriken","Replay:Rubber Ducky","hubris:BallOfYels","Blue Doll","Replay:Towering Pillar of Hats","Philosopher\u0027s Stone","Toy Ornithopter","Akabeko"],"acts_visited":["Exordium","TheCity"],"potions_floor_usage":[16,19,22,23,23,25],"damage_taken":[{"damage":2,"enemies":"Small Slimes","floor":1,"turns":4},{"damage":0,"enemies":"2 Louse","floor":5,"turns":1},{"damage":8,"enemies":"Gremlin Nob","floor":7,"turns":3},{"damage":1,"enemies":"Cultist","floor":8,"turns":3},{"damage":14,"enemies":"Lagavulin Event","floor":10,"turns":4},{"damage":17,"enemies":"Lagavulin","floor":12,"turns":5},{"damage":0,"enemies":"2 Fungi Beasts","floor":13,"turns":3},{"damage":23,"enemies":"The Guardian","floor":16,"turns":7},{"damage":11,"enemies":"Chosen","floor":18,"turns":2},{"damage":8,"enemies":"3 Byrds","floor":19,"turns":3},{"damage":0,"enemies":"Cultist and Chosen","floor":21,"turns":4},{"damage":19,"enemies":"Centurion and Healer","floor":22,"turns":3},{"damage":28,"enemies":"Replay:Snechameleon","floor":23,"turns":2},{"damage":10,"enemies":"Snake Plant","floor":25,"turns":2},{"damage":19,"enemies":"Gremlin Leader","floor":28,"turns":4}],"seed_played":"580345571381932934","potions_obtained":[{"floor":1,"key":"DistilledChaos"},{"floor":5,"key":"Fire Potion"},{"floor":10,"key":"LiquidMemories"},{"floor":19,"key":"Strength Potion"},{"floor":21,"key":"Death Potion"},{"floor":23,"key":"PowerPotion"}],"is_trial":false,"path_per_floor":["M","?","$","?","M","R","E","M","T","?","$","E","M","$","R","B",null,"M","M","?","M","M","E","R","M","T","R","E"],"character_chosen":"DEFECT","items_purchased":["hubris:BallOfYels","hubris:Ukulele"],"campfire_rested":2,"item_purchase_floors":[11,14],"current_hp_per_floor":[73,69,69,69,69,69,61,60,60,46,46,29,29,29,29,6,69,58,50,50,50,31,3,23,18,18,38,19,19],"gold":349,"neow_bonus":"TRANSFORM_CARD","is_daily":false,"chose_seed":false,"campfire_upgraded":1,"win_rate":0.0,"timestamp":1613967389,"path_taken":["M","?","$","?","M","R","E","?","T","?","$","E","M","?","R","BOSS","M","?","?","M","M","E","R","?","T","R","E"],"items_purchased_type":["Relic","Card"],"build_version":"2020-12-13","purchased_purges":1,"victory":false,"max_hp_per_floor":[75,69,69,69,69,69,69,69,69,69,69,69,69,69,69,69,69,69,69,69,69,69,69,69,69,69,69,69,69],"card_choices":[{"not_picked":["Cold Snap","BasicCrystalCard","Rebound"],"picked":"SKIP","floor":1},{"not_picked":["BasicCrystalCard","Gash"],"picked":"Ball Lightning","floor":5},{"not_picked":["Steam","BootSequence"],"picked":"Static Discharge","floor":7},{"not_picked":["Beam Cell","Self Repair"],"picked":"BasicCrystalCard","floor":8},{"not_picked":["Glacier","ReplayTheSpireMod:GoodbyeWorld"],"picked":"Ball Lightning","floor":12},{"not_picked":["Turbo","Cold Snap"],"picked":"Rebound","floor":13},{"not_picked":["ReplayTheSpireMod:Calculation Training","Hologram"],"picked":"Leap+1","floor":18},{"not_picked":["Beam Cell","Stack","Chill"],"picked":"SKIP","floor":19},{"not_picked":["Compile Driver","Gash+1"],"picked":"Ball Lightning","floor":21},{"not_picked":["Undo+1","Static Discharge","Rebound"],"picked":"SKIP","floor":22},{"not_picked":["Blizzard+1","Gash","Go for the Eyes+1"],"picked":"SKIP","floor":23},{"not_picked":["Reprogram+1","Turbo","Beam Cell"],"picked":"SKIP","floor":25}],"player_experience":25207,"relics_obtained":[{"floor":7,"key":"Replay:Mystery Machine"},{"floor":9,"key":"Shuriken"},{"floor":12,"key":"Blue Doll"},{"floor":15,"key":"Replay:Towering Pillar of Hats"},{"floor":23,"key":"Toy Ornithopter"},{"floor":26,"key":"Akabeko"}],"event_choices":[{"damage_healed":0,"gold_gain":0,"player_choice":"Lose Max HP","damage_taken":0,"relics_obtained":["Golden Idol"],"max_hp_gain":0,"max_hp_loss":6,"event_name":"Golden Idol","floor":2,"gold_loss":0},{"cards_removed":["Strike_B"],"damage_healed":0,"gold_gain":0,"player_choice":"Offered Basic","damage_taken":0,"max_hp_gain":0,"max_hp_loss":0,"event_name":"Bonfire Elementals","floor":4,"gold_loss":0},{"damage_healed":0,"gold_gain":0,"player_choice":"Searched \u00272\u0027 times","damage_taken":0,"relics_obtained":["Replay:Rubber Ducky"],"max_hp_gain":0,"max_hp_loss":0,"event_name":"Dead Adventurer","floor":10,"gold_loss":0},{"damage_healed":0,"gold_gain":100,"player_choice":"Bet on Murderer","damage_taken":0,"max_hp_gain":0,"max_hp_loss":0,"event_name":"The Joust","floor":20,"gold_loss":50}],"is_beta":false,"boss_relics":[{"not_picked":["Ring of Chaos","Inserter"],"picked":"Philosopher\u0027s Stone"}],"items_purged_floors":[3],"is_endless":false,"potions_floor_spawned":[1,5,10,13,19,21,23],"killed_by":"Gremlin Leader","ascension_level":4}}