{"host":"61ejhfsushs0xmcl","time":1613985431,"event":{"mods":["ATMod(°¢èªMod)","Act Like it!","BaseMod","Colored Map","Gold Saver","Minty Spire (QoL Compilation)","MostiFishMod","Remilia£¨ÀÙÃ×ÀòÑÇ£©","Spicy Shops","StSLib","TestMod","The Marked","[IsaacMod]ÒÔÈö¼âËþ","¡¾ÒÅÎï¿¨ÅÆ¡¿REMEMod","óô»ðÖ¸ÄÏ"],"gold_per_floor":[280,280,125,145,160,190,190,218,218,231,243,267,267,292,292,368,368,388,388,404,404,804,831,842,873,873,901,919,919,628,660,660,735,735,749,763,776,794,1793,925,311,47,74,115,115,155,173,1563,543,543,543,543,859,610,993,993],"floor_reached":57,"language":"ZHS","playtime":2160,"items_purged":["Strike_B","Zap","Strike_B","Defend_B","Defend_B","Strike_B","Strike_B","Defend_B"],"score":3241,"play_id":"c9c3bf82-0e84-477a-92ac-075b034a4646","local_time":"20210222171711","is_ascension_mode":true,"campfire_choices":[{"data":"AT_WindFlip","floor":7.0,"key":"SMITH"},{"data":"Coolheaded","floor":13.0,"key":"SMITH"},{"floor":15.0,"key":"RECALL"},{"data":"Dualcast","floor":29.0,"key":"SMITH"},{"data":"Coolheaded","floor":32.0,"key":"SMITH"},{"floor":45,"key":"REST"}],"circlet_count":0,"master_deck":["AscendersBane","Defend_B+1","Dualcast+1","AT_WindFlip+1","Cold Snap+1","Ball Lightning+1","Coolheaded+1","Coolheaded+1","Conserve Battery+1","Streamline+1"],"relics":["Cracked Core","AT_ATBox","REME_ComplimentaryCards","testmod-TestBox","HushsDoor","DeathBook","NeowsBlessing","testmod-DreamHouse","Happy Flower","Lantern","DianDianMeat","SynthV:TestCard","ImprovedEquipment","Oddly Smooth Stone","Odd Mushroom","ScarletDevilRocket","RhineSuit","testmod-AssaultLearning","testmod-Hope","Singing Bowl","Symbiotic Virus","Lee\u0027s Waffle","testmod-IndustrialRevolution","Runic Pyramid","AT_RedNoBalance","BFFS","BookofShadows","BrkXgEgg","AT_SilvercatRing","testmod-ArcanaOfDestiny","CeramicFish","GnawedLeaf","UnicornStump","BloodDonationBag","DeadEye","AT_ImmortalShieldbow","Vajra","Medical Kit","AT_ArchangelStaff","AT_SunfireAegis"],"acts_visited":["Exordium","TheCity","TheBeyond","TheEnding"],"potions_floor_usage":[],"damage_taken":[{"damage":0.0,"enemies":"Small Slimes","floor":1.0,"turns":1.0},{"damage":0.0,"enemies":"2 Louse","floor":4.0,"turns":1.0},{"damage":0.0,"enemies":"Cultist","floor":5.0,"turns":1.0},{"damage":14.0,"enemies":"Lagavulin","floor":6.0,"turns":6.0},{"damage":0.0,"enemies":"3 Sentries","floor":8.0,"turns":1.0},{"damage":8.0,"enemies":"Red Slaver","floor":10.0,"turns":2.0},{"damage":2.0,"enemies":"Blue Slaver","floor":11.0,"turns":2.0},{"damage":11.0,"enemies":"The Mushroom Lair","floor":12.0,"turns":3.0},{"damage":2.0,"enemies":"Gremlin Nob","floor":14.0,"turns":3.0},{"damage":24.0,"enemies":"Slime Boss","floor":16.0,"turns":10.0},{"damage":0.0,"enemies":"Spheric Guardian","floor":18.0,"turns":2.0},{"damage":4.0,"enemies":"Chosen","floor":20.0,"turns":4.0},{"damage":6.0,"enemies":"Book of Stabbing","floor":23.0,"turns":4.0},{"damage":9.0,"enemies":"Snake Plant","floor":24.0,"turns":3.0},{"damage":19.0,"enemies":"REME_1_Revenger","floor":25.0,"turns":4.0},{"damage":0.0,"enemies":"Slavers","floor":27.0,"turns":2.0},{"damage":0.0,"enemies":"Shelled Parasite and Fungi","floor":28.0,"turns":3.0},{"damage":8.0,"enemies":"Book of Stabbing","floor":31.0,"turns":4.0},{"damage":0.0,"enemies":"Collector","floor":33.0,"turns":6.0},{"damage":8.0,"enemies":"3 Shapes","floor":35.0,"turns":3.0},{"damage":3.0,"enemies":"Orb Walker","floor":36.0,"turns":2.0},{"damage":11.0,"enemies":"Jaw Worm Horde","floor":37.0,"turns":3.0},{"damage":3.0,"enemies":"Spire Growth","floor":38.0,"turns":3.0},{"damage":8.0,"enemies":"Reptomancer","floor":44.0,"turns":3.0},{"damage":0,"enemies":"Nemesis","floor":46,"turns":3},{"damage":13,"enemies":"4 Shapes","floor":47,"turns":1},{"damage":4,"enemies":"Donu and Deca","floor":50,"turns":6},{"damage":1,"enemies":"Time Eater","floor":51,"turns":8},{"damage":21,"enemies":"Shield and Spear","floor":55,"turns":3},{"damage":16,"enemies":"The Heart","floor":56,"turns":5}],"seed_played":"1540306675297654238","potions_obtained":[{"floor":4.0,"key":"Ancient Potion"},{"floor":5.0,"key":"EntropicBrew"},{"floor":6.0,"key":"Explosive Potion"},{"floor":18.0,"key":"ColorlessPotion"},{"floor":23.0,"key":"SkillPotion"},{"floor":24.0,"key":"DuplicationPotion"},{"floor":28.0,"key":"Swift Potion"}],"is_trial":false,"path_per_floor":["M","?","$","M","M","E","R","E","T","M","M","?","R","E","R","B",null,"M","?","M","?","?","E","M","E","T","E","M","R","$","E","R","B",null,"M","M","M","M","?","R","$","R","T","E","R","E","M","$","R","B","B",null,"R","$","E","B",null],"character_chosen":"DEFECT","items_purchased":["AT_StudyProgram","Lee\u0027s Waffle","Blizzard","MostiFishMod:Nova","Reboot","Genetic Algorithm","MostiFishMod:ActiveDefenseSystem","testmod-TradeIn","Good Instincts","AT_SilverBalance","BFFS","BookofShadows","BrkXgEgg","AT_SilvercatRing","testmod-ArcanaOfDestiny","BloodDonationMachine","DeadEye","AT_ImmortalShieldbow","Vajra","FairyPotion","Medical Kit","AT_ArchangelStaff"],"campfire_rested":1,"item_purchase_floors":[3,30,34,34,34,34,34,34,34,40,40,40,41,41,42,48,49,49,49,49,54,54],"current_hp_per_floor":[70,70,74,79,85,71,71,71,71,70,76,74,74,72,72,58,109,109,109,105,116,116,122,126,121,121,136,152,152,231,241,241,260,402,421,446,464,491,554,554,554,554,554,314,497,531,520,155,155,191,216,540,397,397,324,683],"gold":993,"neow_bonus":"THREE_ENEMY_KILL","is_daily":false,"chose_seed":false,"campfire_upgraded":4,"win_rate":0.0,"timestamp":1613985431,"path_taken":["M","?","?","?","M","E","R","E","T","M","M","?","R","E","R","BOSS","M","?","M","?","?","E","M","E","T","E","?","R","$","E","R","BOSS","M","M","?","M","?","R","$","R","T","E","R","E","M","$","R","BOSS","BOSS","R","$","E","BOSS"],"items_purchased_type":["Card","Relic","Card","Card","Card","Card","Card","Card","Card","Relic","Relic","Relic","Relic","Relic","Relic","Relic","Relic","Relic","Relic","Potion","Relic","Relic"],"build_version":"2020-12-22","purchased_purges":8,"victory":true,"max_hp_per_floor":[77,77,81,86,92,92,92,92,92,99,107,116,116,116,116,126,126,126,126,126,137,137,149,162,176,176,191,207,207,231,249,249,268,402,429,457,486,516,579,579,579,579,579,612,612,646,648,648,648,648,648,648,648,648,683,683],"card_choices":[{"not_picked":["Barrage","MostiFishMod:PushDownKick"],"picked":"Lockon","floor":1.0},{"not_picked":["Streamline","MostiFishMod:PushDownKick","Barrage","Gash"],"picked":"Cold Snap","floor":4.0},{"not_picked":["Hologram","Go for the Eyes","AT_WarpDrive","MostiFishMod:Hijack"],"picked":"Ball Lightning","floor":5.0},{"not_picked":["Go for the Eyes","Undo","Steam","MostiFishMod:PushDownKick","Redo"],"picked":"SKIP","floor":6.0},{"not_picked":["MostiFishMod:ReprogramOld","Consume","Rebound","Cold Snap","Steam Power"],"picked":"SKIP","floor":8.0},{"not_picked":["Sweeping Beam","Redo","Turbo","Gash"],"picked":"Machine Learning","floor":10.0},{"not_picked":["Redo","REME_Whirling","Genetic Algorithm","REME_Compress"],"picked":"AT_ThunderBolt","floor":11.0},{"not_picked":["Aggregate","Leap","Self Repair","Gash"],"picked":"Coolheaded","floor":12.0},{"not_picked":["MostiFishMod:FluxCapactior","MostiFishMod:IceShield","Coolheaded","Chill","Fusion"],"picked":"SKIP","floor":14.0},{"not_picked":["Buffer","REME_Shoggoth","MostiFishMod:InterfaceCompatibility","Core Surge"],"picked":"Echo Form","floor":16.0},{"not_picked":["Barrage","AT_HeatAcrobatics","Darkness","Doom and Gloom","Redo"],"picked":"SKIP","floor":18.0},{"not_picked":["AT_HeatAcrobatics+1","Barrage","Cold Snap","Steam","Stack"],"picked":"SKIP","floor":20.0},{"not_picked":["Aggregate","Conserve Battery","Rebound","Cancel"],"picked":"Coolheaded","floor":23.0},{"not_picked":["BootSequence","Redo","Cold Snap","Aggregate"],"picked":"Defragment","floor":24.0},{"not_picked":["Sunder","Skim","Conserve Battery","Static Discharge+1"],"picked":"Tempest+1","floor":25.0},{"not_picked":["AT_StudyProgram","Consume","Rebound","Auto Shields"],"picked":"REME_Shoggoth","floor":27.0},{"not_picked":["Steam+1","REME_Whirling","Go for the Eyes","Streamline"],"picked":"Doom and Gloom","floor":28.0},{"not_picked":["Coolheaded","Cold Snap","Ball Lightning","AT_RobotInSpace"],"picked":"Heatsinks","floor":31.0},{"not_picked":["ElectricPowerLearning","REME_Shoggoth","All For One","MostiFishMod:TalkingToTheRain"],"picked":"MostiFishMod:IntelligentEquipment","floor":33.0},{"not_picked":["Conserve Battery","Barrage","Steam","Gash"],"picked":"Steam Power+1","floor":35.0},{"not_picked":["Sweeping Beam","Conserve Battery+1","Compile Driver","Redo+1"],"picked":"Darkness","floor":36.0},{"not_picked":["MostiFishMod:FluxCapactior","Genetic Algorithm","Stack","Sweeping Beam"],"picked":"REME_DataAnalysis","floor":37.0},{"not_picked":["Sunder","Stack","Coolheaded","Rebound"],"picked":"Fission","floor":38.0},{"not_picked":["Pulse","Gash","REME_Whirling+1","MostiFishMod:IceShield+1"],"picked":"Seek+1","floor":44.0},{"not_picked":["Reprogram","Lockon","Cancel","Redo+1"],"picked":"Conserve Battery+1","floor":46},{"not_picked":["Stack","MostiFishMod:PushDownKick","Conserve Battery","Coolheaded","Streamline"],"picked":"Singing Bowl","floor":47},{"not_picked":["Storm","Barrage","Steam","Genetic Algorithm+1"],"picked":"Streamline+1","floor":55}],"player_experience":924139,"relics_obtained":[{"floor":1.0,"key":"SynthV:TestCard"},{"floor":6.0,"key":"ImprovedEquipment"},{"floor":8.0,"key":"Oddly Smooth Stone"},{"floor":12.0,"key":"Odd Mushroom"},{"floor":14.0,"key":"ScarletDevilRocket"},{"floor":23.0,"key":"testmod-AssaultLearning"},{"floor":25.0,"key":"testmod-Hope"},{"floor":26.0,"key":"Singing Bowl"},{"floor":27.0,"key":"Symbiotic Virus"},{"floor":31.0,"key":"testmod-IndustrialRevolution"},{"floor":43.0,"key":"CeramicFish"},{"floor":44.0,"key":"GnawedLeaf"},{"floor":46,"key":"UnicornStump"},{"floor":55,"key":"AT_SunfireAegis"}],"event_choices":[{"damage_healed":0.0,"max_hp_gain":0.0,"max_hp_loss":0.0,"gold_gain":0.0,"event_name":"Liars Game","player_choice":"Ignored","floor":2.0,"gold_loss":0.0,"damage_taken":0.0},{"damage_healed":0.0,"max_hp_gain":0.0,"max_hp_loss":0.0,"gold_gain":0.0,"event_name":"Mushrooms","player_choice":"Fought Mushrooms","floor":12.0,"gold_loss":0.0,"damage_taken":0.0},{"damage_healed":0.0,"max_hp_gain":0.0,"max_hp_loss":0.0,"gold_gain":0.0,"event_name":"Vampires","player_choice":"Ignored","floor":19.0,"gold_loss":0.0,"damage_taken":0.0},{"damage_healed":0.0,"max_hp_gain":0.0,"max_hp_loss":0.0,"gold_gain":0.0,"event_name":"The Library","player_choice":"Read","floor":21.0,"gold_loss":0.0,"damage_taken":0.0,"cards_obtained":["MostiFishMod:ReadyAimFire"]},{"damage_healed":0.0,"max_hp_gain":0.0,"max_hp_loss":0.0,"gold_gain":400.0,"event_name":"¶÷ÂåË¹µÄÅÌ×Ó","player_choice":"Sell","floor":22.0,"relics_lost":["DaveBox"],"gold_loss":0.0,"damage_taken":0.0},{"damage_healed":0.0,"max_hp_gain":0.0,"max_hp_loss":0.0,"gold_gain":999.0,"event_name":"MindBloom","player_choice":"Gold","floor":39.0,"gold_loss":0.0,"damage_taken":0.0,"cards_obtained":["Normality","Normality"]}],"is_beta":false,"boss_relics":[{"not_picked":["REME_LowDesire","AT_TrinityForce"],"picked":"RhineSuit"},{"not_picked":[]},{"not_picked":["Fusion Hammer","OneHitWonderSystem"],"picked":"Runic Pyramid"},{"not_picked":[]}],"items_purged_floors":[3,30,30,34,40,41,49,53],"is_endless":false,"potions_floor_spawned":[4,5,6,12,18,23,24,28,35,37,46,55],"ascension_level":20}}