{"host":"uv5ws9rdk87e8i5k","time":1613970213,"event":{"mods":["AchievementEnabler","BaseMod","Colored Map","Minty Spire (QoL Compilation)","Permanent Neow","Quick Restart","StSLib","SuperFastMode","The Necromancer","The Saiyan"],"gold_per_floor":[115,132,82,100,29,62,74,74,97,131,131,144,144,144,144],"floor_reached":14,"language":"ENG","playtime":274,"items_purged":[],"score":130,"play_id":"2887c5f4-6b1d-428b-826b-9a70adf4fc00","local_time":"20210221230333","is_ascension_mode":true,"campfire_choices":[{"data":"Noxious Fumes","floor":8,"key":"SMITH"}],"circlet_count":0,"master_deck":["Strike_G","Strike_G","Strike_G","Strike_G","Defend_G","Defend_G","Defend_G","Defend_G","Defend_G","Survivor","Neutralize","Backflip","Cloak And Dagger","Deadly Poison","Noxious Fumes+1","PiercingWail","Deadly Poison","Poisoned Stab"],"relics":["Black Star","Akabeko","Blood Vial","Bag of Marbles","Centennial Puzzle","Strawberry","Potion Belt"],"acts_visited":["Exordium"],"potions_floor_usage":[10,12,14],"damage_taken":[{"damage":4.0,"enemies":"Cultist","floor":1.0,"turns":5.0},{"damage":0.0,"enemies":"Jaw Worm","floor":2.0,"turns":6.0},{"damage":0.0,"enemies":"2 Louse","floor":4.0,"turns":3.0},{"damage":37,"enemies":"Gremlin Nob","floor":6,"turns":5},{"damage":0,"enemies":"Exordium Wildlife","floor":7,"turns":4},{"damage":5,"enemies":"3 Sentries","floor":10,"turns":6},{"damage":15,"enemies":"Exordium Thugs","floor":12,"turns":5},{"damage":10,"enemies":"Gremlin Nob","floor":14,"turns":3}],"seed_played":"-3953963055396152247","potions_obtained":[{"floor":4.0,"key":"SkillPotion"},{"floor":6,"key":"Ancient Potion"},{"floor":7,"key":"Weak Potion"},{"floor":10,"key":"Explosive Potion"}],"is_trial":false,"path_per_floor":["M","M","?","M","$","E","M","R","T","E","?","M","?","E"],"character_chosen":"THE_SILENT","items_purchased":["Noxious Fumes"],"campfire_rested":0,"item_purchase_floors":[5],"current_hp_per_floor":[59,59,59,59,59,22,24,24,24,28,28,15,8,0,0],"gold":144,"neow_bonus":"BOSS_RELIC","is_daily":false,"chose_seed":false,"campfire_upgraded":1,"win_rate":0.0,"timestamp":1613970213,"path_taken":["M","M","?","M","$","E","M","R","T","E","?","M","?","E"],"items_purchased_type":["Card"],"build_version":"2020-12-22","purchased_purges":0,"victory":false,"max_hp_per_floor":[70,70,70,70,70,70,70,70,70,77,77,77,77,77,77],"card_choices":[{"not_picked":["Caltrops","Deflect"],"picked":"Backflip","floor":1.0},{"not_picked":["Dodge and Roll","Expertise"],"picked":"Cloak And Dagger","floor":2.0},{"not_picked":["Outmaneuver","PiercingWail"],"picked":"Deadly Poison","floor":4.0},{"not_picked":["Infinite Blades","Deflect"],"picked":"PiercingWail","floor":6},{"not_picked":["Flying Knee","Riddle With Holes","Malaise"],"picked":"SKIP","floor":7},{"not_picked":["Infinite Blades","Dash"],"picked":"Deadly Poison","floor":10},{"not_picked":["Dodge and Roll","Caltrops"],"picked":"Poisoned Stab","floor":12}],"player_experience":224932,"relics_obtained":[{"floor":6,"key":"Akabeko"},{"floor":6,"key":"Blood Vial"},{"floor":9,"key":"Bag of Marbles"},{"floor":10,"key":"Centennial Puzzle"},{"floor":10,"key":"Strawberry"}],"event_choices":[{"cards_removed":["Strike_G"],"damage_healed":0.0,"max_hp_gain":0.0,"max_hp_loss":0.0,"gold_gain":0.0,"event_name":"The Cleric","player_choice":"Card Removal","floor":3.0,"gold_loss":50.0,"damage_taken":0.0},{"damage_healed":0,"gold_gain":0,"player_choice":"Ignored","damage_taken":0,"max_hp_gain":0,"max_hp_loss":0,"event_name":"Golden Idol","floor":11,"gold_loss":0},{"damage_healed":0,"gold_gain":0,"player_choice":"Success","damage_taken":7,"relics_obtained":["Potion Belt"],"max_hp_gain":0,"max_hp_loss":0,"event_name":"Scrap Ooze","floor":13,"gold_loss":0}],"is_beta":false,"boss_relics":[],"items_purged_floors":[],"is_endless":false,"potions_floor_spawned":[4,6,7,10],"killed_by":"Gremlin Nob","ascension_level":6}}