{"host":"d52brwsy6af8zvaq","time":1613953998,"event":{"mods":["AchievementEnabler","BaseMod","Bestiary","Highlight Path","Minty Spire (QoL Compilation)","Quick Restart","Relic Stats","ojb\u0027s Better Paths Mod"],"gold_per_floor":[115,125,50,62,4,40,63,98,98,119,119,144,144,178,178,261,261,272,281,113,133,162,162,162],"floor_reached":23,"language":"ENG","playtime":1334,"items_purged":["Decay"],"score":426,"play_id":"b7f3cb9c-7834-4aa2-8410-5efd35531451","local_time":"20210221173318","is_ascension_mode":true,"campfire_choices":[{"floor":11.0,"key":"REST"},{"floor":15,"key":"REST"}],"circlet_count":0,"master_deck":["AscendersBane","Strike_B","Strike_B","Strike_B","Defend_B","Defend_B","Defend_B","Defend_B","Zap","Dualcast","Sweeping Beam","Coolheaded","Beam Cell","Reinforced Body","Glacier","Hologram","Go for the Eyes","Lockon","Undo","Buffer","Swift Strike","Skim"],"relics":["Cracked Core","CeramicFish","DataDisk","Lizard Tail","White Beast Statue","Pen Nib","Philosopher\u0027s Stone"],"acts_visited":["Exordium","TheCity"],"potions_floor_usage":[14,21,21],"damage_taken":[{"damage":0.0,"enemies":"2 Louse","floor":1.0,"turns":2.0},{"damage":0.0,"enemies":"Cultist","floor":2.0,"turns":3.0},{"damage":5.0,"enemies":"Jaw Worm","floor":4.0,"turns":4.0},{"damage":40.0,"enemies":"Gremlin Nob","floor":6.0,"turns":4.0},{"damage":0.0,"enemies":"2 Fungi Beasts","floor":7.0,"turns":3.0},{"damage":22.0,"enemies":"Lagavulin","floor":8.0,"turns":17.0},{"damage":3.0,"enemies":"3 Louse","floor":10.0,"turns":5.0},{"damage":1.0,"enemies":"Large Slime","floor":12.0,"turns":5.0},{"damage":12,"enemies":"3 Sentries","floor":14,"turns":9},{"damage":18,"enemies":"The Guardian","floor":16,"turns":18},{"damage":0,"enemies":"Shell Parasite","floor":18,"turns":11},{"damage":32,"enemies":"3 Byrds","floor":21,"turns":7},{"damage":17,"enemies":"Centurion and Healer","floor":22,"turns":13},{"damage":4,"enemies":"Slavers","floor":23,"turns":2}],"seed_played":"-5488171998998988921","potions_obtained":[{"floor":6.0,"key":"SpeedPotion"},{"floor":7.0,"key":"LiquidBronze"},{"floor":10.0,"key":"EntropicBrew"},{"floor":14,"key":"Energy Potion"},{"floor":16,"key":"DistilledChaos"},{"floor":21,"key":"Energy Potion"},{"floor":22,"key":"DuplicationPotion"}],"is_trial":false,"path_per_floor":["M","M","?","M","?","E","M","E","T","M","R","M","?","E","R","B",null,"M","?","$","M","M","E"],"character_chosen":"DEFECT","items_purchased":["Swift Strike"],"campfire_rested":2,"item_purchase_floors":[20],"current_hp_per_floor":[71,71,71,66,66,26,26,4,4,1,24,23,23,11,34,16,63,63,63,63,31,14,10,10],"gold":162,"neow_bonus":"TEN_PERCENT_HP_BONUS","is_daily":false,"chose_seed":false,"campfire_upgraded":0,"win_rate":0.0,"timestamp":1613953998,"path_taken":["M","M","?","M","?","E","?","E","T","M","R","M","?","E","R","BOSS","M","?","$","M","M","E"],"items_purchased_type":["Card"],"build_version":"2020-12-22","purchased_purges":1,"victory":false,"max_hp_per_floor":[78,78,78,78,78,78,78,78,78,78,78,78,78,78,78,78,78,78,78,78,78,78,78,78],"relic_stats":{"Lizard Tail":0,"counters":[14,103],"CeramicFish":90,"Pen Nib":[7],"obtain_stats":[{"DataDisk":6,"Lizard Tail":8,"CeramicFish":5,"Philosopher\u0027s Stone":17,"Pen Nib":14,"Cracked Core":0,"White Beast Statue":9},{"DataDisk":4,"Lizard Tail":6,"CeramicFish":3,"Philosopher\u0027s Stone":10,"Pen Nib":9,"Cracked Core":0,"White Beast Statue":6},{"DataDisk":13,"Lizard Tail":33,"CeramicFish":9,"Philosopher\u0027s Stone":70,"Pen Nib":52,"Cracked Core":0,"White Beast Statue":33}]},"card_choices":[{"not_picked":["Hologram","Compile Driver"],"picked":"Sweeping Beam","floor":1.0},{"not_picked":["Undo","Sweeping Beam"],"picked":"Coolheaded","floor":2.0},{"not_picked":["Skim","Leap"],"picked":"Beam Cell","floor":4.0},{"not_picked":["Rainbow","Coolheaded"],"picked":"Reinforced Body","floor":6.0},{"not_picked":["Coolheaded","Hello World"],"picked":"Glacier","floor":7.0},{"not_picked":["Steam","Skim"],"picked":"Hologram","floor":8.0},{"not_picked":["Rip and Tear","Blizzard"],"picked":"Go for the Eyes","floor":10.0},{"not_picked":["Beam Cell","Glacier"],"picked":"Lockon","floor":12.0},{"not_picked":["Storm","Go for the Eyes"],"picked":"Undo","floor":14},{"not_picked":["Machine Learning","Meteor Strike"],"picked":"Buffer","floor":16},{"not_picked":["Double Energy","Chaos","Beam Cell"],"picked":"SKIP","floor":18},{"not_picked":["Force Field","Beam Cell","Rebound"],"picked":"SKIP","floor":21},{"not_picked":["Beam Cell","Lockon"],"picked":"Skim","floor":22}],"player_experience":2332057,"relics_obtained":[{"floor":6.0,"key":"DataDisk"},{"floor":8.0,"key":"Lizard Tail"},{"floor":9.0,"key":"White Beast Statue"},{"floor":14,"key":"Pen Nib"}],"event_choices":[{"cards_removed":["Strike_B"],"damage_healed":0.0,"max_hp_gain":0.0,"max_hp_loss":0.0,"gold_gain":0.0,"event_name":"The Cleric","player_choice":"Card Removal","floor":3.0,"gold_loss":75.0,"damage_taken":0.0},{"damage_healed":0.0,"max_hp_gain":0.0,"max_hp_loss":0.0,"gold_gain":0.0,"event_name":"WeMeetAgain","player_choice":"Paid Gold","floor":5.0,"gold_loss":58.0,"damage_taken":0.0,"relics_obtained":["CeramicFish"]},{"damage_healed":0,"gold_gain":0,"player_choice":"Ignored","damage_taken":0,"max_hp_gain":0,"max_hp_loss":0,"event_name":"Liars Game","floor":13,"gold_loss":0},{"damage_healed":0,"gold_gain":0,"player_choice":"Smashed Altar","damage_taken":0,"max_hp_gain":0,"max_hp_loss":0,"event_name":"Forgotten Altar","floor":19,"gold_loss":0,"cards_obtained":["Decay"]}],"is_beta":false,"boss_relics":[{"not_picked":["Sozu","Busted Crown"],"picked":"Philosopher\u0027s Stone"}],"items_purged_floors":[20],"is_endless":false,"potions_floor_spawned":[6,7,10,12,14,16,18,21,22],"killed_by":"Slavers","ascension_level":20}}