{"host":"dkr0dog13pegamnp","time":1613995270,"event":{"mods":["AchievementEnabler","BaseMod","Minty Spire (QoL Compilation)","Rare Cards Sparkle","StSLib","SuperFastMode","everything is the same but u backflip on backflip"],"gold_per_floor":[116,126,51,51,51,79,79,98,98,114,189,189,205,217,217,315,315,331,331,348,363,363,363,383,383,383],"floor_reached":25,"language":"KOR","playtime":554,"items_purged":["Strike_G"],"score":368,"play_id":"04513513-397b-4aa4-8925-2205fd4de3fa","local_time":"20210222210110","is_ascension_mode":true,"campfire_choices":[{"data":"Poisoned Stab","floor":7,"key":"SMITH"},{"data":"Crippling Poison","floor":12,"key":"SMITH"},{"data":"Reflex","floor":15,"key":"SMITH"},{"data":"Footwork","floor":23,"key":"SMITH"}],"circlet_count":0,"master_deck":["AscendersBane","Strike_G","Defend_G","Defend_G","Defend_G","Defend_G","Defend_G","Survivor","Neutralize","Noxious Fumes+1","Poisoned Stab+1","Reflex+1","Crippling Poison+1","Escape Plan","Burst","Cloak And Dagger+1","Finisher+1","Heel Hook+1","Catalyst","Footwork+1"],"relics":["Ring of the Snake","NeowsBlessing","Pear","Ninja Scroll","Astrolabe","Unceasing Top"],"acts_visited":["Exordium","TheCity"],"potions_floor_usage":[16,16,21,25,25],"damage_taken":[{"damage":0,"enemies":"2 Louse","floor":1,"turns":1},{"damage":0,"enemies":"Cultist","floor":2,"turns":1},{"damage":0,"enemies":"Lagavulin","floor":6,"turns":1},{"damage":0,"enemies":"Small Slimes","floor":8,"turns":3},{"damage":8,"enemies":"Blue Slaver","floor":10,"turns":3},{"damage":3,"enemies":"2 Fungi Beasts","floor":13,"turns":3},{"damage":8,"enemies":"Exordium Thugs","floor":14,"turns":3},{"damage":32,"enemies":"Hexaghost","floor":16,"turns":8},{"damage":2,"enemies":"3 Byrds","floor":18,"turns":4},{"damage":0,"enemies":"Shell Parasite","floor":20,"turns":1},{"damage":34,"enemies":"3 Cultists","floor":21,"turns":6},{"damage":7,"enemies":"Centurion and Healer","floor":24,"turns":5},{"damage":22,"enemies":"Sentry and Sphere","floor":25,"turns":3}],"seed_played":"-4291709154235411500","potions_obtained":[{"floor":6,"key":"Swift Potion"},{"floor":10,"key":"DistilledChaos"},{"floor":16,"key":"Explosive Potion"},{"floor":18,"key":"DuplicationPotion"},{"floor":24,"key":"ColorlessPotion"}],"is_trial":false,"path_per_floor":["M","M","$","?","$","E","R","M","T","M","?","R","M","M","R","B",null,"M","?","M","M","?","R","M","M"],"character_chosen":"THE_SILENT","items_purchased":[],"campfire_rested":0,"item_purchase_floors":[],"current_hp_per_floor":[63,63,63,63,63,73,73,73,73,65,54,54,51,43,43,11,63,61,61,61,27,27,27,20,0,0],"gold":383,"neow_bonus":"THREE_ENEMY_KILL","is_daily":false,"chose_seed":false,"campfire_upgraded":4,"win_rate":0.0,"timestamp":1613995270,"path_taken":["M","M","$","?","$","E","R","?","T","M","?","R","M","M","R","BOSS","M","?","M","M","?","R","?","M"],"items_purchased_type":[],"build_version":"2020-12-22","purchased_purges":1,"victory":false,"max_hp_per_floor":[70,70,70,70,70,80,80,80,80,80,80,80,80,80,80,80,80,80,80,80,80,80,80,80,80,80],"card_choices":[{"not_picked":["Underhanded Strike","All Out Attack","PiercingWail"],"picked":"SKIP","floor":1},{"not_picked":["Bane","Cloak And Dagger"],"picked":"Noxious Fumes","floor":2},{"not_picked":["Blade Dance","Dash"],"picked":"Poisoned Stab","floor":6},{"not_picked":["Sucker Punch","Escape Plan"],"picked":"Reflex","floor":8},{"not_picked":["Setup","Concentrate"],"picked":"Crippling Poison","floor":10},{"not_picked":["Finisher","Poisoned Stab","Bane"],"picked":"SKIP","floor":13},{"not_picked":["Slice","PiercingWail"],"picked":"Escape Plan","floor":14},{"not_picked":["Tools of the Trade","Bullet Time"],"picked":"Burst","floor":16},{"not_picked":["Noxious Fumes","Cloak And Dagger","Blade Dance"],"picked":"SKIP","floor":18},{"not_picked":["Distraction+1","Poisoned Stab"],"picked":"Catalyst","floor":20},{"not_picked":["Quick Slash","Eviscerate"],"picked":"Footwork","floor":21},{"not_picked":["Finisher","Choke","Predator"],"picked":"SKIP","floor":24}],"player_experience":84032,"relics_obtained":[{"floor":6,"key":"Pear"},{"floor":9,"key":"Ninja Scroll"}],"event_choices":[{"damage_healed":0,"gold_gain":0,"player_choice":"Forge","damage_taken":0,"max_hp_gain":0,"max_hp_loss":0,"event_name":"Accursed Blacksmith","floor":4,"gold_loss":0,"cards_upgraded":["Noxious Fumes"]},{"damage_healed":0,"gold_gain":75,"player_choice":"Gather Gold","damage_taken":11,"max_hp_gain":0,"max_hp_loss":0,"event_name":"World of Goop","floor":11,"gold_loss":0},{"damage_healed":0,"gold_gain":0,"player_choice":"Opened","damage_taken":0,"relics_obtained":["Unceasing Top"],"max_hp_gain":0,"max_hp_loss":0,"event_name":"The Mausoleum","floor":19,"gold_loss":0},{"damage_healed":0,"gold_gain":0,"player_choice":"Ignored","damage_taken":0,"max_hp_gain":0,"max_hp_loss":0,"event_name":"Ghosts","floor":22,"gold_loss":0}],"is_beta":false,"boss_relics":[{"not_picked":["SlaversCollar","Calling Bell"],"picked":"Astrolabe"}],"items_purged_floors":[3],"is_endless":false,"potions_floor_spawned":[6,10,13,16,18,24],"killed_by":"Sentry and Sphere","ascension_level":12}}