{"host":"pzgr3gbl0nac7xxx","time":1613974424,"event":{"mods":["BaseMod","Downfall","Hubris","Infinite Spire","Minty Spire (QoL Compilation)","Replay The Spire","StSLib","The Blue Laboratory","The Necromancer","The Servant 0.9.4"],"gold_per_floor":[117,117,68,79,98,126,126,143,143,171,171,171,183,108,108,207,207,224,224,234,80,91,117,117,128,155,167,204,216,228,256,268,382,394,443,497,558,624,130,142,142],"floor_reached":40,"language":"ENG","playtime":2726,"items_purged":["hubris:Envy","Strike_G"],"score":674,"play_id":"a9fd9756-9234-44e3-98e9-2a10cab30659","local_time":"20210222001344","is_ascension_mode":true,"campfire_choices":[{"data":"Replay:Bag of Tricks","floor":7,"key":"SMITH"},{"floor":11,"key":"REST"},{"floor":15,"key":"REST"},{"data":"Atom Bomb","floor":24,"key":"SMITH"},{"floor":32,"key":"DIG"}],"circlet_count":0,"master_deck":["Strike_G","Strike_G","Strike_G","Defend_G","Defend_G","Defend_G","Defend_G","Defend_G","Survivor","Neutralize","Backflip","Flying Knee","Replay:Bag of Tricks+1","Endless Agony","Accuracy+1","Dagger Spray","Atom Bomb+1","CurseOfTheBell","Blade Dance+1","Poisoned Stab","infinitespire:Neurotoxin","Riddle With Holes","Caltrops","Endless Agony+1","infinitespire:Starlight"],"relics":["Ring of the Serpent","hubris:SlimyHat","hubris:Potato","hubris:GlazedTorus","Ring of Hypnosis","Ring of Fury","Calling Bell","Anchor","infinitespire:Bottled Soul","StoneCalendar","Pet Ghost","Letter Opener","MawBank","hubris:OldNail","Byrd Skull","Thread and Needle","infinitespire:EvilPickle"],"acts_visited":["Exordium","TheCity","TheBeyond"],"potions_floor_usage":[13,13,25,25,33,33,33,35,36,38],"damage_taken":[{"damage":0,"enemies":"Cultist","floor":1,"turns":4},{"damage":1,"enemies":"Small Slimes","floor":4,"turns":4},{"damage":0,"enemies":"2 Louse","floor":5,"turns":3},{"damage":15,"enemies":"3 Sentries","floor":6,"turns":9},{"damage":3,"enemies":"Lots of Slimes","floor":8,"turns":3},{"damage":16,"enemies":"Lagavulin","floor":10,"turns":5},{"damage":15,"enemies":"Exordium Wildlife","floor":13,"turns":4},{"damage":6,"enemies":"Fading Forest","floor":16,"turns":11},{"damage":0,"enemies":"Chosen","floor":18,"turns":3},{"damage":0,"enemies":"Spheric Guardian","floor":20,"turns":2},{"damage":0,"enemies":"Snecko","floor":22,"turns":2},{"damage":0,"enemies":"Replay:Snechameleon","floor":23,"turns":3},{"damage":0,"enemies":"Centurion and Healer","floor":25,"turns":1},{"damage":21,"enemies":"Gremlin Leader","floor":28,"turns":5},{"damage":15,"enemies":"3 Cultists","floor":31,"turns":4},{"damage":29,"enemies":"Pondfish","floor":33,"turns":7},{"damage":9,"enemies":"Orb Walker","floor":35,"turns":3},{"damage":29,"enemies":"3 Darklings","floor":36,"turns":3},{"damage":7,"enemies":"Jaw Worm Horde","floor":37,"turns":4},{"damage":5,"enemies":"4 Shapes","floor":38,"turns":7},{"damage":55,"enemies":"Nightmare","floor":40,"turns":4}],"seed_played":"5361626928794708553","potions_obtained":[{"floor":6,"key":"Elixir"},{"floor":8,"key":"Dexterity Potion"},{"floor":10,"key":"SkillPotion"},{"floor":20,"key":"CunningPotion"},{"floor":22,"key":"Regen Potion"},{"floor":28,"key":"blueLaboratory:CorrosionFlask"},{"floor":31,"key":"SkillPotion"},{"floor":33,"key":"Adrenaline Potion"},{"floor":35,"key":"Doom Potion"},{"floor":37,"key":"LiquidBronze"}],"is_trial":false,"path_per_floor":["M","?","$","M","M","E","R","M","T","E","R","?","M","$","R","B",null,"M","?","M","$","M","E","R","M","T","AVR","E","?","?","M","R","B",null,"M","M","M","M","?","NM"],"character_chosen":"THE_SILENT","items_purchased":["Flying Knee","Pet Ghost"],"campfire_rested":2,"item_purchase_floors":[3,21],"current_hp_per_floor":[75,75,75,74,74,59,59,56,56,40,62,62,47,47,69,69,75,75,75,75,75,75,75,75,75,75,75,54,54,54,39,39,10,75,66,37,30,25,25,0,0],"gold":142,"neow_bonus":"RANDOM_EVENT","is_daily":false,"chose_seed":false,"campfire_upgraded":2,"win_rate":0.0,"timestamp":1613974424,"path_taken":["M","?","$","?","?","E","R","M","T","E","R","?","M","$","R","BOSS","M","?","?","?","M","E","R","M","T","AVR","E","?","?","M","R","BOSS","M","M","M","M","?","NM"],"items_purchased_type":["Card","Relic"],"build_version":"2020-12-22","purchased_purges":2,"victory":false,"max_hp_per_floor":[75,75,75,75,75,75,75,75,75,75,75,75,75,75,75,75,75,75,75,75,75,75,75,75,75,75,75,75,75,75,75,75,75,75,75,75,75,75,75,75,75],"card_choices":[{"not_picked":["Prepared","PiercingWail"],"picked":"Backflip","floor":1},{"not_picked":["Dash","Toxin Wave"],"picked":"Replay:Bag of Tricks","floor":4},{"not_picked":["Choke","PiercingWail"],"picked":"Endless Agony","floor":5},{"not_picked":["Endless Agony","Poisoned Stab"],"picked":"Accuracy","floor":6},{"not_picked":["Outmaneuver","Reflex"],"picked":"Dagger Spray","floor":8},{"not_picked":["Sucker Punch","PiercingWail","Backflip"],"picked":"SKIP","floor":10},{"not_picked":["Reflex","Acrobatics","hubris:SlightOfHand"],"picked":"SKIP","floor":13},{"not_picked":["ReplayTheSpireMod:From All Sides","Malaise"],"picked":"Atom Bomb","floor":16},{"not_picked":["Outmaneuver","Blur"],"picked":"Blade Dance+1","floor":18},{"not_picked":["Backflip","Eviscerate","hubris:Counter"],"picked":"SKIP","floor":20},{"not_picked":["Sucker Punch","Reflex","Prepared"],"picked":"SKIP","floor":22},{"not_picked":["Sucker Punch","Outmaneuver"],"picked":"Poisoned Stab","floor":23},{"not_picked":["All Out Attack+1","Slice","PiercingWail"],"picked":"SKIP","floor":25},{"not_picked":["Poison Darts","Dodge and Roll"],"picked":"infinitespire:Neurotoxin","floor":28},{"not_picked":["Acrobatics","Skewer+1","Replay:Poison Smokescreen"],"picked":"SKIP","floor":31},{"not_picked":["Slice+1","Catalyst"],"picked":"Caltrops","floor":35},{"not_picked":["Acrobatics+1","Poisoned Stab+1"],"picked":"Endless Agony+1","floor":36},{"not_picked":["hubris:SlightOfHand+1","Quick Slash+1","All Out Attack"],"picked":"SKIP","floor":37},{"not_picked":["Flying Knee","Backflip+1","Dodge and Roll"],"picked":"SKIP","floor":38},{"not_picked":["infinitespire:FutureSight","ReplayTheSpireMod:Black Plague"],"picked":"infinitespire:Starlight","floor":39}],"player_experience":159700,"relics_obtained":[{"floor":6,"key":"hubris:SlimyHat"},{"floor":9,"key":"hubris:Potato"},{"floor":10,"key":"hubris:GlazedTorus"},{"floor":12,"key":"Ring of Hypnosis"},{"floor":12,"key":"Ring of Fury"},{"floor":17,"key":"Anchor"},{"floor":17,"key":"infinitespire:Bottled Soul"},{"floor":17,"key":"StoneCalendar"},{"floor":23,"key":"Letter Opener"},{"floor":26,"key":"MawBank"},{"floor":28,"key":"Byrd Skull"},{"floor":32,"key":"Thread and Needle"}],"event_choices":[{"damage_healed":0,"gold_gain":0,"player_choice":"Donut","damage_taken":0,"max_hp_gain":5,"max_hp_loss":0,"event_name":"Big Fish","floor":0,"gold_loss":0},{"cards_removed":["Strike_G"],"damage_healed":0,"gold_gain":0,"player_choice":"Purged","damage_taken":0,"max_hp_gain":0,"max_hp_loss":0,"event_name":"Purifier","floor":2,"gold_loss":0},{"damage_healed":0,"gold_gain":0,"player_choice":"Upgraded","damage_taken":0,"max_hp_gain":0,"max_hp_loss":0,"event_name":"Upgrade Shrine","floor":19,"gold_loss":0,"cards_upgraded":["Accuracy"]},{"damage_healed":0,"gold_gain":0,"player_choice":"Ignored","damage_taken":0,"max_hp_gain":0,"max_hp_loss":0,"event_name":"Vampires","floor":29,"gold_loss":0}],"is_beta":false,"boss_relics":[{"not_picked":["Ectoplasm","Ring of Chaos"],"picked":"Calling Bell"},{"not_picked":["Replay:Ancient Bell","Runic Pyramid"],"picked":"Ring of the Serpent"}],"items_purged_floors":[14,27],"is_endless":false,"potions_floor_spawned":[6,8,10,20,22,28,31,33,35,37],"killed_by":"Nightmare","ascension_level":2}}