{"host":"np4f5reu8f2vit8r","time":1613989990,"event":{"mods":["BaseMod","Bestiary","Curses Come First","Minty Spire (QoL Compilation)","Permanent Neow","Relic Stats","StSLib"],"gold_per_floor":[118,134,50,50,50,89,89,132,132,132,147,174,213,63,63,158,158,172,172,6,25,49,93,93,43,43,43,56,181,200,244,244,340,340,365,389,403,29,362,362,362,393,416,433,463,474,474,491,491,491,491,491,491,19,45,45],"floor_reached":57,"language":"ENG","playtime":3614,"items_purged":["Strike_G","Strike_G","Neutralize"],"score":3061,"play_id":"64e63a45-1c55-4932-b45f-db0eda9d1fa8","local_time":"20210222233310","is_ascension_mode":true,"campfire_choices":[{"floor":7,"key":"REST"},{"floor":10,"key":"REST"},{"floor":15,"key":"REST"},{"floor":24,"key":"REST"},{"floor":27,"key":"RECALL"},{"floor":32,"key":"REST"},{"floor":40,"key":"REST"},{"floor":49,"key":"REST"},{"floor":53,"key":"REST"}],"circlet_count":0,"master_deck":["AscendersBane","Survivor","Backflip","Dagger Throw","Bouncing Flask","Footwork","Malaise","Backflip","After Image","Crippling Poison","Die Die Die","Footwork","Blade Dance+1","Backflip","Leg Sweep","Predator","Well Laid Plans","Calculated Gamble+1","Acrobatics+1","Flechettes","Night Terror+1","Leg Sweep+1","Footwork","Dodge and Roll+1","Catalyst+1","Blur+1","Blur+1","PiercingWail+1","Dodge and Roll+1","Night Terror+1","Noxious Fumes+1","Bouncing Flask+1","Caltrops+1","Well Laid Plans+1"],"relics":["Fusion Hammer","Question Card","MealTicket","Bottled Tornado","Snake Skull","Dream Catcher","Snecko Eye","Nilry\u0027s Codex","TwistedFunnel","Smiling Mask","Tough Bandages","Toxic Egg 2","The Specimen","Pandora\u0027s Box","Bag of Preparation","Orrery","Frozen Egg 2","Vajra","Boot","Art of War","Centennial Puzzle","Lee\u0027s Waffle","Letter Opener"],"acts_visited":["Exordium","TheCity","TheBeyond","TheEnding"],"potions_floor_usage":[6,8,13,23,28,29,29,42,56,56],"damage_taken":[{"damage":8,"enemies":"Small Slimes","floor":1,"turns":4},{"damage":1,"enemies":"2 Louse","floor":2,"turns":4},{"damage":47,"enemies":"3 Sentries","floor":6,"turns":12},{"damage":5,"enemies":"Lagavulin","floor":8,"turns":7},{"damage":0,"enemies":"Jaw Worm","floor":11,"turns":5},{"damage":30,"enemies":"Gremlin Nob","floor":13,"turns":4},{"damage":8,"enemies":"The Guardian","floor":16,"turns":11},{"damage":0,"enemies":"Spheric Guardian","floor":18,"turns":3},{"damage":0,"enemies":"3 Byrds","floor":21,"turns":3},{"damage":0,"enemies":"Snecko","floor":22,"turns":4},{"damage":24,"enemies":"Slavers","floor":23,"turns":4},{"damage":11,"enemies":"Shelled Parasite and Fungi","floor":28,"turns":6},{"damage":7,"enemies":"Colosseum Slavers","floor":29,"turns":4},{"damage":11,"enemies":"Colosseum Nobs","floor":29,"turns":3},{"damage":0,"enemies":"Snake Plant","floor":30,"turns":3},{"damage":0,"enemies":"Book of Stabbing","floor":31,"turns":6},{"damage":3,"enemies":"Automaton","floor":33,"turns":7},{"damage":3,"enemies":"Orb Walker","floor":35,"turns":3},{"damage":1,"enemies":"3 Darklings","floor":36,"turns":4},{"damage":27,"enemies":"Transient","floor":37,"turns":6},{"damage":0,"enemies":"Giant Head","floor":42,"turns":10},{"damage":0,"enemies":"Spire Growth","floor":44,"turns":3},{"damage":0,"enemies":"Nemesis","floor":45,"turns":7},{"damage":3,"enemies":"Maw","floor":46,"turns":6},{"damage":0,"enemies":"Writhing Mass","floor":48,"turns":5},{"damage":35,"enemies":"Time Eater","floor":50,"turns":6},{"damage":0,"enemies":"Donu and Deca","floor":51,"turns":9},{"damage":15,"enemies":"Shield and Spear","floor":55,"turns":4},{"damage":0,"enemies":"The Heart","floor":56,"turns":7}],"seed_played":"-2787456762574787024","potions_obtained":[{"floor":1,"key":"Fruit Juice"},{"floor":2,"key":"Weak Potion"},{"floor":8,"key":"AttackPotion"},{"floor":13,"key":"Swift Potion"},{"floor":21,"key":"EssenceOfSteel"},{"floor":23,"key":"FearPotion"},{"floor":28,"key":"SkillPotion"},{"floor":30,"key":"SpeedPotion"},{"floor":31,"key":"DistilledChaos"},{"floor":35,"key":"GamblersBrew"},{"floor":44,"key":"Dexterity Potion"}],"is_trial":false,"path_per_floor":["M","M","$","?","?","E","R","E","T","R","M","T","E","$","R","B",null,"M","?","$","M","M","E","R","$","T","R","M","?","M","E","R","B",null,"M","M","M","$","?","R","?","E","T","M","E","M","T","M","R","B","B",null,"R","$","E","B",null],"character_chosen":"THE_SILENT","items_purchased":["Bouncing Flask","Crippling Poison","TwistedFunnel","Catalyst+1","Bag of Preparation","Orrery","Caltrops+1","Centennial Puzzle","Lee\u0027s Waffle"],"campfire_rested":8,"item_purchase_floors":[3,14,20,38,38,38,54,54,54],"current_hp_per_floor":[51,50,50,50,50,8,27,22,22,41,41,41,11,26,45,37,58,58,37,52,52,52,28,47,62,62,62,51,33,33,33,52,49,61,58,57,30,45,45,64,62,62,62,62,62,59,59,59,62,27,27,53,62,69,54,54],"gold":45,"neow_bonus":"BOSS_RELIC","is_daily":false,"chose_seed":false,"campfire_upgraded":0,"win_rate":0.0,"timestamp":1613989990,"path_taken":["M","M","$","?","?","E","R","E","T","R","M","?","E","$","R","BOSS","M","?","$","M","M","E","R","$","T","R","M","?","?","E","R","BOSS","M","M","M","$","?","R","?","E","T","M","E","M","?","M","R","BOSS","BOSS","R","$","E","BOSS"],"items_purchased_type":["Card","Card","Relic","Card","Relic","Relic","Card","Relic","Relic"],"build_version":"2020-12-22","purchased_purges":3,"victory":true,"max_hp_per_floor":[66,66,66,66,60,65,65,65,65,65,65,65,65,65,65,65,65,65,65,65,65,65,65,65,65,65,65,65,65,65,65,65,65,65,65,65,65,65,65,65,62,62,62,62,62,62,62,62,62,62,62,62,62,69,69,69],"relic_stats":{"Lee\u0027s Waffle":7,"counters":[29,160],"Snake Skull":[267],"Bag of Preparation":[18],"Letter Opener":[25],"Question Card":33,"Smiling Mask":125,"Boot":[0],"Dream Catcher":6,"Tough Bandages":[276],"Centennial Puzzle":[3],"Snecko Eye":[217,226,259,244],"MealTicket":60,"Pandora\u0027s Box":["Caltrops","Cloak And Dagger","Adrenaline","Storm of Steel","Accuracy","Heel Hook","Flying Knee","Leg Sweep"],"Art of War":[21],"obtain_stats":[{"TwistedFunnel":20,"Nilry\u0027s Codex":19,"Vajra":43,"Snake Skull":12,"Bag of Preparation":38,"Bottled Tornado":9,"Smiling Mask":23,"Boot":45,"Dream Catcher":13,"Tough Bandages":29,"Centennial Puzzle":54,"MealTicket":8,"Fusion Hammer":0,"Toxic Egg 2":29,"Ring of the Snake":0,"Lee\u0027s Waffle":54,"The Specimen":31,"Golden Idol":5,"Letter Opener":55,"Frozen Egg 2":42,"Question Card":6,"Snecko Eye":17,"Orrery":38,"Pandora\u0027s Box":34,"Art of War":47},{"TwistedFunnel":8,"Nilry\u0027s Codex":8,"Vajra":21,"Snake Skull":5,"Bag of Preparation":20,"Bottled Tornado":4,"Smiling Mask":11,"Boot":23,"Dream Catcher":6,"Tough Bandages":14,"Centennial Puzzle":27,"MealTicket":4,"Fusion Hammer":0,"Toxic Egg 2":14,"Ring of the Snake":0,"Lee\u0027s Waffle":27,"The Specimen":16,"Golden Idol":2,"Letter Opener":28,"Frozen Egg 2":21,"Question Card":3,"Snecko Eye":7,"Orrery":20,"Pandora\u0027s Box":17,"Art of War":24},{"TwistedFunnel":50,"Nilry\u0027s Codex":50,"Vajra":113,"Snake Skull":32,"Bag of Preparation":103,"Bottled Tornado":27,"Smiling Mask":61,"Boot":123,"Dream Catcher":36,"Tough Bandages":74,"Centennial Puzzle":149,"MealTicket":27,"Fusion Hammer":0,"Toxic Egg 2":74,"Ring of the Snake":0,"Lee\u0027s Waffle":149,"The Specimen":83,"Golden Idol":8,"Letter Opener":153,"Frozen Egg 2":113,"Question Card":20,"Snecko Eye":47,"Orrery":103,"Pandora\u0027s Box":90,"Art of War":129}]},"card_choices":[{"not_picked":["Caltrops","Underhanded Strike"],"picked":"Backflip","floor":1},{"not_picked":["Choke","Sucker Punch"],"picked":"Dagger Throw","floor":2},{"not_picked":["Leg Sweep","Backstab"],"picked":"Footwork","floor":6},{"not_picked":["Blade Dance","Acrobatics","Dash"],"picked":"Malaise","floor":8},{"not_picked":["Accuracy","Slice","Flying Knee"],"picked":"Backflip","floor":11},{"not_picked":["Dagger Throw","Underhanded Strike","Prepared"],"picked":"After Image","floor":13},{"not_picked":["Dagger Spray","Caltrops","Outmaneuver"],"picked":"Die Die Die","floor":15},{"not_picked":["Dagger Throw","Reflex","Prepared"],"picked":"Footwork","floor":18},{"not_picked":["Sucker Punch","Endless Agony","Bane"],"picked":"Blade Dance+1","floor":21},{"not_picked":["Sucker Punch+1","Outmaneuver","Calculated Gamble"],"picked":"Backflip","floor":22},{"not_picked":["Predator","Dagger Spray","Deadly Poison"],"picked":"Leg Sweep","floor":23},{"not_picked":["Reflex","Poisoned Stab","Heel Hook"],"picked":"Predator","floor":24},{"not_picked":["Accuracy","Sucker Punch","Masterful Stab","Poisoned Stab"],"picked":"SKIP","floor":28},{"not_picked":["Finisher","Acrobatics+1","Heel Hook"],"picked":"Well Laid Plans","floor":29},{"not_picked":["Flying Knee","Bullet Time+1","Bane+1"],"picked":"Calculated Gamble+1","floor":30},{"not_picked":["Predator","Tactician+1","Dagger Spray+1"],"picked":"Acrobatics+1","floor":31},{"not_picked":["Masterful Stab","Deflect+1","Deadly Poison+1"],"picked":"Flechettes","floor":32},{"not_picked":["After Image","Envenom","Unload"],"picked":"Night Terror+1","floor":33},{"not_picked":["Slice","Quick Slash","Outmaneuver+1"],"picked":"Leg Sweep+1","floor":35},{"not_picked":["Dodge and Roll+1","Underhanded Strike","Riddle With Holes"],"picked":"Footwork","floor":36},{"not_picked":["Blade Dance+1","Poisoned Stab+1","Dagger Throw"],"picked":"Dodge and Roll+1","floor":37},{"not_picked":["Doppelganger+1","Reflex+1","Backstab"],"picked":"Blur+1","floor":38},{"not_picked":["Slice","Deflect+1","Dagger Spray+1"],"picked":"Blur+1","floor":38},{"not_picked":["Choke","Endless Agony","Masterful Stab"],"picked":"PiercingWail+1","floor":38},{"not_picked":["Heel Hook+1","Terror+1","Accuracy"],"picked":"Dodge and Roll+1","floor":38},{"not_picked":["Poisoned Stab","Bane","Sucker Punch"],"picked":"Night Terror+1","floor":42},{"not_picked":["Expertise+1","Setup+1","Quick Slash"],"picked":"Noxious Fumes+1","floor":44},{"not_picked":["Dash","Venomology+1","Outmaneuver+1","Cloak And Dagger+1"],"picked":"SKIP","floor":45},{"not_picked":["Backflip+1","Deflect+1","Poisoned Stab"],"picked":"Bouncing Flask+1","floor":46},{"not_picked":["Outmaneuver+1","Dagger Throw","Grand Finale","Dagger Spray+1"],"picked":"SKIP","floor":48},{"not_picked":["Endless Agony","Dash","Dagger Spray+1"],"picked":"Well Laid Plans+1","floor":55}],"player_experience":969459,"relics_obtained":[{"floor":6,"key":"Question Card"},{"floor":8,"key":"MealTicket"},{"floor":9,"key":"Bottled Tornado"},{"floor":12,"key":"Snake Skull"},{"floor":13,"key":"Dream Catcher"},{"floor":19,"key":"Nilry\u0027s Codex"},{"floor":23,"key":"Smiling Mask"},{"floor":29,"key":"Tough Bandages"},{"floor":29,"key":"Toxic Egg 2"},{"floor":31,"key":"The Specimen"},{"floor":42,"key":"Frozen Egg 2"},{"floor":43,"key":"Vajra"},{"floor":45,"key":"Boot"},{"floor":47,"key":"Art of War"},{"floor":55,"key":"Letter Opener"}],"event_choices":[{"damage_healed":0,"gold_gain":0,"player_choice":"Ignored","damage_taken":0,"max_hp_gain":0,"max_hp_loss":0,"event_name":"Liars Game","floor":4,"gold_loss":0},{"damage_healed":0,"gold_gain":0,"player_choice":"Lose Max HP","damage_taken":0,"relics_obtained":["Golden Idol"],"max_hp_gain":0,"max_hp_loss":6,"event_name":"Golden Idol","floor":5,"gold_loss":0},{"damage_healed":0,"gold_gain":0,"player_choice":"Obtained Book","damage_taken":21,"max_hp_gain":0,"max_hp_loss":0,"event_name":"Cursed Tome","floor":19,"gold_loss":0},{"damage_healed":0,"gold_gain":0,"player_choice":"Fight","damage_taken":0,"max_hp_gain":0,"max_hp_loss":0,"event_name":"Colosseum","floor":29,"gold_loss":0},{"damage_healed":0,"gold_gain":0,"player_choice":"Fought Nobs","damage_taken":0,"max_hp_gain":0,"max_hp_loss":0,"event_name":"Colosseum","floor":29,"gold_loss":0},{"damage_healed":0,"gold_gain":333,"player_choice":"Gave Idol","damage_taken":0,"max_hp_gain":0,"max_hp_loss":0,"event_name":"The Moai Head","floor":39,"relics_lost":["Golden Idol"],"gold_loss":0},{"damage_healed":0,"gold_gain":0,"player_choice":"Max HP","damage_taken":0,"max_hp_gain":0,"max_hp_loss":3,"event_name":"Winding Halls","floor":41,"gold_loss":0}],"is_beta":false,"boss_relics":[{"not_picked":["Tiny House","Sozu"],"picked":"Snecko Eye"},{"not_picked":["Empty Cage","WristBlade"],"picked":"Pandora\u0027s Box"}],"items_purged_floors":[14,25,54],"is_endless":false,"potions_floor_spawned":[1,2,8,13,21,23,28,29,30,31,35,37,44],"ascension_level":20}}