{"host":"w71ztq0fmb7m1c2b","time":1613997710,"event":{"mods":["BaseMod","Colored Map","Colored Powertips","Downfall","Hermit","Minty Spire (QoL Compilation)","Robot Space Explorer","StSLib","The Cursed","The Servant 0.9.4"],"gold_per_floor":[119,135,152,152,427,427,462,462,462,462,497,515,525,545,545,648,648,661,676,676,692,707,707,747,752,752],"floor_reached":25,"language":"ENG","playtime":1473,"items_purged":[],"score":235,"play_id":"a36d8f22-99d7-44e9-8443-6edd2cd4c2f5","local_time":"20210222134150","is_ascension_mode":false,"campfire_choices":[{"data":"hermit:Grudge","floor":6.0,"key":"SMITH"},{"floor":8.0,"key":"REST"},{"floor":10.0,"key":"REST"},{"floor":15.0,"key":"REST"},{"floor":23.0,"key":"REST"}],"circlet_count":0,"master_deck":["hermit:Strike_Hermit","hermit:Strike_Hermit","hermit:Strike_Hermit","hermit:Strike_Hermit","hermit:Defend_Hermit","hermit:Defend_Hermit","hermit:Defend_Hermit","hermit:Snapshot","hermit:Covet","Thinking Ahead","hermit:Grudge+1","hermit:SprayPray","hermit:Malice","hermit:Scavenge","Regret","hermit:Spite","hermit:Misfire","hermit:Vantage","hermit:ShadowCloak","hermit:SprayPray","hermit:FinalCanter","hermit:Glare+1","hermit:BodyArmor","hermit:BodyArmor+1","hermit:EyeOfTheStorm","hermit:Brawl+1"],"relics":["hermit:Momento","Ancient Tea Set","Shuriken","Gremlin Horn","Black Star","CeramicFish","PreservedInsect"],"acts_visited":["Exordium","TheCity"],"potions_floor_usage":[],"damage_taken":[{"damage":1.0,"enemies":"Jaw Worm","floor":1.0,"turns":4.0},{"damage":6.0,"enemies":"Cultist","floor":2.0,"turns":4.0},{"damage":0.0,"enemies":"2 Louse","floor":3.0,"turns":2.0},{"damage":34.0,"enemies":"Gremlin Nob","floor":7.0,"turns":5.0},{"damage":24.0,"enemies":"Lagavulin","floor":11.0,"turns":4.0},{"damage":0.0,"enemies":"Large Slime","floor":12.0,"turns":3.0},{"damage":1.0,"enemies":"3 Louse","floor":13.0,"turns":2.0},{"damage":12.0,"enemies":"Blue Slaver","floor":14.0,"turns":3.0},{"damage":13.0,"enemies":"Slime Boss","floor":16.0,"turns":7.0},{"damage":8.0,"enemies":"3 Byrds","floor":18.0,"turns":3.0},{"damage":5.0,"enemies":"Spheric Guardian","floor":19.0,"turns":3.0},{"damage":17.0,"enemies":"Centurion and Healer","floor":21.0,"turns":7.0},{"damage":32.0,"enemies":"Cultist and Chosen","floor":22.0,"turns":6.0},{"damage":16.0,"enemies":"Book of Stabbing","floor":24.0,"turns":6.0},{"damage":10,"enemies":"Snake Plant","floor":25,"turns":3}],"seed_played":"-4180231430798061820","potions_obtained":[{"floor":7.0,"key":"DistilledChaos"},{"floor":12.0,"key":"DistilledChaos"},{"floor":14.0,"key":"SteroidPotion"},{"floor":16.0,"key":"Swift Potion"},{"floor":22.0,"key":"ColorlessPotion"},{"floor":24.0,"key":"Explosive Potion"}],"is_trial":false,"path_per_floor":["M","M","M","?","?","R","E","R","T","R","E","M","M","M","R","B",null,"M","M","?","M","M","R","E","M"],"character_chosen":"HERMIT","items_purchased":[],"campfire_rested":4,"item_purchase_floors":[],"current_hp_per_floor":[67,61,61,61,61,61,27,47,47,67,43,43,42,30,50,37,68,60,55,55,38,6,26,10,0,0],"gold":752,"neow_bonus":"RANDOM_COLORLESS_2","is_daily":false,"chose_seed":false,"campfire_upgraded":1,"win_rate":0.0,"timestamp":1613997710,"path_taken":["M","M","M","?","?","R","E","R","T","R","E","?","M","M","R","BOSS","M","?","?","M","M","R","E","M"],"items_purchased_type":[],"build_version":"2020-12-22","purchased_purges":0,"victory":false,"max_hp_per_floor":[68,68,68,68,68,68,68,68,68,68,68,68,68,68,68,68,68,68,68,68,68,68,68,68,68,68],"card_choices":[{"not_picked":["Mayhem","Panache"],"picked":"Thinking Ahead","floor":0.0},{"not_picked":["hermit:TakeCover","hermit:WideOpen"],"picked":"hermit:Grudge","floor":1.0},{"not_picked":["hermit:Dive","hermit:LoneWolf"],"picked":"hermit:SprayPray","floor":2.0},{"not_picked":["hermit:SprayPray","hermit:LowProfile"],"picked":"hermit:Malice","floor":3.0},{"not_picked":["hermit:Gestalt","hermit:FromBeyond"],"picked":"hermit:Spite","floor":7.0},{"not_picked":["hermit:Coalescence","hermit:Grudge"],"picked":"hermit:Misfire","floor":11.0},{"not_picked":["hermit:TakeCover","hermit:LowProfile"],"picked":"hermit:Vantage","floor":12.0},{"not_picked":["hermit:Ricochet","hermit:GhostlyPresence"],"picked":"hermit:ShadowCloak","floor":13.0},{"not_picked":["hermit:GoldenBullet","hermit:Vantage"],"picked":"hermit:SprayPray","floor":14.0},{"not_picked":["hermit:EternalForm","hermit:HeroicBravado"],"picked":"hermit:FinalCanter","floor":16.0},{"not_picked":["hermit:Malice","hermit:Showdown"],"picked":"hermit:Glare+1","floor":18.0},{"not_picked":["hermit:Deadeye","hermit:GoldenBullet"],"picked":"hermit:BodyArmor","floor":19.0},{"not_picked":["hermit:Midnight","hermit:Spite"],"picked":"hermit:BodyArmor+1","floor":21.0},{"not_picked":["hermit:LoneWolf","hermit:TakeCover"],"picked":"hermit:EyeOfTheStorm","floor":22.0},{"not_picked":["hermit:Desperado+1","hermit:Glare"],"picked":"hermit:Brawl+1","floor":24.0}],"player_experience":225968,"relics_obtained":[{"floor":7.0,"key":"Ancient Tea Set"},{"floor":9.0,"key":"Shuriken"},{"floor":11.0,"key":"Gremlin Horn"},{"floor":24.0,"key":"CeramicFish"},{"floor":24.0,"key":"PreservedInsect"}],"event_choices":[{"damage_healed":0.0,"max_hp_gain":0.0,"max_hp_loss":0.0,"gold_gain":0.0,"cards_transformed":["hermit:Defend_Hermit"],"event_name":"Living Wall","player_choice":"Change","floor":4.0,"gold_loss":0.0,"damage_taken":0.0,"cards_obtained":["hermit:Scavenge"]},{"damage_healed":0.0,"max_hp_gain":0.0,"max_hp_loss":0.0,"gold_gain":275.0,"event_name":"Golden Shrine","player_choice":"Desecrate","floor":5.0,"gold_loss":0.0,"damage_taken":0.0,"cards_obtained":["Regret"]},{"damage_healed":0.0,"max_hp_gain":0.0,"max_hp_loss":0.0,"gold_gain":0.0,"event_name":"Vampires","player_choice":"Ignored","floor":20.0,"gold_loss":0.0,"damage_taken":0.0}],"is_beta":false,"boss_relics":[{"not_picked":["Runic Dome","Snecko Eye"],"picked":"Black Star"}],"items_purged_floors":[],"is_endless":false,"potions_floor_spawned":[7,12,14,16,18,21,22,24],"killed_by":"Snake Plant","ascension_level":0}}