{"host":"ow66nzv2xecjoor3","time":1613970042,"event":{"mods":["BaseMod","Bestiary","Block Reminder","Colored Powertips","Curses Come First","Highlight Path","Keyboard Shortcuts","Minty Spire (QoL Compilation)","Permanent Neow","Relic Stats","StSLib","UnlockEverythingMod"],"gold_per_floor":[18,38,57,67,85,116,116,142,142,142,161,173,199,124,124,124,124],"floor_reached":16,"language":"ENG","playtime":426,"items_purged":["Strike_R"],"score":248,"play_id":"d5d10093-bc35-4e7c-b59b-47c12dc6a646","local_time":"20210221230042","is_ascension_mode":true,"campfire_choices":[{"floor":10.0,"key":"REST"},{"data":"Demon Form","floor":15.0,"key":"SMITH"}],"circlet_count":0,"master_deck":["AscendersBane","Strike_R","Strike_R","Strike_R","Strike_R","Defend_R","Defend_R","Defend_R","Defend_R","Bash","Immolate","Thunderclap","Shockwave","Headbutt","Demon Form+1","Seeing Red","Berserk","Flame Barrier","Shrug It Off"],"relics":["Burning Blood","Letter Opener","Centennial Puzzle","Dead Branch","Unceasing Top","WingedGreaves"],"acts_visited":["Exordium"],"potions_floor_usage":[],"damage_taken":[{"damage":0.0,"enemies":"2 Louse","floor":1.0,"turns":1.0},{"damage":0.0,"enemies":"Small Slimes","floor":2.0,"turns":2.0},{"damage":4.0,"enemies":"Jaw Worm","floor":3.0,"turns":3.0},{"damage":14.0,"enemies":"Exordium Thugs","floor":4.0,"turns":4.0},{"damage":12.0,"enemies":"Looter","floor":5.0,"turns":3.0},{"damage":10.0,"enemies":"Lagavulin","floor":6.0,"turns":6.0},{"damage":32.0,"enemies":"Gremlin Nob","floor":8.0,"turns":4.0},{"damage":5.0,"enemies":"3 Louse","floor":11.0,"turns":2.0},{"damage":13.0,"enemies":"Large Slime","floor":12.0,"turns":3.0},{"damage":5.0,"enemies":"3 Sentries","floor":13.0,"turns":3.0},{"damage":48,"enemies":"Hexaghost","floor":16,"turns":9}],"seed_played":"-410072991517721312","potions_obtained":[{"floor":4.0,"key":"ElixirPotion"},{"floor":8.0,"key":"Energy Potion"}],"is_trial":false,"path_per_floor":["M","M","M","M","M","E","?","E","T","R","M","M","E","$","R","B"],"character_chosen":"IRONCLAD","items_purchased":[],"campfire_rested":1,"item_purchase_floors":[],"current_hp_per_floor":[74,75,75,67,61,57,52,26,26,48,49,42,43,43,43,0,0],"gold":124,"neow_bonus":"THREE_RARE_CARDS","is_daily":false,"chose_seed":false,"campfire_upgraded":1,"win_rate":0.0,"timestamp":1613970042,"path_taken":["M","M","M","M","M","E","?","E","T","R","M","M","E","$","R","BOSS"],"items_purchased_type":[],"build_version":"2020-12-22","purchased_purges":1,"victory":false,"max_hp_per_floor":[75,75,75,75,75,75,75,75,75,75,75,75,75,75,75,75,75],"relic_stats":{"Centennial Puzzle":[15],"counters":[11,40],"Dead Branch":[23],"Letter Opener":[20],"obtain_stats":[{"Centennial Puzzle":7,"Dead Branch":8,"WingedGreaves":13,"Letter Opener":6,"Burning Blood":0,"Unceasing Top":9},{"Centennial Puzzle":6,"Dead Branch":7,"WingedGreaves":10,"Letter Opener":6,"Burning Blood":0,"Unceasing Top":7},{"Centennial Puzzle":19,"Dead Branch":23,"WingedGreaves":31,"Letter Opener":19,"Burning Blood":0,"Unceasing Top":23}],"Burning Blood":53,"Unceasing Top":[0]},"card_choices":[{"not_picked":["Impervious","Bludgeon"],"picked":"Immolate","floor":0.0},{"not_picked":["Twin Strike","Sword Boomerang"],"picked":"Thunderclap","floor":1.0},{"not_picked":["Clash","Cleave"],"picked":"Shockwave","floor":2.0},{"not_picked":["Anger","True Grit"],"picked":"Headbutt","floor":3.0},{"not_picked":["Sever Soul","Anger","Armaments"],"picked":"SKIP","floor":4.0},{"not_picked":["Anger","Rage"],"picked":"Demon Form","floor":5.0},{"not_picked":["Cleave","Thunderclap"],"picked":"Seeing Red","floor":6.0},{"not_picked":["Perfected Strike","Clothesline"],"picked":"Berserk","floor":8.0},{"not_picked":["Whirlwind","Havoc","Warcry"],"picked":"SKIP","floor":11.0},{"not_picked":["Cleave","Clash"],"picked":"Flame Barrier","floor":12.0},{"not_picked":["Heavy Blade","Sword Boomerang"],"picked":"Shrug It Off","floor":13.0}],"player_experience":2940145,"relics_obtained":[{"floor":6.0,"key":"Letter Opener"},{"floor":8.0,"key":"Dead Branch"},{"floor":9.0,"key":"Unceasing Top"},{"floor":13.0,"key":"WingedGreaves"}],"event_choices":[{"damage_healed":0.0,"max_hp_gain":0.0,"max_hp_loss":0.0,"gold_gain":0.0,"event_name":"Scrap Ooze","player_choice":"Success","floor":7.0,"gold_loss":0.0,"damage_taken":5.0,"relics_obtained":["Centennial Puzzle"]}],"is_beta":false,"boss_relics":[],"items_purged_floors":[14],"is_endless":false,"potions_floor_spawned":[4,8,11],"killed_by":"Hexaghost","ascension_level":20}}