{"host":"pletss163z7s8pvv","time":1613976389,"event":{"mods":["AchievementEnabler","Act Like it!","AlwaysNeverKeys","BaseMod","Better Altar","Better Match","Better Note","Better Sensory Stone","Better Skull","Better Third Choice","BetterRewards","Bossed Relics","CapriCore","ChefMod","Clockwork Mod","Colored Map","Colored Powertips","Conspire","Dio Mod","Displayed Cursed Tome","Energized Spire","Evolution","Gensokyo","GifTheSpireLib","Hallownest","Hermit","Ironclad Rager","Jedi Mod","Marisa????????","Marked Mod","Minty Spire (QoL Compilation)","Reliquary","Replay The Spire","Retaliation","Reworked Bosses","Ruina","Somnambulant","Spicy Shops","StS++","StSLib","The Administrix","The Alterego","The Animator","The Blue Laboratory","The Bug Knight","The Construct","The Cursed","The Disciple","The Forsaken","The Hierophant","The Necromancer","The Saiyan","The Vixen","The Wild Card","TheVacant","Transform Curses"],"gold_per_floor":[90,90,102,102,22,49,49,49,49,49,60,74,87,104,104,208,208,220,220,235,235,247,247,22,22,22,40,50,50,65,75,75,170,170,181,181,96,69,69,69,69,19,37,37,37,37],"floor_reached":50,"language":"ENG","playtime":2657,"items_purged":[],"score":565,"play_id":"39ccf8ad-cfc2-4a62-a31f-c57e061058ec","local_time":"20210222004629","is_ascension_mode":false,"campfire_choices":[{"data":"Saiyan:BigBangAttack","floor":7,"key":"SMITH"},{"data":"Saiyan:DragonRadar","floor":10,"key":"SMITH"},{"floor":15,"key":"REST"},{"floor":23,"key":"REST"},{"floor":29,"key":"REST"},{"floor":32,"key":"REST"},{"floor":40,"key":"REST"},{"floor":49,"key":"REST"}],"circlet_count":0,"master_deck":["Saiyan:SAIYA_Strike","Saiyan:SAIYA_Strike","Saiyan:SAIYA_Strike","Saiyan:SAIYA_Strike","Saiyan:SAIYA_Defend","Saiyan:SAIYA_Defend","Saiyan:SAIYA_Defend","Saiyan:SAIYA_Defend","Saiyan:EnergyBlast","Saiyan:KaioKen","Saiyan:RuthlessBlow","Saiyan:UltraInstinct","Saiyan:DoubleMasenko","Saiyan:ConcussiveBlow+1","Saiyan:FingerParry","Saiyan:BigBangAttack+1","Saiyan:Teleport","Saiyan:DragonRadar+1","Saiyan:ReverberatingForce","Saiyan:Teleport","Saiyan:DragonFist","Saiyan:KameHameHa","Saiyan:SaiyanHubris","Saiyan:MindBoom","Saiyan:Quickening","DDmod:MulticlassingSkill","conspire:Banana","Saiyan:PowerUp+1","Saiyan:FingerParry","Spreading Infection","Saiyan:Overexert","Saiyan:SuperSaiyanForm","Saiyan:ThirstForFight","Saiyan:Medicine+1","Saiyan:Momentum","Saiyan:MajinSeal","Saiyan:Rekindle","Saiyan:TheBomb","Saiyan:Momentum","Saiyan:SenzuBean","Saiyan:TransfigurationBeam","Saiyan:GenkiDama","Saiyan:SolarFlare","Saiyan:MonkeyTail","Saiyan:MindBoom","Saiyan:SuperSaiyanThree","Saiyan:HyperTimeChamber","Saiyan:GhostAttack","Saiyan:Flurry","Hallownest:skillKingdomsEdgeMap","Saiyan:ConcussiveBlow","Saiyan:ConcussiveBlow","Saiyan:ExtremeSpeed","Saiyan:DragonFist"],"relics":["SaiyanSoul","SaiyanHeart","EVO:Axolotl","Gensokyo:PortableGap","Meat on the Bone","construct:BoolHorns","Fusion Hammer","Regal Pillow","Membership Card","Vajra","Replay:Grab Bag","ChewingGum","Busted Crown","StSpp:CrystalBall","StSpp:BrokenTotem"],"acts_visited":["Exordium","Gensokyo:Gensokyo","ruina:Briah"],"potions_floor_usage":[16,20,27,28,33,33,50],"damage_taken":[{"damage":2,"enemies":"Gensokyo:2_Kodama","floor":1,"turns":2},{"damage":0,"enemies":"Gensokyo:Python","floor":3,"turns":4},{"damage":6,"enemies":"Gensokyo:Mamizou","floor":6,"turns":9},{"damage":8,"enemies":"Gensokyo:3_Fairies","floor":11,"turns":4},{"damage":0,"enemies":"Gensokyo:LivingMonolith","floor":12,"turns":2},{"damage":14,"enemies":"Gensokyo:Python_and_Kodama","floor":13,"turns":4},{"damage":8,"enemies":"Gensokyo:VengefulSpirit","floor":14,"turns":3},{"damage":24,"enemies":"Gensokyo:Kokoro","floor":16,"turns":10},{"damage":36,"enemies":"ruina:3_Bats","floor":18,"turns":6},{"damage":23,"enemies":"ruina:2_Scarecrows","floor":20,"turns":4},{"damage":5,"enemies":"ruina:QueenOfHate","floor":22,"turns":4},{"damage":4,"enemies":"ruina:Woodsman","floor":27,"turns":4},{"damage":42,"enemies":"ruina:KnightOfDespair","floor":28,"turns":8},{"damage":32,"enemies":"ruina:3_Scarecrows","floor":30,"turns":3},{"damage":34,"enemies":"ruina:Nos_and_Bat","floor":31,"turns":6},{"damage":34,"enemies":"ruina:Red_and_Wolf","floor":33,"turns":10},{"damage":74,"enemies":"Hallownest:2_Littles","floor":35,"turns":7},{"damage":3,"enemies":"Hallownest:3_Siblings","floor":48,"turns":6},{"damage":115,"enemies":"Hallownest:Radiance","floor":50,"turns":12}],"seed_played":"4998294987994570188","potions_obtained":[{"floor":1,"key":"blueLaboratory:RecallPotion"},{"floor":6,"key":"construct:ShiftPotion"},{"floor":11,"key":"blueLaboratory:HummingbirdPotion"},{"floor":20,"key":"blueLaboratory:AbyssPotion"},{"floor":27,"key":"SkillPotion"},{"floor":28,"key":"BlessingOfTheForge"},{"floor":31,"key":"Strength Potion"},{"floor":35,"key":"jedi:hoardpotion"}],"is_trial":false,"path_per_floor":["M","?","M","?","$","E","R","?","T","R","M","M","M","M","R","B",null,"M","?","M","T","M","R","$","?","T","M","M","R","M","M","R","B",null,"M","R","?","$","T","?","?","$","M","R","B"],"character_chosen":"SAIYAJIN","items_purchased":["Saiyan:FingerParry","Saiyan:BigBangAttack","Membership Card","Vajra","Saiyan:ConcussiveBlow","Saiyan:ExtremeSpeed"],"campfire_rested":6,"item_purchase_floors":[5,5,24,24,42,46],"current_hp_per_floor":[66,62,64,64,64,61,61,61,61,61,56,57,45,38,60,49,75,43,43,34,34,45,85,85,85,85,85,58,92,61,42,85,61,100,40,84,84,84,84,84,84,84,84,93,0,0],"gold":37,"neow_bonus":"TEN_PERCENT_HP_BONUS","is_daily":false,"chose_seed":false,"campfire_upgraded":2,"win_rate":0.0,"timestamp":1613976389,"path_taken":["M","?","M","?","?","E","R","?","T","R","M","M","M","M","R","BOSS","M","?","M","?","M","R","$","?","T","M","M","R","M","M","R","BOSS","M","R","?","$","T","?","?","$","?","R","BOSS"],"items_purchased_type":["Card","Card","Relic","Relic","Card","Card"],"build_version":"2020-12-22","purchased_purges":0,"victory":false,"max_hp_per_floor":[68,62,64,64,64,67,67,67,67,67,70,71,73,74,74,75,75,79,79,81,81,85,85,85,85,85,89,92,92,93,96,96,100,100,99,99,96,96,93,93,93,90,93,93,95,95],"card_choices":[{"not_picked":["Saiyan:MeteorDash","Saiyan:FingerParry"],"picked":"Saiyan:UltraInstinct","floor":1},{"not_picked":["Saiyan:KameHameHa","Saiyan:Reset"],"picked":"Saiyan:DoubleMasenko","floor":3},{"not_picked":["Saiyan:Afterimage+1","Saiyan:AugmentedBlast+1"],"picked":"Saiyan:ConcussiveBlow+1","floor":4},{"not_picked":["Saiyan:DoubleMasenko","Saiyan:SaiyanHubris"],"picked":"Saiyan:Teleport","floor":6},{"not_picked":["Saiyan:MeteorDash","Saiyan:RemoveWeights"],"picked":"Saiyan:DragonRadar","floor":8},{"not_picked":["Saiyan:Makankosappo","Saiyan:HyperTimeChamber"],"picked":"Saiyan:ReverberatingForce","floor":8},{"not_picked":["Saiyan:DoubleMasenko","Saiyan:Pacing"],"picked":"Saiyan:Teleport","floor":11},{"not_picked":["Saiyan:PowerPole","Saiyan:ReverberatingForce"],"picked":"Saiyan:DragonFist","floor":12},{"not_picked":["Saiyan:SaiyanHubris","Saiyan:MeteorDash"],"picked":"Saiyan:KameHameHa","floor":13},{"not_picked":["Saiyan:GenkiDama","Saiyan:FinalFlash"],"picked":"Saiyan:SaiyanHubris","floor":14},{"not_picked":["Saiyan:SenzuBean","Saiyan:SuperSaiyanThree"],"picked":"Saiyan:MindBoom","floor":16},{"not_picked":["Saiyan:Endure","Saiyan:Afterimage"],"picked":"Saiyan:Quickening","floor":18},{"not_picked":["Specialist","Replay:Bootleg Shield Generator"],"picked":"DDmod:MulticlassingSkill","floor":19},{"not_picked":["jedi:forcepush","jedi:forcepull"],"picked":"conspire:Banana","floor":19},{"not_picked":["Saiyan:KiExplosion+1","Saiyan:BigBangAttack"],"picked":"Saiyan:PowerUp+1","floor":20},{"not_picked":["Saiyan:KiExplosion","Saiyan:DragonRadar"],"picked":"Saiyan:FingerParry","floor":22},{"not_picked":["Saiyan:SenzuBean","Saiyan:SaiyanHubris"],"picked":"Saiyan:Overexert","floor":27},{"not_picked":["Saiyan:WarmUp+1","Saiyan:Furor"],"picked":"Saiyan:SuperSaiyanForm","floor":28},{"not_picked":["Saiyan:Endure+1","Saiyan:SaiyanHubris"],"picked":"Saiyan:ThirstForFight","floor":30},{"not_picked":["Saiyan:Expend","Saiyan:Scouter"],"picked":"Saiyan:Medicine+1","floor":31},{"not_picked":["Saiyan:SenzuBean","Saiyan:TransfigurationBeam"],"picked":"Saiyan:Momentum","floor":33},{"not_picked":[],"picked":"Saiyan:Flurry","floor":35},{"not_picked":[],"picked":"Saiyan:DragonFist","floor":48}],"player_experience":537663,"relics_obtained":[{"floor":6,"key":"Meat on the Bone"},{"floor":9,"key":"construct:BoolHorns"},{"floor":21,"key":"Regal Pillow"},{"floor":43,"key":"StSpp:BrokenTotem"}],"event_choices":[{"damage_healed":0,"gold_gain":0,"player_choice":"2","damage_taken":0,"max_hp_gain":0,"max_hp_loss":0,"event_name":"betterMatch:BetterMatch","floor":4,"gold_loss":0,"cards_obtained":["betterMatch:UncommonCard"]},{"damage_healed":0,"gold_gain":2,"player_choice":"1","damage_taken":0,"max_hp_gain":0,"max_hp_loss":0,"event_name":"betterStone:BetterStone","floor":19,"gold_loss":0}],"is_beta":false,"boss_relics":[{"not_picked":["Calling Bell","energizedSpire:MagnifyingGlass"],"picked":"Fusion Hammer"},{"not_picked":["theForsaken:PaleLantern","energizedSpire:RedRose"],"picked":"Replay:Grab Bag"},{"not_picked":["Velvet Choker","energizedSpire:StickyHand"],"picked":"ChewingGum"},{"not_picked":["jedi:paperlyon","energizedSpire:NeverEndingSparkler"],"picked":"Busted Crown"},{"not_picked":["construct:WeddingRing","Kintsugi"],"picked":"StSpp:CrystalBall"}],"items_purged_floors":[],"is_endless":false,"potions_floor_spawned":[1,6,11,12,20,27,28,31,35],"killed_by":"Hallownest:Radiance","ascension_level":0}}