{"host":"l15sdf2mmi0nobpi","time":1613991651,"event":{"mods":["BaseMod","Highlight Path","Minty Spire (QoL Compilation)","Quick Restart","Replay The Spire","StSLib","¡¾¹¦ÄÜMod¡¿Neow½±Àø"],"gold_per_floor":[116,116,116,134,149,149,177,177,200,214,214,242,242,301,301,373,373,390,390,148,159,170,204,215,215,215,242,242,242,242],"floor_reached":29,"language":"ZHS","playtime":1439,"items_purged":["Strike_R"],"score":542,"play_id":"0a3b42ce-be03-47ed-bea0-fbd84a65b795","local_time":"20210222190051","is_ascension_mode":true,"campfire_choices":[{"data":"Armaments","floor":6.0,"key":"SMITH"},{"data":"Bloodletting","floor":8.0,"key":"SMITH"},{"floor":11.0,"key":"REST"},{"data":"Feel No Pain","floor":13.0,"key":"SMITH"},{"data":"Barricade","floor":15.0,"key":"SMITH"}],"circlet_count":0,"master_deck":["AscendersBane","Strike_R","Strike_R","Defend_R+1","Defend_R","Defend_R","Defend_R+1","Bash","Juggernaut","Bloodletting+1","Bludgeon","Power Through","Armaments+1","Pommel Strike","Feel No Pain+1","Body Slam","Barricade+1","Offering","Metallicize+1","Dark Embrace"],"relics":["Burning Blood","Dream Catcher","Pocketwatch","ReplayTheSpireMod:Lightbulb","Ooze Armor","Simple Rune","Replay:Baseball","Replay:Bottled Flurry","Happy Flower"],"acts_visited":["Exordium","TheCity"],"potions_floor_usage":[27,29,29],"damage_taken":[{"damage":9.0,"enemies":"2 Louse","floor":1.0,"turns":4.0},{"damage":10.0,"enemies":"Jaw Worm","floor":4.0,"turns":2.0},{"damage":1.0,"enemies":"Cultist","floor":5.0,"turns":3.0},{"damage":34.0,"enemies":"Gremlin Nob","floor":7.0,"turns":4.0},{"damage":26.0,"enemies":"Large Slime","floor":10.0,"turns":6.0},{"damage":23.0,"enemies":"3 Sentries","floor":12.0,"turns":6.0},{"damage":7.0,"enemies":"3 Sentries","floor":14.0,"turns":6.0},{"damage":13.0,"enemies":"Fading Forest","floor":16.0,"turns":13.0},{"damage":25,"enemies":"Shell Parasite","floor":18,"turns":3},{"damage":0,"enemies":"Spheric Guardian","floor":21,"turns":4},{"damage":11,"enemies":"Centurion and Healer","floor":22,"turns":5},{"damage":16,"enemies":"Gremlin Leader","floor":23,"turns":6},{"damage":16,"enemies":"Shelled Parasite and Fungi","floor":24,"turns":5},{"damage":9,"enemies":"Replay:Snechameleon","floor":27,"turns":8},{"damage":21,"enemies":"Slavers","floor":29,"turns":2}],"seed_played":"6139383896777575112","potions_obtained":[{"floor":5.0,"key":"Strength Potion"},{"floor":7.0,"key":"Fruit Juice"},{"floor":12.0,"key":"LiquidBronze"},{"floor":14.0,"key":"Swift Potion"},{"floor":22,"key":"Swift Potion"},{"floor":23,"key":"Weak Potion"},{"floor":27,"key":"SkillPotion"}],"is_trial":false,"path_per_floor":["M","?","?","M","M","R","E","R","T","M","R","E","R","?","R","B",null,"M","?","$","M","M","E","M","PTL","PTL","E","T","E"],"character_chosen":"IRONCLAD","items_purchased":["Simple Rune"],"campfire_rested":1,"item_purchase_floors":[20],"current_hp_per_floor":[65,65,65,61,66,66,38,38,38,18,38,26,26,25,25,26,61,42,42,42,48,43,33,23,23,23,20,20,0,0],"gold":242,"neow_bonus":"THREE_RARE_CARDS","is_daily":false,"chose_seed":false,"campfire_upgraded":4,"win_rate":0.0,"timestamp":1613991651,"path_taken":["M","?","?","M","M","R","E","R","T","?","R","E","R","?","R","BOSS","M","?","$","?","M","E","M","PTL","PTL","E","T","E"],"items_purchased_type":["Relic"],"build_version":"2020-12-22","purchased_purges":1,"victory":false,"max_hp_per_floor":[68,68,68,68,68,68,68,68,68,68,68,73,73,73,73,73,73,73,73,73,73,73,73,73,73,73,73,73,73,73],"card_choices":[{"not_picked":["Double Tap","Bludgeon"],"picked":"Juggernaut","floor":0.0},{"not_picked":["Heavy Blade","Dual Wield"],"picked":"Bloodletting","floor":1.0},{"not_picked":["Infernal Blade","Rage"],"picked":"Power Through","floor":4.0},{"not_picked":["Wild Strike","Body Slam"],"picked":"Armaments","floor":5.0},{"not_picked":["Spot Weakness","Headbutt"],"picked":"Pommel Strike","floor":7.0},{"not_picked":["Armaments","Clash","ReplayTheSpireMod:Corrosion Curse"],"picked":"SKIP","floor":10.0},{"not_picked":["Flex","Infernal Blade"],"picked":"Feel No Pain","floor":11.0},{"not_picked":["Intimidate","Disarm"],"picked":"Body Slam","floor":12.0},{"not_picked":["Clash","Headbutt"],"picked":"Barricade","floor":14.0},{"not_picked":["Corruption","Impervious"],"picked":"Offering","floor":16.0},{"not_picked":["Wild Strike","Run Through"],"picked":"Metallicize+1","floor":18},{"not_picked":["Pommel Strike","Rampage","True Grit"],"picked":"SKIP","floor":21},{"not_picked":["Wild Strike","Clash","Body Slam"],"picked":"SKIP","floor":22},{"not_picked":["Headbutt","Bloodletting"],"picked":"Dark Embrace","floor":23},{"not_picked":["Eclipse","Carnage","Massacre"],"picked":"SKIP","floor":24},{"not_picked":["Replay:Undeath\u0027s Touch","Anger","Combust"],"picked":"SKIP","floor":27}],"player_experience":580157,"relics_obtained":[{"floor":7.0,"key":"Dream Catcher"},{"floor":12.0,"key":"Pocketwatch"},{"floor":14.0,"key":"ReplayTheSpireMod:Lightbulb"},{"floor":23,"key":"Replay:Baseball"},{"floor":27,"key":"Replay:Bottled Flurry"},{"floor":28,"key":"Happy Flower"}],"event_choices":[{"damage_healed":0.0,"max_hp_gain":0.0,"max_hp_loss":0.0,"gold_gain":0.0,"cards_transformed":["Strike_R"],"event_name":"Living Wall","player_choice":"Change","floor":2.0,"gold_loss":0.0,"damage_taken":0.0,"cards_obtained":["Bludgeon"]},{"cards_removed":["Strike_R"],"damage_healed":0.0,"max_hp_gain":0.0,"max_hp_loss":0.0,"gold_gain":0.0,"event_name":"Purifier","player_choice":"Purged","floor":3.0,"gold_loss":0.0,"damage_taken":0.0},{"damage_healed":0.0,"max_hp_gain":0.0,"max_hp_loss":0.0,"gold_gain":30.0,"event_name":"Dead Adventurer","player_choice":"Searched \u00272\u0027 times","floor":14.0,"gold_loss":0.0,"damage_taken":0.0},{"damage_healed":0,"gold_gain":0,"player_choice":"0 cards matched","damage_taken":0,"max_hp_gain":0,"max_hp_loss":0,"event_name":"Match and Keep!","floor":19,"gold_loss":0,"cards_obtained":[]}],"is_beta":false,"boss_relics":[{"not_picked":["Busted Crown","Runic Dome"],"picked":"Ooze Armor"}],"items_purged_floors":[20],"is_endless":false,"potions_floor_spawned":[5,7,12,14,22,23,24,27],"killed_by":"Slavers","ascension_level":20}}