{"host":"rl3s470f8onwqc1s","time":1613966200,"event":{"mods":["ATMod(°¢èªMod)","Act Like it!","BaseMod","Gensokyo","Gold Saver","Minty Spire (QoL Compilation)","Shop Mod","Spicy Shops","StSLib","TestMod","[IsaacMod]ÒÔÈö¼âËþ"],"gold_per_floor":[143,163,163,189,199,524,524,524],"floor_reached":7,"language":"ZHS","playtime":198,"items_purged":[],"score":92,"play_id":"baa5e25e-06c1-49b8-8047-725a66bedccf","local_time":"20210222115640","is_ascension_mode":true,"campfire_choices":[],"circlet_count":0,"master_deck":["AscendersBane","Strike_R","Strike_R","Strike_R","Strike_R","Strike_R","Defend_R+1","Defend_R","Defend_R+1","Defend_R","Bash","DoctorFetus","AT_IchimonjiDouble","Inflame","Pommel Strike","Disarm","AT_ShrugMaster","Seeing Red"],"relics":["Burning Blood","testmod-TestBox","HushsDoor","AT_ATBox","Damocles","testmod-Hope","NeowsBlessing","War Paint","Bag of Marbles","Centennial Puzzle","Vajra","Old Coin"],"acts_visited":["Exordium"],"potions_floor_usage":[],"damage_taken":[{"damage":0.0,"enemies":"Gensokyo:2_Kodama","floor":1.0,"turns":1.0},{"damage":0.0,"enemies":"Gensokyo:Gryphon","floor":2.0,"turns":1.0},{"damage":0.0,"enemies":"Gensokyo:Python","floor":5.0,"turns":1.0},{"damage":22.0,"enemies":"Gensokyo:Aya","floor":6.0,"turns":5.0},{"damage":10,"enemies":"Gensokyo:Mamizou","floor":7,"turns":4}],"seed_played":"-897606080071474705","potions_obtained":[{"floor":2.0,"key":"Strength Potion"},{"floor":6.0,"key":"AttackPotion"}],"is_trial":false,"path_per_floor":["M","M","?","T","M","E","?"],"character_chosen":"IRONCLAD","items_purchased":[],"campfire_rested":0,"item_purchase_floors":[],"current_hp_per_floor":[74,75,75,75,75,59,0,0],"gold":524,"neow_bonus":"THREE_ENEMY_KILL","is_daily":false,"chose_seed":false,"campfire_upgraded":0,"win_rate":0.0,"timestamp":1613966200,"path_taken":["M","M","?","?","?","E","?"],"items_purchased_type":[],"build_version":"2020-12-22","purchased_purges":0,"victory":false,"max_hp_per_floor":[75,75,75,75,75,75,75,75],"card_choices":[{"not_picked":[],"picked":"DoctorFetus","floor":0.0},{"not_picked":["Body Slam","Anger"],"picked":"Inflame","floor":1.0},{"not_picked":["Thunderclap","Flex"],"picked":"Pommel Strike","floor":2.0},{"not_picked":["Combust","Inflame"],"picked":"Disarm","floor":3.0},{"not_picked":["Thunderclap","Wild Strike"],"picked":"AT_ShrugMaster","floor":3.0},{"not_picked":["Iron Wave","Clothesline"],"picked":"Seeing Red","floor":5.0},{"not_picked":["Double Tap","Dropkick","Blood for Blood"],"picked":"SKIP","floor":6.0}],"player_experience":1367664,"relics_obtained":[{"floor":1.0,"key":"War Paint"},{"floor":2.0,"key":"Bag of Marbles"},{"floor":5.0,"key":"Centennial Puzzle"},{"floor":6.0,"key":"Vajra"},{"floor":6.0,"key":"Old Coin"}],"event_choices":[],"is_beta":false,"boss_relics":[],"items_purged_floors":[],"is_endless":false,"potions_floor_spawned":[2,6],"killed_by":"Gensokyo:Mamizou","ascension_level":20}}