{"host":"qfmqsclrfy207o1q","time":1613957710,"event":{"mods":["2.2 Compatiblity","AchievementEnabler","BaseMod","BetterRewards","Colored Map","Colored Powertips","Curses Come First","Dark Map","Downfall","Infinite Spire","Minty Spire (QoL Compilation)","Quick Restart","Rare Cards Sparkle","Relic Stats","StSLib"],"gold_per_floor":[109,5,20,34,34,34,47,76,123,141,141,159,176,211,211,308,308,318,2,101,101,116,151,151,179,227,227,227,227],"floor_reached":28,"language":"ENG","playtime":1392,"items_purged":[],"score":268,"play_id":"62bd0735-8b59-4088-8148-85c17688acb1","local_time":"20210221183510","is_ascension_mode":false,"campfire_choices":[{"data":"Venomology","floor":6,"key":"SMITH"},{"floor":11,"key":"REST"},{"data":"Distraction","floor":15,"key":"SMITH"},{"floor":24,"key":"REST"},{"floor":27,"key":"REST"}],"circlet_count":0,"master_deck":["Strike_G","Strike_G","Strike_G","Strike_G","Strike_G","Defend_G","Defend_G","Defend_G","Defend_G","Survivor","Neutralize","Venomology+1","Blur","Noxious Fumes","Flying Knee","Poisoned Stab","Bane","Bane","Blur","Terror","Adrenaline","Poisoned Stab","Distraction+1","After Image","PiercingWail","Dodge and Roll","Envenom","Footwork","Dash+1","Catalyst","Crippling Poison","Blur"],"relics":["Ring of the Snake","Pantograph","Dream Catcher","Potion Belt","SacredBark","infinitespire:FocusingShard","Bag of Marbles","Sundial","Pen Nib"],"acts_visited":["Exordium","TheCity"],"potions_floor_usage":[1,7,8,10,12,13,14,16,18,18,22,23,23,25,28],"damage_taken":[{"damage":4,"enemies":"Cultist","floor":1,"turns":4},{"damage":0,"enemies":"2 Louse","floor":3,"turns":3},{"damage":2,"enemies":"Small Slimes","floor":4,"turns":5},{"damage":0,"enemies":"Blue Slaver","floor":7,"turns":4},{"damage":16,"enemies":"Lagavulin","floor":8,"turns":5},{"damage":1,"enemies":"Lots of Slimes","floor":10,"turns":4},{"damage":0,"enemies":"2 Fungi Beasts","floor":12,"turns":2},{"damage":0,"enemies":"Looter","floor":13,"turns":3},{"damage":6,"enemies":"3 Sentries","floor":14,"turns":7},{"damage":47,"enemies":"Slime Boss","floor":16,"turns":11},{"damage":10,"enemies":"3 Byrds","floor":18,"turns":4},{"damage":11,"enemies":"Spheric Guardian","floor":22,"turns":6},{"damage":22,"enemies":"Nightmare","floor":23,"turns":9},{"damage":36,"enemies":"Book of Stabbing","floor":25,"turns":9},{"damage":53,"enemies":"Chosen and Byrds","floor":28,"turns":8}],"seed_played":"-9152096617542237670","potions_obtained":[{"floor":8,"key":"Swift Potion"},{"floor":10,"key":"SkillPotion"},{"floor":12,"key":"Dexterity Potion"},{"floor":14,"key":"BlessingOfTheForge"},{"floor":16,"key":"Strength Potion"},{"floor":18,"key":"Swift Potion"}],"is_trial":false,"path_per_floor":["M","$","M","M","?","R","M","E","T","M","R","M","M","E","R","B",null,"M","$","?","?","M","NM","R","E","T","R","M"],"character_chosen":"THE_SILENT","items_purchased":["Noxious Fumes","Flying Knee","infinitespire:FocusingShard","Dodge and Roll"],"campfire_rested":3,"item_purchase_floors":[2,2,19,19],"current_hp_per_floor":[66,66,66,64,70,70,70,54,54,53,70,70,70,64,64,23,70,60,60,60,60,49,27,48,12,12,33,0,0],"gold":227,"neow_bonus":"TRANSFORM_CARD","is_daily":false,"chose_seed":false,"campfire_upgraded":2,"win_rate":0.0,"timestamp":1613957710,"path_taken":["M","?","M","M","?","R","?","E","T","?","R","M","?","E","R","BOSS","M","$","?","?","?","NM","R","E","T","R","M"],"items_purchased_type":["Card","Card","Relic","Card"],"build_version":"2020-12-22","purchased_purges":0,"victory":false,"max_hp_per_floor":[70,70,70,70,70,70,70,70,70,70,70,70,70,70,70,70,70,70,70,70,70,70,70,70,70,70,70,70,70],"relic_stats":{"Dream Catcher":3,"counters":[15,84],"Sundial":[0],"Pantograph":6,"Pen Nib":[0],"obtain_stats":[{"Potion Belt":14,"Dream Catcher":9,"Sundial":25,"Pantograph":8,"SacredBark":17,"infinitespire:FocusingShard":19,"Pen Nib":26,"Bag of Marbles":23,"Ring of the Snake":0},{"Potion Belt":9,"Dream Catcher":5,"Sundial":14,"Pantograph":5,"SacredBark":10,"infinitespire:FocusingShard":11,"Pen Nib":14,"Bag of Marbles":13,"Ring of the Snake":0},{"Potion Belt":37,"Dream Catcher":21,"Sundial":76,"Pantograph":21,"SacredBark":48,"infinitespire:FocusingShard":52,"Pen Nib":76,"Bag of Marbles":67,"Ring of the Snake":0}],"Ring of the Snake":[30]},"card_choices":[{"not_picked":["Underhanded Strike","Skewer"],"picked":"Blur","floor":1},{"not_picked":["Underhanded Strike","Deflect"],"picked":"Distraction","floor":3},{"not_picked":["Slice","Acrobatics"],"picked":"Poisoned Stab","floor":4},{"not_picked":["Backflip","Quick Slash"],"picked":"Bane","floor":7},{"not_picked":["PiercingWail","Sucker Punch"],"picked":"Bane","floor":8},{"not_picked":["Bane","Dagger Spray"],"picked":"Blur","floor":10},{"not_picked":["Quick Slash","Prepared"],"picked":"Terror","floor":11},{"not_picked":["Flying Knee","Deflect"],"picked":"Adrenaline","floor":12},{"not_picked":["Leg Sweep","Dash"],"picked":"Poisoned Stab","floor":13},{"not_picked":["Backflip","Well Laid Plans"],"picked":"Distraction","floor":14},{"not_picked":["Adrenaline","Die Die Die"],"picked":"After Image","floor":16},{"not_picked":["Poisoned Stab","Dagger Throw+1"],"picked":"PiercingWail","floor":18},{"not_picked":["Infinite Blades","Noxious Fumes"],"picked":"Footwork","floor":22},{"not_picked":["Tactician","Eviscerate"],"picked":"Dash+1","floor":23},{"not_picked":["Bane","Quick Slash+1"],"picked":"Catalyst","floor":24},{"not_picked":["Well Laid Plans","Envenom"],"picked":"Crippling Poison","floor":25},{"not_picked":["Noxious Fumes","Slice"],"picked":"Blur","floor":27}],"player_experience":25225,"relics_obtained":[{"floor":8,"key":"Pantograph"},{"floor":9,"key":"Dream Catcher"},{"floor":14,"key":"Potion Belt"},{"floor":23,"key":"Bag of Marbles"},{"floor":25,"key":"Sundial"},{"floor":26,"key":"Pen Nib"}],"event_choices":[{"cards_removed":["Distraction"],"damage_healed":6,"gold_gain":0,"player_choice":"Offered Uncommon","damage_taken":0,"max_hp_gain":0,"max_hp_loss":0,"event_name":"Bonfire Elementals","floor":5,"gold_loss":0},{"damage_healed":0,"gold_gain":99,"player_choice":"Stole From Cult","damage_taken":0,"max_hp_gain":0,"max_hp_loss":0,"event_name":"Nest","floor":20,"gold_loss":0},{"damage_healed":0,"gold_gain":0,"player_choice":"1 cards matched","damage_taken":0,"max_hp_gain":0,"max_hp_loss":0,"event_name":"Match and Keep!","floor":21,"gold_loss":0,"cards_obtained":["Envenom"]}],"is_beta":false,"boss_relics":[{"not_picked":["Ectoplasm","Velvet Choker"],"picked":"SacredBark"}],"items_purged_floors":[],"is_endless":true,"potions_floor_spawned":[8,10,12,14,16,18],"killed_by":"Chosen and Byrds","ascension_level":0}}