{"host":"kig4ty9d1aubg29s","time":1613999834,"event":{"mods":["BaseMod","Minty Spire (QoL Compilation)","READ ME - Guardian Mod","READ ME - Snecko Mod","StSLib","The Cursed","The Gatherer","The Hierophant","The Runesmith"],"gold_per_floor":[12,12,23,33,48,48,83,83,83,100,100,130,130,164,164,236,236,256,456,13,22,50,89,89,89,89],"floor_reached":25,"language":"KOR","playtime":878,"items_purged":[],"score":530,"play_id":"38dc0c6c-d4c8-4d03-a963-29010aeab388","local_time":"20210222221714","is_ascension_mode":true,"campfire_choices":[{"floor":6,"key":"REST"},{"data":"Envenom","floor":8,"key":"SMITH"},{"floor":13,"key":"REST"},{"data":"Metamorphosis","floor":15,"key":"SMITH"},{"floor":24,"key":"REST"}],"circlet_count":0,"master_deck":["AscendersBane","Strike_G","Strike_G","Strike_G","Strike_G","Defend_G","Defend_G","Defend_G","Defend_G","Survivor","Neutralize","Metamorphosis+1","Quick Slash","Dagger Spray","Deflect","Envenom+1","Terror","Blade Dance","Glass Knife","Adrenaline","Crippling Poison","Writhe","Slice","Accuracy"],"relics":["Ring of the Snake","Ninja Scroll","Bottled Flame","Bag of Preparation","Empty Cage","Medical Kit","Sundial","CeramicFish","PreservedInsect"],"acts_visited":["Exordium","TheCity"],"potions_floor_usage":[7,10,23,23],"damage_taken":[{"damage":1,"enemies":"Cultist","floor":1,"turns":4},{"damage":0,"enemies":"2 Louse","floor":3,"turns":2},{"damage":0,"enemies":"Small Slimes","floor":4,"turns":3},{"damage":14,"enemies":"Looter","floor":5,"turns":4},{"damage":24,"enemies":"Lagavulin","floor":7,"turns":8},{"damage":0,"enemies":"Exordium Thugs","floor":10,"turns":3},{"damage":26,"enemies":"3 Sentries","floor":14,"turns":6},{"damage":0,"enemies":"Slime Boss","floor":16,"turns":3},{"damage":13,"enemies":"Spheric Guardian","floor":18,"turns":4},{"damage":0,"enemies":"3 Byrds","floor":22,"turns":4},{"damage":20,"enemies":"Slavers","floor":23,"turns":5},{"damage":50,"enemies":"Gremlin Leader","floor":25,"turns":4}],"seed_played":"4279955567408334013","potions_obtained":[{"floor":4,"key":"Weak Potion"},{"floor":5,"key":"AttackPotion"},{"floor":10,"key":"Poison Potion"},{"floor":18,"key":"CunningPotion"}],"is_trial":false,"path_per_floor":["M","$","M","M","M","R","E","R","T","M","?","?","R","E","R","B",null,"M","?","$","?","M","E","R","E"],"character_chosen":"THE_SILENT","items_purchased":["Medical Kit","Sundial"],"campfire_rested":3,"item_purchase_floors":[20,20],"current_hp_per_floor":[58,58,58,58,44,63,39,39,39,39,39,39,58,32,32,32,58,45,45,45,45,45,25,44,0,0],"gold":89,"neow_bonus":"RANDOM_COLORLESS_2","is_daily":false,"chose_seed":false,"campfire_upgraded":2,"win_rate":0.0,"timestamp":1613999834,"path_taken":["M","?","M","?","M","R","E","R","T","M","?","?","R","E","R","BOSS","M","?","?","?","M","E","R","E"],"items_purchased_type":["Relic","Relic"],"build_version":"2020-12-22","purchased_purges":0,"victory":false,"max_hp_per_floor":[66,66,66,66,66,66,66,66,66,66,66,66,66,66,66,66,66,66,66,66,66,66,66,66,66,66],"card_choices":[{"not_picked":["Panache","Magnetism"],"picked":"Metamorphosis","floor":0},{"not_picked":["Dagger Throw","Riddle With Holes"],"picked":"Quick Slash","floor":1},{"not_picked":["Masterful Stab","Dodge and Roll"],"picked":"Dagger Spray","floor":3},{"not_picked":["Acrobatics","Flying Knee"],"picked":"Deflect","floor":4},{"not_picked":["Acrobatics","Cloak And Dagger"],"picked":"Envenom","floor":5},{"not_picked":["Slice","Deadly Poison"],"picked":"Terror","floor":7},{"not_picked":["Heel Hook","Well Laid Plans"],"picked":"Blade Dance","floor":10},{"not_picked":["Backstab","Tools of the Trade"],"picked":"Glass Knife","floor":14},{"not_picked":["Phantasmal Killer","Grand Finale"],"picked":"Adrenaline","floor":16},{"not_picked":["Choke","Backflip"],"picked":"Crippling Poison","floor":18},{"not_picked":["Backflip","Heel Hook"],"picked":"Slice","floor":22},{"not_picked":["Dagger Spray","Expertise"],"picked":"Accuracy","floor":23}],"player_experience":2008535,"relics_obtained":[{"floor":7,"key":"Ninja Scroll"},{"floor":9,"key":"Bottled Flame"},{"floor":14,"key":"Bag of Preparation"},{"floor":23,"key":"PreservedInsect"}],"event_choices":[{"damage_healed":0,"gold_gain":0,"player_choice":"Ignored","damage_taken":0,"max_hp_gain":0,"max_hp_loss":0,"event_name":"Shining Light","floor":11,"gold_loss":0},{"damage_healed":0,"gold_gain":30,"player_choice":"Searched \u00271\u0027 times","damage_taken":0,"max_hp_gain":0,"max_hp_loss":0,"event_name":"Dead Adventurer","floor":12,"gold_loss":0},{"damage_healed":0,"gold_gain":250,"player_choice":"Bet on Owner","damage_taken":0,"max_hp_gain":0,"max_hp_loss":0,"event_name":"The Joust","floor":19,"gold_loss":50},{"damage_healed":0,"gold_gain":0,"player_choice":"Opened","damage_taken":0,"relics_obtained":["CeramicFish"],"max_hp_gain":0,"max_hp_loss":0,"event_name":"The Mausoleum","floor":21,"gold_loss":0,"cards_obtained":["Writhe"]}],"is_beta":false,"boss_relics":[{"not_picked":["Runic Dome","Ectoplasm"],"picked":"Empty Cage"}],"items_purged_floors":[],"is_endless":false,"potions_floor_spawned":[4,5,10,18],"killed_by":"Gremlin Leader","ascension_level":18}}