{"host":"18wi9kpcl4eah7pe","time":1613988589,"event":{"mods":["BaseMod","Colored Powertips","Downfall","Minty Spire (QoL Compilation)","StSLib"],"gold_per_floor":[349,365,365,375,141,159,159,175,475,501,501,517,529,549,561,658,658,458,473,212,224,244,257,282,182,195,224,242,102,134,134,146,251,251,251,268,268,26,45,79,79,79,98,108,108,108,120,120,139,139,139,172,15,15,15,15,15,15],"floor_reached":56,"language":"ENG","playtime":3265,"items_purged":["Regret","downfall:Malfunctioning","downfall:Icky","downfall:Icky"],"score":1128,"play_id":"1407a872-4559-4d5e-b355-ae9ee4d0fe9c","local_time":"20210222040949","is_ascension_mode":true,"campfire_choices":[{"floor":1.0,"key":"RECALL"},{"data":"bronze:Optimize","floor":18.0,"key":"SMITH"},{"floor":25.0,"key":"REST"},{"data":"bronze:CleanCode","floor":35.0,"key":"SMITH"},{"floor":42.0,"key":"REST"},{"floor":45.0,"key":"REST"},{"floor":54,"key":"REST"}],"circlet_count":0,"master_deck":["bronze:Strike+1","bronze:Strike","bronze:Strike","bronze:Strike","bronze:Defend","bronze:Defend","bronze:Defend","bronze:Defend","bronze:Replicate+1","bronze:Goto","bronze:BuggyMess","bronze:Repair","bronze:Flail","bronze:DelayedSlice+1","bronze:Optimize+1","bronze:Frontload","bronze:Overheat","bronze:BurnOut","bronze:OilSpill","bronze:Separator","bronze:Branch","bronze:Terminator","bronze:FollowUp","bronze:ChildClass","bronze:HardenedForm","bronze:Iterate","bronze:Repulsor+1","bronze:Boost","bronze:ClassDefault","bronze:CloningBeam+1","bronze:BugBarrage","bronze:CleanCode+1","bronze:WildBeam","bronze:BronzeArmor","bronze:WhirlingStrike","bronze:ClassDefault","bronze:DarkDash","bronze:Allocate+1","expansioncontent:AwakenDeath","bronze:Safeguard+1","bronze:Shell","bronze:Repair"],"relics":["bronze:PlatinumCore","Matryoshka","Happy Flower","bronze:ProtectiveGoggles","Guardian:PocketSentry","Strawberry","downfall:HeartBlessingRed","downfall:HeartBlessingGreen","Bronze Scales","Lantern","downfall:HeartBlessingBlue","Art of War","Thread and Needle","SlaversCollar","bronze:Mallet","bronze:DonusWashers","Bag of Preparation","Pocketwatch","StrikeDummy","Oddly Smooth Stone"],"acts_visited":["Exordium","TheCity","TheBeyond","TheEnding"],"potions_floor_usage":[],"damage_taken":[{"damage":6.0,"enemies":"2 Louse","floor":2.0,"turns":3.0},{"damage":12.0,"enemies":"Jaw Worm","floor":4.0,"turns":4.0},{"damage":4.0,"enemies":"downfall:FleeingMerchant","floor":5.0,"turns":4.0},{"damage":5.0,"enemies":"Cultist","floor":6.0,"turns":4.0},{"damage":9.0,"enemies":"Exordium Wildlife","floor":8.0,"turns":4.0},{"damage":24.0,"enemies":"3 Sentries","floor":10.0,"turns":6.0},{"damage":0.0,"enemies":"2 Fungi Beasts","floor":12.0,"turns":2.0},{"damage":6.0,"enemies":"Exordium Thugs","floor":13.0,"turns":3.0},{"damage":0.0,"enemies":"Gremlin Gang","floor":14.0,"turns":1.0},{"damage":0.0,"enemies":"2 Fungi Beasts","floor":15.0,"turns":2.0},{"damage":37.0,"enemies":"WA_ARCHETYPE_RETAIN","floor":16.0,"turns":8.0},{"damage":29.0,"enemies":"downfall:LooterAlt2","floor":19.0,"turns":4.0},{"damage":0.0,"enemies":"downfall:FleeingMerchant","floor":20.0,"turns":4.0},{"damage":0.0,"enemies":"Spheric Guardian","floor":21.0,"turns":3.0},{"damage":8.0,"enemies":"Snake Plant","floor":22.0,"turns":3.0},{"damage":17.0,"enemies":"Snecko","floor":23.0,"turns":5.0},{"damage":7.0,"enemies":"Centurion and Healer","floor":26.0,"turns":5.0},{"damage":15.0,"enemies":"Book of Stabbing","floor":27.0,"turns":4.0},{"damage":15.0,"enemies":"3 Cultists","floor":28.0,"turns":5.0},{"damage":0.0,"enemies":"downfall:FleeingMerchant","floor":29.0,"turns":4.0},{"damage":10.0,"enemies":"Gremlin Leader","floor":30.0,"turns":5.0},{"damage":2.0,"enemies":"Chosen and Byrds","floor":32.0,"turns":4.0},{"damage":31.0,"enemies":"DF_ARCHETYPE_CLAW","floor":33.0,"turns":8.0},{"damage":17.0,"enemies":"3 Darklings","floor":36.0,"turns":3.0},{"damage":2.0,"enemies":"downfall:FleeingMerchant","floor":38.0,"turns":4.0},{"damage":0.0,"enemies":"Orb Walker","floor":39.0,"turns":2.0},{"damage":52.0,"enemies":"Giant Head","floor":40.0,"turns":9.0},{"damage":16.0,"enemies":"4 Shapes","floor":43.0,"turns":3.0},{"damage":24.0,"enemies":"Transient","floor":44.0,"turns":5.0},{"damage":16.0,"enemies":"Jaw Worm Horde","floor":47.0,"turns":3.0},{"damage":27.0,"enemies":"Sphere and 2 Shapes","floor":49.0,"turns":4.0},{"damage":64.0,"enemies":"SI_POISON_ARCHETYPE","floor":50.0,"turns":12.0},{"damage":115,"enemies":"downfall:CharBossMerchant","floor":52,"turns":8},{"damage":56,"enemies":"downfall:NeowBoss","floor":55,"turns":25},{"damage":93,"enemies":"downfall:NeowBossFinal","floor":56,"turns":11}],"seed_played":"-5268392744222244876","potions_obtained":[{"floor":4.0,"key":"Guardian:BlockOnCardUsePotion"},{"floor":6.0,"key":"LiquidBronze"},{"floor":10.0,"key":"Explosive Potion"},{"floor":13.0,"key":"Fruit Juice"},{"floor":16.0,"key":"Guardian:BlockOnCardUsePotion"},{"floor":19.0,"key":"Strength Potion"},{"floor":21.0,"key":"Slimebound:ThreeZeroPotion"},{"floor":26.0,"key":"Strength Potion"},{"floor":27.0,"key":"SpeedPotion"},{"floor":30.0,"key":"PowerPotion"},{"floor":33.0,"key":"Guardian:BlockOnCardUsePotion"},{"floor":39.0,"key":"Explosive Potion"},{"floor":43.0,"key":"Explosive Potion"},{"floor":44.0,"key":"AttackPotion"}],"is_trial":false,"path_per_floor":["R","M","?","M","$","M","T","M","?","E","?","M","M","M","M","B",null,"R","M","$","M","M","M","T","R","M","E","M","$","E","?","M","B",null,"R","M","?","$","M","E","T","R","M","M","R","?","M","$","M","B",null,"E","$","R","B","B"],"character_chosen":"THE_AUTOMATON","items_purchased":["Happy Flower","Bronze Scales","bronze:Mallet","bronze:DonusWashers","Oddly Smooth Stone"],"campfire_rested":4,"item_purchase_floors":[5,20,38,38,53],"current_hp_per_floor":[63,57,57,45,48,50,50,48,48,41,41,41,47,47,54,27,63,63,34,41,51,43,33,33,68,68,53,45,52,49,95,93,69,89,89,92,92,90,90,45,45,73,82,66,94,94,92,92,65,8,73,17,17,45,17,0,0,0],"gold":15,"neow_bonus":"TWO_FIFTY_GOLD","is_daily":false,"chose_seed":false,"campfire_upgraded":2,"win_rate":0.0,"timestamp":1613988589,"path_taken":["R","M","?","M","$","M","T","M","?","E","?","M","?","M","M","BOSS","R","M","$","M","M","M","T","R","M","E","M","$","E","?","M","BOSS","R","M","?","$","M","E","T","R","M","?","R","?","M","$","M","BOSS","E","$","R","BOSS","BOSS"],"items_purchased_type":["Relic","Relic","Relic","Relic","Relic"],"build_version":"2020-12-22","purchased_purges":4,"victory":false,"max_hp_per_floor":[63,63,63,63,63,63,63,63,63,70,70,70,75,75,75,75,75,75,75,75,75,75,75,75,85,85,85,85,85,85,95,95,95,95,95,95,95,95,95,95,95,95,95,95,95,95,95,95,95,95,95,95,95,95,95,95,95,95],"card_choices":[{"not_picked":["bronze:FineTuning","bronze:OilSpill"],"picked":"bronze:BuggyMess","floor":2.0},{"not_picked":["bronze:DelayedSlice","bronze:Fortify"],"picked":"bronze:Repair","floor":4.0},{"not_picked":["bronze:Repair","bronze:FollowUp"],"picked":"bronze:Flail","floor":5.0},{"not_picked":["bronze:Turbo","bronze:Return"],"picked":"bronze:DelayedSlice","floor":6.0},{"not_picked":["bronze:Iterate","bronze:Shield"],"picked":"bronze:Optimize","floor":8.0},{"not_picked":["bronze:ForLoop","bronze:BuggyMess"],"picked":"bronze:Frontload","floor":10.0},{"not_picked":["bronze:CloningBeam","bronze:Constructor"],"picked":"bronze:Overheat","floor":12.0},{"not_picked":["bronze:CutThrough","bronze:Shell"],"picked":"bronze:BurnOut","floor":13.0},{"not_picked":["bronze:Separator","bronze:Shield"],"picked":"bronze:OilSpill","floor":14.0},{"not_picked":["bronze:DelayedGuard","bronze:BuggyMess"],"picked":"bronze:Separator","floor":15.0},{"not_picked":["bronze:Virus","bronze:FindAndReplace"],"picked":"bronze:ShipIt","floor":16.0},{"not_picked":["bronze:Optimize","bronze:Overheat"],"picked":"bronze:Branch","floor":19.0},{"not_picked":["bronze:DelayedSlice","bronze:ItsAFeature"],"picked":"bronze:Terminator","floor":20.0},{"not_picked":["bronze:Repair","bronze:Branch+1"],"picked":"bronze:FollowUp","floor":21.0},{"not_picked":["bronze:Branch","bronze:Allocate"],"picked":"bronze:ChildClass","floor":22.0},{"not_picked":["bronze:Frontload","bronze:WhirlingStrike"],"picked":"bronze:HardenedForm","floor":23.0},{"not_picked":["bronze:Shield","bronze:Invalidate"],"picked":"bronze:Iterate","floor":26.0},{"not_picked":["bronze:Overheat+1","bronze:Flail"],"picked":"bronze:Repulsor","floor":27.0},{"not_picked":["bronze:ClassDefault","bronze:Separator"],"picked":"bronze:Boost","floor":28.0},{"not_picked":["bronze:Constructor+1","bronze:Overheat"],"picked":"bronze:ClassDefault","floor":29.0},{"not_picked":["bronze:ForLoop","bronze:Separator"],"picked":"bronze:CloningBeam+1","floor":30.0},{"not_picked":["bronze:ChildClass","bronze:Deprecate"],"picked":"bronze:BugBarrage","floor":32.0},{"not_picked":["bronze:RecursiveStrike","bronze:HyperBeam"],"picked":"bronze:CleanCode","floor":33.0},{"not_picked":["bronze:Repulsor","bronze:Separator"],"picked":"bronze:WildBeam","floor":36.0},{"not_picked":["bronze:Repair","bronze:BugBarrage"],"picked":"bronze:BronzeArmor","floor":38.0},{"not_picked":["bronze:Repulsor+1","bronze:Turbo+1"],"picked":"bronze:WhirlingStrike","floor":39.0},{"not_picked":["bronze:BronzeOrb","bronze:CutThrough+1"],"picked":"bronze:ClassDefault","floor":40.0},{"not_picked":["bronze:BitShift+1","bronze:WhirlingStrike"],"picked":"bronze:DarkDash","floor":43.0},{"not_picked":["bronze:BuggyMess","bronze:Flail+1"],"picked":"bronze:Allocate+1","floor":44.0},{"not_picked":["expansioncontent:Hexaburn","expansioncontent:GuardianWhirl"],"picked":"expansioncontent:AwakenDeath","floor":46.0},{"not_picked":["bronze:Turbo+1","bronze:BugBarrage"],"picked":"bronze:Safeguard+1","floor":47.0},{"not_picked":["bronze:Repulsor+1","bronze:Turbo+1"],"picked":"bronze:Shell","floor":49.0},{"not_picked":["bronze:CloningBeam","bronze:Repulsor+1"],"picked":"bronze:Repair","floor":52}],"player_experience":1044879,"relics_obtained":[{"floor":7.0,"key":"bronze:ProtectiveGoggles"},{"floor":7.0,"key":"Guardian:PocketSentry"},{"floor":10.0,"key":"Strawberry"},{"floor":24.0,"key":"Lantern"},{"floor":27.0,"key":"Art of War"},{"floor":30.0,"key":"Thread and Needle"},{"floor":40.0,"key":"Bag of Preparation"},{"floor":41.0,"key":"Pocketwatch"},{"floor":52,"key":"StrikeDummy"}],"event_choices":[{"damage_healed":0.0,"max_hp_gain":0.0,"max_hp_loss":0.0,"gold_gain":0.0,"event_name":"Big Fish","player_choice":"Box","floor":3.0,"gold_loss":0.0,"damage_taken":0.0,"relics_obtained":["Matryoshka"],"cards_obtained":["Regret"]}],"is_beta":false,"boss_relics":[{"not_picked":["Philosopher\u0027s Stone","Sozu"],"picked":"bronze:PlatinumCore"},{"not_picked":["SacredBark","Tiny House"],"picked":"SlaversCollar"}],"items_purged_floors":[5,20,29,38],"is_endless":false,"potions_floor_spawned":[4,6,10,13,16,19,21,26,27,30,33,39,43,44],"killed_by":"downfall:NeowBossFinal","ascension_level":8}}