{"host":"s9znsjs818tlhh47","time":1613960441,"event":{"mods":["2.2 Compatiblity","ATMod(°¢èªMod)","AchievementEnabler","Act Like it!","Arknights","BaseMod","Better Note","Better Skull","Better Third Choice","Better Vampires","Bossed Relics","Card Forge","Colored Powertips","Force Act Four","Minty Spire (QoL Compilation)","Permanent Neow","Quick Restart","StSLib","¡¾¹¦ÄÜMod¡¿»ìãçÖ®»·ÐÞ¸´²¹¶¡","¡¾ÒÅÎï¿¨ÅÆ¡¿REMEMod"],"gold_per_floor":[118,138,153,171,186,218,218,253,304,321,345,379,379,396,396,474,474,491,113,131,181,194,228,228,262,262,262,306,333,352,372,372,457,457,476,495,2,49,58,90,90,190,190,245,274,65,112,176,176,230,251,251,251,86,133,193],"floor_reached":57,"language":"ZHS","playtime":2930,"items_purged":["Defend_P"],"score":3858,"play_id":"e7d09d31-9975-41ac-b16f-ff90b08df7df","local_time":"20210221212041","is_ascension_mode":true,"campfire_choices":[{"data":"Eruption","floor":7.0,"key":"SMITH"},{"data":"MentalFortress","floor":13.0,"key":"SMITH"},{"data":"Prostrate","floor":15.0,"key":"SMITH"},{"floor":32.0,"key":"RECALL"}],"circlet_count":0,"master_deck":["AscendersBane","Eruption+1","Vigilance+1","Scrawl+1","Adaptation+1","Tantrum+1","Fasting2+1","Prostrate+1","MentalFortress+1","Omniscience+1","EmptyBody+1","AT_RealColorLess+1","Adaptation+1","DeusExMachina+1","LikeWater+1","Halt+1","AT_ChampionKick+1"],"relics":["Hammer of Thor","Seething Fire","Anvil of the Gods","REME_ComplimentaryCards","AT_ATBox","Coffee Dripper","Damaru","Mercury Hourglass","Odd Mushroom","Blue Candle","Busted Crown","Singing Bowl","Vajra","CeramicFish","Yang","AT_RedNoBalance","Runic Dome","Blood Vial","CloakClasp","AT_GoldPhoenixTree","REME_ArchaeologicalTools","Dream Catcher","Akabeko","Ancient Tea Set","Lee\u0027s Waffle","Nunchaku","AT_EbonyIvory","TeardropLocket"],"acts_visited":["Exordium","TheCity","TheBeyond","TheEnding"],"potions_floor_usage":[42],"damage_taken":[{"damage":0.0,"enemies":"Cultist","floor":1.0,"turns":1.0},{"damage":0.0,"enemies":"Small Slimes","floor":2.0,"turns":2.0},{"damage":2.0,"enemies":"Jaw Worm","floor":3.0,"turns":3.0},{"damage":13.0,"enemies":"Blue Slaver","floor":4.0,"turns":2.0},{"damage":0.0,"enemies":"2 Fungi Beasts","floor":5.0,"turns":2.0},{"damage":21.0,"enemies":"Lagavulin","floor":6.0,"turns":7.0},{"damage":6.0,"enemies":"3 Sentries","floor":8.0,"turns":6.0},{"damage":0.0,"enemies":"Large Slime","floor":10.0,"turns":2.0},{"damage":12.0,"enemies":"The Mushroom Lair","floor":11.0,"turns":2.0},{"damage":0.0,"enemies":"Gremlin Nob","floor":12.0,"turns":2.0},{"damage":0.0,"enemies":"Blue Slaver","floor":14.0,"turns":1.0},{"damage":0.0,"enemies":"The Guardian","floor":16.0,"turns":3.0},{"damage":0.0,"enemies":"Spheric Guardian","floor":18.0,"turns":2.0},{"damage":0.0,"enemies":"Shell Parasite","floor":20.0,"turns":2.0},{"damage":0.0,"enemies":"Centurion and Healer","floor":22.0,"turns":3.0},{"damage":0.0,"enemies":"REME_1_Revenger","floor":23.0,"turns":3.0},{"damage":4.0,"enemies":"Book of Stabbing","floor":25.0,"turns":2.0},{"damage":0.0,"enemies":"Gremlin Leader","floor":28.0,"turns":4.0},{"damage":10.0,"enemies":"Snake Plant","floor":29.0,"turns":2.0},{"damage":0.0,"enemies":"Cultist and Chosen","floor":30.0,"turns":3.0},{"damage":0.0,"enemies":"Sentry and Sphere","floor":31.0,"turns":2.0},{"damage":0.0,"enemies":"Collector","floor":33.0,"turns":3.0},{"damage":0,"enemies":"3 Darklings","floor":35,"turns":1},{"damage":9,"enemies":"3 Shapes","floor":36,"turns":1},{"damage":2,"enemies":"2 Orb Walkers","floor":38,"turns":2},{"damage":0,"enemies":"Giant Head","floor":40,"turns":1},{"damage":20,"enemies":"Reptomancer","floor":42,"turns":1},{"damage":0,"enemies":"Giant Head","floor":44,"turns":2},{"damage":0,"enemies":"Sphere and 2 Shapes","floor":45,"turns":1},{"damage":0,"enemies":"Jaw Worm Horde","floor":47,"turns":2},{"damage":0,"enemies":"Reptomancer","floor":48,"turns":2},{"damage":33,"enemies":"Time Eater","floor":50,"turns":5},{"damage":0,"enemies":"Awakened One","floor":51,"turns":2},{"damage":0,"enemies":"Shield and Spear","floor":55,"turns":1},{"damage":61,"enemies":"The Heart","floor":56,"turns":6}],"seed_played":"4299417515901700697","potions_obtained":[{"floor":4.0,"key":"Explosive Potion"},{"floor":6.0,"key":"PowerPotion"},{"floor":12.0,"key":"BottledMiracle"},{"floor":25.0,"key":"Swift Potion"},{"floor":30.0,"key":"REME_GoldPotion"},{"floor":38,"key":"ColorlessPotion"},{"floor":40,"key":"StancePotion"},{"floor":42,"key":"Fire Potion"}],"is_trial":false,"path_per_floor":["M","M","M","M","M","E","R","E","T","M","?","E","R","M","R","B",null,"M","$","M","?","M","E","?","E","T","?","E","M","M","M","R","B",null,"M","M","$","?","?","E","R","E","T","E","M","$","M","E","R","B","B",null,"R","$","E","B",null],"character_chosen":"WATCHER","items_purchased":["Singing Bowl","EmptyBody","Blood Vial","CloakClasp","Lee\u0027s Waffle","Halt","AT_EbonyIvory"],"campfire_rested":0,"item_purchase_floors":[19,19,37,37,46,46,54],"current_hp_per_floor":[61,61,59,46,46,25,25,19,19,19,7,7,7,7,7,7,53,53,53,55,55,57,59,84,82,82,82,82,33,45,46,46,45,79,47,38,38,40,40,42,42,26,26,30,34,109,111,113,113,80,82,105,105,105,109,50],"gold":193,"neow_bonus":"BOSS_RELIC","is_daily":false,"chose_seed":false,"campfire_upgraded":3,"win_rate":0.0,"timestamp":1613960441,"path_taken":["M","M","M","M","?","E","R","E","T","M","?","E","R","M","R","BOSS","M","$","M","?","M","E","?","E","T","?","E","M","M","M","R","BOSS","M","M","$","?","?","E","R","E","T","E","M","$","M","E","R","BOSS","BOSS","R","$","E","BOSS"],"items_purchased_type":["Relic","Card","Relic","Relic","Relic","Card","Relic"],"build_version":"2020-12-22","purchased_purges":1,"victory":true,"max_hp_per_floor":[68,68,68,68,68,68,68,68,68,68,68,68,68,68,68,68,68,68,68,70,70,72,74,84,86,86,86,86,86,88,90,90,90,90,92,92,92,94,94,96,96,98,98,100,102,109,111,113,113,113,113,113,113,113,115,115],"card_choices":[{"not_picked":["Protect","PathToVictory"],"picked":"Adaptation","floor":1.0},{"not_picked":["CrushJoints","WreathOfFlame","EmptyBody"],"picked":"SKIP","floor":2.0},{"not_picked":["CrushJoints","Crescendo"],"picked":"Tantrum","floor":3.0},{"not_picked":["FollowUp","Prostrate","CutThroughFate"],"picked":"SKIP","floor":4.0},{"not_picked":["Nirvana","Ragnarok","Weave"],"picked":"SKIP","floor":5.0},{"not_picked":["SandsOfTime","SpiritShield"],"picked":"Fasting2","floor":6.0},{"not_picked":["JustLucky","Consecrate"],"picked":"AT_RealColorLess","floor":8.0},{"not_picked":["FollowUp","CarveReality"],"picked":"Prostrate","floor":10.0},{"not_picked":["ThirdEye","Protect"],"picked":"MentalFortress","floor":12.0},{"not_picked":["EmptyBody","Pray","WindmillStrike"],"picked":"SKIP","floor":14.0},{"not_picked":["DeusExMachina","Blasphemy"],"picked":"Omniscience","floor":16.0},{"not_picked":["REME_Repentance"],"picked":"SKIP","floor":18.0},{"not_picked":["CrushJoints"],"picked":"Singing Bowl","floor":20.0},{"not_picked":["AT_SoftenMuscles"],"picked":"Singing Bowl","floor":22.0},{"not_picked":["Evaluate"],"picked":"Singing Bowl","floor":23.0},{"not_picked":["PathToVictory"],"picked":"Singing Bowl","floor":25.0},{"not_picked":[],"picked":"Adaptation","floor":28.0},{"not_picked":[],"picked":"SignatureMove","floor":29.0},{"not_picked":["FlurryOfBlows"],"picked":"Singing Bowl","floor":30.0},{"not_picked":["FlurryOfBlows"],"picked":"Singing Bowl","floor":31.0},{"not_picked":[],"picked":"DeusExMachina","floor":33.0},{"not_picked":["EmptyFist"],"picked":"Singing Bowl","floor":35},{"not_picked":[],"picked":"LikeWater","floor":36},{"not_picked":["FollowUp"],"picked":"Singing Bowl","floor":38},{"not_picked":["CrushJoints"],"picked":"Singing Bowl","floor":40},{"not_picked":["Weave"],"picked":"Singing Bowl","floor":42},{"not_picked":["SignatureMove+1"],"picked":"Singing Bowl","floor":44},{"not_picked":["ThirdEye"],"picked":"Singing Bowl","floor":45},{"not_picked":["SashWhip"],"picked":"Singing Bowl","floor":47},{"not_picked":["Consecrate"],"picked":"Singing Bowl","floor":48},{"not_picked":["REME_WorshipGod"],"picked":"Singing Bowl","floor":55}],"player_experience":341415,"relics_obtained":[{"floor":6.0,"key":"Damaru"},{"floor":8.0,"key":"Mercury Hourglass"},{"floor":11.0,"key":"Odd Mushroom"},{"floor":12.0,"key":"Blue Candle"},{"floor":23.0,"key":"Vajra"},{"floor":25.0,"key":"CeramicFish"},{"floor":26.0,"key":"Yang"},{"floor":28.0,"key":"AT_SilverBalance"},{"floor":38,"key":"AT_GoldPhoenixTree"},{"floor":40,"key":"REME_ArchaeologicalTools"},{"floor":42,"key":"Dream Catcher"},{"floor":43,"key":"Akabeko"},{"floor":44,"key":"Ancient Tea Set"},{"floor":48,"key":"Nunchaku"},{"floor":55,"key":"TeardropLocket"}],"event_choices":[{"damage_healed":0.0,"max_hp_gain":0.0,"max_hp_loss":0.0,"gold_gain":0.0,"event_name":"Mushrooms","player_choice":"Fought Mushrooms","floor":11.0,"gold_loss":0.0,"damage_taken":0.0},{"damage_healed":0.0,"max_hp_gain":0.0,"max_hp_loss":0.0,"gold_gain":50.0,"event_name":"Golden Shrine","player_choice":"Pray","floor":21.0,"gold_loss":0.0,"damage_taken":0.0},{"cards_removed":["AT_RealColorLess"],"damage_healed":15.0,"max_hp_gain":10.0,"max_hp_loss":0.0,"gold_gain":0.0,"event_name":"Bonfire Elementals","player_choice":"Offered Rare","floor":24.0,"gold_loss":0.0,"damage_taken":0.0},{"damage_healed":0.0,"max_hp_gain":0.0,"max_hp_loss":0.0,"gold_gain":0.0,"event_name":"betterNote:BetterNote","player_choice":"Ignored","floor":27.0,"gold_loss":0.0,"damage_taken":0.0,"cards_obtained":["AT_EmpoweredMortalDraw"]},{"damage_healed":0,"gold_gain":0,"player_choice":"Fight","damage_taken":0,"max_hp_gain":0,"max_hp_loss":0,"event_name":"Mysterious Sphere","floor":38,"gold_loss":0},{"damage_healed":0,"gold_gain":0,"player_choice":"Random: Violet","damage_taken":0,"max_hp_gain":0,"max_hp_loss":0,"event_name":"betterThird:BetterPortal","floor":39,"gold_loss":0},{"damage_healed":0,"gold_gain":0,"player_choice":"Smashed Altar","damage_taken":0,"max_hp_gain":0,"max_hp_loss":0,"event_name":"Forgotten Altar","floor":39,"gold_loss":0,"cards_obtained":["Decay"]}],"is_beta":false,"boss_relics":[{"not_picked":["REME_ChargedStone","Cursed Key"],"picked":"Busted Crown"},{"not_picked":["Snecko Eye","SlaversCollar"],"picked":"Runic Dome"}],"items_purged_floors":[19],"is_endless":false,"potions_floor_spawned":[4,6,10,12,16,20,22,25,28,30,38,40,42,45],"ascension_level":20}}