{"host":"syfsfjmzue8y1a6l","time":1613984157,"event":{"mods":["AchievementEnabler","BaseMod","Colored Map","DeckTracker","Minty Spire (QoL Compilation)","Permanent Neow","SuperFastMode"],"gold_per_floor":[114,189,189,189,114,144,144,159,159,224,239,269,269,269,269,378,378,393,458,523,538,538,538,556,571,571,571,278,293,323,397,397,547,547,587,602,602,177,242,242,297,147,147,147,177,0,0,40,40,65],"floor_reached":51,"language":"KOR","playtime":4881,"items_purged":["Thunder Strike","Night Terror","Multi-Cast"],"score":960,"play_id":"02b28d1f-dd54-4dfa-847c-0cf6c34407ea","local_time":"20210222175557","daily_mods":["Shiny","Diverse","Binary"],"is_ascension_mode":false,"campfire_choices":[{"data":"Omniscience","floor":7.0,"key":"SMITH"},{"data":"Machine Learning","floor":13.0,"key":"SMITH"},{"data":"Creative AI","floor":15.0,"key":"SMITH"},{"data":"MasterReality","floor":23,"key":"SMITH"},{"data":"Brutality","floor":27,"key":"SMITH"},{"data":"Tools of the Trade","floor":32,"key":"SMITH"},{"data":"Fission","floor":40,"key":"SMITH"},{"data":"Reboot","floor":47,"key":"SMITH"},{"data":"After Image","floor":49,"key":"SMITH"}],"circlet_count":0,"master_deck":["Judgement","MasterReality+1","Brilliance+1","Devotion","Blasphemy","Ragnarok+1","LessonLearned","Scrawl","Vault","Alpha","Wish","Omniscience+1","Establishment+1","SpiritShield","DevaForm","DeusExMachina","Hyperbeam","Biased Cognition","Machine Learning+1","Electrodynamics+1","Buffer","Rainbow","Seek","Meteor Strike","Echo Form","Reboot+1","Amplify","Creative AI+1","Fission+1","Core Surge","Venomology","Corpse Explosion","Malaise","Phantasmal Killer","Die Die Die","Adrenaline","Envenom","Doppelganger","Burst","Wraith Form v2","Tools of the Trade+1","Unload","After Image+1","Bullet Time","Storm of Steel","Glass Knife","A Thousand Cuts","Double Tap","Demon Form","Bludgeon","Feed","Limit Break","Corruption","Barricade","Fiend Fire","Berserk","Impervious","Juggernaut","Brutality+1","Reaper","Exhume","Offering+1","Immolate","Escape Plan","Exhume","Dodge and Roll","Chill","Acrobatics","Brutality"],"relics":["Cracked Core","Singing Bowl","Bag of Preparation","Mummified Hand","CeramicFish","SacredBark","Pen Nib","Bird Faced Urn","Potion Belt","Orichalcum","Nuclear Battery","Nunchaku","Toy Ornithopter","Eternal Feather","OrangePellets","Ancient Tea Set","Girya","Red Mask"],"acts_visited":["Exordium","TheCity","TheBeyond"],"potions_floor_usage":[18,30,30,31,39,45,48],"damage_taken":[{"damage":2.0,"enemies":"2 Louse","floor":1.0,"turns":4.0},{"damage":8.0,"enemies":"Gremlin Nob","floor":6.0,"turns":4.0},{"damage":5.0,"enemies":"Small Slimes","floor":8.0,"turns":2.0},{"damage":18.0,"enemies":"Jaw Worm","floor":10.0,"turns":6.0},{"damage":0.0,"enemies":"2 Fungi Beasts","floor":11.0,"turns":1.0},{"damage":37.0,"enemies":"Lagavulin","floor":12.0,"turns":6.0},{"damage":0.0,"enemies":"Slime Boss","floor":16.0,"turns":4.0},{"damage":20,"enemies":"2 Thieves","floor":18,"turns":3},{"damage":1,"enemies":"Spheric Guardian","floor":19,"turns":3},{"damage":20,"enemies":"Centurion and Healer","floor":20,"turns":4},{"damage":3,"enemies":"Chosen and Byrds","floor":21,"turns":3},{"damage":0,"enemies":"Snake Plant","floor":25,"turns":2},{"damage":13,"enemies":"Shelled Parasite and Fungi","floor":29,"turns":5},{"damage":5,"enemies":"Gremlin Leader","floor":30,"turns":3},{"damage":12,"enemies":"Centurion and Healer","floor":31,"turns":7},{"damage":4,"enemies":"Automaton","floor":33,"turns":5},{"damage":2,"enemies":"3 Darklings","floor":35,"turns":3},{"damage":1,"enemies":"3 Shapes","floor":36,"turns":2},{"damage":6,"enemies":"Transient","floor":39,"turns":6},{"damage":18,"enemies":"Giant Head","floor":41,"turns":6},{"damage":47,"enemies":"Reptomancer","floor":45,"turns":4},{"damage":6,"enemies":"Sphere and 2 Shapes","floor":48,"turns":1},{"damage":50,"enemies":"Time Eater","floor":50,"turns":6}],"seed_played":"-9004314451342404475","potions_obtained":[{"floor":8.0,"key":"Weak Potion"},{"floor":10.0,"key":"Swift Potion"},{"floor":11.0,"key":"AttackPotion"},{"floor":12.0,"key":"SkillPotion"},{"floor":18,"key":"ColorlessPotion"},{"floor":25,"key":"Energy Potion"},{"floor":29,"key":"FearPotion"},{"floor":35,"key":"Weak Potion"},{"floor":37,"key":"Fire Potion"}],"is_trial":false,"path_per_floor":["M","?","?","?","$","E","R","M","T","M","M","E","R","?","R","B",null,"M","M","M","M","?","R","?","M","T","R","$","M","E","M","R","B",null,"M","M","?","$","M","R","E","$","T","$","E","?","R","M","R","B",null],"character_chosen":"DEFECT","items_purchased":["Acrobatics","Potion Belt","Nunchaku","Toy Ornithopter","OrangePellets"],"campfire_rested":0,"item_purchase_floors":[28,28,38,38,42],"current_hp_per_floor":[73,62,67,64,64,68,68,73,73,61,63,35,35,101,101,101,101,83,84,70,69,69,69,69,71,71,71,71,80,97,115,115,117,117,119,120,120,120,121,121,125,125,125,125,115,115,127,126,129,117],"gold":65,"neow_bonus":"","is_daily":true,"chose_seed":false,"campfire_upgraded":9,"win_rate":0.0,"timestamp":1613984157,"path_taken":["M","?","?","?","$","E","R","M","T","M","?","E","R","?","R","BOSS","M","M","?","M","?","R","?","M","T","R","$","M","E","M","R","BOSS","M","M","?","$","M","R","E","$","T","?","E","?","R","M","R","BOSS"],"items_purchased_type":["Card","Relic","Relic","Relic","Relic"],"build_version":"2020-12-22","purchased_purges":3,"victory":true,"max_hp_per_floor":[75,75,80,80,80,80,80,82,82,84,86,91,91,101,101,101,101,103,105,107,109,109,109,109,111,111,111,111,113,115,115,115,117,117,119,121,121,121,123,123,125,125,125,125,127,127,127,129,129,129],"card_choices":[{"not_picked":["Underhanded Strike","Backflip"],"picked":"SKIP","floor":1.0},{"not_picked":["Flechettes"],"picked":"Escape Plan","floor":6.0},{"not_picked":["Crippling Poison","Wireheading"],"picked":"Singing Bowl","floor":8.0},{"not_picked":["CutThroughFate","Go for the Eyes"],"picked":"Singing Bowl","floor":10.0},{"not_picked":["Iron Wave","Redo"],"picked":"Singing Bowl","floor":11.0},{"not_picked":["FlyingSleeves","Glacier"],"picked":"Singing Bowl","floor":12.0},{"not_picked":["Night Terror"],"picked":"Exhume","floor":16.0},{"not_picked":["Crescendo","ReachHeaven+1"],"picked":"Singing Bowl","floor":18},{"not_picked":["Havoc","PiercingWail+1"],"picked":"Singing Bowl","floor":19},{"not_picked":["Streamline","Study"],"picked":"Singing Bowl","floor":20},{"not_picked":["Bane","PiercingWail"],"picked":"Singing Bowl","floor":21},{"not_picked":["Hologram","FlyingSleeves+1"],"picked":"Singing Bowl","floor":25},{"not_picked":["Consume","Finisher"],"picked":"Singing Bowl","floor":29},{"not_picked":["Leap","EmptyBody"],"picked":"Singing Bowl","floor":30},{"not_picked":["Flex"],"picked":"Brutality","floor":31},{"not_picked":["Devotion","Wish"],"picked":"Singing Bowl","floor":33},{"not_picked":["Headbutt+1","Conclude"],"picked":"Singing Bowl","floor":35},{"not_picked":["Sentinel+1","Accuracy"],"picked":"Singing Bowl","floor":36},{"not_picked":["Twin Strike+1","Compile Driver+1"],"picked":"Singing Bowl","floor":39},{"not_picked":["Steam","JustLucky+1"],"picked":"Singing Bowl","floor":41},{"not_picked":["FollowUp","Distraction"],"picked":"Singing Bowl","floor":45},{"not_picked":["Skim","EmptyBody"],"picked":"Singing Bowl","floor":48}],"player_experience":191899,"relics_obtained":[{"floor":6.0,"key":"Bag of Preparation"},{"floor":9.0,"key":"Mummified Hand"},{"floor":12.0,"key":"CeramicFish"},{"floor":26,"key":"Bird Faced Urn"},{"floor":30,"key":"Orichalcum"},{"floor":41,"key":"Eternal Feather"},{"floor":43,"key":"Ancient Tea Set"},{"floor":45,"key":"Girya"}],"event_choices":[{"damage_healed":0.0,"max_hp_gain":0.0,"max_hp_loss":0.0,"gold_gain":75.0,"event_name":"World of Goop","player_choice":"Gather Gold","floor":2.0,"gold_loss":0.0,"damage_taken":11.0},{"damage_healed":0.0,"max_hp_gain":5.0,"max_hp_loss":0.0,"gold_gain":0.0,"event_name":"Big Fish","player_choice":"Donut","floor":3.0,"gold_loss":0.0,"damage_taken":0.0},{"damage_healed":0.0,"max_hp_gain":0.0,"max_hp_loss":0.0,"gold_gain":0.0,"event_name":"Scrap Ooze","player_choice":"Success","floor":4.0,"gold_loss":0.0,"damage_taken":3.0,"relics_obtained":["Singing Bowl"]},{"cards_removed":["All For One"],"damage_healed":56.0,"max_hp_gain":10.0,"max_hp_loss":0.0,"gold_gain":0.0,"event_name":"Bonfire Elementals","player_choice":"Offered Rare","floor":14.0,"gold_loss":0.0,"damage_taken":0.0},{"damage_healed":0,"gold_gain":0,"player_choice":"Opened","damage_taken":0,"relics_obtained":["Pen Nib"],"max_hp_gain":0,"max_hp_loss":0,"event_name":"The Mausoleum","floor":22,"gold_loss":0},{"damage_healed":0,"gold_gain":0,"cards_transformed":["ConjureBlade","Grand Finale"],"player_choice":"Became Test Subject","damage_taken":0,"max_hp_gain":0,"max_hp_loss":0,"event_name":"Drug Dealer","floor":24,"gold_loss":0,"cards_obtained":["Dodge and Roll","Chill"]},{"damage_healed":0,"gold_gain":0,"player_choice":"Got Potions","damage_taken":0,"max_hp_gain":0,"max_hp_loss":0,"event_name":"Lab","floor":37,"gold_loss":0},{"damage_healed":0,"gold_gain":0,"player_choice":"Paid","damage_taken":0,"relics_obtained":["Red Mask"],"max_hp_gain":0,"max_hp_loss":0,"event_name":"Tomb of Lord Red Mask","floor":46,"gold_loss":177}],"is_beta":false,"boss_relics":[{"not_picked":["Philosopher\u0027s Stone","Velvet Choker"],"picked":"SacredBark"},{"not_picked":["Sozu","Busted Crown"],"picked":"Nuclear Battery"}],"items_purged_floors":[5,28,38],"is_endless":false,"potions_floor_spawned":[8,10,11,12,18,19,25,29,35,36,45],"ascension_level":0}}