{"host":"ppqll9nf92xyjrj9","time":1613960302,"event":{"mods":["Act Like it!","Arknights","BaseMod","Bestiary","Better Third Choice","Bossed Relics","Curses Come First","Ekko","Evolution","Hermit","Jorbs\u0027s Wanderer Trilogy","Keyboard Shortcuts","Marked Mod","Minty Spire (QoL Compilation)","Relic Stats","Shapeshifter Mod","Spicy Shops","StS++","StSLib","The Marked","The Runesmith","Weighted Paths","【遗物卡牌】REMEMod"],"gold_per_floor":[118,118,132,132,145,145,162,162,162,188,243,270,270,311,311,424,424,443,457,50,100,114,114,140,140,140,140,185,205,205,223,223,320,320,349,408,408,443,453,510,510,513,513],"floor_reached":42,"language":"ENG","playtime":15726,"items_purged":[],"score":485,"play_id":"b081eca4-df6d-4d8b-be3c-c2b718169cd1","local_time":"20210221181822","is_ascension_mode":false,"campfire_choices":[{"data":"StSShapeShifter:Lynx_Form","floor":6,"key":"SMITH"},{"data":"StSShapeShifter:Sapling","floor":8,"key":"SMITH"},{"data":"StSShapeShifter:Summon_Mountains","floor":13,"key":"SMITH"},{"data":"StSShapeShifter:TopazSkin","floor":15,"key":"SMITH"},{"data":"StSShapeShifter:Evolution","floor":23,"key":"SMITH"},{"data":"StSShapeShifter:BurrBomb","floor":25,"key":"SMITH"},{"data":"StSShapeShifter:SpiritOfTheEarth","floor":27,"key":"SMITH"},{"data":"StSShapeShifter:EmbraceTheCycle","floor":30,"key":"SMITH"},{"data":"StSShapeShifter:RockSlide","floor":32,"key":"SMITH"},{"data":"StSShapeShifter:Sapling","floor":41,"key":"SMITH"}],"circlet_count":0,"master_deck":["StSShapeShifter:AdaptiveStrikes","StSShapeShifter:OakBlade","StSShapeShifter:BloomingSlash","StSShapeShifter:ThornToss","StSShapeShifter:ShapeShifter_Defend","StSShapeShifter:ShapeShifter_Defend","StSShapeShifter:ShapeShifter_Defend","StSShapeShifter:ShapeShifter_Defend","StSShapeShifter:ShapeShifter_Defend","StSShapeShifter:Lynx_Form+1","Intimidate","StSShapeShifter:VileMushroom+1","StSShapeShifter:SpiritOfTheEarth+1","StSShapeShifter:Rest","StSShapeShifter:Sapling+1","StSShapeShifter:BulwarkOfDiscovery","StSShapeShifter:Summon_Mountains+1","StSShapeShifter:RockSlide+1","StSShapeShifter:TopazSkin+1","StSShapeShifter:BurrBomb+1","StSShapeShifter:Evolution+1","StSShapeShifter:TopazSkin","StSShapeShifter:EmbraceTheCycle+1","StSShapeShifter:Vengeance","StSShapeShifter:RockSlide","StSShapeShifter:Sapling+1","StSShapeShifter:FesteringBite+1","StSShapeShifter:Ensconce"],"relics":["StSShapeShifter:TheShapeShiftersMagnolia","EVO:Axolotl","REME_ComplimentaryCards","StSpp:Magatama","Eternal Feather","REME_ArchaeologicalTools","Ancient Tea Set","Sozu","Bottled Lightning","Happy Flower","Mango","StSpp:SailorCap","Philosopher\u0027s Stone","Incense Burner","StSpp:XCola"],"acts_visited":["Exordium","TheCity","TheBeyond"],"potions_floor_usage":[33,35],"damage_taken":[{"damage":2,"enemies":"Small Slimes","floor":1,"turns":4},{"damage":0,"enemies":"ats:Genji","floor":3,"turns":4},{"damage":0,"enemies":"Cultist","floor":5,"turns":3},{"damage":4,"enemies":"Gremlin Gang","floor":7,"turns":7},{"damage":20,"enemies":"3 Sentries","floor":10,"turns":10},{"damage":0,"enemies":"Exordium Wildlife","floor":11,"turns":3},{"damage":1,"enemies":"Red Slaver","floor":12,"turns":4},{"damage":0,"enemies":"Lagavulin","floor":14,"turns":7},{"damage":32,"enemies":"Hexaghost","floor":16,"turns":10},{"damage":0,"enemies":"Shell Parasite","floor":18,"turns":6},{"damage":5,"enemies":"3 Byrds","floor":19,"turns":5},{"damage":0,"enemies":"Snecko","floor":22,"turns":7},{"damage":12,"enemies":"Gremlin Leader","floor":24,"turns":11},{"damage":14,"enemies":"Cultist and Chosen","floor":28,"turns":10},{"damage":2,"enemies":"Centurion and Healer","floor":29,"turns":7},{"damage":13,"enemies":"3 Cultists","floor":31,"turns":6},{"damage":38,"enemies":"Collector","floor":33,"turns":11},{"damage":38,"enemies":"Orb Walker","floor":35,"turns":5},{"damage":12,"enemies":"Mind Bloom Boss Battle","floor":36,"turns":11},{"damage":0,"enemies":"3 Shapes","floor":38,"turns":6},{"damage":21,"enemies":"Writhing Mass","floor":39,"turns":8},{"damage":6,"enemies":"Nemesis","floor":40,"turns":8},{"damage":30,"enemies":"Jaw Worm Horde","floor":42,"turns":3}],"seed_played":"-5837848908918361823","potions_obtained":[{"floor":1,"key":"DistilledChaos"},{"floor":3,"key":"EntropicBrew"},{"floor":12,"key":"SteroidPotion"}],"is_trial":false,"path_per_floor":["M","?","M","?","M","R","M","R","T","E","M","M","R","E","R","B",null,"M","M","$","?","M","R","E","R","T","R","M","M","R","M","R","B",null,"M","?","?","M","M","E","R","M"],"character_chosen":"SHAPESHIFTER","items_purchased":["Bottled Lightning","Happy Flower"],"campfire_rested":0,"item_purchase_floors":[20,20],"current_hp_per_floor":[76,69,69,69,69,69,65,65,65,45,45,44,53,53,65,33,78,78,73,73,73,73,78,80,92,92,92,78,76,88,75,87,49,92,54,42,42,42,21,15,30,0,0],"gold":513,"neow_bonus":"BOSS_RELIC","is_daily":false,"chose_seed":false,"campfire_upgraded":10,"win_rate":0.0,"timestamp":1613960302,"path_taken":["M","?","M","?","M","R","M","R","T","E","?","?","R","E","R","BOSS","M","M","$","?","M","R","E","R","T","R","M","?","R","M","R","BOSS","M","?","?","M","M","E","R","M"],"items_purchased_type":["Relic","Relic"],"build_version":"2020-12-22","purchased_purges":0,"victory":false,"max_hp_per_floor":[78,78,78,78,78,78,78,78,78,78,78,78,78,78,78,78,78,78,78,78,78,78,78,92,92,92,92,92,92,92,92,92,92,92,92,92,92,92,92,92,92,92,92],"relic_stats":{"Sozu":8,"Happy Flower":[31],"counters":[23,156],"Eternal Feather":77,"obtain_stats":[{"StSShapeShifter:TheShapeShiftersMagnolia":0,"StSpp:Magatama":0,"StSpp:SailorCap":26,"StSShapeShifter:AnimalHeart":0,"Happy Flower":20,"Eternal Feather":9,"Mango":24,"Incense Burner":36,"EVO:Axolotl":0,"Ancient Tea Set":14,"Sozu":17,"Philosopher\u0027s Stone":34,"REME_ArchaeologicalTools":10,"Bottled Lightning":20,"StSpp:XCola":40,"REME_ComplimentaryCards":0},{"StSShapeShifter:TheShapeShiftersMagnolia":0,"StSpp:Magatama":0,"StSpp:SailorCap":13,"StSShapeShifter:AnimalHeart":0,"Happy Flower":11,"Eternal Feather":4,"Mango":13,"Incense Burner":19,"EVO:Axolotl":0,"Ancient Tea Set":8,"Sozu":9,"Philosopher\u0027s Stone":17,"REME_ArchaeologicalTools":5,"Bottled Lightning":11,"StSpp:XCola":22,"REME_ComplimentaryCards":0},{"StSShapeShifter:TheShapeShiftersMagnolia":0,"StSpp:Magatama":0,"StSpp:SailorCap":81,"StSShapeShifter:AnimalHeart":0,"Happy Flower":63,"Eternal Feather":18,"Mango":81,"Incense Burner":131,"EVO:Axolotl":0,"Ancient Tea Set":42,"Sozu":52,"Philosopher\u0027s Stone":115,"REME_ArchaeologicalTools":28,"Bottled Lightning":63,"StSpp:XCola":153,"REME_ComplimentaryCards":0}]},"card_choices":[{"not_picked":["StSShapeShifter:VineHandcuffs","StSShapeShifter:DiverseSpirit"],"picked":"StSShapeShifter:VileMushroom","floor":1},{"not_picked":["StSShapeShifter:FallingLeaves","StSShapeShifter:AdaptiveStrikes"],"picked":"StSShapeShifter:SpiritOfTheEarth","floor":3},{"not_picked":["StSShapeShifter:SquirrelForm","StSShapeShifter:ShiftingStrike"],"picked":"StSShapeShifter:Rest","floor":5},{"not_picked":["StSShapeShifter:AdaptiveStrikes","StSShapeShifter:DeerForm"],"picked":"StSShapeShifter:Sapling","floor":7},{"not_picked":["StSShapeShifter:BurstingSpore","StSShapeShifter:Maul"],"picked":"StSShapeShifter:BulwarkOfDiscovery","floor":10},{"not_picked":["StSShapeShifter:BladeOfGrass","StSShapeShifter:BloomingSlash"],"picked":"StSShapeShifter:Summon_Mountains","floor":11},{"not_picked":["StSShapeShifter:Garden","StSShapeShifter:PorcupineForm"],"picked":"StSShapeShifter:RockSlide","floor":12},{"not_picked":["StSShapeShifter:FoxForm","StSShapeShifter:FesteringBite"],"picked":"StSShapeShifter:TopazSkin","floor":14},{"not_picked":["StSShapeShifter:RhinoCalfForm","StSShapeShifter:BurstOfLifeEscapeDeath"],"picked":"StSShapeShifter:BurrBomb","floor":16},{"not_picked":["StSShapeShifter:ThornToss","StSShapeShifter:OwlForm+1"],"picked":"StSShapeShifter:Evolution","floor":18},{"not_picked":["StSShapeShifter:BurstingSpore","StSShapeShifter:DeerForm+1"],"picked":"StSShapeShifter:TopazSkin","floor":19},{"not_picked":["StSShapeShifter:BulwarkOfDiscovery","StSShapeShifter:BarkSkin","StSShapeShifter:Rest"],"picked":"SKIP","floor":22},{"not_picked":["StSShapeShifter:SquirrelForm","StSShapeShifter:PorcupineForm","StSShapeShifter:Guard"],"picked":"SKIP","floor":24},{"not_picked":["StSShapeShifter:Guard+1","StSShapeShifter:OwlForm","StSShapeShifter:AdaptiveStrikes"],"picked":"SKIP","floor":28},{"not_picked":["StSShapeShifter:FlowerShield","StSShapeShifter:FesteringBite"],"picked":"StSShapeShifter:EmbraceTheCycle","floor":29},{"not_picked":["StSShapeShifter:FallingLeaves","StSShapeShifter:HippoForm+1","StSShapeShifter:AdaptiveStrikes"],"picked":"SKIP","floor":31},{"not_picked":["StSShapeShifter:PowerShifter","StSShapeShifter:PhoenixForm"],"picked":"StSShapeShifter:Vengeance","floor":33},{"not_picked":["StSShapeShifter:BearForm","StSShapeShifter:BulwarkOfDiscovery+1"],"picked":"StSShapeShifter:RockSlide","floor":35},{"not_picked":["StSShapeShifter:ShiftingStrike","StSShapeShifter:DeerForm"],"picked":"StSShapeShifter:Sapling","floor":36},{"not_picked":["StSShapeShifter:Garden+1","StSShapeShifter:FlowerShield","StSShapeShifter:BladeOfGrass"],"picked":"SKIP","floor":38},{"not_picked":["StSShapeShifter:RockSlide+1","StSShapeShifter:Guard"],"picked":"StSShapeShifter:FesteringBite+1","floor":39},{"not_picked":["StSShapeShifter:MonkeyForm","StSShapeShifter:Uproot_Redwood"],"picked":"StSShapeShifter:Ensconce","floor":40}],"player_experience":163351,"relics_obtained":[{"floor":9,"key":"Eternal Feather"},{"floor":10,"key":"REME_ArchaeologicalTools"},{"floor":14,"key":"Ancient Tea Set"},{"floor":24,"key":"Mango"},{"floor":26,"key":"StSpp:SailorCap"},{"floor":36,"key":"Incense Burner"},{"floor":40,"key":"StSpp:XCola"}],"event_choices":[{"cards_removed":["StSShapeShifter:ShiftingStrike"],"damage_healed":0,"gold_gain":0,"player_choice":"Card Removal","damage_taken":7,"max_hp_gain":0,"max_hp_loss":0,"event_name":"Golden Wing","floor":2,"gold_loss":0},{"damage_healed":0,"gold_gain":0,"player_choice":"Forge","damage_taken":0,"max_hp_gain":0,"max_hp_loss":0,"event_name":"Accursed Blacksmith","floor":4,"gold_loss":0,"cards_upgraded":["StSShapeShifter:VileMushroom"]},{"damage_healed":0,"gold_gain":100,"player_choice":"Bet on Murderer","damage_taken":0,"max_hp_gain":0,"max_hp_loss":0,"event_name":"The Joust","floor":21,"gold_loss":50},{"damage_healed":0,"gold_gain":0,"player_choice":"Fight","damage_taken":0,"max_hp_gain":0,"max_hp_loss":0,"event_name":"MindBloom","floor":36,"gold_loss":0}],"is_beta":false,"boss_relics":[{"not_picked":["Busted Crown","Ectoplasm"],"picked":"Sozu"},{"not_picked":["SacredBark","REME_DemonsWealth"],"picked":"Philosopher\u0027s Stone"}],"items_purged_floors":[],"is_endless":false,"potions_floor_spawned":[1,3,12,14,18,24,33,38,40],"killed_by":"Jaw Worm Horde","ascension_level":0}}