{"host":"id23shmscryl4psl","time":1613999838,"event":{"mods":["BaseMod","Better Altar","Better Match","Better Note","Better Sensory Stone","Better Skull","Better Third Choice","Colored Map","Colored Powertips","Dark Map","FTL Soundtrack","HololiveMod","Minty Spire (QoL Compilation)","Rare Cards Sparkle","Relic Stats","Robot Space Explorer","StSLib","The Alterego"],"gold_per_floor":[116,131,142,160,160,160,194,194,218,218,228,263,263,19,19,19,19],"floor_reached":16,"language":"ENG","playtime":785,"items_purged":[],"score":121,"play_id":"30ac06ba-1b7f-4444-9fa6-433a938877af","local_time":"20210222061718","is_ascension_mode":true,"campfire_choices":[{"data":"alterego_mod:BigMeatyClaws","floor":6,"key":"SMITH"},{"data":"alterego_mod:Rip","floor":8,"key":"SMITH"},{"data":"alterego_mod:Impale","floor":10,"key":"SMITH"},{"data":"alterego_mod:Rip","floor":13,"key":"SMITH"},{"floor":15,"key":"RECALL"}],"circlet_count":0,"master_deck":["alterego_mod:Strike","alterego_mod:Strike","alterego_mod:Strike","alterego_mod:Strike","alterego_mod:Defend","alterego_mod:Defend","alterego_mod:Defend","alterego_mod:Defend","alterego_mod:Impale+1","alterego_mod:BigMeatyClaws+1","alterego_mod:BrynhildrsRune","alterego_mod:Skirt","alterego_mod:Pet","alterego_mod:Mirror","alterego_mod:MagicResistance","alterego_mod:Rip+1","alterego_mod:Rip+1","alterego_mod:DeftHands"],"relics":["alterego_mod:MasochisticConstitution","Tiny Chest","Smiling Mask","Omamori","Mercury Hourglass"],"acts_visited":["Exordium"],"potions_floor_usage":[4,7,16,16],"damage_taken":[{"damage":10,"enemies":"Small Slimes","floor":1,"turns":6},{"damage":6,"enemies":"2 Louse","floor":2,"turns":6},{"damage":7,"enemies":"Jaw Worm","floor":3,"turns":10},{"damage":20,"enemies":"Gremlin Gang","floor":4,"turns":5},{"damage":24,"enemies":"Gremlin Nob","floor":7,"turns":4},{"damage":0,"enemies":"Exordium Wildlife","floor":11,"turns":2},{"damage":43,"enemies":"3 Sentries","floor":12,"turns":6},{"damage":17,"enemies":"The Guardian","floor":16,"turns":7}],"seed_played":"-3749958638672200621","potions_obtained":[{"floor":2,"key":"AttackPotion"},{"floor":3,"key":"Strength Potion"},{"floor":7,"key":"EssenceOfSteel"},{"floor":11,"key":"FearPotion"}],"is_trial":false,"path_per_floor":["M","M","M","M","?","R","E","R","T","R","M","E","R","$","R","B"],"character_chosen":"The_Alterego","items_purchased":["Mercury Hourglass"],"campfire_rested":0,"item_purchase_floors":[14],"current_hp_per_floor":[75,79,80,75,75,75,52,52,52,52,52,17,17,17,17,0,0],"gold":19,"neow_bonus":"TEN_PERCENT_HP_BONUS","is_daily":false,"chose_seed":false,"campfire_upgraded":4,"win_rate":0.0,"timestamp":1613999838,"path_taken":["M","M","M","M","?","R","E","R","T","R","M","E","R","$","R","BOSS"],"items_purchased_type":["Relic"],"build_version":"2020-12-22","purchased_purges":0,"victory":false,"max_hp_per_floor":[78,79,80,80,80,80,81,81,81,81,81,82,82,82,82,82,82],"relic_stats":{"counters":[8,46],"Tiny Chest":0,"Smiling Mask":0,"obtain_stats":[{"alterego_mod:MasochisticConstitution":0,"Tiny Chest":7,"Omamori":12,"Smiling Mask":9,"Mercury Hourglass":14},{"alterego_mod:MasochisticConstitution":0,"Tiny Chest":5,"Omamori":7,"Smiling Mask":5,"Mercury Hourglass":7},{"alterego_mod:MasochisticConstitution":0,"Tiny Chest":31,"Omamori":39,"Smiling Mask":31,"Mercury Hourglass":39}],"Mercury Hourglass":[18]},"card_choices":[{"not_picked":["alterego_mod:Cycle","alterego_mod:SakuraPetals"],"picked":"alterego_mod:Skirt","floor":1},{"not_picked":["alterego_mod:Valentines","alterego_mod:Bloomers"],"picked":"alterego_mod:Pet","floor":2},{"not_picked":["alterego_mod:Swimsuit","alterego_mod:PresenceConcealment"],"picked":"alterego_mod:Mirror","floor":3},{"not_picked":["alterego_mod:Collar","alterego_mod:BreastValley"],"picked":"alterego_mod:MagicResistance","floor":4},{"not_picked":["alterego_mod:BreastValley","alterego_mod:Collar"],"picked":"alterego_mod:Rip","floor":7},{"not_picked":["alterego_mod:Complex","alterego_mod:Clap"],"picked":"alterego_mod:Rip","floor":11},{"not_picked":["alterego_mod:MagicResistance","alterego_mod:BrynhildrRomantia"],"picked":"alterego_mod:DeftHands","floor":12}],"player_experience":196897,"relics_obtained":[{"floor":7,"key":"Tiny Chest"},{"floor":9,"key":"Smiling Mask"},{"floor":12,"key":"Omamori"}],"event_choices":[{"damage_healed":0,"gold_gain":0,"player_choice":"Leave","damage_taken":0,"max_hp_gain":0,"max_hp_loss":0,"event_name":"The Cleric","floor":5,"gold_loss":0}],"is_beta":false,"boss_relics":[],"items_purged_floors":[],"is_endless":false,"potions_floor_spawned":[2,3,7,11],"killed_by":"The Guardian","ascension_level":2}}