{"host":"tbtdmxsmbcrp6qvt","time":1613974413,"event":{"mods":["BaseMod","Dota2Spire","Minty Spire (QoL Compilation)","Quick Restart","Replay The Spire","StSLib","The Servant 0.9.4"],"gold_per_floor":[116,66,29,40,40,59,59,59,59,59,59,94,94,124,124,219,219,232,242,6,16,16,44,63,63,63,163,163,163,180,212,212,212,212],"floor_reached":33,"language":"ZHS","playtime":1499,"items_purged":[],"score":393,"play_id":"d79efc73-a087-4658-8e33-8ade8a4499f0","local_time":"20210222141333","is_ascension_mode":true,"campfire_choices":[{"data":"ReplayTheSpireMod:Strike From Hell","floor":7,"key":"SMITH"},{"data":"Feel No Pain","floor":10,"key":"SMITH"},{"floor":15,"key":"REST"},{"floor":25,"key":"RECALL"},{"floor":29,"key":"DIG"},{"data":"ReplayTheSpireMod:Uncanny Aura","floor":32,"key":"SMITH"}],"circlet_count":0,"master_deck":["Strike_R+1","Defend_R","Bash+1","Defy Death","Seeing Red","Feel No Pain+1","ReplayTheSpireMod:Muscle Training","Voices","ReplayTheSpireMod:Strike From Hell+1","Fiend Fire","ReplayTheSpireMod:Faulty Equipment","Clumsy","ReplayTheSpireMod:Uncanny Aura+1","Hemogenesis","Evolve"],"relics":["Burning Blood","Ring of Searing","Ring of Misfortune","ReplayTheSpireMod:TigerMarble","Mercury Hourglass","Gremlin Food","Kintsugi","Blood Vial","Ancient Tea Set","Replay:Multitool","Paper Frog","Dota2Spire:MantaStyle","Red Mask"],"acts_visited":["Exordium","TheCity"],"potions_floor_usage":[16,18,18,27,27],"damage_taken":[{"damage":2,"enemies":"2 Louse","floor":1,"turns":3},{"damage":0,"enemies":"Small Slimes","floor":4,"turns":3},{"damage":12,"enemies":"Jaw Worm","floor":6,"turns":3},{"damage":38,"enemies":"Gremlin Nob","floor":12,"turns":6},{"damage":31,"enemies":"Lagavulin","floor":14,"turns":4},{"damage":11,"enemies":"The Guardian","floor":16,"turns":9},{"damage":7,"enemies":"Chosen","floor":18,"turns":2},{"damage":18,"enemies":"Spheric Guardian","floor":19,"turns":4},{"damage":1,"enemies":"3 Cultists","floor":21,"turns":5},{"damage":59,"enemies":"Book of Stabbing","floor":23,"turns":6},{"damage":5,"enemies":"Snecko","floor":24,"turns":5},{"damage":11,"enemies":"Colosseum Slavers","floor":27,"turns":5},{"damage":5,"enemies":"Colosseum Nobs","floor":27,"turns":4},{"damage":0,"enemies":"Snake Plant","floor":30,"turns":3},{"damage":9,"enemies":"Masked Bandits","floor":31,"turns":5},{"damage":63,"enemies":"Collector","floor":33,"turns":5}],"seed_played":"-7922308920302807007","potions_obtained":[{"floor":1,"key":"ColorlessPotion"},{"floor":14,"key":"SkillPotion"},{"floor":16,"key":"FearPotion"},{"floor":18,"key":"Explosive Potion"},{"floor":23,"key":"Toxic Potion"},{"floor":30,"key":"SteroidPotion"}],"is_trial":false,"path_per_floor":["M","?","$","M","?","M","R","$","T","R","?","E","?","E","R","B",null,"M","M","$","M","$","E","M","R","T","?","?","R","M","?","R","B"],"character_chosen":"IRONCLAD","items_purchased":["Feel No Pain","ReplayTheSpireMod:Uncanny Aura","Blood Vial"],"campfire_rested":1,"item_purchase_floors":[3,20,20],"current_hp_per_floor":[76,76,76,80,80,74,74,74,74,74,74,42,42,17,41,36,69,68,56,56,63,63,12,27,27,27,32,32,32,45,49,49,0,0],"gold":212,"neow_bonus":"TRANSFORM_CARD","is_daily":false,"chose_seed":false,"campfire_upgraded":3,"win_rate":0.0,"timestamp":1613974413,"path_taken":["M","?","$","M","?","M","R","$","T","R","?","E","?","E","R","BOSS","M","M","$","M","$","E","M","R","T","?","?","R","M","?","R","BOSS"],"items_purchased_type":["Card","Card","Relic"],"build_version":"2020-12-22","purchased_purges":0,"victory":false,"max_hp_per_floor":[80,80,80,80,80,80,80,80,80,80,80,80,80,80,80,80,80,80,80,80,80,80,80,80,80,80,80,80,80,80,80,80,80,80],"card_choices":[{"not_picked":["Spot Weakness","Iron Wave"],"picked":"Seeing Red","floor":1},{"not_picked":["Entrench","Anger"],"picked":"ReplayTheSpireMod:Muscle Training","floor":4},{"not_picked":["Clash","Wild Strike"],"picked":"ReplayTheSpireMod:Strike From Hell","floor":6},{"not_picked":["ReplayTheSpireMod:Strike From Hell","Shrug It Off","Power Through"],"picked":"SKIP","floor":12},{"not_picked":["Double Tap","Anger","Replay:Undeath\u0027s Touch"],"picked":"SKIP","floor":14},{"not_picked":["Hemogenesis","Impervious"],"picked":"Fiend Fire","floor":16},{"not_picked":["Replay:Undeath\u0027s Touch","Power Through","Cleave"],"picked":"SKIP","floor":18},{"not_picked":["Shockwave","Life Link+1","Run Through"],"picked":"SKIP","floor":19},{"not_picked":["Anger+1","Pommel Strike+1","Iron Wave"],"picked":"SKIP","floor":21},{"not_picked":["True Grit","ReplayTheSpireMod:Strike From Hell"],"picked":"Hemogenesis","floor":23},{"not_picked":["Twin Strike+1","ReplayTheSpireMod:Strike From Hell","Disarm"],"picked":"SKIP","floor":24},{"not_picked":["Sword Boomerang","Shrug It Off"],"picked":"Evolve","floor":30}],"player_experience":473829,"relics_obtained":[{"floor":5,"key":"Ring of Searing"},{"floor":5,"key":"Ring of Misfortune"},{"floor":9,"key":"ReplayTheSpireMod:TigerMarble"},{"floor":12,"key":"Mercury Hourglass"},{"floor":14,"key":"Gremlin Food"},{"floor":23,"key":"Ancient Tea Set"},{"floor":27,"key":"Replay:Multitool"},{"floor":27,"key":"Paper Frog"},{"floor":29,"key":"Dota2Spire:MantaStyle"},{"floor":31,"key":"Red Mask"}],"event_choices":[{"cards_removed":["Strike_R"],"damage_healed":0,"gold_gain":0,"player_choice":"Card Removal","damage_taken":0,"max_hp_gain":0,"max_hp_loss":0,"event_name":"The Cleric","floor":2,"gold_loss":50},{"damage_healed":0,"gold_gain":0,"player_choice":"Grow","damage_taken":0,"max_hp_gain":0,"max_hp_loss":0,"event_name":"Living Wall","floor":11,"gold_loss":0,"cards_upgraded":["Bash"]},{"damage_healed":0,"gold_gain":0,"player_choice":"Ignored","damage_taken":0,"max_hp_gain":0,"max_hp_loss":0,"event_name":"Liars Game","floor":13,"gold_loss":0},{"damage_healed":0,"gold_gain":0,"player_choice":"Fight","damage_taken":0,"max_hp_gain":0,"max_hp_loss":0,"event_name":"Colosseum","floor":27,"gold_loss":0},{"damage_healed":0,"gold_gain":0,"player_choice":"Fought Nobs","damage_taken":0,"max_hp_gain":0,"max_hp_loss":0,"event_name":"Colosseum","floor":27,"gold_loss":0},{"damage_healed":0,"gold_gain":0,"player_choice":"Ignored","damage_taken":0,"max_hp_gain":0,"max_hp_loss":0,"event_name":"The Mausoleum","floor":28,"gold_loss":0},{"damage_healed":0,"gold_gain":0,"player_choice":"Fought Bandits","damage_taken":0,"max_hp_gain":0,"max_hp_loss":0,"event_name":"Masked Bandits","floor":31,"gold_loss":0}],"is_beta":false,"boss_relics":[{"not_picked":["Replay:Wanted Poster","Replay:Grab Bag"],"picked":"Kintsugi"}],"items_purged_floors":[],"is_endless":false,"potions_floor_spawned":[1,14,16,18,23,30],"killed_by":"Collector","ascension_level":9}}