{"host":"fuszjwm6fqgjjp4d","time":1613968638,"event":{"mods":["BaseMod","Colored Map","Minty Spire (QoL Compilation)","Permanent Neow","Relic Sorter","Relic Stats","StSLib"],"gold_per_floor":[111,122,138,138,63,95,95,122,193,225,225,240,254,21,21,93,93,108,127,147,167,183,183,208,208,232,257,273,10,45,45,45,45,45],"floor_reached":33,"language":"ENG","playtime":652,"items_purged":["Defend_R","Defend_R+1"],"score":854,"play_id":"9bdc15a7-8687-4b22-8055-88d15f600a96","local_time":"20210221223718","is_ascension_mode":true,"campfire_choices":[{"data":"Perfected Strike","floor":7,"key":"SMITH"},{"data":"Inflame","floor":15,"key":"SMITH"},{"data":"Perfected Strike","floor":23,"key":"SMITH"},{"data":"Offering","floor":25,"key":"SMITH"},{"data":"Flex","floor":32,"key":"SMITH"}],"circlet_count":0,"master_deck":["AscendersBane","Strike_R","Strike_R","Strike_R","Strike_R","Bash","Clash+1","Pommel Strike","Headbutt","Perfected Strike+1","Inflame+1","Shrug It Off","Wild Strike","Offering+1","Twin Strike","Metallicize","Flex+1","Perfected Strike+1","Warcry+1","Twin Strike","Pommel Strike"],"relics":["Empty Cage","Lizard Tail","Anchor","StrikeDummy","Meat on the Bone","Sling","Runic Dome","War Paint","Omamori","Vajra","Lantern","White Beast Statue","Toy Ornithopter"],"acts_visited":["Exordium","TheCity"],"potions_floor_usage":[8,20,21,30,33,33],"damage_taken":[{"damage":16,"enemies":"Small Slimes","floor":1,"turns":3},{"damage":1,"enemies":"2 Louse","floor":2,"turns":3},{"damage":4,"enemies":"Jaw Worm","floor":3,"turns":3},{"damage":45,"enemies":"3 Sentries","floor":6,"turns":10},{"damage":0,"enemies":"Gremlin Nob","floor":8,"turns":2},{"damage":15,"enemies":"Lagavulin","floor":10,"turns":4},{"damage":0,"enemies":"Red Slaver","floor":12,"turns":2},{"damage":0,"enemies":"2 Fungi Beasts","floor":13,"turns":3},{"damage":0,"enemies":"Slime Boss","floor":16,"turns":5},{"damage":6,"enemies":"Spheric Guardian","floor":18,"turns":1},{"damage":6,"enemies":"Chosen","floor":19,"turns":2},{"damage":12,"enemies":"Snake Plant","floor":20,"turns":2},{"damage":12,"enemies":"3 Cultists","floor":21,"turns":4},{"damage":19,"enemies":"Centurion and Healer","floor":22,"turns":2},{"damage":2,"enemies":"Gremlin Leader","floor":24,"turns":4},{"damage":17,"enemies":"Book of Stabbing","floor":27,"turns":3},{"damage":9,"enemies":"Snake Plant","floor":28,"turns":2},{"damage":6,"enemies":"Gremlin Leader","floor":30,"turns":3},{"damage":59,"enemies":"Automaton","floor":33,"turns":4}],"seed_played":"-2715598428897945138","potions_obtained":[{"floor":2,"key":"BlessingOfTheForge"},{"floor":8,"key":"Dexterity Potion"},{"floor":10,"key":"SpeedPotion"},{"floor":12,"key":"BloodPotion"},{"floor":20,"key":"Weak Potion"},{"floor":24,"key":"Block Potion"},{"floor":27,"key":"Explosive Potion"},{"floor":30,"key":"AttackPotion"}],"is_trial":false,"path_per_floor":["M","M","M","?","?","E","R","E","T","E","?","M","M","$","R","B",null,"M","M","M","M","M","R","E","R","T","E","M","$","E","?","R","B"],"character_chosen":"IRONCLAD","items_purchased":["Sling","Lantern"],"campfire_rested":0,"item_purchase_floors":[14,29],"current_hp_per_floor":[52,51,47,47,47,2,2,2,2,37,26,38,38,38,38,38,66,60,54,57,45,38,38,48,48,48,43,46,46,40,40,40,0,0],"gold":45,"neow_bonus":"BOSS_RELIC","is_daily":false,"chose_seed":false,"campfire_upgraded":5,"win_rate":0.0,"timestamp":1613968638,"path_taken":["M","M","M","?","?","E","R","E","T","E","?","M","M","$","R","BOSS","M","M","M","M","M","R","E","R","T","E","M","$","E","?","R","BOSS"],"items_purchased_type":["Relic","Relic"],"build_version":"2020-12-22","purchased_purges":2,"victory":false,"max_hp_per_floor":[75,75,75,75,75,75,75,75,75,75,75,75,75,75,75,75,75,75,75,75,75,75,75,75,75,75,75,75,75,75,75,75,75,75],"relic_stats":{"Lizard Tail":37,"counters":[19,62],"War Paint":["Defend_R","Warcry"],"obtain_stats":[{"Lantern":29,"Vajra":27,"Omamori":26,"War Paint":24,"Empty Cage":0,"Sling":14,"Burning Blood":0,"White Beast Statue":30,"Runic Dome":17,"Lizard Tail":6,"Anchor":8,"StrikeDummy":9,"Toy Ornithopter":31,"Meat on the Bone":10},{"Lantern":17,"Vajra":16,"Omamori":15,"War Paint":15,"Empty Cage":0,"Sling":8,"Burning Blood":0,"White Beast Statue":18,"Runic Dome":9,"Lizard Tail":4,"Anchor":5,"StrikeDummy":5,"Toy Ornithopter":18,"Meat on the Bone":6},{"Lantern":55,"Vajra":53,"Omamori":50,"War Paint":50,"Empty Cage":0,"Sling":30,"Burning Blood":0,"White Beast Statue":58,"Runic Dome":35,"Lizard Tail":19,"Anchor":21,"StrikeDummy":21,"Toy Ornithopter":58,"Meat on the Bone":25}],"Toy Ornithopter":10,"Meat on the Bone":60},"card_choices":[{"not_picked":["Warcry","Combust"],"picked":"Clash","floor":1},{"not_picked":["Shrug It Off","Blood for Blood"],"picked":"Pommel Strike","floor":2},{"not_picked":["Sword Boomerang","Armaments"],"picked":"Headbutt","floor":3},{"not_picked":["Shrug It Off","Ghostly Armor"],"picked":"Perfected Strike","floor":6},{"not_picked":["Flame Barrier","Shrug It Off"],"picked":"Inflame","floor":8},{"not_picked":["Heavy Blade","Uppercut"],"picked":"Shrug It Off","floor":10},{"not_picked":["Iron Wave","Searing Blow","Berserk"],"picked":"SKIP","floor":12},{"not_picked":["Warcry","Dual Wield"],"picked":"Wild Strike","floor":13},{"not_picked":["Exhume","Immolate"],"picked":"Offering","floor":16},{"not_picked":["Clothesline+1","Power Through"],"picked":"Twin Strike","floor":18},{"not_picked":["Combust","Body Slam"],"picked":"Metallicize","floor":19},{"not_picked":["Combust","Anger"],"picked":"Flex","floor":20},{"not_picked":["Spot Weakness","Havoc"],"picked":"Perfected Strike","floor":21},{"not_picked":["Rage","Sentinel"],"picked":"Warcry","floor":22},{"not_picked":["Ghostly Armor","Shockwave"],"picked":"Twin Strike","floor":24},{"not_picked":["Ghostly Armor","Pummel","Body Slam"],"picked":"SKIP","floor":27},{"not_picked":["True Grit","Clash"],"picked":"Pommel Strike","floor":28},{"not_picked":["Anger","Dropkick","Havoc"],"picked":"SKIP","floor":30}],"player_experience":1511326,"relics_obtained":[{"floor":6,"key":"Lizard Tail"},{"floor":8,"key":"Anchor"},{"floor":9,"key":"StrikeDummy"},{"floor":10,"key":"Meat on the Bone"},{"floor":24,"key":"War Paint"},{"floor":26,"key":"Omamori"},{"floor":27,"key":"Vajra"},{"floor":30,"key":"White Beast Statue"}],"event_choices":[{"damage_healed":0,"gold_gain":0,"player_choice":"Grow","damage_taken":0,"max_hp_gain":0,"max_hp_loss":0,"event_name":"Living Wall","floor":4,"gold_loss":0,"cards_upgraded":["Clash"]},{"cards_removed":["Defend_R"],"damage_healed":0,"gold_gain":0,"player_choice":"Card Removal","damage_taken":0,"max_hp_gain":0,"max_hp_loss":0,"event_name":"The Cleric","floor":5,"gold_loss":75},{"damage_healed":0,"gold_gain":0,"player_choice":"Damaged","damage_taken":11,"max_hp_gain":0,"max_hp_loss":0,"event_name":"Wheel of Change","floor":11,"gold_loss":0},{"damage_healed":0,"gold_gain":0,"player_choice":"Stole Relic","damage_taken":0,"relics_obtained":["Toy Ornithopter"],"max_hp_gain":0,"max_hp_loss":0,"event_name":"Addict","floor":31,"gold_loss":0,"cards_obtained":["Shame"]}],"is_beta":false,"boss_relics":[{"not_picked":["Astrolabe","Runic Pyramid"],"picked":"Runic Dome"}],"items_purged_floors":[14,29],"is_endless":false,"potions_floor_spawned":[2,8,10,12,20,24,27,30],"killed_by":"Automaton","ascension_level":20}}