{"host":"uv5ws9rdk87e8i5k","time":1613969891,"event":{"mods":["AchievementEnabler","BaseMod","Colored Map","Minty Spire (QoL Compilation)","Permanent Neow","Quick Restart","StSLib","SuperFastMode","The Necromancer","The Saiyan"],"gold_per_floor":[116,131,144,244,261,261,290,290,335,365,365],"floor_reached":10,"language":"ENG","playtime":227,"items_purged":[],"score":101,"play_id":"cbb0e706-3a97-41c1-a768-60e69cf0f53c","local_time":"20210221225811","is_ascension_mode":true,"campfire_choices":[{"data":"Venomology","floor":6,"key":"SMITH"},{"data":"Venomology","floor":8,"key":"SMITH"}],"circlet_count":0,"master_deck":["Strike_G","Strike_G","Strike_G","Strike_G","Strike_G","Defend_G","Defend_G","Defend_G","Defend_G+1","Defend_G","Survivor","Neutralize","Venomology+1","Backflip+1","Tactician","Venomology+1","Dagger Throw","Choke","Crippling Poison"],"relics":["Ring of the Snake","Pantograph","Pen Nib","War Paint"],"acts_visited":["Exordium"],"potions_floor_usage":[5,7,7,10,10,10,10],"damage_taken":[{"damage":8,"enemies":"Jaw Worm","floor":1,"turns":9},{"damage":5,"enemies":"Cultist","floor":2,"turns":5},{"damage":0,"enemies":"2 Louse","floor":3,"turns":3},{"damage":3,"enemies":"Exordium Thugs","floor":5,"turns":6},{"damage":19,"enemies":"Gremlin Nob","floor":7,"turns":4},{"damage":11,"enemies":"Lagavulin","floor":10,"turns":5}],"seed_played":"6902707345919146781","potions_obtained":[{"floor":2,"key":"LiquidMemories"}],"is_trial":false,"path_per_floor":["M","M","M","?","M","R","E","R","T","E"],"character_chosen":"THE_SILENT","items_purchased":[],"campfire_rested":0,"item_purchase_floors":[],"current_hp_per_floor":[55,50,50,50,47,47,28,28,28,17,17],"gold":365,"neow_bonus":"ONE_RANDOM_RARE_CARD","is_daily":false,"chose_seed":false,"campfire_upgraded":2,"win_rate":0.0,"timestamp":1613969891,"path_taken":["M","M","M","?","M","R","E","R","T","E"],"items_purchased_type":[],"build_version":"2020-12-22","purchased_purges":0,"victory":false,"max_hp_per_floor":[70,70,70,70,70,70,70,70,70,70,70],"card_choices":[{"not_picked":["Dagger Throw","Masterful Stab"],"picked":"Backflip","floor":1},{"not_picked":["Bane","Terror"],"picked":"Tactician","floor":2},{"not_picked":["Backflip","Bane"],"picked":"Venomology","floor":3},{"not_picked":["Flechettes","Calculated Gamble"],"picked":"Dagger Throw","floor":5},{"not_picked":["Terror","Acrobatics"],"picked":"Choke","floor":7},{"not_picked":["Blade Dance","Choke"],"picked":"Crippling Poison","floor":10}],"player_experience":224932,"relics_obtained":[{"floor":7,"key":"Pantograph"},{"floor":9,"key":"Pen Nib"},{"floor":10,"key":"War Paint"}],"event_choices":[{"damage_healed":0,"gold_gain":100,"player_choice":"Pray","damage_taken":0,"max_hp_gain":0,"max_hp_loss":0,"event_name":"Golden Shrine","floor":4,"gold_loss":0}],"is_beta":false,"boss_relics":[],"items_purged_floors":[],"is_endless":false,"potions_floor_spawned":[2,5,7],"killed_by":"Lagavulin","ascension_level":6}}