{"host":"yecadp3kwkksam5a","time":1613995538,"event":{"mods":["BaseMod","Koishi","Minty Spire (QoL Compilation)","Replay The Spire","StSLib","SuperFastMode","The Cursed","The Gatherer","The Jungle"],"gold_per_floor":[18,36,36,36,48,82,5,30,100,129,129,129,164,177,177,249,249,267,285,297,166,179,179,205,205,205,205,205,255,283,299,312,338,338,412,412,431,162,182,57,77,77,102,102,102,128,139,168,181,193,193,193,193,193,43,69,69],"floor_reached":58,"language":"KOR","playtime":2303,"items_purged":["Defend_B","Defend_B","Defend_B","Zap"],"score":2032,"play_id":"4633f61a-23bb-46a0-a3b8-2f82841a74b0","local_time":"20210222210538","is_ascension_mode":true,"campfire_choices":[{"data":"Defragment","floor":11.0,"key":"SMITH"},{"data":"Fusion","floor":15.0,"key":"SMITH"},{"floor":23.0,"key":"RECALL"},{"data":"Dualcast","floor":25.0,"key":"SMITH"},{"data":"Barrage","floor":34,"key":"SMITH"},{"data":"Buffer","floor":42,"key":"SMITH"},{"data":"Seek","floor":44,"key":"SMITH"},{"data":"Seek","floor":51,"key":"SMITH"},{"data":"Barrage","floor":54,"key":"SMITH"}],"circlet_count":0,"master_deck":["AscendersBane","Dualcast+1","Electrodynamics","Reboot","Cold Snap","Sweeping Beam","Barrage+1","Seek+1","Defragment+1","Glacier","Fusion+1","Seek+1","Compile Driver","Ball Lightning","Multi-Cast+1","Redo+1","Barrage+1","Buffer+1","Turbo+1","Coolheaded+1","Electrodynamics+1","Go for the Eyes+1","Coolheaded+1"],"relics":["Cracked Core","Runic Capacitor","Runic Capacitor","Runic Capacitor","DataDisk","DataDisk","DataDisk","CaptainsWheel","ReplayTheSpireMod:Lightbulb","ReplayTheSpireMod:Shallot","MealTicket","Eternal Feather","Runic Pyramid","Toxic Egg 2","Thread and Needle","Matryoshka","Empty Cage","Replay:Baseball","Replay:WaspNest","Frozen Egg 2","HornCleat","Darkstone Periapt","Onion Ring","Replay:Ringing Soul"],"acts_visited":["Exordium","TheCity","TheBeyond","TheEnding"],"potions_floor_usage":[33],"damage_taken":[{"damage":3.0,"enemies":"Small Slimes","floor":1.0,"turns":2.0},{"damage":0.0,"enemies":"Cultist","floor":2.0,"turns":3.0},{"damage":2.0,"enemies":"Jaw Worm","floor":5.0,"turns":2.0},{"damage":10.0,"enemies":"3 Sentries","floor":6.0,"turns":3.0},{"damage":6.0,"enemies":"Gremlin Nob","floor":8.0,"turns":3.0},{"damage":0.0,"enemies":"Lagavulin","floor":10.0,"turns":4.0},{"damage":1.0,"enemies":"3 Sentries","floor":13.0,"turns":3.0},{"damage":0.0,"enemies":"Blue Slaver","floor":14.0,"turns":3.0},{"damage":0.0,"enemies":"Slime Boss","floor":16.0,"turns":5.0},{"damage":0.0,"enemies":"2 Thieves","floor":18.0,"turns":3.0},{"damage":0.0,"enemies":"Shell Parasite","floor":19.0,"turns":4.0},{"damage":0.0,"enemies":"Chosen and Byrds","floor":20.0,"turns":3.0},{"damage":0.0,"enemies":"3 Cultists","floor":22.0,"turns":2.0},{"damage":26.0,"enemies":"Slavers","floor":24.0,"turns":3.0},{"damage":30.0,"enemies":"Gremlin Leader","floor":30.0,"turns":5.0},{"damage":0.0,"enemies":"Snake Plant","floor":31.0,"turns":3.0},{"damage":2.0,"enemies":"Centurion and Healer","floor":32.0,"turns":4.0},{"damage":0,"enemies":"Slavers","floor":33,"turns":3},{"damage":1,"enemies":"Collector","floor":35,"turns":6},{"damage":11,"enemies":"3 Darklings","floor":37,"turns":3},{"damage":0,"enemies":"3 Shapes","floor":39,"turns":2},{"damage":7,"enemies":"Writhing Mass","floor":41,"turns":6},{"damage":0,"enemies":"Giant Head","floor":43,"turns":5},{"damage":42,"enemies":"R_Hoarder","floor":46,"turns":6},{"damage":0,"enemies":"Jaw Worm Horde","floor":47,"turns":2},{"damage":0,"enemies":"Nemesis","floor":48,"turns":5},{"damage":0,"enemies":"Transient","floor":49,"turns":5},{"damage":15,"enemies":"4 Shapes","floor":50,"turns":2},{"damage":18,"enemies":"Replay:Hell Engine","floor":52,"turns":10},{"damage":25,"enemies":"Shield and Spear","floor":56,"turns":3},{"damage":29,"enemies":"The Heart","floor":57,"turns":6}],"seed_played":"-1282286394975763271","potions_obtained":[{"floor":1.0,"key":"SteroidPotion"},{"floor":4.0,"key":"Dexterity Potion"},{"floor":18.0,"key":"DuplicationPotion"},{"floor":33,"key":"Weak Potion"}],"is_trial":false,"path_per_floor":["M","M","?","?","M","E","$","E","T","E","R","?","E","M","R","B",null,"M","M","M","$","M","R","E","R","PTL","PTL","T","?","E","M","M","E","R","B",null,"M","$","M","$","M","R","E","R","T","E","M","E","M","M","R","B",null,"R","$","E","B",null],"character_chosen":"DEFECT","items_purchased":["Seek","Compile Driver","Replay:Baseball"],"campfire_rested":0,"item_purchase_floors":[7,21,38],"current_hp_per_floor":[61,61,61,61,59,49,49,43,43,43,43,48,47,47,56,56,71,71,71,71,76,76,76,50,59,59,59,59,59,29,29,27,27,39,38,67,56,71,71,76,69,76,76,76,76,34,34,34,34,19,31,13,60,72,76,54,25],"gold":69,"neow_bonus":"TRANSFORM_TWO_CARDS","is_daily":false,"chose_seed":false,"campfire_upgraded":8,"win_rate":0.0,"timestamp":1613995538,"path_taken":["M","M","?","?","?","E","?","E","T","E","R","?","E","M","R","BOSS","M","M","M","$","M","R","E","R","PTL","PTL","T","?","E","M","M","E","R","BOSS","M","$","M","?","M","R","E","R","T","E","M","E","M","?","R","BOSS","R","$","E","BOSS"],"items_purchased_type":["Card","Card","Relic"],"build_version":"2020-12-22","purchased_purges":4,"victory":true,"max_hp_per_floor":[71,71,71,71,71,71,71,71,71,71,71,76,76,76,76,76,76,76,76,76,76,76,76,76,76,76,76,76,76,76,76,76,76,76,76,76,76,76,76,76,76,76,76,76,76,76,76,76,76,76,76,76,76,76,76,79,79],"card_choices":[{"not_picked":["Undo","Gash"],"picked":"Cold Snap","floor":1.0},{"not_picked":["Conserve Battery","Beam Cell"],"picked":"Sweeping Beam","floor":2.0},{"not_picked":["Hello World","Redo","Rebound"],"picked":"SKIP","floor":5.0},{"not_picked":["BasicCrystalCard","Heatsinks"],"picked":"Barrage","floor":6.0},{"not_picked":["Gash","Streamline","Stack"],"picked":"SKIP","floor":8.0},{"not_picked":["Heatsinks","Double Energy"],"picked":"Defragment","floor":10.0},{"not_picked":["Tempest","Gash"],"picked":"Glacier","floor":13.0},{"not_picked":["ReplayTheSpireMod:Repulse","Compile Driver"],"picked":"Fusion","floor":14.0},{"not_picked":["Buffer","Biased Cognition"],"picked":"Seek","floor":16.0},{"not_picked":["Sweeping Beam","Leap","ReplayTheSpireMod:GoodbyeWorld"],"picked":"SKIP","floor":18.0},{"not_picked":["Sweeping Beam","Leap","ReplayTheSpireMod:GoodbyeWorld"],"picked":"SKIP","floor":18.0},{"not_picked":["Go for the Eyes","Cold Snap","Rebound"],"picked":"SKIP","floor":19.0},{"not_picked":["Stack","Aggregate","Panic Button"],"picked":"SKIP","floor":20.0},{"not_picked":["BootSequence+1","Turbo"],"picked":"Ball Lightning","floor":22.0},{"not_picked":["Streamline","Aggregate+1","Compile Driver"],"picked":"SKIP","floor":24.0},{"not_picked":["Sunder+1","Hello World"],"picked":"Multi-Cast+1","floor":30.0},{"not_picked":["Stack+1","Steam+1","Static Discharge"],"picked":"SKIP","floor":31.0},{"not_picked":["ReplayTheSpireMod:Repulse+1","ReplaySort+1"],"picked":"Redo+1","floor":32.0},{"not_picked":["Time Bomb+1","Sweeping Beam"],"picked":"Barrage","floor":33},{"not_picked":["Creative AI","Reboot+1"],"picked":"Buffer","floor":35},{"not_picked":["Gash","Leap+1"],"picked":"Turbo+1","floor":37},{"not_picked":["Static Discharge","Redo+1","ReplaySolidLightProjector+1"],"picked":"SKIP","floor":39},{"not_picked":["Undo+1","Steam+1","BasicCrystalCard+1"],"picked":"SKIP","floor":41},{"not_picked":["Conserve Battery+1","Ball Lightning","Go for the Eyes"],"picked":"SKIP","floor":43},{"not_picked":["Beam Cell","Crystallizer+1","Cold Snap"],"picked":"SKIP","floor":46},{"not_picked":["Panic Button+1","Ball Lightning"],"picked":"Coolheaded+1","floor":47},{"not_picked":["Time Bomb+1","Cold Snap"],"picked":"Electrodynamics+1","floor":48},{"not_picked":["Redo+1","Skim+1"],"picked":"Go for the Eyes+1","floor":49},{"not_picked":["Crystallizer+1","Rip and Tear","Undo+1"],"picked":"SKIP","floor":50},{"not_picked":["Consume+1","Ball Lightning+1"],"picked":"Coolheaded+1","floor":56}],"player_experience":654177,"relics_obtained":[{"floor":6.0,"key":"CaptainsWheel"},{"floor":8.0,"key":"ReplayTheSpireMod:Lightbulb"},{"floor":9.0,"key":"ReplayTheSpireMod:Shallot"},{"floor":10.0,"key":"MealTicket"},{"floor":13.0,"key":"Eternal Feather"},{"floor":24.0,"key":"Toxic Egg 2"},{"floor":30.0,"key":"Thread and Needle"},{"floor":33,"key":"Matryoshka"},{"floor":43,"key":"Replay:WaspNest"},{"floor":45,"key":"Frozen Egg 2"},{"floor":45,"key":"HornCleat"},{"floor":46,"key":"Darkstone Periapt"},{"floor":48,"key":"Onion Ring"},{"floor":56,"key":"Replay:Ringing Soul"}],"event_choices":[{"cards_removed":["Defend_B"],"damage_healed":0.0,"max_hp_gain":0.0,"max_hp_loss":0.0,"gold_gain":0.0,"event_name":"Living Wall","player_choice":"Forget","floor":3.0,"gold_loss":0.0,"damage_taken":0.0},{"damage_healed":0.0,"max_hp_gain":0.0,"max_hp_loss":0.0,"gold_gain":0.0,"event_name":"Lab","player_choice":"Got Potions","floor":4.0,"gold_loss":0.0,"damage_taken":0.0},{"damage_healed":0.0,"max_hp_gain":5.0,"max_hp_loss":0.0,"gold_gain":0.0,"event_name":"Big Fish","player_choice":"Donut","floor":12.0,"gold_loss":0.0,"damage_taken":0.0},{"damage_healed":0.0,"max_hp_gain":0.0,"max_hp_loss":0.0,"gold_gain":50.0,"event_name":"Golden Shrine","player_choice":"Pray","floor":29.0,"gold_loss":0.0,"damage_taken":0.0}],"is_beta":false,"boss_relics":[{"not_picked":["Replay:Ancient Bell","Snecko Eye"],"picked":"Runic Pyramid"},{"not_picked":["Ring of Chaos","Philosopher\u0027s Stone"],"picked":"Empty Cage"}],"items_purged_floors":[21,38,40,55],"is_endless":false,"potions_floor_spawned":[1,5,10,14,16,18,30,32,33,35,41,43,46],"ascension_level":16}}