{"host":"5jdby9iqu3ct6557","time":1613971563,"event":{"mods":["BaseMod","DeckTracker","Highlight Path","Minty Spire (QoL Compilation)","Relic Stats","StSLib","ojb\u0027s Info Mod"],"gold_per_floor":[214,229,242,242,46,74,74,106,106,126,141,154,184,199,199,276,276,293,293,293,9,9,28,28,28,28],"floor_reached":25,"language":"ENG","playtime":3053,"items_purged":[],"score":546,"play_id":"7edca7d0-34bf-46de-a076-35c223431594","local_time":"20210222002603","is_ascension_mode":true,"campfire_choices":[{"data":"Tantrum","floor":7,"key":"SMITH"},{"data":"CrushJoints","floor":15,"key":"SMITH"},{"floor":24,"key":"REST"}],"circlet_count":0,"master_deck":["AscendersBane","Eruption","Vigilance","CrushJoints+1","ThirdEye","BattleHymn","Tantrum+1","Halt","Meditate","EmptyFist","DevaForm","Fasting2","EmptyBody","Scrawl","CrushJoints","DeusExMachina","Consecrate","SashWhip","Blasphemy","Devotion","Tantrum"],"relics":["PureWater","Nunchaku","Yang","Ancient Tea Set","Toy Ornithopter","Pandora\u0027s Box","Bottled Lightning"],"acts_visited":["Exordium","TheCity"],"potions_floor_usage":[8,13,16,18],"damage_taken":[{"damage":5,"enemies":"2 Louse","floor":1,"turns":3},{"damage":0,"enemies":"Cultist","floor":2,"turns":2},{"damage":6,"enemies":"Jaw Worm","floor":3,"turns":5},{"damage":0,"enemies":"Lagavulin","floor":6,"turns":4},{"damage":1,"enemies":"3 Sentries","floor":8,"turns":3},{"damage":0,"enemies":"3 Louse","floor":10,"turns":4},{"damage":6,"enemies":"2 Fungi Beasts","floor":11,"turns":3},{"damage":19,"enemies":"Exordium Thugs","floor":12,"turns":2},{"damage":0,"enemies":"Lagavulin","floor":13,"turns":3},{"damage":1,"enemies":"3 Louse","floor":14,"turns":6},{"damage":12,"enemies":"Hexaghost","floor":16,"turns":9},{"damage":9,"enemies":"2 Thieves","floor":18,"turns":2},{"damage":22,"enemies":"Spheric Guardian","floor":23,"turns":4},{"damage":0,"enemies":"Gremlin Leader","floor":25,"turns":2}],"seed_played":"8692249159033210328","potions_obtained":[{"floor":8,"key":"Ancient Potion"},{"floor":11,"key":"BlessingOfTheForge"},{"floor":13,"key":"EssenceOfSteel"},{"floor":14,"key":"Energy Potion"},{"floor":16,"key":"DistilledChaos"}],"is_trial":false,"path_per_floor":["M","M","M","?","$","E","R","E","T","M","M","M","E","M","R","B",null,"M","?","?","$","?","M","R","E"],"character_chosen":"WATCHER","items_purchased":["Tantrum","SteroidPotion","Fire Potion","Bottled Lightning"],"campfire_rested":1,"item_purchase_floors":[5,5,5,21],"current_hp_per_floor":[56,56,50,50,50,50,50,49,49,49,43,24,24,23,23,16,55,51,51,51,51,32,10,31,31,31],"gold":28,"neow_bonus":"HUNDRED_GOLD","is_daily":false,"chose_seed":false,"campfire_upgraded":2,"win_rate":0.0,"timestamp":1613971563,"path_taken":["M","M","M","?","$","E","R","E","T","?","M","M","E","M","R","BOSS","M","?","?","?","?","M","R","E"],"items_purchased_type":["Card","Potion","Potion","Relic"],"build_version":"2020-12-22","purchased_purges":0,"victory":false,"max_hp_per_floor":[68,68,68,68,68,68,68,68,68,68,68,68,68,68,68,68,68,68,68,68,68,73,73,73,73,73],"relic_stats":{"Nunchaku":[5],"counters":[14,52],"Yang":[54],"Pandora\u0027s Box":["CrushJoints","DeusExMachina","Consecrate","ForeignInfluence","SashWhip","CrushJoints","Blasphemy"],"obtain_stats":[{"Nunchaku":6,"Yang":8,"Pandora\u0027s Box":17,"Bottled Lightning":21,"PureWater":0,"Ancient Tea Set":9,"Toy Ornithopter":13},{"Nunchaku":4,"Yang":5,"Pandora\u0027s Box":11,"Bottled Lightning":12,"PureWater":0,"Ancient Tea Set":5,"Toy Ornithopter":9},{"Nunchaku":14,"Yang":17,"Pandora\u0027s Box":44,"Bottled Lightning":46,"PureWater":0,"Ancient Tea Set":17,"Toy Ornithopter":29}],"Toy Ornithopter":10},"card_choices":[{"not_picked":["JustLucky","MentalFortress"],"picked":"CrushJoints","floor":1},{"not_picked":["EmptyBody","PathToVictory"],"picked":"ThirdEye","floor":2},{"not_picked":["JustLucky","ClearTheMind"],"picked":"BattleHymn","floor":3},{"not_picked":["EmptyBody","Study"],"picked":"Halt","floor":6},{"not_picked":["Evaluate","CarveReality"],"picked":"Meditate","floor":8},{"not_picked":["Protect","Worship"],"picked":"EmptyFist","floor":10},{"not_picked":["FollowUp","ForeignInfluence"],"picked":"DevaForm","floor":11},{"not_picked":["FollowUp","Crescendo"],"picked":"Fasting2","floor":12},{"not_picked":["Consecrate","FollowUp"],"picked":"EmptyBody","floor":14},{"not_picked":["DevaForm","Establishment"],"picked":"Scrawl","floor":16}],"player_experience":2820325,"relics_obtained":[{"floor":6,"key":"Nunchaku"},{"floor":8,"key":"Yang"},{"floor":9,"key":"Ancient Tea Set"},{"floor":13,"key":"Toy Ornithopter"}],"event_choices":[{"cards_removed":["Strike_P"],"damage_healed":0,"gold_gain":0,"player_choice":"Offered Basic","damage_taken":0,"max_hp_gain":0,"max_hp_loss":0,"event_name":"Bonfire Elementals","floor":4,"gold_loss":0},{"damage_healed":0,"gold_gain":0,"cards_transformed":["CrushJoints","ForeignInfluence"],"player_choice":"Became Test Subject","damage_taken":0,"max_hp_gain":0,"max_hp_loss":0,"event_name":"Drug Dealer","floor":19,"gold_loss":0,"cards_obtained":["Devotion","Tantrum"]},{"damage_healed":0,"gold_gain":0,"player_choice":"Ignored","damage_taken":0,"max_hp_gain":0,"max_hp_loss":0,"event_name":"The Mausoleum","floor":20,"gold_loss":0},{"damage_healed":0,"gold_gain":0,"player_choice":"Shed Blood","damage_taken":24,"max_hp_gain":5,"max_hp_loss":0,"event_name":"Forgotten Altar","floor":22,"gold_loss":0}],"is_beta":false,"boss_relics":[{"not_picked":["Tiny House","SacredBark"],"picked":"Pandora\u0027s Box"}],"items_purged_floors":[],"is_endless":false,"potions_floor_spawned":[8,11,13,14,16],"killed_by":"Gremlin Leader","ascension_level":20}}