{"host":"1hw3ks68c0zl1mxv","time":1613989522,"event":{"mods":["2.2 Compatiblity","Act Like it!","Aspiration","BaseMod","Beaked The Cultist","BetterRewards","Colored Map","Colored Powertips","Conspire","Downfall","Energized Spire","GungeonMod","Halation","Hallownest","Hubris","Infinite Spire","Marisa????????","Mimic Mod","Minty Spire (QoL Compilation)","Quick Restart","Replay The Spire","Shop Mod","StSLib","The Bug Knight","The Construct","The Elementalist","The Necromancer","The Saiyan","The Servant 0.9.4","TheHero"],"gold_per_floor":[91,91,103,122,83,83,114,114,154,154,211,252,281,357,357,463,513,525,525,525,525,263,263,263,311,311,50,75,156,185,200,200,337,337,384,437,291,332,332,399,399,458,482,482,532,532,592,592,592,607],"floor_reached":51,"language":"ENG","playtime":2211,"items_purged":[],"score":2171,"play_id":"b49057ad-197b-4831-9725-e8ee195c5c6f","local_time":"20210222032522","is_ascension_mode":true,"campfire_choices":[{"data":"Saiyan:UltraInstinct","floor":6.0,"key":"SMITH"},{"data":"Saiyan:Makankosappo","floor":10.0,"key":"SMITH"},{"data":"Saiyan:LastResort","floor":15.0,"key":"SMITH"},{"data":"Saiyan:Rekindle","floor":23.0,"key":"SMITH"},{"data":"Saiyan:FingerParry","floor":32.0,"key":"SMITH"},{"data":"Saiyan:SuperSaiyanForm","floor":41.0,"key":"SMITH"},{"data":"Saiyan:SuperSaiyanForm","floor":44,"key":"SMITH"},{"data":"Saiyan:RuthlessBlow","floor":46,"key":"SMITH"},{"data":"Saiyan:RuthlessBlow","floor":49,"key":"SMITH"}],"circlet_count":0,"master_deck":["Saiyan:SAIYA_Strike","Saiyan:SAIYA_Strike","Saiyan:SAIYA_Strike","Saiyan:SAIYA_Strike","Saiyan:SAIYA_Defend","Saiyan:SAIYA_Defend","Saiyan:SAIYA_Defend","Saiyan:SAIYA_Defend","Saiyan:EnergyBlast","Saiyan:KaioKen","Saiyan:RuthlessBlow+1","Saiyan:TurtleShell","Saiyan:UltraInstinct+1","Saiyan:Flurry","Saiyan:ConcussiveBlow","Saiyan:TurtleShell","Saiyan:MeteorDash","Saiyan:MeteorDash+1","Saiyan:Flurry","Saiyan:Makankosappo+1","Saiyan:LastResort+1","Saiyan:Rekindle+1","Saiyan:FingerParry+1","Saiyan:SuperSaiyanForm+1","Saiyan:SAIYA_Strike","Saiyan:SAIYA_Strike","Saiyan:SAIYA_Strike","Saiyan:SAIYA_Strike","Saiyan:SAIYA_Defend","Saiyan:SAIYA_Defend","Saiyan:SAIYA_Defend","Saiyan:SAIYA_Defend","Saiyan:EnergyBlast","Saiyan:KaioKen","Saiyan:RuthlessBlow+1","Saiyan:TurtleShell","Saiyan:UltraInstinct+1","Saiyan:Flurry","Saiyan:ConcussiveBlow","Saiyan:TurtleShell","Saiyan:MeteorDash","Saiyan:MeteorDash+1","Saiyan:Flurry","Saiyan:Makankosappo+1","Saiyan:LastResort+1","Saiyan:Rekindle+1","Saiyan:FingerParry+1","Saiyan:SuperSaiyanForm+1"],"relics":["SaiyanSoul","SaiyanHeart","DemoMod:MeatBun","hubris:PeanutButter","conspire:TreasureMap","DemoMod:GlassGuonStoneRelic","halation:IllGainedPizza","conspire:Flyswatter","Meat on the Bone","Replay:Mystery Machine","Tiny House","halation:EternalFortune","hubris:BottledHeart","Singing Bowl","HollowMod:StagPassRelic","HollowMod:PaleOreRelic","Shuriken","Dream Catcher","halation:PromiseList","infinitespire:EvilPickle","Busted Crown","Simple Rune","Replay:Kaleidoscope","halation:PrussianBluePaint","Pen Nib"],"acts_visited":["Exordium","TheCity","TheBeyond"],"potions_floor_usage":[42,42,50],"damage_taken":[{"damage":0.0,"enemies":"conspire:RoseBush","floor":1.0,"turns":3.0},{"damage":0.0,"enemies":"infinitespire:Voidling","floor":3.0,"turns":2.0},{"damage":0.0,"enemies":"2 Louse","floor":4.0,"turns":2.0},{"damage":0.0,"enemies":"Replay:BlueRogue","floor":7.0,"turns":2.0},{"damage":0.0,"enemies":"Looter","floor":9.0,"turns":6.0},{"damage":0.0,"enemies":"Looter","floor":12.0,"turns":4.0},{"damage":0.0,"enemies":"Lagavulin","floor":13.0,"turns":4.0},{"damage":0.0,"enemies":"Hexaghost","floor":16.0,"turns":7.0},{"damage":0.0,"enemies":"Spheric Guardian","floor":18.0,"turns":3.0},{"damage":0.0,"enemies":"Slavers","floor":25.0,"turns":8.0},{"damage":0.0,"enemies":"conspire:FuzzyDice","floor":28.0,"turns":4.0},{"damage":0.0,"enemies":"HollowMod:Nosk","floor":30.0,"turns":6.0},{"damage":0.0,"enemies":"Chosen and Byrds","floor":31.0,"turns":6.0},{"damage":0.0,"enemies":"Pondfish","floor":33.0,"turns":9.0},{"damage":0.0,"enemies":"Orb Walker","floor":35.0,"turns":4.0},{"damage":0.0,"enemies":"3 Darklings","floor":36.0,"turns":5.0},{"damage":0.0,"enemies":"4 Shapes","floor":38.0,"turns":9.0},{"damage":0.0,"enemies":"Nemesis","floor":40.0,"turns":7.0},{"damage":0,"enemies":"Reptomancer","floor":42,"turns":6},{"damage":0,"enemies":"Maw","floor":45,"turns":7},{"damage":0,"enemies":"Transient","floor":47,"turns":5},{"damage":0,"enemies":"Time Eater","floor":50,"turns":10}],"seed_played":"-3807891623664374967","potions_obtained":[{"floor":4.0,"key":"Fire Potion"},{"floor":13.0,"key":"Strength Potion"},{"floor":16.0,"key":"Weak Potion"},{"floor":25.0,"key":"Weak Potion"},{"floor":31.0,"key":"Fire Potion"},{"floor":38.0,"key":"LiquidMemories"}],"is_trial":false,"path_per_floor":["M","?","M","M","$","R","E","$","MIM","R","?","MIM","E","?","R","B",null,"M","?","?","?","$","R","?","E","T","$","M","?","E","M","R","B",null,"M","M","$","M","?","E","R","E","T","R","M","R","M","?","R","B",null],"character_chosen":"SAIYAJIN","items_purchased":["DemoMod:MeatBun","Saiyan:TurtleShell","hubris:PeanutButter","conspire:TreasureMap","Saiyan:UltraInstinct","Saiyan:Flurry","Saiyan:ConcussiveBlow","Saiyan:MeteorDash+1","Singing Bowl","Shuriken","Simple Rune"],"campfire_rested":0,"item_purchase_floors":[0,0,0,0,0,0,0,5,22,27,37],"current_hp_per_floor":[62,62,63,64,64,64,65,65,67,67,67,71,72,61,61,62,75,76,79,79,1,1,1,1,1,1,1,1,1,1,1,1,1,1,1,1,1,1,1,1,1,1,1,1,1,1,1,1,1,1],"gold":607,"neow_bonus":"","is_daily":false,"chose_seed":false,"campfire_upgraded":9,"win_rate":0.0,"timestamp":1613989522,"path_taken":["M","?","M","?","$","R","E","$","MIM","R","?","?","E","?","R","BOSS","M","?","?","?","?","R","?","E","T","$","M","?","E","M","R","BOSS","M","M","$","M","?","E","R","E","T","R","M","R","?","?","R","BOSS"],"items_purchased_type":["Relic","Card","Relic","Relic","Card","Card","Card","Card","Relic","Relic","Relic"],"build_version":"2020-12-22","purchased_purges":0,"victory":true,"max_hp_per_floor":[62,62,63,64,64,64,65,65,67,67,67,71,72,72,72,73,78,79,82,82,1,1,1,1,1,1,1,1,1,1,1,1,1,1,1,1,1,1,1,1,1,1,1,1,1,1,1,1,1,1],"card_choices":[{"not_picked":["Saiyan:CCCapsule","Saiyan:KameHameHa"],"picked":"Saiyan:TurtleShell","floor":1.0},{"not_picked":["Saiyan:Kienzan","Saiyan:BackAttack","Saiyan:Scouter"],"picked":"SKIP","floor":3.0},{"not_picked":["Saiyan:KiExplosion","Saiyan:Reset"],"picked":"Saiyan:MeteorDash","floor":4.0},{"not_picked":["Saiyan:WarmUp","Saiyan:BigBangAttack"],"picked":"Saiyan:Flurry","floor":7.0},{"not_picked":["Saiyan:SaiyanHubris","Saiyan:Flurry"],"picked":"Saiyan:Makankosappo","floor":9.0},{"not_picked":["Saiyan:BigBangAttack","Saiyan:ThirstForFight"],"picked":"Saiyan:LastResort","floor":12.0},{"not_picked":["Saiyan:SpiritSword","Saiyan:AugmentedBlast","Saiyan:RemoveWeights"],"picked":"SKIP","floor":13.0},{"not_picked":["Saiyan:SuperSaiyanThree","Saiyan:GenkiDama"],"picked":"Saiyan:Rekindle","floor":16.0},{"not_picked":["Saiyan:Flurry","Saiyan:PowerUp"],"picked":"Saiyan:FingerParry","floor":18.0},{"not_picked":["Saiyan:PlotArmor","Saiyan:Furor","Saiyan:DoubleMasenko+1"],"picked":"Singing Bowl","floor":25.0},{"not_picked":["Saiyan:PowerUp+1","Saiyan:PowerPole","Saiyan:UltraInstinct"],"picked":"Singing Bowl","floor":28.0},{"not_picked":["Saiyan:FingerParry","Saiyan:ExpandingShockwave","Saiyan:Scouter+1"],"picked":"Singing Bowl","floor":29.0},{"not_picked":["Saiyan:Flurry","Saiyan:Honing+1"],"picked":"Saiyan:SuperSaiyanForm","floor":30.0},{"not_picked":["Saiyan:PowerUp","Saiyan:BackAttack+1","Saiyan:ThirstForFight"],"picked":"Singing Bowl","floor":31.0},{"not_picked":["Saiyan:GenkiDama","Saiyan:Momentum","Saiyan:MajinSeal"],"picked":"Singing Bowl","floor":33.0},{"not_picked":["Saiyan:MeteorDash+1"],"picked":"Singing Bowl","floor":35.0},{"not_picked":["Saiyan:BackAttack+1"],"picked":"Singing Bowl","floor":36.0},{"not_picked":["Saiyan:ReverberatingForce"],"picked":"Singing Bowl","floor":38.0},{"not_picked":["Saiyan:PlotArmor"],"picked":"Singing Bowl","floor":40.0},{"not_picked":["Saiyan:PowerUp"],"picked":"Singing Bowl","floor":42},{"not_picked":["Saiyan:DoubleMasenko"],"picked":"Singing Bowl","floor":45},{"not_picked":["Saiyan:AugmentedBlast"],"picked":"Singing Bowl","floor":47}],"player_experience":1616485,"relics_obtained":[{"floor":7.0,"key":"halation:IllGainedPizza"},{"floor":9.0,"key":"conspire:Flyswatter"},{"floor":12.0,"key":"Meat on the Bone"},{"floor":13.0,"key":"Replay:Mystery Machine"},{"floor":25.0,"key":"halation:EternalFortune"},{"floor":25.0,"key":"HollowMod:StagPassRelic"},{"floor":26.0,"key":"HollowMod:PaleOreRelic"},{"floor":29.0,"key":"Dream Catcher"},{"floor":30.0,"key":"halation:PromiseList"},{"floor":40.0,"key":"Replay:Kaleidoscope"},{"floor":42,"key":"halation:PrussianBluePaint"},{"floor":43,"key":"Pen Nib"},{"floor":47,"key":"halation:EternalFortune"}],"event_choices":[{"damage_healed":0.0,"max_hp_gain":0.0,"max_hp_loss":0.0,"gold_gain":0.0,"event_name":"The Woman in Blue","player_choice":"Bought 0 Potions","floor":2.0,"gold_loss":0.0,"damage_taken":0.0},{"damage_healed":0.0,"max_hp_gain":0.0,"max_hp_loss":0.0,"gold_gain":57.0,"event_name":"Golden Wing","player_choice":"Gained Gold","floor":11.0,"gold_loss":0.0,"damage_taken":0.0},{"damage_healed":0.0,"max_hp_gain":0.0,"max_hp_loss":0.0,"gold_gain":75.0,"event_name":"World of Goop","player_choice":"Gather Gold","floor":14.0,"gold_loss":0.0,"damage_taken":11.0},{"damage_healed":0,"gold_gain":0,"player_choice":"Max HP","damage_taken":0,"max_hp_gain":0,"max_hp_loss":0,"event_name":"Winding Halls","floor":48,"gold_loss":0}],"is_beta":false,"boss_relics":[{"not_picked":["aspiration:SecretTechniqueScroll","halation:CatFaceCupcake"],"picked":"Tiny House"},{"not_picked":["hubris:Stopwatch","ChewingGum"],"picked":"Busted Crown"}],"items_purged_floors":[],"is_endless":false,"potions_floor_spawned":[4,13,16,25,28,31,36,38,40],"ascension_level":6}}