{"host":"8t5dkgm85abdp22d","time":1613974273,"event":{"mods":["100% Spire Juice","ATMod(阿瑾Mod)","Act Like it!","BaseMod","Colored Powertips","Conspire","Gensokyo","GungeonMod","Hallownest","Marisa（F雨　魔理沙）","Minty Spire (QoL Compilation)","MostiFishMod","Remilia（蕾米莉亚）","RumiaBox-露米娅的神秘盒子","Ryuuou龙王","StSLib","The Bug Knight","The Marked","UnlockEverythingMod","Waifu the Spire","WarShipGirlsR/战舰少女R mod","Yakumo Yukari mod"],"gold_per_floor":[119,119,69,99,111,111,131,131,156,184,184,207,238,256,256,377,377,393,406,424,424,424,460,472,502,514,890,902,914,962,994,1006,1149,1161,1192,1218,1230,1257,1333,1345,1395,1407,1419,1431,1463,1475,1521,1112,1112,1112,1112,1112,200,240,240],"floor_reached":56,"language":"ZHS","playtime":1541,"items_purged":["theMarked:Defend","theMarked:Defend"],"score":1478,"play_id":"3e5c6ed3-5e56-40a9-bd4c-bbc9e51a3ae5","local_time":"20210222141113","is_ascension_mode":false,"campfire_choices":[{"data":"theMarked:SoldierOfQuellstein","floor":6,"key":"SMITH"},{"data":"theMarked:Determination","floor":8,"key":"SMITH"},{"data":"theMarked:ResourceFulStrike","floor":15,"key":"SMITH"},{"data":"theMarked:SwordAndMagic","floor":24,"key":"SMITH"},{"data":"theMarked:Memento","floor":28,"key":"SMITH"},{"data":"theMarked:BindingBlade","floor":32,"key":"SMITH"},{"data":"theMarked:Vacuum","floor":40,"key":"SMITH"},{"data":"theMarked:DispelDoubt","floor":42,"key":"SMITH"},{"data":"theMarked:Challenge","floor":44,"key":"SMITH"},{"data":"theMarked:Memento","floor":46,"key":"SMITH"},{"floor":49,"key":"RECALL"},{"data":"Secret Weapon","floor":52,"key":"SMITH"}],"circlet_count":0,"master_deck":["theMarked:Strike","theMarked:Strike","theMarked:Strike","theMarked:Defend+1","theMarked:Defend","theMarked:SoldierOfQuellstein+1","AT_DiedThrough+1","theMarked:Memento+1","theMarked:Determination+1","theMarked:SwordAndMagic+1","theMarked:ResourceFulStrike+1","theMarked:Improvise","theMarked:EternalStudent","theMarked:WardOff+1","theMarked:BanishingStrike+1","theMarked:BindingBlade+1","theMarked:Memento+1","theMarked:Vacuum+1","theMarked:Challenge+1","theMarked:DispelDoubt+1","theMarked:MysticalArsenal+1","Secret Weapon+1","theMarked:BindingBlade","theMarked:WardOff","theMarked:Toughness+1"],"relics":["theMarked:ArtifactOfAir","AT_ATBox","DaveBox","NeowsBlessing","ExusiaiGun","SynthV:TestCard","Omamori","Bird Faced Urn","Golden Idol","Centennial Puzzle","AT_TrinityForce","MawBank","AT_BellDemon","NightmareShop","CatCart","DemoMod:PartiallyEatenCheese","Frozen Egg 2","CeramicFish","AT_RedTearstoneRing","AT_SilverBalance","Medical Kit","Pocketwatch","DemoMod:GlassGuonStoneRelic","AT_BellowingDragoncrestRing"],"acts_visited":["Exordium","Exordium","TheBeyond","TheEnding"],"potions_floor_usage":[16],"damage_taken":[{"damage":0,"enemies":"2 Louse","floor":1,"turns":1},{"damage":0,"enemies":"Cultist","floor":4,"turns":2},{"damage":0,"enemies":"Cultist","floor":5,"turns":1},{"damage":0,"enemies":"Small Slimes","floor":7,"turns":2},{"damage":0,"enemies":"Lagavulin","floor":10,"turns":4},{"damage":0,"enemies":"Looter","floor":12,"turns":1},{"damage":0,"enemies":"Gremlin Nob","floor":13,"turns":2},{"damage":3,"enemies":"Exordium Wildlife","floor":14,"turns":2},{"damage":6,"enemies":"The Guardian","floor":16,"turns":4},{"damage":14,"enemies":"Hallownest:Flukemon_and_Top","floor":18,"turns":3},{"damage":0,"enemies":"Hallownest:2_Mistakes","floor":19,"turns":1},{"damage":11,"enemies":"Hallownest:2_Flukemon","floor":20,"turns":5},{"damage":17,"enemies":"Hallownest:eliteSoulWarrior","floor":23,"turns":2},{"damage":10,"enemies":"Hallownest:3_Mistakes","floor":25,"turns":2},{"damage":0,"enemies":"Hallownest:Nosk","floor":30,"turns":1},{"damage":0,"enemies":"Hallownest:monsterMisterMushroom","floor":31,"turns":1},{"damage":19,"enemies":"Hallownest:BossMantisLord","floor":33,"turns":3},{"damage":0,"enemies":"3 Shapes","floor":35,"turns":1},{"damage":0,"enemies":"3 Darklings","floor":36,"turns":1},{"damage":0,"enemies":"Maw","floor":38,"turns":1},{"damage":0,"enemies":"Orin","floor":39,"turns":2},{"damage":0,"enemies":"Reptomancer","floor":41,"turns":1},{"damage":18,"enemies":"Transient","floor":45,"turns":5},{"damage":0,"enemies":"Nemesis","floor":47,"turns":1},{"damage":27,"enemies":"Time Eater","floor":50,"turns":2},{"damage":0,"enemies":"Shield and Spear","floor":54,"turns":1},{"damage":0,"enemies":"The Heart","floor":55,"turns":3}],"seed_played":"2904819373551267233","potions_obtained":[{"floor":1,"key":"Swift Potion"},{"floor":7,"key":"PowerPotion"},{"floor":10,"key":"Block Potion"},{"floor":14,"key":"EntropicBrew"},{"floor":16,"key":"DemoMod:BlankPotion"},{"floor":25,"key":"DuplicationPotion"}],"is_trial":false,"path_per_floor":["M","?","?","?","M","R","M","R","T","E","?","M","E","M","R","B",null,"M","M","M","?","?","E","R","M","T","?","R","?","E","M","R","B",null,"M","M","?","M","?","R","E","R","T","R","M","R","E","$","R","B",null,"R","$","E","B",null],"character_chosen":"THE_DEFAULT","items_purchased":["AT_RedTearstoneRing","theMarked:MysticalArsenal+1","Secret Weapon","AT_SilverBalance","Medical Kit","Pocketwatch","theMarked:BindingBlade","theMarked:WardOff"],"campfire_rested":0,"item_purchase_floors":[48,48,48,53,53,53,53,53],"current_hp_per_floor":[72,58,58,58,58,58,58,58,58,58,40,42,44,43,43,41,72,58,58,49,49,49,34,34,26,26,26,26,72,72,72,72,55,72,72,72,72,72,72,72,72,72,72,72,54,54,54,54,54,29,72,72,72,36,38],"gold":240,"neow_bonus":"THREE_ENEMY_KILL","is_daily":false,"chose_seed":false,"campfire_upgraded":11,"win_rate":0.0,"timestamp":1613974273,"path_taken":["M","?","?","?","M","R","?","R","T","E","?","M","E","M","R","BOSS","M","M","M","?","?","E","R","?","T","?","R","?","E","M","R","BOSS","M","M","?","M","?","R","E","R","T","R","M","R","E","$","R","BOSS","R","$","E","BOSS"],"items_purchased_type":["Relic","Card","Card","Relic","Relic","Relic","Card","Card"],"build_version":"2020-12-22","purchased_purges":2,"victory":true,"max_hp_per_floor":[72,72,72,72,72,72,72,72,72,72,72,72,72,72,72,72,72,72,72,72,72,72,72,72,72,72,72,72,72,72,72,72,72,72,72,72,72,72,72,72,72,72,72,72,72,72,72,72,72,72,72,72,72,72,72],"card_choices":[{"not_picked":["theMarked:Improvise","theMarked:RepellingDischarge","theMarked:ElectricStrings"],"picked":"SKIP","floor":1},{"not_picked":["theMarked:EmpowerWeapon","theMarked:MysticalArsenal","theMarked:ParalyzingBlade","theMarked:Frustration"],"picked":"theMarked:Memento","floor":4},{"not_picked":["theMarked:TwofoldDefense","theMarked:BanishingWave","theMarked:RepellingDischarge","theMarked:ContemptForTheProud"],"picked":"theMarked:Determination","floor":5},{"not_picked":["theMarked:AttractMetal","theMarked:TurnInvisible","theMarked:Electrocute","theMarked:TwofoldDefense","theMarked:RepellingDischarge"],"picked":"SKIP","floor":7},{"not_picked":["theMarked:Pokerface","theMarked:BanishingWave","theMarked:ResourceFulStrike","theMarked:ShockingTouch","theMarked:AttractMetal"],"picked":"SKIP","floor":10},{"not_picked":["theMarked:Improvise","theMarked:CreepingChasm","theMarked:Determination","theMarked:Aftermath"],"picked":"theMarked:SwordAndMagic","floor":12},{"not_picked":["theMarked:LightningStrikesTwice","theMarked:RepellingDischarge","theMarked:ThrowWeapon","theMarked:Convert"],"picked":"theMarked:ResourceFulStrike","floor":13},{"not_picked":["theMarked:Electrocute","theMarked:BanishingWave","theMarked:SwordAndMagic","theMarked:Determination"],"picked":"theMarked:Improvise","floor":14},{"not_picked":["theMarked:DispelDoubt","theMarked:Defy","theMarked:Challenge","theMarked:MagusForm"],"picked":"theMarked:EternalStudent","floor":16},{"not_picked":["theMarked:ChainLightning","theMarked:EmpowerWeapon","theMarked:MysticalArsenal","theMarked:Parkour"],"picked":"theMarked:WardOff+1","floor":18},{"not_picked":["theMarked:PowerFlow+1","theMarked:LightningStrikesTwice","theMarked:Improvise","theMarked:TakeCover","theMarked:Heritage+1"],"picked":"SKIP","floor":19},{"not_picked":["theMarked:ElectricStrings","theMarked:HeightenedSenses","theMarked:ResourceFulStrike","theMarked:Improvise","theMarked:SwordAndMagic+1"],"picked":"SKIP","floor":20},{"not_picked":[],"picked":"theMarked:EmpowerWeapon","floor":21},{"not_picked":["theMarked:ElectricStrings","theMarked:TwofoldDefense","theMarked:WardOff","theMarked:Memento"],"picked":"theMarked:BanishingStrike+1","floor":23},{"not_picked":["theMarked:ChainLightning","theMarked:Determination","theMarked:AttractMetal","theMarked:Frustration","theMarked:TwofoldDefense+1"],"picked":"SKIP","floor":25},{"not_picked":["theMarked:ThrowWeapon","theMarked:ResourceFulStrike+1","theMarked:TwofoldDefense","theMarked:WastefulAttack"],"picked":"theMarked:BindingBlade","floor":30},{"not_picked":["theMarked:ResourceFulStrike","theMarked:SelfDefenseTraining","theMarked:WardOff","theMarked:KeepCalmAndFight"],"picked":"theMarked:Memento","floor":31},{"not_picked":["theMarked:DispelDoubt","theMarked:TurnInvisible","theMarked:BiggerThanFate","theMarked:Defy"],"picked":"theMarked:Vacuum","floor":33},{"not_picked":["theMarked:EmpowerWeapon+1","theMarked:BanishingStrike+1","theMarked:LightningStrikesTwice","theMarked:Opportunist+1","theMarked:ElectricStrings+1"],"picked":"SKIP","floor":35},{"not_picked":["theMarked:TunnelVision+1","theMarked:Heritage+1","theMarked:CreepingChasm","theMarked:Improvise","theMarked:TwofoldDefense"],"picked":"SKIP","floor":36},{"not_picked":["theMarked:Panic+1","theMarked:Improvise","theMarked:TwofoldDefense","theMarked:Electrocute+1","theMarked:Static"],"picked":"SKIP","floor":38},{"not_picked":["theMarked:SwordAndMagic","theMarked:ChannelForce+1","theMarked:WardOff","theMarked:ResourceFulStrike"],"picked":"theMarked:Challenge","floor":39},{"not_picked":["theMarked:Frustration+1","theMarked:Improvise+1","theMarked:BanishingWave+1","theMarked:Opportunist+1"],"picked":"theMarked:DispelDoubt","floor":41},{"not_picked":["theMarked:CreepingChasm+1","theMarked:Panic+1","theMarked:Reabsorb","theMarked:Determination+1","theMarked:MuscleMemory+1"],"picked":"SKIP","floor":45},{"not_picked":["theMarked:RepellingDischarge","theMarked:ElectricStrings","theMarked:Reabsorb+1","theMarked:WardOff+1","theMarked:Static"],"picked":"SKIP","floor":47},{"not_picked":["theMarked:Vacuum","theMarked:TunnelVision+1","theMarked:TwofoldDefense","theMarked:WastefulAttack"],"picked":"theMarked:Toughness+1","floor":54}],"player_experience":137594,"relics_obtained":[{"floor":1,"key":"SynthV:TestCard"},{"floor":4,"key":"Omamori"},{"floor":10,"key":"Bird Faced Urn"},{"floor":13,"key":"Centennial Puzzle"},{"floor":23,"key":"MawBank"},{"floor":26,"key":"Darkstone Periapt"},{"floor":30,"key":"AT_BellDemon"},{"floor":39,"key":"CatCart"},{"floor":41,"key":"DemoMod:PartiallyEatenCheese"},{"floor":43,"key":"Frozen Egg 2"},{"floor":47,"key":"CeramicFish"},{"floor":54,"key":"AT_BellowingDragoncrestRing"}],"event_choices":[{"damage_healed":0,"gold_gain":0,"player_choice":"Entered Light","damage_taken":14,"max_hp_gain":0,"max_hp_loss":0,"event_name":"Shining Light","floor":2,"gold_loss":0,"cards_upgraded":["AT_DiedThrough","theMarked:Defend"]},{"cards_removed":["theMarked:Strike"],"damage_healed":0,"gold_gain":0,"player_choice":"Card Removal","damage_taken":0,"max_hp_gain":0,"max_hp_loss":0,"event_name":"The Cleric","floor":3,"gold_loss":50},{"damage_healed":0,"gold_gain":0,"player_choice":"Take Damage","damage_taken":18,"relics_obtained":["Golden Idol"],"max_hp_gain":0,"max_hp_loss":0,"event_name":"Golden Idol","floor":11,"gold_loss":0},{"damage_healed":0,"gold_gain":0,"player_choice":"Ignored","damage_taken":0,"max_hp_gain":0,"max_hp_loss":0,"event_name":"Tomb of Lord Red Mask","floor":37,"gold_loss":0},{"damage_healed":0,"gold_gain":0,"player_choice":"Fight","damage_taken":0,"max_hp_gain":0,"max_hp_loss":0,"event_name":"OrinTheCat","floor":39,"gold_loss":0}],"is_beta":false,"boss_relics":[{"not_picked":["theMarked:BronzeBlade","EasyGame_NEW"],"picked":"AT_TrinityForce"},{"not_picked":["Tiny House","GuanYuAspect"],"picked":"NightmareShop"}],"items_purged_floors":[48,53],"is_endless":false,"potions_floor_spawned":[1,7,10,14,16,23,25,31,33,35,39,45,47],"ascension_level":0}}