{"host":"g200jza2br9hmesm","time":1613972450,"event":{"mods":["AchievementEnabler","BaseMod","Colored Map","Downfall","Minty Spire (QoL Compilation)","Quick Restart","Relic Stats","StSLib"],"gold_per_floor":[110,124,124,124,25,25,42,61,113,140,150,165,165,183,183,283,283,296,311,329,329,329],"floor_reached":21,"language":"ENG","playtime":968,"items_purged":["Strike_P"],"score":185,"play_id":"98d4317b-c5c0-4a87-8692-7f174b1c74d3","local_time":"20210222004050","is_ascension_mode":false,"campfire_choices":[{"data":"CrushJoints","floor":6,"key":"SMITH"},{"data":"Eruption","floor":13,"key":"SMITH"},{"data":"FollowUp","floor":15,"key":"SMITH"}],"circlet_count":0,"master_deck":["Strike_P","Strike_P","Strike_P","Defend_P","Defend_P","Defend_P","Defend_P","Eruption+1","Vigilance","PathToVictory","EmptyFist","CrushJoints+1","Consecrate","FollowUp+1","Establishment","JustLucky","PathToVictory+1"],"relics":["PureWater","GoldenEye","Orichalcum","Boot","Bottled Flame","Black Star"],"acts_visited":["Exordium","TheCity"],"potions_floor_usage":[10,12,20,20],"damage_taken":[{"damage":1,"enemies":"Jaw Worm","floor":1,"turns":3},{"damage":1,"enemies":"Cultist","floor":2,"turns":3},{"damage":0,"enemies":"2 Louse","floor":7,"turns":1},{"damage":1,"enemies":"Large Slime","floor":8,"turns":4},{"damage":1,"enemies":"3 Sentries","floor":10,"turns":3},{"damage":0,"enemies":"Blue Slaver","floor":11,"turns":2},{"damage":7,"enemies":"Looter","floor":12,"turns":3},{"damage":0,"enemies":"Exordium Thugs","floor":14,"turns":2},{"damage":19,"enemies":"Hexaghost","floor":16,"turns":7},{"damage":17,"enemies":"3 Byrds","floor":18,"turns":5},{"damage":20,"enemies":"Shell Parasite","floor":19,"turns":4},{"damage":3,"enemies":"Chosen and Byrds","floor":20,"turns":4},{"damage":29,"enemies":"Shelled Parasite and Fungi","floor":21,"turns":2}],"seed_played":"8889369295143106107","potions_obtained":[{"floor":2,"key":"Slimebound:ThreeZeroPotion"},{"floor":8,"key":"BottledMiracle"},{"floor":10,"key":"Swift Potion"},{"floor":14,"key":"BlessingOfTheForge"},{"floor":18,"key":"Strength Potion"},{"floor":20,"key":"AttackPotion"}],"is_trial":false,"path_per_floor":["M","M","?","?","$","R","M","M","T","E","M","M","R","M","R","B",null,"M","M","M","M"],"character_chosen":"WATCHER","items_purchased":["CrushJoints"],"campfire_rested":0,"item_purchase_floors":[5],"current_hp_per_floor":[64,63,63,56,56,56,56,55,55,54,54,47,47,47,47,28,65,48,28,25,0,0],"gold":329,"neow_bonus":"ONE_RARE_RELIC","is_daily":false,"chose_seed":false,"campfire_upgraded":3,"win_rate":0.0,"timestamp":1613972450,"path_taken":["M","M","?","?","?","R","M","M","T","E","M","M","R","?","R","BOSS","M","?","M","M"],"items_purchased_type":["Card"],"build_version":"2020-12-22","purchased_purges":1,"victory":false,"max_hp_per_floor":[65,65,65,65,65,65,65,65,65,65,65,65,65,65,65,65,65,65,65,65,65,65],"relic_stats":{"counters":[13,43],"Black Star":0,"Orichalcum":[48],"GoldenEye":[4],"Boot":[21],"obtain_stats":[{"Bottled Flame":10,"Black Star":17,"PureWater":0,"Orichalcum":3,"GoldenEye":0,"Boot":9},{"Bottled Flame":5,"Black Star":9,"PureWater":0,"Orichalcum":2,"GoldenEye":0,"Boot":4},{"Bottled Flame":14,"Black Star":28,"PureWater":0,"Orichalcum":6,"GoldenEye":0,"Boot":11}]},"card_choices":[{"not_picked":["Protect","Prostrate"],"picked":"PathToVictory","floor":1},{"not_picked":["Sanctity","ForeignInfluence"],"picked":"EmptyFist","floor":2},{"not_picked":["Halt","ConjureBlade","Protect"],"picked":"SKIP","floor":7},{"not_picked":["WreathOfFlame","SashWhip"],"picked":"Consecrate","floor":8},{"not_picked":["EmptyBody","Meditate","FlurryOfBlows"],"picked":"SKIP","floor":10},{"not_picked":["Crescendo","Consecrate","FlurryOfBlows"],"picked":"SKIP","floor":11},{"not_picked":["EmptyBody","Prostrate","Devotion"],"picked":"SKIP","floor":12},{"not_picked":["Halt","FlyingSleeves"],"picked":"FollowUp","floor":14},{"not_picked":["ConjureBlade","LessonLearned"],"picked":"Establishment","floor":16},{"not_picked":["FearNoEvil","Consecrate","Evaluate"],"picked":"SKIP","floor":18},{"not_picked":["LikeWater","Halt"],"picked":"JustLucky","floor":19},{"not_picked":["JustLucky","Conclude"],"picked":"PathToVictory+1","floor":20}],"player_experience":333034,"relics_obtained":[{"floor":9,"key":"Boot"},{"floor":10,"key":"Bottled Flame"}],"event_choices":[{"damage_healed":0,"gold_gain":0,"player_choice":"Box","damage_taken":0,"relics_obtained":["Orichalcum"],"max_hp_gain":0,"max_hp_loss":0,"event_name":"Big Fish","floor":3,"gold_loss":0,"cards_obtained":["Regret"]},{"cards_removed":["Regret"],"damage_healed":0,"gold_gain":0,"player_choice":"Card Removal","damage_taken":7,"max_hp_gain":0,"max_hp_loss":0,"event_name":"Golden Wing","floor":4,"gold_loss":0}],"is_beta":false,"boss_relics":[{"not_picked":["bronze:MakeshiftBattery","SlaversCollar"],"picked":"Black Star"}],"items_purged_floors":[5],"is_endless":false,"potions_floor_spawned":[2,8,10,14,18,20],"killed_by":"Shelled Parasite and Fungi","ascension_level":0}}