{"host":"qc1sjgtdjonvdsd8","time":1613965737,"event":{"mods":["BaseMod","Colored Map","Colored Powertips","Curses Come First","Minty Spire (QoL Compilation)","Replay The Spire","StSLib"],"gold_per_floor":[114,114,289,289,239,239,239,239,270,270,270,286,303,318,337,337,337,487,487,515,530,445,506,506,531,531,557,603,615,645,702,761,824,824,927,927,991,1011,1011,1011,1037,1108,1165,694,694,694,260,260,260,260,260,260],"floor_reached":51,"language":"ENG","playtime":6670,"items_purged":["Infinite Blades+1","Defend_G"],"score":1020,"play_id":"ec02ef16-5283-46e5-bfe6-cff7cffa0eea","local_time":"20210221194857","is_ascension_mode":true,"campfire_choices":[{"floor":8,"key":"REST"},{"data":"Infinite Blades","floor":10,"key":"SMITH"},{"data":"Reflex","floor":17,"key":"SMITH"},{"floor":26,"key":"REST"},{"floor":34,"key":"REST"},{"data":"After Image","floor":46,"key":"SMITH"},{"floor":48,"key":"RECALL"}],"circlet_count":0,"master_deck":["Strike_G+1","Strike_G+1","Defend_G","Defend_G","Defend_G","Defend_G","Survivor","Neutralize+1","Deflect","Reflex+1","Slice+1","Escape Plan","Deflect","Grand Finale","Dodge and Roll+1","Footwork","Deflect","Tools of the Trade","Acrobatics","Hidden Blade","After Image+1","Underhanded Strike+1","Midas Touch+1","Prepared","Quick Slash+1","Master of Strategy","Deadly Poison","Prepared","Prepared"],"relics":["Snecko Scales","Strawberry","Replay:WaspNest","ReplayTheSpireMod:Ring of Challenge","Ring of Hypnosis","Replay:Drink Me","Nunchaku","Nilry\u0027s Codex","Vajra","Counterbalance","Whetstone","Onion Ring","ReplayFunnel","Philosopher\u0027s Stone","Akabeko","ReplayTheSpireMod:Ninjato","Sling","Toy Ornithopter","OrangePellets","Anchor"],"acts_visited":["Exordium","TheCity","TheBeyond"],"potions_floor_usage":[13,18,30,32,35,42],"damage_taken":[{"damage":0,"enemies":"Small Slimes","floor":1,"turns":4},{"damage":17,"enemies":"Gremlin Nob","floor":9,"turns":4},{"damage":2,"enemies":"2 Louse","floor":12,"turns":3},{"damage":0,"enemies":"Jaw Worm","floor":13,"turns":3},{"damage":6,"enemies":"3 Louse","floor":14,"turns":3},{"damage":2,"enemies":"2 Fungi Beasts","floor":15,"turns":3},{"damage":45,"enemies":"Slime Boss","floor":18,"turns":13},{"damage":5,"enemies":"3 Byrds","floor":20,"turns":5},{"damage":0,"enemies":"Shell Parasite","floor":21,"turns":6},{"damage":4,"enemies":"Cultist and Chosen","floor":23,"turns":10},{"damage":0,"enemies":"Gremlin Leader","floor":25,"turns":5},{"damage":0,"enemies":"Book of Stabbing","floor":27,"turns":5},{"damage":0,"enemies":"Sentry and Sphere","floor":29,"turns":4},{"damage":31,"enemies":"Slavers","floor":30,"turns":2},{"damage":2,"enemies":"Snake Plant","floor":31,"turns":6},{"damage":8,"enemies":"Cultist and Chosen","floor":32,"turns":8},{"damage":0,"enemies":"Snecko","floor":33,"turns":7},{"damage":5,"enemies":"Pondfish","floor":35,"turns":8},{"damage":0,"enemies":"Orb Walker","floor":37,"turns":6},{"damage":0,"enemies":"3 Darklings","floor":38,"turns":6},{"damage":0,"enemies":"Writhing Mass","floor":41,"turns":6},{"damage":3,"enemies":"Giant Head","floor":42,"turns":8},{"damage":5,"enemies":"Maw","floor":43,"turns":5}],"seed_played":"6367528796994970648","potions_obtained":[{"floor":12,"key":"Fruit Juice"},{"floor":15,"key":"LiquidBronze"},{"floor":21,"key":"BlessingOfTheForge"},{"floor":25,"key":"Fire Potion"},{"floor":27,"key":"Regen Potion"},{"floor":31,"key":"Explosive Potion"},{"floor":32,"key":"BlessingOfTheForge"},{"floor":38,"key":"SneckoOil"},{"floor":42,"key":"Death Potion"}],"is_trial":false,"path_per_floor":["M","?","?","?","?","PTL","PTL","R","E","R","T","M","M","M","M","?","R","B",null,"M","M","?","M","?","E","R","E","T","M","E","M","M","M","R","B",null,"M","M","?","?","M","E","M","$","T","R","$","R","?","?","R"],"character_chosen":"THE_SILENT","items_purchased":["Sling","Master of Strategy","Deadly Poison","OrangePellets","Anchor","Prepared"],"campfire_rested":3,"item_purchase_floors":[44,44,44,47,47,47],"current_hp_per_floor":[63,56,56,42,42,42,42,63,53,53,53,51,56,50,48,48,48,3,47,42,42,42,38,22,22,40,40,40,40,14,12,4,4,22,17,51,51,51,51,51,51,48,43,43,43,43,43,43,43,43,43,43],"gold":260,"neow_bonus":"BOSS_RELIC","is_daily":false,"chose_seed":false,"campfire_upgraded":3,"win_rate":0.0,"timestamp":1613965737,"path_taken":["M","?","?","?","?","PTL","PTL","R","E","R","T","?","M","M","M","?","R","BOSS","M","M","?","M","?","E","R","E","T","M","E","M","M","M","R","BOSS","M","M","?","?","?","E","M","$","T","R","$","R","?","?","R"],"items_purchased_type":["Relic","Card","Card","Relic","Relic","Card"],"build_version":"2020-12-22","purchased_purges":2,"victory":false,"max_hp_per_floor":[70,70,70,70,70,70,70,70,77,77,77,77,82,82,82,82,82,82,62,62,62,62,62,62,62,62,62,62,62,62,62,62,62,62,62,62,62,62,62,62,62,62,62,62,62,62,62,62,59,59,59,59],"card_choices":[{"not_picked":["Deadly Poison","Dagger Spray"],"picked":"Infinite Blades","floor":1},{"not_picked":["Blade Dance","Poisoned Stab"],"picked":"Deflect","floor":9},{"not_picked":["Poisoned Stab","Hidden Blade"],"picked":"Reflex","floor":12},{"not_picked":["Blade Dance","Replay:Poison Smokescreen"],"picked":"Slice","floor":13},{"not_picked":["ReplayTheSpireMod:Tripwire","Riddle With Holes"],"picked":"Escape Plan","floor":14},{"not_picked":["Dodge and Roll","Quick Slash"],"picked":"Deflect","floor":15},{"not_picked":["Envenom","Glass Knife"],"picked":"Grand Finale","floor":18},{"not_picked":["Blade Dance+1","Distraction","Flechettes"],"picked":"SKIP","floor":20},{"not_picked":["Slice+1","Blade Dance"],"picked":"Dodge and Roll+1","floor":21},{"not_picked":["Slice","Cloak And Dagger+1"],"picked":"Footwork","floor":23},{"not_picked":["Outmaneuver","Underhanded Strike","Atom Bomb"],"picked":"SKIP","floor":25},{"not_picked":["ReplayTheSpireMod:Speed Training+1","Underhanded Strike"],"picked":"Deflect","floor":27},{"not_picked":["Caltrops","Riddle With Holes+1","Backstab"],"picked":"SKIP","floor":29},{"not_picked":["Deflect","Dagger Spray"],"picked":"Tools of the Trade","floor":30},{"not_picked":["Deadly Poison","Poisoned Stab+1"],"picked":"Acrobatics","floor":31},{"not_picked":["Deflect","Outmaneuver","Dodge and Roll"],"picked":"SKIP","floor":32},{"not_picked":["Infinite Blades","Underhanded Strike"],"picked":"Hidden Blade","floor":33},{"not_picked":["Malaise","Grand Finale"],"picked":"After Image","floor":35},{"not_picked":["Leg Sweep+1","Slice"],"picked":"Underhanded Strike+1","floor":37},{"not_picked":["ReplayTheSpireMod:Scrap Shanks","Bane+1","Dagger Spray+1"],"picked":"SKIP","floor":38},{"not_picked":["Magnetism","Jack Of All Trades"],"picked":"Midas Touch","floor":39},{"not_picked":["Deadly Poison+1","Accuracy"],"picked":"Prepared","floor":41},{"not_picked":["ReplayTheSpireMod:Shiv Toss","Setup","Deflect+1"],"picked":"SKIP","floor":42},{"not_picked":["Outmaneuver+1","Dagger Spray+1"],"picked":"Quick Slash+1","floor":43}],"player_experience":347257,"relics_obtained":[{"floor":9,"key":"Strawberry"},{"floor":11,"key":"Replay:WaspNest"},{"floor":16,"key":"ReplayTheSpireMod:Ring of Challenge"},{"floor":16,"key":"Ring of Hypnosis"},{"floor":24,"key":"Nilry\u0027s Codex"},{"floor":25,"key":"Vajra"},{"floor":27,"key":"Counterbalance"},{"floor":28,"key":"Whetstone"},{"floor":30,"key":"Onion Ring"},{"floor":31,"key":"ReplayFunnel"},{"floor":41,"key":"Akabeko"},{"floor":42,"key":"ReplayTheSpireMod:Ninjato"},{"floor":45,"key":"Toy Ornithopter"}],"event_choices":[{"cards_removed":["Strike_G"],"damage_healed":0,"gold_gain":0,"player_choice":"Card Removal","damage_taken":7,"max_hp_gain":0,"max_hp_loss":0,"event_name":"Golden Wing","floor":2,"gold_loss":0},{"damage_healed":0,"gold_gain":175,"player_choice":"AGREE","damage_taken":0,"max_hp_gain":0,"max_hp_loss":0,"event_name":"Liars Game","floor":3,"gold_loss":0,"cards_obtained":["Doubt"]},{"damage_healed":0,"gold_gain":0,"player_choice":"Entered Light","damage_taken":14,"max_hp_gain":0,"max_hp_loss":0,"event_name":"Shining Light","floor":4,"gold_loss":0,"cards_upgraded":["Neutralize","Strike_G"]},{"cards_removed":["Doubt"],"damage_healed":0,"gold_gain":0,"player_choice":"Card Removal","damage_taken":0,"max_hp_gain":0,"max_hp_loss":0,"event_name":"The Cleric","floor":5,"gold_loss":50},{"damage_healed":0,"gold_gain":0,"player_choice":"Obtained Relic","damage_taken":0,"relics_obtained":["Nunchaku"],"max_hp_gain":0,"max_hp_loss":0,"event_name":"Addict","floor":22,"gold_loss":85},{"damage_healed":0,"gold_gain":0,"player_choice":"Obtained Book","damage_taken":16,"max_hp_gain":0,"max_hp_loss":0,"event_name":"Cursed Tome","floor":24,"gold_loss":0},{"damage_healed":0,"gold_gain":0,"player_choice":"Memory 1","damage_taken":0,"max_hp_gain":0,"max_hp_loss":0,"event_name":"SensoryStone","floor":39,"gold_loss":0},{"damage_healed":0,"gold_gain":0,"player_choice":"Upgraded","damage_taken":0,"max_hp_gain":0,"max_hp_loss":0,"event_name":"Upgrade Shrine","floor":40,"gold_loss":0,"cards_upgraded":["Midas Touch"]},{"damage_healed":0,"gold_gain":0,"player_choice":"Max HP","damage_taken":0,"max_hp_gain":0,"max_hp_loss":3,"event_name":"Winding Halls","floor":49,"gold_loss":0},{"damage_healed":0,"gold_gain":0,"player_choice":"Ignored","damage_taken":0,"max_hp_gain":0,"max_hp_loss":0,"event_name":"Tomb of Lord Red Mask","floor":50,"gold_loss":0}],"is_beta":false,"boss_relics":[{"not_picked":["WristBlade","SlaversCollar"],"picked":"Replay:Drink Me"},{"not_picked":["Replay:Wanted Poster","Snecko Heart"],"picked":"Philosopher\u0027s Stone"}],"items_purged_floors":[44,47],"is_endless":false,"potions_floor_spawned":[12,15,21,25,27,31,32,38,42],"ascension_level":7}}