{"host":"qfmqsclrfy207o1q","time":1613956305,"event":{"mods":["2.2 Compatiblity","AchievementEnabler","BaseMod","BetterRewards","Colored Map","Colored Powertips","Curses Come First","Dark Map","Downfall","Infinite Spire","Minty Spire (QoL Compilation)","Quick Restart","Rare Cards Sparkle","Relic Stats","StSLib"],"gold_per_floor":[116,191,191,206,218,218,218,218,218,237,251,25,49,69,69,194,194,194,194,5,5,5,5,5,5,5,5,5,5,5,5,5,5,5,5,0,0,0,0,0,0,0,0,0,0],"floor_reached":44,"language":"ENG","playtime":1543,"items_purged":[],"score":477,"play_id":"e64d5c97-0f6b-4fe8-b01f-c5a1641ac7e5","local_time":"20210221181145","is_ascension_mode":false,"campfire_choices":[{"data":"Caltrops","floor":6,"key":"SMITH"},{"floor":8,"key":"REST"},{"data":"Noxious Fumes","floor":15,"key":"SMITH"},{"data":"The Bomb","floor":23,"key":"SMITH"},{"floor":30,"key":"REST"},{"data":"After Image","floor":32,"key":"SMITH"}],"circlet_count":0,"master_deck":["Strike_G","Strike_G","Strike_G","Strike_G","Strike_G","Defend_G","Defend_G","Defend_G","Defend_G","Defend_G","Survivor","Neutralize","Caltrops+1","Poisoned Stab","Backflip","Injury","Dagger Spray","Distraction","Noxious Fumes+1","The Bomb+1","Bouncing Flask","Escape Plan","After Image+1","Deadly Poison+1","Flying Knee","Dodge and Roll","Dodge and Roll","Sucker Punch","Leg Sweep","infinitespire:Oblivion","infinitespire:FinalStrike","Envenom","Dodge and Roll","Night Terror","Slice","Outmaneuver+1","infinitespire:FutureSight","Dagger Spray","Blur"],"relics":["Ring of the Snake","Golden Idol","Snake Skull","Ectoplasm","Lee\u0027s Waffle","Nloth\u0027s Gift","Happy Flower","Ornamental Fan","infinitespire:Beetle Shell","Black Star","Red Mask","infinitespire:Lucky Rock","Turnip","Bag of Marbles"],"acts_visited":["Exordium","TheCity","TheBeyond"],"potions_floor_usage":[10,10,10,13,16,16,16,19,24,33,35,42],"damage_taken":[{"damage":0,"enemies":"Jaw Worm","floor":1,"turns":1},{"damage":0,"enemies":"2 Louse","floor":4,"turns":1},{"damage":0,"enemies":"Cultist","floor":5,"turns":1},{"damage":5,"enemies":"2 Fungi Beasts","floor":10,"turns":4},{"damage":0,"enemies":"Blue Slaver","floor":11,"turns":3},{"damage":9,"enemies":"Lots of Slimes","floor":13,"turns":2},{"damage":2,"enemies":"Looter","floor":14,"turns":2},{"damage":34,"enemies":"The Guardian","floor":16,"turns":7},{"damage":15,"enemies":"Shell Parasite","floor":18,"turns":4},{"damage":4,"enemies":"3 Byrds","floor":19,"turns":3},{"damage":0,"enemies":"Centurion and Healer","floor":22,"turns":4},{"damage":10,"enemies":"Snake Plant","floor":24,"turns":4},{"damage":18,"enemies":"Snecko","floor":25,"turns":4},{"damage":0,"enemies":"Chosen and Byrds","floor":29,"turns":7},{"damage":1,"enemies":"Nightmare","floor":31,"turns":6},{"damage":26,"enemies":"Automaton","floor":33,"turns":8},{"damage":4,"enemies":"Orb Walker","floor":35,"turns":4},{"damage":48,"enemies":"3 Darklings","floor":37,"turns":6},{"damage":13,"enemies":"Maw","floor":41,"turns":8},{"damage":6,"enemies":"Giant Head","floor":42,"turns":8},{"damage":52,"enemies":"Reptomancer","floor":44,"turns":2}],"seed_played":"-825679580050577251","potions_obtained":[{"floor":3,"key":"SneckoOil"},{"floor":3,"key":"EntropicBrew"},{"floor":3,"key":"Poison Potion"},{"floor":5,"key":"Block Potion"},{"floor":13,"key":"Energy Potion"},{"floor":16,"key":"SteroidPotion"},{"floor":18,"key":"EssenceOfSteel"},{"floor":22,"key":"SteroidPotion"},{"floor":31,"key":"Block Potion"},{"floor":41,"key":"PowerPotion"}],"is_trial":false,"path_per_floor":["M","?","?","M","M","R","?","R","T","M","M","$","M","M","R","B",null,"M","M","$","?","M","R","M","M","T","AVR","?","M","R","NM","R","B",null,"M","?","M","?","?","$","M","E","T","E"],"character_chosen":"THE_SILENT","items_purchased":["Noxious Fumes","The Bomb","Lee\u0027s Waffle","Dodge and Roll"],"campfire_rested":2,"item_purchase_floors":[12,12,20,20],"current_hp_per_floor":[70,59,59,59,59,59,59,70,70,65,65,65,56,54,54,20,70,55,51,77,77,77,77,67,49,49,49,49,49,72,71,71,45,77,73,73,25,67,52,52,39,33,33,0,0],"gold":0,"neow_bonus":"THREE_ENEMY_KILL","is_daily":false,"chose_seed":false,"campfire_upgraded":4,"win_rate":0.0,"timestamp":1613956305,"path_taken":["M","?","?","M","?","R","?","R","T","M","M","$","M","M","R","BOSS","M","M","$","?","M","R","?","M","T","AVR","?","M","R","NM","R","BOSS","M","?","M","?","?","$","M","E","T","E"],"items_purchased_type":["Card","Card","Relic","Card"],"build_version":"2020-12-22","purchased_purges":0,"victory":false,"max_hp_per_floor":[70,70,70,70,70,70,70,70,70,70,70,70,70,70,70,70,70,70,70,77,77,77,77,77,77,77,77,77,77,77,77,77,77,77,77,77,77,67,67,67,67,67,67,67,67],"relic_stats":{"Lee\u0027s Waffle":26,"Happy Flower":[16],"counters":[21,89],"Golden Idol":120,"Ornamental Fan":[40],"Snake Skull":[139],"Ectoplasm":389,"Turnip":[0],"Nloth\u0027s Gift":3,"Black Star":1,"obtain_stats":[{"Lee\u0027s Waffle":20,"NeowsBlessing":0,"Happy Flower":26,"Golden Idol":7,"Snake Skull":9,"infinitespire:Beetle Shell":31,"infinitespire:Lucky Rock":42,"Ornamental Fan":27,"Ectoplasm":17,"Turnip":42,"Nloth\u0027s Gift":21,"Black Star":34,"Red Mask":36,"Bag of Marbles":43,"Ring of the Snake":0},{"Lee\u0027s Waffle":10,"NeowsBlessing":0,"Happy Flower":13,"Golden Idol":3,"Snake Skull":3,"infinitespire:Beetle Shell":15,"infinitespire:Lucky Rock":20,"Ornamental Fan":13,"Ectoplasm":8,"Turnip":20,"Nloth\u0027s Gift":10,"Black Star":16,"Red Mask":17,"Bag of Marbles":20,"Ring of the Snake":0},{"Lee\u0027s Waffle":28,"NeowsBlessing":0,"Happy Flower":40,"Golden Idol":3,"Snake Skull":3,"infinitespire:Beetle Shell":53,"infinitespire:Lucky Rock":87,"Ornamental Fan":40,"Ectoplasm":21,"Turnip":87,"Nloth\u0027s Gift":28,"Black Star":61,"Red Mask":65,"Bag of Marbles":87,"Ring of the Snake":0}],"Ring of the Snake":[42]},"card_choices":[{"not_picked":["Blade Dance","Tactician"],"picked":"Caltrops","floor":1},{"not_picked":["Outmaneuver","Sucker Punch"],"picked":"Poisoned Stab","floor":4},{"not_picked":["Underhanded Strike","Quick Slash"],"picked":"Backflip","floor":5},{"not_picked":["Dagger Throw","Tactician"],"picked":"Dagger Spray","floor":10},{"not_picked":["Underhanded Strike","PiercingWail"],"picked":"Distraction","floor":11},{"not_picked":["Deflect","Blur"],"picked":"Bouncing Flask","floor":13},{"not_picked":["Prepared","Calculated Gamble"],"picked":"Escape Plan","floor":14},{"not_picked":["Phantasmal Killer","Night Terror"],"picked":"After Image","floor":16},{"not_picked":["Flechettes","Quick Slash+1"],"picked":"Deadly Poison+1","floor":18},{"not_picked":["Escape Plan","Distraction+1"],"picked":"Flying Knee","floor":19},{"not_picked":["Escape Plan","Predator"],"picked":"Dodge and Roll","floor":22},{"not_picked":["Dodge and Roll","Wraith Form v2"],"picked":"Sucker Punch","floor":24},{"not_picked":["Eviscerate","Flying Knee"],"picked":"Leg Sweep","floor":25},{"not_picked":["Underhanded Strike","Dodge and Roll"],"picked":"Envenom","floor":29},{"not_picked":["All Out Attack","Dagger Throw"],"picked":"Dodge and Roll","floor":31},{"not_picked":["Bullet Time","Unload"],"picked":"Night Terror","floor":33},{"not_picked":["Calculated Gamble","Sucker Punch"],"picked":"Slice","floor":35},{"not_picked":["Deadly Poison","PiercingWail"],"picked":"Outmaneuver+1","floor":37},{"not_picked":["infinitespire:FinalStrike","infinitespire:SevenWalls"],"picked":"infinitespire:FutureSight","floor":39},{"not_picked":["Calculated Gamble","All Out Attack"],"picked":"Dagger Spray","floor":41},{"not_picked":["Reflex+1","Well Laid Plans"],"picked":"Blur","floor":42}],"player_experience":25225,"relics_obtained":[{"floor":9,"key":"Snake Skull"},{"floor":26,"key":"Happy Flower"},{"floor":31,"key":"infinitespire:Beetle Shell"},{"floor":42,"key":"infinitespire:Lucky Rock"},{"floor":42,"key":"Turnip"},{"floor":43,"key":"Bag of Marbles"}],"event_choices":[{"damage_healed":0,"gold_gain":75,"player_choice":"Gather Gold","damage_taken":11,"max_hp_gain":0,"max_hp_loss":0,"event_name":"World of Goop","floor":2,"gold_loss":0},{"damage_healed":0,"gold_gain":0,"player_choice":"Got Potions","damage_taken":0,"max_hp_gain":0,"max_hp_loss":0,"event_name":"Lab","floor":3,"gold_loss":0},{"damage_healed":0,"gold_gain":0,"player_choice":"Take Wound","damage_taken":0,"relics_obtained":["Golden Idol"],"max_hp_gain":0,"max_hp_loss":0,"event_name":"Golden Idol","floor":7,"gold_loss":0,"cards_obtained":["Injury"]},{"damage_healed":0,"gold_gain":0,"player_choice":"Traded Relic","damage_taken":0,"relics_obtained":["Nloth\u0027s Gift"],"max_hp_gain":0,"max_hp_loss":0,"event_name":"N\u0027loth","floor":21,"relics_lost":["NeowsBlessing"],"gold_loss":0},{"damage_healed":0,"gold_gain":0,"player_choice":"Ignored","damage_taken":0,"max_hp_gain":0,"max_hp_loss":0,"event_name":"Ghosts","floor":28,"gold_loss":0},{"damage_healed":0,"gold_gain":0,"player_choice":"Paid","damage_taken":0,"relics_obtained":["Red Mask"],"max_hp_gain":0,"max_hp_loss":0,"event_name":"Tomb of Lord Red Mask","floor":36,"gold_loss":5},{"damage_healed":67,"gold_gain":0,"player_choice":"Heal","damage_taken":0,"max_hp_gain":0,"max_hp_loss":10,"event_name":"The Moai Head","floor":38,"gold_loss":0}],"is_beta":false,"boss_relics":[{"not_picked":["Cursed Key","Runic Pyramid"],"picked":"Ectoplasm"},{"not_picked":["Runic Dome","Busted Crown"],"picked":"Black Star"}],"items_purged_floors":[],"is_endless":true,"potions_floor_spawned":[5,13,16,18,22,31,41],"killed_by":"Reptomancer","ascension_level":0}}