{"host":"wshey5htrz8rni6u","time":1613997184,"event":{"mods":["2.2 Compatiblity","BaseMod","Block Reminder","Colored Map","Colored Powertips","Current Relic Mod","Curses Come First","Dark Map","Key Reminder","Keyboard Shortcuts","Minty Spire (QoL Compilation)","Potion Indicator Mod","Quick Restart","Random Character Button","Relic Sorter","Relic Stats","StSLib","SuperFastMode","Unceasing Turn Reminder","UnlockEverythingMod","Weighted Paths"],"gold_per_floor":[112,112,122,122,47,72,0,33,33,64,30,30,41,69,69,146,146,163,173,173,186,186,211,32,43,43,70,82,108,120,155,155,229,229,248,260,280,297,313,347,347,382,382,398,430,430,430,444,444,444,444,444,55,89,89,89],"floor_reached":55,"language":"ENG","playtime":4619,"items_purged":["Strike_G","Strike_G","Strike_G"],"score":1572,"play_id":"235f851a-1239-49bf-8a70-cf68c9f67036","local_time":"20210222043304","is_ascension_mode":true,"campfire_choices":[{"data":"Neutralize","floor":12.0,"key":"SMITH"},{"data":"Accuracy","floor":15.0,"key":"SMITH"},{"floor":32,"key":"REST"},{"floor":41,"key":"REST"},{"floor":46,"key":"RECALL"},{"floor":49,"key":"REST"},{"floor":52,"key":"REST"}],"circlet_count":0,"master_deck":["AscendersBane","Strike_G","Defend_G","Defend_G","Defend_G","Defend_G+1","Defend_G","Survivor+1","Neutralize+1","Dash","Predator","Blur","Riddle With Holes","Storm of Steel","Accuracy+1","Infinite Blades","Blade Dance","Night Terror","Burst","Finisher","Terror","Ghostly","Ghostly","Ghostly","Ghostly","Ghostly","Dodge and Roll","Footwork+1","Well Laid Plans","Cloak And Dagger","Accuracy+1","Terror","Blade Dance","Venomology","A Thousand Cuts","Malaise","Crippling Poison","Dodge and Roll+1","Blade Dance","Backflip+1","Crippling Poison+1","Choke+1","PiercingWail","Backflip+1","Bullet Time","Tools of the Trade+1","PiercingWail+1","Leg Sweep","Blade Dance","Burst"],"relics":["Ring of the Snake","Blood Vial","PreservedInsect","Question Card","MealTicket","Bottled Lightning","War Paint","Fusion Hammer","Bottled Flame","Dream Catcher","Gremlin Horn","Happy Flower","Anchor","Runic Pyramid","Centennial Puzzle","Darkstone Periapt","Frozen Egg 2","Strawberry","Medical Kit","Boot"],"acts_visited":["Exordium","TheCity","TheBeyond","TheEnding"],"potions_floor_usage":[30,31,33,33,38,40,44,45,48,50,55],"damage_taken":[{"damage":0.0,"enemies":"Small Slimes","floor":1.0,"turns":6.0},{"damage":0.0,"enemies":"2 Louse","floor":3.0,"turns":3.0},{"damage":34.0,"enemies":"Lagavulin","floor":6.0,"turns":8.0},{"damage":12.0,"enemies":"Gremlin Nob","floor":8.0,"turns":4.0},{"damage":10.0,"enemies":"3 Sentries","floor":10.0,"turns":6.0},{"damage":3.0,"enemies":"Jaw Worm","floor":13.0,"turns":5.0},{"damage":0.0,"enemies":"Lagavulin","floor":14.0,"turns":2.0},{"damage":18,"enemies":"Hexaghost","floor":16,"turns":7},{"damage":0,"enemies":"Spheric Guardian","floor":18,"turns":2},{"damage":9,"enemies":"Shell Parasite","floor":19,"turns":5},{"damage":3,"enemies":"Centurion and Healer","floor":21,"turns":6},{"damage":5,"enemies":"Book of Stabbing","floor":23,"turns":5},{"damage":8,"enemies":"3 Cultists","floor":25,"turns":7},{"damage":6,"enemies":"Gremlin Leader","floor":27,"turns":8},{"damage":3,"enemies":"Shelled Parasite and Fungi","floor":28,"turns":6},{"damage":3,"enemies":"Slavers","floor":29,"turns":7},{"damage":28,"enemies":"Cultist and Chosen","floor":30,"turns":11},{"damage":0,"enemies":"Book of Stabbing","floor":31,"turns":5},{"damage":2,"enemies":"Champ","floor":33,"turns":8},{"damage":4,"enemies":"3 Darklings","floor":35,"turns":5},{"damage":0,"enemies":"Orb Walker","floor":36,"turns":6},{"damage":0,"enemies":"Transient","floor":37,"turns":5},{"damage":2,"enemies":"3 Darklings","floor":38,"turns":7},{"damage":20,"enemies":"Sphere and 2 Shapes","floor":39,"turns":4},{"damage":1,"enemies":"Reptomancer","floor":40,"turns":8},{"damage":9,"enemies":"Nemesis","floor":42,"turns":7},{"damage":0,"enemies":"Spire Growth","floor":44,"turns":5},{"damage":12,"enemies":"Reptomancer","floor":45,"turns":6},{"damage":13,"enemies":"Jaw Worm Horde","floor":48,"turns":3},{"damage":12,"enemies":"Donu and Deca","floor":50,"turns":13},{"damage":8,"enemies":"Shield and Spear","floor":54,"turns":8},{"damage":85,"enemies":"The Heart","floor":55,"turns":9}],"seed_played":"-183764419398892517","potions_obtained":[{"floor":1.0,"key":"GamblersBrew"},{"floor":3.0,"key":"Regen Potion"},{"floor":10.0,"key":"Regen Potion"},{"floor":13.0,"key":"SteroidPotion"},{"floor":16,"key":"SpeedPotion"},{"floor":22,"key":"EssenceOfSteel"},{"floor":30,"key":"Block Potion"},{"floor":31,"key":"Poison Potion"},{"floor":35,"key":"SneckoOil"},{"floor":36,"key":"Fire Potion"},{"floor":38,"key":"FairyPotion"},{"floor":48,"key":"SkillPotion"}],"is_trial":false,"path_per_floor":["M","?","M","?","$","E","$","E","T","E","$","R","M","E","R","B",null,"M","M","?","M","?","E","$","M","T","E","M","E","M","E","R","B",null,"M","M","M","M","M","E","R","E","T","M","E","R","?","M","R","B",null,"R","$","E","B"],"character_chosen":"THE_SILENT","items_purchased":["Riddle With Holes","Infinite Blades","Well Laid Plans","Medical Kit","Leg Sweep","Blade Dance"],"campfire_rested":4,"item_purchase_floors":[7,11,24,53,53,53],"current_hp_per_floor":[65,53,55,60,60,43,43,33,33,25,40,40,39,41,41,25,63,65,58,37,34,34,31,37,29,29,25,24,23,12,14,25,25,34,32,34,36,35,17,18,29,22,22,24,21,21,21,10,23,13,36,44,44,36,0,0],"gold":89,"neow_bonus":"RANDOM_COMMON_RELIC","is_daily":false,"chose_seed":false,"campfire_upgraded":2,"win_rate":0.0,"timestamp":1613997184,"path_taken":["M","?","M","?","$","E","?","E","T","E","?","R","?","E","R","BOSS","M","?","?","M","?","E","$","M","T","E","M","E","M","E","R","BOSS","M","M","?","?","M","E","R","E","T","M","E","R","?","M","R","BOSS","R","$","E","BOSS"],"items_purchased_type":["Card","Card","Card","Relic","Card","Card"],"build_version":"2020-12-13","purchased_purges":3,"victory":false,"max_hp_per_floor":[70,70,70,75,75,75,75,75,75,75,75,75,75,75,75,75,75,75,75,37,37,37,37,37,37,37,37,37,37,37,37,37,37,37,37,37,37,37,37,37,37,37,37,37,44,44,44,44,44,44,44,44,44,44,44,44],"relic_stats":{"Darkstone Periapt":0,"Gremlin Horn":[21,23],"Happy Flower":[36],"counters":[32,197],"PreservedInsect":537,"War Paint":["Survivor","Defend_G"],"Question Card":31,"Medical Kit":[0],"Boot":[6],"Blood Vial":57,"Dream Catcher":4,"Centennial Puzzle":[15],"MealTicket":21,"obtain_stats":[{"Darkstone Periapt":42,"Gremlin Horn":27,"Happy Flower":29,"PreservedInsect":2,"War Paint":14,"Frozen Egg 2":43,"Question Card":6,"Medical Kit":53,"Boot":54,"Blood Vial":0,"keyreminder:keyreminder":6,"Bottled Flame":23,"Dream Catcher":26,"Anchor":31,"Centennial Puzzle":40,"Strawberry":45,"MealTicket":8,"Fusion Hammer":17,"Bottled Lightning":10,"Ring of the Snake":0,"Runic Pyramid":34},{"Darkstone Periapt":26,"Gremlin Horn":14,"Happy Flower":16,"PreservedInsect":1,"War Paint":7,"Frozen Egg 2":26,"Question Card":3,"Medical Kit":30,"Boot":31,"Blood Vial":0,"keyreminder:keyreminder":3,"Bottled Flame":12,"Dream Catcher":13,"Anchor":18,"Centennial Puzzle":25,"Strawberry":28,"MealTicket":4,"Fusion Hammer":8,"Bottled Lightning":5,"Ring of the Snake":0,"Runic Pyramid":19},{"Darkstone Periapt":153,"Gremlin Horn":74,"Happy Flower":87,"PreservedInsect":6,"War Paint":34,"Frozen Egg 2":153,"Question Card":17,"Medical Kit":180,"Boot":188,"Blood Vial":0,"keyreminder:keyreminder":17,"Bottled Flame":59,"Dream Catcher":66,"Anchor":103,"Centennial Puzzle":146,"Strawberry":164,"MealTicket":21,"Fusion Hammer":41,"Bottled Lightning":27,"Ring of the Snake":0,"Runic Pyramid":111}],"Ring of the Snake":[64]},"card_choices":[{"not_picked":["Flying Knee","Cloak And Dagger"],"picked":"Dash","floor":1.0},{"not_picked":["Skewer","Backflip"],"picked":"Predator","floor":3.0},{"not_picked":["Cloak And Dagger","Bane"],"picked":"Blur","floor":6.0},{"not_picked":["Riddle With Holes","Underhanded Strike","Accuracy"],"picked":"Storm of Steel","floor":8.0},{"not_picked":["Deflect","Reflex","Backstab"],"picked":"Accuracy","floor":10.0},{"not_picked":["Dagger Spray","Backflip","Dodge and Roll"],"picked":"Blade Dance","floor":13.0},{"not_picked":["All Out Attack","Sucker Punch","Deflect"],"picked":"Night Terror","floor":14.0},{"not_picked":["Venomology","Wraith Form v2","Grand Finale"],"picked":"Burst","floor":16},{"not_picked":["Crippling Poison","Catalyst+1","Sucker Punch"],"picked":"Finisher","floor":18},{"not_picked":["Prepared","Slice","Backflip"],"picked":"Terror","floor":19},{"not_picked":["Slice","Catalyst","Deadly Poison"],"picked":"Dodge and Roll","floor":21},{"not_picked":["Caltrops","Deadly Poison","Glass Knife"],"picked":"Footwork+1","floor":23},{"not_picked":["Well Laid Plans","Backflip","Expertise"],"picked":"Cloak And Dagger","floor":25},{"not_picked":["Dagger Spray+1","Heel Hook","Quick Slash","Sucker Punch"],"picked":"SKIP","floor":27},{"not_picked":["Bane","All Out Attack","Choke"],"picked":"Accuracy+1","floor":28},{"not_picked":["Bane","Dagger Spray","Sucker Punch+1"],"picked":"Terror","floor":29},{"not_picked":["Catalyst","Underhanded Strike","Dodge and Roll"],"picked":"Blade Dance","floor":30},{"not_picked":["Outmaneuver","Dagger Throw","Flying Knee"],"picked":"Venomology","floor":31},{"not_picked":["Blade Dance","Quick Slash","Acrobatics"],"picked":"A Thousand Cuts","floor":32},{"not_picked":["A Thousand Cuts","Burst","Glass Knife"],"picked":"Malaise","floor":33},{"not_picked":["Flying Knee","Backstab","Acrobatics"],"picked":"Crippling Poison","floor":35},{"not_picked":["Noxious Fumes","Distraction","Blade Dance+1"],"picked":"Dodge and Roll+1","floor":36},{"not_picked":["Endless Agony","Dagger Spray","Prepared+1"],"picked":"Blade Dance","floor":37},{"not_picked":["Prepared+1","Dagger Spray","Unload"],"picked":"Backflip+1","floor":38},{"not_picked":["Masterful Stab","All Out Attack","Endless Agony"],"picked":"Crippling Poison+1","floor":39},{"not_picked":["Slice","Distraction","Deflect+1"],"picked":"Choke+1","floor":40},{"not_picked":["Sucker Punch+1","Dagger Throw","Bane"],"picked":"PiercingWail","floor":41},{"not_picked":["Bane+1","Poisoned Stab+1","Eviscerate"],"picked":"Backflip+1","floor":42},{"not_picked":["Flechettes+1","Riddle With Holes+1","Prepared"],"picked":"Bullet Time","floor":44},{"not_picked":["Dodge and Roll","Distraction","Backflip+1","Heel Hook"],"picked":"SKIP","floor":45},{"not_picked":["Underhanded Strike","Dodge and Roll","All Out Attack","Terror"],"picked":"SKIP","floor":48},{"not_picked":["Expertise","Sucker Punch+1","Catalyst"],"picked":"Tools of the Trade+1","floor":49},{"not_picked":["Caltrops+1","Flying Knee","Noxious Fumes+1"],"picked":"PiercingWail+1","floor":52},{"not_picked":["Dodge and Roll","PiercingWail","Deadly Poison"],"picked":"Burst","floor":54}],"player_experience":187072,"relics_obtained":[{"floor":6.0,"key":"Question Card"},{"floor":8.0,"key":"MealTicket"},{"floor":10.0,"key":"Bottled Lightning"},{"floor":14.0,"key":"War Paint"},{"floor":23,"key":"Bottled Flame"},{"floor":26,"key":"Dream Catcher"},{"floor":27,"key":"Gremlin Horn"},{"floor":29,"key":"Happy Flower"},{"floor":31,"key":"Anchor"},{"floor":40,"key":"Centennial Puzzle"},{"floor":42,"key":"Darkstone Periapt"},{"floor":43,"key":"Frozen Egg 2"},{"floor":45,"key":"Strawberry"},{"floor":54,"key":"Boot"}],"event_choices":[{"damage_healed":0.0,"max_hp_gain":0.0,"max_hp_loss":0.0,"gold_gain":0.0,"event_name":"Scrap Ooze","player_choice":"Success","floor":2.0,"gold_loss":0.0,"damage_taken":12.0,"relics_obtained":["PreservedInsect"]},{"damage_healed":0.0,"max_hp_gain":5.0,"max_hp_loss":0.0,"gold_gain":0.0,"event_name":"Big Fish","player_choice":"Donut","floor":4.0,"gold_loss":0.0,"damage_taken":0.0},{"damage_healed":0,"gold_gain":0,"player_choice":"Became a Ghost","damage_taken":0,"max_hp_gain":0,"max_hp_loss":38,"event_name":"Ghosts","floor":20,"gold_loss":0,"cards_obtained":["Ghostly","Ghostly","Ghostly","Ghostly","Ghostly"]},{"damage_healed":0,"gold_gain":0,"player_choice":"Got Potions","damage_taken":0,"max_hp_gain":0,"max_hp_loss":0,"event_name":"Lab","floor":22,"gold_loss":0},{"cards_removed":["Strike_G"],"damage_healed":0,"gold_gain":0,"player_choice":"Removed Attack","damage_taken":0,"max_hp_gain":0,"max_hp_loss":0,"event_name":"Falling","floor":47,"gold_loss":0}],"is_beta":false,"boss_relics":[{"not_picked":["WristBlade","HoveringKite"],"picked":"Fusion Hammer"},{"not_picked":["Snecko Eye","Astrolabe"],"picked":"Runic Pyramid"}],"items_purged_floors":[5,24,53],"is_endless":false,"potions_floor_spawned":[1,3,10,13,16,18,28,30,31,35,36,38,39,48,54],"killed_by":"The Heart","ascension_level":13}}