{"host":"f5gffvlv6a66yqkd","time":1613987690,"event":{"mods":["2.2 Compatiblity","BaseMod","Colored Map","Custom Start","DeckTracker","Keyboard Shortcuts","Minty Spire (QoL Compilation)","Permanent Neow","Quick Restart","Relic Stats","StSLib","SuperFastMode"],"gold_per_floor":[112,129,129,54,74,74,74,74,74,74,74,85,9,27,27,98,98,108,108,125,38,38,38,57,57,57,70,90,103,103,116,116,189,189,206,231,241,241,241],"floor_reached":38,"language":"KOR","playtime":880,"items_purged":[],"score":736,"play_id":"45ad8289-dde0-45bc-9c2a-cc25e8470ad1","local_time":"20210222185450","is_ascension_mode":true,"campfire_choices":[{"data":"Zap","floor":6.0,"key":"SMITH"},{"data":"Dualcast","floor":8.0,"key":"SMITH"},{"data":"Redo","floor":15.0,"key":"SMITH"},{"data":"Capacitor","floor":23.0,"key":"SMITH"},{"floor":25.0,"key":"RECALL"},{"floor":30.0,"key":"REST"},{"data":"Self Repair","floor":32.0,"key":"SMITH"}],"circlet_count":0,"master_deck":["AscendersBane","Defend_B","Defend_B","Defend_B","Zap+1","Dualcast+1","Compile Driver","Rebound","Conserve Battery","Redo+1","Ball Lightning","Core Surge","Chill+1","Consume+1","Loop+1","Cold Snap","Capacitor+1","Self Repair+1","Turbo","Coolheaded+1","Lockon+1","Seek"],"relics":["Cracked Core","Ancient Tea Set","Shuriken","Astrolabe","Lizard Tail","Inserter","Du-Vu Doll"],"acts_visited":["Exordium","TheCity","TheBeyond"],"potions_floor_usage":[36,38],"damage_taken":[{"damage":6.0,"enemies":"2 Louse","floor":1.0,"turns":2.0},{"damage":7.0,"enemies":"Small Slimes","floor":2.0,"turns":3.0},{"damage":2.0,"enemies":"Jaw Worm","floor":5.0,"turns":3.0},{"damage":0.0,"enemies":"3 Louse","floor":12.0,"turns":2.0},{"damage":27.0,"enemies":"Gremlin Gang","floor":14.0,"turns":3.0},{"damage":34.0,"enemies":"Slime Boss","floor":16.0,"turns":7.0},{"damage":8.0,"enemies":"Chosen","floor":18.0,"turns":4.0},{"damage":14.0,"enemies":"Spheric Guardian","floor":20.0,"turns":4.0},{"damage":8.0,"enemies":"Chosen and Byrds","floor":24.0,"turns":6.0},{"damage":20.0,"enemies":"Shelled Parasite and Fungi","floor":27.0,"turns":6.0},{"damage":12.0,"enemies":"3 Cultists","floor":28.0,"turns":6.0},{"damage":7.0,"enemies":"Snecko","floor":29.0,"turns":5.0},{"damage":12.0,"enemies":"Centurion and Healer","floor":31.0,"turns":8.0},{"damage":12,"enemies":"Champ","floor":33,"turns":13},{"damage":11,"enemies":"Orb Walker","floor":35,"turns":4},{"damage":0,"enemies":"Mind Bloom Boss Battle","floor":36,"turns":8},{"damage":24,"enemies":"3 Darklings","floor":37,"turns":9},{"damage":64,"enemies":"Jaw Worm Horde","floor":38,"turns":5}],"seed_played":"-971890340610992191","potions_obtained":[{"floor":1.0,"key":"FairyPotion"},{"floor":5.0,"key":"Fire Potion"},{"floor":18.0,"key":"ColorlessPotion"},{"floor":27.0,"key":"FocusPotion"},{"floor":37,"key":"EssenceOfSteel"}],"is_trial":false,"path_per_floor":["M","M","?","?","M","R","?","R","T","?","$","M","$","M","R","B",null,"M","?","M","$","?","R","M","R","T","M","M","M","R","M","R","B",null,"M","?","M","M"],"character_chosen":"DEFECT","items_purchased":["Doom and Gloom","Capacitor"],"campfire_rested":1,"item_purchase_floors":[13,21],"current_hp_per_floor":[58,51,51,51,49,49,54,54,54,54,54,54,54,27,27,22,63,55,76,62,62,62,62,54,54,54,34,29,29,51,46,46,44,68,67,76,62,38,38],"gold":241,"neow_bonus":"RANDOM_COMMON_RELIC","is_daily":false,"chose_seed":false,"campfire_upgraded":5,"win_rate":0.0,"timestamp":1613987690,"path_taken":["M","M","?","?","M","R","?","R","T","?","?","M","$","?","R","BOSS","M","?","?","?","?","R","M","R","T","M","M","M","R","M","R","BOSS","M","?","M","M"],"items_purchased_type":["Card","Card"],"build_version":"2020-12-22","purchased_purges":0,"victory":false,"max_hp_per_floor":[71,71,71,71,71,71,76,76,76,76,76,76,76,76,76,76,76,76,76,76,76,76,76,76,76,76,76,76,76,76,76,76,76,76,76,76,76,76,76],"relic_stats":{"Lizard Tail":38,"Inserter":[13],"counters":[18,97],"Shuriken":[6],"Astrolabe":["Chill","Consume","Loop"],"obtain_stats":[{"Du-Vu Doll":36,"Lizard Tail":26,"Inserter":34,"Shuriken":9,"Astrolabe":17,"Cracked Core":0,"Ancient Tea Set":0},{"Du-Vu Doll":16,"Lizard Tail":9,"Inserter":14,"Shuriken":3,"Astrolabe":6,"Cracked Core":0,"Ancient Tea Set":0},{"Du-Vu Doll":83,"Lizard Tail":33,"Inserter":71,"Shuriken":8,"Astrolabe":20,"Cracked Core":0,"Ancient Tea Set":0}]},"card_choices":[{"not_picked":["Lockon","Leap"],"picked":"Compile Driver","floor":1.0},{"not_picked":["Stack","Rebound"],"picked":"Sweeping Beam","floor":2.0},{"not_picked":["Redo","Turbo"],"picked":"Conserve Battery","floor":5.0},{"not_picked":["Loop","Go for the Eyes"],"picked":"Redo","floor":12.0},{"not_picked":["Coolheaded","Cold Snap"],"picked":"Ball Lightning","floor":14.0},{"not_picked":["Machine Learning","Thunder Strike"],"picked":"Core Surge","floor":16.0},{"not_picked":["Rip and Tear","Steam","Sweeping Beam"],"picked":"SKIP","floor":18.0},{"not_picked":["Rebound","Force Field"],"picked":"Cold Snap","floor":20.0},{"not_picked":["Genetic Algorithm","Redo","Tempest"],"picked":"SKIP","floor":24.0},{"not_picked":["Turbo","Skim"],"picked":"Self Repair","floor":27.0},{"not_picked":["Sunder","Compile Driver"],"picked":"Turbo","floor":28.0},{"not_picked":["Barrage","Redo"],"picked":"Coolheaded+1","floor":29.0},{"not_picked":["Fusion","Conserve Battery"],"picked":"Lockon+1","floor":31.0},{"not_picked":["Electrodynamics","Hyperbeam"],"picked":"Seek","floor":33},{"not_picked":["Stack","Sweeping Beam","Ball Lightning+1"],"picked":"SKIP","floor":35},{"not_picked":["Stack+1","Hologram+1","Redo"],"picked":"SKIP","floor":37}],"player_experience":1554520,"relics_obtained":[{"floor":9.0,"key":"Shuriken"},{"floor":26.0,"key":"Lizard Tail"},{"floor":36,"key":"Du-Vu Doll"}],"event_choices":[{"damage_healed":0.0,"max_hp_gain":0.0,"max_hp_loss":0.0,"gold_gain":0.0,"cards_transformed":["Strike_B"],"event_name":"Living Wall","player_choice":"Change","floor":3.0,"gold_loss":0.0,"damage_taken":0.0,"cards_obtained":["Rebound"]},{"cards_removed":["Strike_B"],"damage_healed":0.0,"max_hp_gain":0.0,"max_hp_loss":0.0,"gold_gain":0.0,"event_name":"The Cleric","player_choice":"Card Removal","floor":4.0,"gold_loss":75.0,"damage_taken":0.0},{"damage_healed":0.0,"max_hp_gain":5.0,"max_hp_loss":0.0,"gold_gain":0.0,"event_name":"Big Fish","player_choice":"Donut","floor":7.0,"gold_loss":0.0,"damage_taken":0.0},{"damage_healed":0.0,"max_hp_gain":0.0,"max_hp_loss":0.0,"gold_gain":0.0,"event_name":"Scrap Ooze","player_choice":"Fled","floor":10.0,"gold_loss":0.0,"damage_taken":0.0},{"cards_removed":["Doom and Gloom"],"damage_healed":21.0,"max_hp_gain":0.0,"max_hp_loss":0.0,"gold_gain":0.0,"event_name":"Bonfire Elementals","player_choice":"Offered Uncommon","floor":19.0,"gold_loss":0.0,"damage_taken":0.0},{"cards_removed":["Sweeping Beam"],"damage_healed":0.0,"max_hp_gain":0.0,"max_hp_loss":0.0,"gold_gain":0.0,"event_name":"Back to Basics","player_choice":"Elegance","floor":22.0,"gold_loss":0.0,"damage_taken":0.0},{"damage_healed":0,"gold_gain":0,"player_choice":"Fight","damage_taken":0,"max_hp_gain":0,"max_hp_loss":0,"event_name":"MindBloom","floor":36,"gold_loss":0}],"is_beta":false,"boss_relics":[{"not_picked":["Tiny House","Busted Crown"],"picked":"Astrolabe"},{"not_picked":["Snecko Eye","Calling Bell"],"picked":"Inserter"}],"items_purged_floors":[],"is_endless":false,"potions_floor_spawned":[1,5,14,18,27,29,37],"killed_by":"Jaw Worm Horde","ascension_level":20}}