{"host":"h3yie3u3olngyjol","time":1613973272,"event":{"mods":["BaseMod","Colored Powertips","Downfall","Highlight Path","Infinite Spire","Lobotomy","LobotomyExtend","Marked Mod","Minty Spire (QoL Compilation)","Prisma Mod","Replay The Spire","RumiaBox-露米娅的神秘盒子","Shop Mod","StSLib","The Hierophant","The Runesmith"],"gold_per_floor":[114,124,138,138,157,157,185,200,223,66,66,66,66,66,78,186,248,271,283,308,330,360,372,401,431,514,526,10,98,46,57,57,152,152,166,166,179,179,179,179,198,8,88,88,105,133,149,149,149,149,149],"floor_reached":50,"language":"ZHS","playtime":2424,"items_purged":["Blade Dance","Strike_G","Strike_G"],"score":689,"play_id":"e2d8cae4-a84c-4315-96ad-ea3e36a9e025","local_time":"20210222135431","is_ascension_mode":true,"campfire_choices":[{"data":"Neutralize","floor":6.0,"key":"SMITH"},{"data":"Blade Dance","floor":11.0,"key":"SMITH"},{"data":"Pot Of Greed","floor":13.0,"key":"SMITH"},{"floor":15.0,"key":"DIG"},{"floor":23.0,"key":"REST"},{"floor":27.0,"key":"REST"},{"floor":32.0,"key":"REST"},{"data":"A Thousand Cuts","floor":40.0,"key":"SMITH"},{"floor":44.0,"key":"REST"},{"floor":49,"key":"REST"}],"circlet_count":0,"master_deck":["Strike_G","Strike_G","Strike_G","Defend_G","Defend_G","Defend_G+1","Defend_G","Survivor","Neutralize+1","Bane","Blade Dance+1","Pot Of Greed+1","Pot Of Greed","Adrenaline","Dagger Spray","Deadly Poison","Deadly Poison","Catalyst","Poisoned Stab+1","Bullet Time","Bane+1","A Thousand Cuts+1","Sucker Punch+1","PanicButton","Catalyst+1","Escape Plan","ReplayTheSpireMod:Black Plague","infinitespire:TheBestDefense"],"relics":["Ring of the Snake","infinitespire:Beetle Shell","LetterFromLob","infinitespire:Satchel","Snake Skull","Grinning Jar","MawBank","SSSystem","Tiny House","LastBattle","Strawberry","Replay:Mystery Machine","Busted Crown","Question Card","Runesmith:Locket","infinitespire:Bottled Soul"],"acts_visited":["Exordium","TheCity","TheBeyond"],"potions_floor_usage":[50,50,50],"damage_taken":[{"damage":2.0,"enemies":"2 Louse","floor":1.0,"turns":3.0},{"damage":5.0,"enemies":"Small Slimes","floor":2.0,"turns":4.0},{"damage":1.0,"enemies":"Jaw Worm","floor":3.0,"turns":5.0},{"damage":3.0,"enemies":"Blue Slaver","floor":5.0,"turns":5.0},{"damage":6.0,"enemies":"Gremlin Nob","floor":7.0,"turns":4.0},{"damage":10.0,"enemies":"2 Fungi Beasts","floor":8.0,"turns":4.0},{"damage":42.0,"enemies":"Fading Forest","floor":16.0,"turns":11.0},{"damage":10.0,"enemies":"Shell Parasite","floor":18.0,"turns":5.0},{"damage":4.0,"enemies":"Chosen","floor":20.0,"turns":4.0},{"damage":2.0,"enemies":"Snecko","floor":21.0,"turns":4.0},{"damage":6.0,"enemies":"3 Cultists","floor":22.0,"turns":4.0},{"damage":4.0,"enemies":"Shelled Parasite and Fungi","floor":24.0,"turns":4.0},{"damage":12.0,"enemies":"Centurion and Healer","floor":25.0,"turns":5.0},{"damage":0.0,"enemies":"Cultist and Chosen","floor":31.0,"turns":3.0},{"damage":20.0,"enemies":"Champ","floor":33.0,"turns":5.0},{"damage":16.0,"enemies":"3 Shapes","floor":35.0,"turns":4.0},{"damage":12.0,"enemies":"Orb Walker","floor":37.0,"turns":3.0},{"damage":15.0,"enemies":"Transient","floor":41.0,"turns":5.0},{"damage":8.0,"enemies":"Maw","floor":45.0,"turns":6.0},{"damage":1.0,"enemies":"Giant Head","floor":46.0,"turns":5.0},{"damage":21.0,"enemies":"Sphere and 2 Shapes","floor":47.0,"turns":6.0},{"damage":75,"enemies":"Awakened One","floor":50,"turns":7}],"seed_played":"4364689785920987254","potions_obtained":[{"floor":2.0,"key":"Guardian:BlockOnCardUsePotion"},{"floor":5.0,"key":"FearPotion"},{"floor":7.0,"key":"CultistPotion"},{"floor":17.0,"key":"BlessingOfTheForge"},{"floor":25.0,"key":"Fire Potion"},{"floor":31.0,"key":"champ:CounterPotion"},{"floor":33.0,"key":"ColorlessPotion"},{"floor":46.0,"key":"champ:CounterPotion"},{"floor":47.0,"key":"bronze:BurnAndBuffPotion"}],"is_trial":false,"path_per_floor":["M","M","M","?","M","R","E","M","T","$","R","?","R","?","R","B",null,"M","?","M","M","M","R","M","M","T","R","$","?","$","M","R","B",null,"M","?","M","?","?","R","M","$","T","R","M","E","M","AVR","R","B"],"character_chosen":"THE_SILENT","items_purchased":["Grinning Jar","Deadly Poison","Catalyst","Poisoned Stab+1","Strawberry","Replay:Mystery Machine","Fire Potion","PanicButton"],"campfire_rested":5,"item_purchase_floors":[10,28,28,28,28,28,30,42],"current_hp_per_floor":[61,56,55,55,52,52,46,36,36,36,36,41,41,29,29,11,64,54,39,35,33,27,52,48,36,36,61,68,68,68,68,92,72,87,71,71,59,59,59,59,44,44,44,71,63,62,41,41,68,0,0],"gold":149,"neow_bonus":"RANDOM_COMMON_RELIC","is_daily":false,"chose_seed":false,"campfire_upgraded":4,"win_rate":0.0,"timestamp":1613973271,"path_taken":["M","M","M","?","M","R","E","M","T","$","R","?","R","?","R","BOSS","M","?","M","M","M","R","M","M","T","R","$","?","?","M","R","BOSS","M","?","?","?","?","R","M","$","T","R","M","E","M","AVR","R","BOSS"],"items_purchased_type":["Relic","Card","Card","Card","Relic","Relic","Potion","Card"],"build_version":"2020-12-22","purchased_purges":3,"victory":false,"max_hp_per_floor":[70,70,70,70,70,70,70,70,70,70,70,75,75,75,75,75,80,80,85,85,85,85,85,85,85,85,85,92,92,92,92,92,92,92,92,92,92,92,92,92,92,92,92,92,92,92,92,92,92,92,92],"card_choices":[{"not_picked":["Replay:Poison Smokescreen","Dagger Throw","Deflect"],"picked":"SKIP","floor":1.0},{"not_picked":["Sucker Punch","Bane","Dodge and Roll"],"picked":"SKIP","floor":2.0},{"not_picked":["Outmaneuver","Dagger Throw","Hidden Blade"],"picked":"SKIP","floor":3.0},{"not_picked":["Endless Agony","Cloak And Dagger","Backflip"],"picked":"SKIP","floor":5.0},{"not_picked":["Acrobatics","Riddle With Holes"],"picked":"Bane","floor":7.0},{"not_picked":["ReplayTheSpireMod:Shiv Toss","Fluid Movement"],"picked":"Blade Dance","floor":8.0},{"not_picked":["Glass Knife","ReplayTheSpireMod:Necrosis"],"picked":"Adrenaline","floor":16.0},{"not_picked":["Outmaneuver","Prepared"],"picked":"Dagger Spray","floor":18.0},{"not_picked":["Leg Sweep","Blur+1","Bane"],"picked":"SKIP","floor":20.0},{"not_picked":["Escape Plan","Calculated Gamble+1"],"picked":"Blade Dance","floor":21.0},{"not_picked":["Leg Sweep","Skewer","ReplayTheSpireMod:Exploit Weakness"],"picked":"SKIP","floor":22.0},{"not_picked":["PiercingWail","Prepared","Dodge and Roll"],"picked":"SKIP","floor":24.0},{"not_picked":["Dagger Throw","Tactician"],"picked":"Deadly Poison","floor":25.0},{"not_picked":["Riddle With Holes","Dagger Throw+1"],"picked":"Bullet Time","floor":29.0},{"not_picked":["Dagger Throw","Sucker Punch+1"],"picked":"Bane+1","floor":29.0},{"not_picked":["Dagger Spray","Sneak Up","Quick Slash"],"picked":"SKIP","floor":31.0},{"not_picked":["ReplayTheSpireMod:Necrosis","Malaise"],"picked":"A Thousand Cuts","floor":33.0},{"not_picked":["Tactician+1"],"picked":"SKIP","floor":35.0},{"not_picked":[],"picked":"Sucker Punch+1","floor":37.0},{"not_picked":["Underhanded Strike"],"picked":"SKIP","floor":41.0},{"not_picked":["Acrobatics"],"picked":"Catalyst+1","floor":45.0},{"not_picked":["A Thousand Cuts","Outmaneuver"],"picked":"SKIP","floor":46.0},{"not_picked":["Dodge and Roll+1"],"picked":"Escape Plan","floor":47.0}],"player_experience":466830,"relics_obtained":[{"floor":1.0,"key":"LetterFromLob"},{"floor":7.0,"key":"infinitespire:Satchel"},{"floor":9.0,"key":"Snake Skull"},{"floor":15.0,"key":"SSSystem"},{"floor":26.0,"key":"LastBattle"},{"floor":43.0,"key":"Question Card"},{"floor":46.0,"key":"Runesmith:Locket"}],"event_choices":[{"damage_healed":0.0,"max_hp_gain":5.0,"max_hp_loss":0.0,"gold_gain":0.0,"event_name":"Big Fish","player_choice":"Donut","floor":12.0,"gold_loss":0.0,"damage_taken":0.0},{"damage_healed":0.0,"max_hp_gain":0.0,"max_hp_loss":0.0,"gold_gain":0.0,"event_name":"Scrap Ooze","player_choice":"Success","floor":14.0,"gold_loss":0.0,"damage_taken":12.0,"relics_obtained":["MawBank"]},{"damage_healed":0.0,"max_hp_gain":5.0,"max_hp_loss":0.0,"gold_gain":0.0,"event_name":"Forgotten Altar","player_choice":"Shed Blood","floor":19.0,"gold_loss":0.0,"damage_taken":20.0},{"cards_removed":["Defend_G"],"damage_healed":0.0,"max_hp_gain":0.0,"max_hp_loss":0.0,"gold_gain":0.0,"event_name":"Purifier","player_choice":"Purged","floor":36.0,"gold_loss":0.0,"damage_taken":0.0},{"cards_removed":["Pot Of Greed"],"damage_healed":0.0,"max_hp_gain":0.0,"max_hp_loss":0.0,"gold_gain":0.0,"event_name":"Falling","player_choice":"Removed Skill","floor":38.0,"gold_loss":0.0,"damage_taken":0.0},{"damage_healed":0.0,"max_hp_gain":0.0,"max_hp_loss":0.0,"gold_gain":0.0,"event_name":"Mysterious Sphere","player_choice":"Ignored","floor":39.0,"gold_loss":0.0,"damage_taken":0.0}],"is_beta":false,"boss_relics":[{"not_picked":["Replay:Bronze Core","Empty Cage"],"picked":"Tiny House"},{"not_picked":["Ring of Chaos","Replay:Wanted Poster"],"picked":"Busted Crown"}],"items_purged_floors":[28,42,48],"is_endless":false,"potions_floor_spawned":[2,5,7,25,31,33,46,47],"killed_by":"Awakened One","ascension_level":8}}