{"host":"126yiuos2nq86se7","time":1613975471,"event":{"mods":["2.2 Compatiblity","AchievementEnabler","Act Like it!","BaseMod","Colored Map","Colored Powertips","Friendly Minions","Hermit","Highlight Path","KomeijiMod","Minty Spire (QoL Compilation)","StSLib","SuperFastMode","The Bug Knight","The Hierophant"],"gold_per_floor":[212,212,65,65,74,74,98,98,98,98,98,97,23,27,27,108,108,101,101,1,1,14,14,49,49,76,112,112,112,107,26,26,14,14],"floor_reached":33,"language":"ENG","playtime":832,"items_purged":["hierophant:ChurchCoffers","hierophant:Strike_Hierophant"],"score":270,"play_id":"e877303b-53d8-4404-9e65-02b32c174f91","local_time":"20210222173111","is_ascension_mode":false,"campfire_choices":[{"data":"hierophant:Glossolalia","floor":6,"key":"SMITH"},{"floor":8,"key":"REST"},{"floor":10,"key":"REST"},{"data":"hierophant:Refuge","floor":15,"key":"SMITH"},{"floor":23,"key":"REST"},{"floor":25,"key":"REST"},{"floor":32,"key":"REST"}],"circlet_count":0,"master_deck":["hierophant:Strike_Hierophant","hierophant:Strike_Hierophant","hierophant:Punish","hierophant:Defend_Hierophant","hierophant:Defend_Hierophant","hierophant:Defend_Hierophant","hierophant:Defend_Hierophant","hierophant:Doubloon","hierophant:Remorse","hierophant:Glossolalia+1","hierophant:Doubloon","hierophant:Remorse","hierophant:Doubloon","hierophant:Refuge+1","hierophant:Charity+1","hierophant:Doubloon","hierophant:Doubloon","hierophant:Doubloon","hierophant:Doubloon","hierophant:Doubloon","hierophant:Remorse","hierophant:Doubloon","hierophant:Charity+1","Panacea","hierophant:Charity+1","hierophant:Doubloon"],"relics":["hierophant:PropheticMaskRelic","Lantern","Blood Vial","Frozen Egg 2","Fusion Hammer","Bag of Marbles"],"acts_visited":["Exordium","TheCity"],"potions_floor_usage":[16,19,33,33],"damage_taken":[{"damage":3,"enemies":"Small Slimes","floor":1,"turns":3},{"damage":0,"enemies":"Jaw Worm","floor":5,"turns":4},{"damage":39,"enemies":"3 Sentries","floor":7,"turns":7},{"damage":2,"enemies":"Cultist","floor":12,"turns":3},{"damage":9,"enemies":"Blue Slaver","floor":14,"turns":4},{"damage":19,"enemies":"Slime Boss","floor":16,"turns":7},{"damage":5,"enemies":"Chosen","floor":18,"turns":3},{"damage":0,"enemies":"2 Thieves","floor":19,"turns":1},{"damage":19,"enemies":"Centurion and Healer","floor":22,"turns":5},{"damage":21,"enemies":"Sentry and Sphere","floor":24,"turns":4},{"damage":57,"enemies":"Snecko","floor":27,"turns":8},{"damage":10,"enemies":"Cultist and Chosen","floor":30,"turns":5},{"damage":44,"enemies":"Collector","floor":33,"turns":4}],"seed_played":"1145322614818239227","potions_obtained":[{"floor":7,"key":"CalmPotion"},{"floor":12,"key":"LiquidBronze"},{"floor":18,"key":"SmokeBomb"},{"floor":27,"key":"Dexterity Potion"},{"floor":30,"key":"LiquidMemories"}],"is_trial":false,"path_per_floor":["M","?","$","?","M","R","E","R","T","R","?","M","$","M","R","B",null,"M","M","$","?","M","R","M","R","T","M","?","?","M","$","R","B"],"character_chosen":"HIEROPHANT","items_purchased":["hierophant:Glossolalia","hierophant:Charity+1","hierophant:Charity+1"],"campfire_rested":5,"item_purchase_floors":[3,13,31],"current_hp_per_floor":[72,60,60,60,60,60,21,43,43,65,75,73,73,66,66,49,75,70,72,72,72,55,75,54,75,75,18,28,28,20,20,42,0,0],"gold":14,"neow_bonus":"HUNDRED_GOLD","is_daily":false,"chose_seed":false,"campfire_upgraded":2,"win_rate":0.0,"timestamp":1613975471,"path_taken":["M","?","$","?","?","R","E","R","T","R","?","M","?","M","R","BOSS","M","M","$","?","M","R","M","R","T","?","?","?","M","$","R","BOSS"],"items_purchased_type":["Card","Card","Card"],"build_version":"2020-12-22","purchased_purges":2,"victory":false,"max_hp_per_floor":[75,75,75,75,75,75,75,75,75,75,75,75,75,75,75,75,75,75,75,75,75,75,75,75,75,75,75,75,75,75,75,75,75,75],"card_choices":[{"not_picked":["hierophant:HammerAndAnvil","hierophant:Smite"],"picked":"hierophant:Remorse","floor":1},{"not_picked":["hierophant:Bribe","hierophant:Repentance","hierophant:Blessing"],"picked":"SKIP","floor":5},{"not_picked":["hierophant:ArchangelShield","hierophant:PassingBell"],"picked":"hierophant:Refuge","floor":7},{"not_picked":["hierophant:Upheaval","hierophant:Zeal","hierophant:FieryStrike"],"picked":"SKIP","floor":12},{"not_picked":["hierophant:Shelter","hierophant:AuricShield"],"picked":"hierophant:Doubloon","floor":14},{"not_picked":["hierophant:OrnateBuckler","hierophant:FieryStrike"],"picked":"hierophant:Doubloon","floor":18},{"not_picked":["hierophant:FlamingChariot+1","hierophant:HolyVerse"],"picked":"hierophant:Doubloon","floor":22},{"not_picked":["hierophant:Embezzle","hierophant:PassingBell"],"picked":"hierophant:Remorse","floor":24},{"not_picked":["hierophant:Upheaval","hierophant:Smite"],"picked":"hierophant:Charity+1","floor":27},{"not_picked":["hierophant:Shelter","hierophant:Purify","hierophant:PassingBell"],"picked":"SKIP","floor":30}],"player_experience":1564072,"relics_obtained":[{"floor":7,"key":"Blood Vial"},{"floor":9,"key":"Frozen Egg 2"},{"floor":26,"key":"Bag of Marbles"}],"event_choices":[{"damage_healed":0,"gold_gain":0,"player_choice":"Success","damage_taken":12,"relics_obtained":["Lantern"],"max_hp_gain":0,"max_hp_loss":0,"event_name":"Scrap Ooze","floor":2,"gold_loss":0},{"damage_healed":0,"gold_gain":0,"cards_transformed":["hierophant:Strike_Hierophant"],"player_choice":"Transformed","damage_taken":0,"max_hp_gain":0,"max_hp_loss":0,"event_name":"Transmorgrifier","floor":4,"gold_loss":0,"cards_obtained":["hierophant:Remorse"]},{"damage_healed":0,"gold_gain":0,"player_choice":"Ignored","damage_taken":0,"max_hp_gain":0,"max_hp_loss":0,"event_name":"NoteForYourself","floor":21,"gold_loss":0},{"damage_healed":0,"gold_gain":0,"player_choice":"1 cards matched","damage_taken":0,"max_hp_gain":0,"max_hp_loss":0,"event_name":"Match and Keep!","floor":29,"gold_loss":0,"cards_obtained":["Panacea"]}],"is_beta":false,"boss_relics":[{"not_picked":["SlaversCollar","Cursed Key"],"picked":"Fusion Hammer"}],"items_purged_floors":[3,20],"is_endless":false,"potions_floor_spawned":[7,12,18,27,30],"killed_by":"Collector","ascension_level":0}}