{"host":"d9tpyi6mde8z2n96","time":1613957160,"event":{"mods":["100% Spire Juice","2.2 Compatiblity","A Penny For Your Troubles","AchievementEnabler","Act Like it!","AlwaysNeverKeys","Aspiration","BaseMod","Beaked The Cultist","Better Altar","Better Note","CapriCore","Challenge The Spire","Colored Map","Colored Powertips","Conspire","Dark Map","Defuse TimeMaze Blight","Dota2Spire","Elementarium","Energized Spire","Fox Events","Friendly Minions","Gensokyo","GifTheSpireLib","Gold Saver","Halation","Hermit","HololiveMod","Hubris","Hyrulean Relics","Infinite Spire","Jess\u0027s Bottle","Jorbs\u0027s Wanderer Trilogy","Marisa????????","Melee Mod","Minty Spire (QoL Compilation)","MostiFishMod","Pale of the Ancients","Permanent Neow","Potionbrewer","Quick Restart","Railgun Mod","Reliquary","Replay The Spire","Robot Space Explorer","Ruina","RumiaBox-????????","Shop Mod","Spikes Relics","StS++","StSLib","SuperFastMode","TestMod","The Alterego","The Animator","The Blue Laboratory","The Cursed","The Death Knight","The Fake Hero","The Marked","The Servant 0.9.4","The Spell Scribe","Trackpad","Transform Curses","Uncapped","Virulent Crown","Waifu the Spire","Wandering Minibosses","WarShipGirlsR/????R mod","Wide Potions","Yakumo Yukari mod"],"gold_per_floor":[100816,100816,100827,100892,100892,100892,100892],"floor_reached":6,"language":"ENG","playtime":170,"items_purged":[],"score":34,"play_id":"3f0c2943-2b1c-4fef-b4e0-28db152a7409","local_time":"20210221202600","is_ascension_mode":false,"campfire_choices":[],"circlet_count":0,"master_deck":["Moonworks:Strike","Moonworks:Strike","Moonworks:Strike","Moonworks:Strike","Moonworks:Defend","Moonworks:Defend","Moonworks:Defend","Moonworks:Defend","Moonworks:Ambush","Moonworks:LongDistanceShot","Moonworks:SakisCookie","Moonworks:x16BigRocket","Moonworks:IndiscriminateFireSupport","Moonworks:ImOnFire","Moonworks:DeployBits","Moonworks:x16BigRocket","Moonworks:DeployBits"],"relics":["Moonworks:BrokenBomb","Moonworks:Homemark","Ring of Chaos","testmod-TestBox","DaveBox","testmod-DragonStarHat","BrkXgEgg","SynthV:TestCard"],"acts_visited":["Exordium"],"potions_floor_usage":[6],"damage_taken":[{"damage":0,"enemies":"Small Slimes","floor":1,"turns":3},{"damage":4,"enemies":"Jaw Worm","floor":3,"turns":3},{"damage":65,"enemies":"Lagavulin","floor":6,"turns":6}],"seed_played":"-335235691801068313","potions_obtained":[{"floor":3,"key":"blueLaboratory:NullPotion"}],"is_trial":true,"path_per_floor":["M","?","M","?","?","E"],"character_chosen":"THE_STARBREAKER","items_purchased":[],"campfire_rested":0,"item_purchase_floors":[],"current_hp_per_floor":[60,60,60,60,60,0,0],"gold":100892,"neow_bonus":"","is_daily":false,"chose_seed":false,"campfire_upgraded":0,"win_rate":0.0,"timestamp":1613957160,"path_taken":["M","?","M","?","?","E"],"items_purchased_type":[],"build_version":"2020-12-22","purchased_purges":0,"victory":false,"max_hp_per_floor":[60,60,60,60,60,60,60],"card_choices":[{"not_picked":["Moonworks:CloudOfSeagulls","Moonworks:BackdoorTrade"],"picked":"Moonworks:SakisCookie","floor":1},{"not_picked":["Moonworks:ImmovableObject","Moonworks:DevilHand","Moonworks:MiracleWalker","Moonworks:DeployBits"],"picked":"Moonworks:x16BigRocket","floor":3}],"player_experience":1125431,"relics_obtained":[{"floor":1,"key":"SynthV:TestCard"}],"event_choices":[{"damage_healed":0,"gold_gain":65,"player_choice":"Gained Gold","damage_taken":0,"max_hp_gain":0,"max_hp_loss":0,"event_name":"Golden Wing","floor":4,"gold_loss":0}],"is_beta":false,"boss_relics":[],"items_purged_floors":[],"is_endless":false,"potions_floor_spawned":[3],"killed_by":"Lagavulin","ascension_level":0}}