{"host":"8d3fefv2347kqkpz","time":1613969791,"event":{"mods":["AchievementEnabler","BaseMod","Better Vampires","BetterRewards","Colored Map","Colored Powertips","Downfall","Emptier Cage","Highlight Path","Marked Mod","Minty Spire (QoL Compilation)","Permanent Neow","Quick Restart","Rare Cards Sparkle","Relic Stats","Say the Spire","Spicy Shops","StSLib","Waifu the Spire"],"gold_per_floor":[118,133,153,165,175,175,208,208,208,208,79,96,128,128,128,229,229,246,246,49,69,83,108,118,118,118,131,56,56,56],"floor_reached":29,"language":"ZHS","playtime":841,"items_purged":["Strike_B","Defend_B"],"score":282,"play_id":"e61a373d-2b17-4e44-aa48-ea10bebc09ea","local_time":"20210222125631","is_ascension_mode":false,"campfire_choices":[{"data":"Conserve Battery","floor":6.0,"key":"SMITH"},{"floor":8.0,"key":"REST"},{"floor":15.0,"key":"REST"},{"floor":25,"key":"RECALL"}],"circlet_count":0,"master_deck":["Strike_B","Defend_B","Defend_B","Zap","Dualcast+1","Bandage Up","Turbo","Conserve Battery+1","Gash","Gash+1","Gash","BootSequence","Gash","Reinforced Body","Electrodynamics","Seek+1","Steam Power+1","Machine Learning","Leap","Leap+1","Meteor Strike"],"relics":["Cracked Core","Bag of Preparation","Ice Cream","Astrolabe","Membership Card","StrikeDummy","Bottled Lightning"],"acts_visited":["Exordium","TheCity"],"potions_floor_usage":[29,29],"damage_taken":[{"damage":0.0,"enemies":"2 Louse","floor":1.0,"turns":2.0},{"damage":0.0,"enemies":"Small Slimes","floor":2.0,"turns":3.0},{"damage":6.0,"enemies":"Cultist","floor":3.0,"turns":4.0},{"damage":5.0,"enemies":"3 Louse","floor":4.0,"turns":3.0},{"damage":10.0,"enemies":"Looter","floor":5.0,"turns":3.0},{"damage":48.0,"enemies":"Gremlin Nob","floor":7.0,"turns":5.0},{"damage":0.0,"enemies":"2 Fungi Beasts","floor":12.0,"turns":2.0},{"damage":9.0,"enemies":"3 Sentries","floor":13.0,"turns":6.0},{"damage":13.0,"enemies":"Slime Boss","floor":16.0,"turns":9.0},{"damage":0.0,"enemies":"3 Byrds","floor":18.0,"turns":3.0},{"damage":5.0,"enemies":"Spheric Guardian","floor":21.0,"turns":3.0},{"damage":0.0,"enemies":"Cultist and Chosen","floor":22.0,"turns":4.0},{"damage":36,"enemies":"Gremlin Leader","floor":23,"turns":5},{"damage":7,"enemies":"3 Cultists","floor":24,"turns":3},{"damage":5,"enemies":"Snake Plant","floor":27,"turns":4},{"damage":50,"enemies":"Slavers","floor":29,"turns":4}],"seed_played":"-3144232269739322798","potions_obtained":[{"floor":7.0,"key":"SneckoOil"},{"floor":13.0,"key":"EssenceOfSteel"},{"floor":16.0,"key":"SkillPotion"},{"floor":21.0,"key":"LiquidBronze"},{"floor":22.0,"key":"AttackPotion"},{"floor":24,"key":"Swift Potion"}],"is_trial":false,"path_per_floor":["M","M","M","M","M","R","E","R","T","?","$","M","E","?","R","B",null,"M","?","$","M","M","E","M","R","T","M","$","E"],"character_chosen":"DEFECT","items_purchased":["Gash","Membership Card","Meteor Strike"],"campfire_rested":2,"item_purchase_floors":[11,20,28],"current_hp_per_floor":[75,75,69,68,62,62,14,36,36,21,21,21,16,16,38,29,75,75,75,75,70,74,39,36,36,36,35,35,0,0],"gold":56,"neow_bonus":"RANDOM_COLORLESS","is_daily":false,"chose_seed":false,"campfire_upgraded":1,"win_rate":0.0,"timestamp":1613969791,"path_taken":["M","M","M","M","M","R","E","R","T","?","$","M","E","?","R","BOSS","M","?","$","M","M","E","M","R","T","?","$","E"],"items_purchased_type":["Card","Relic","Card"],"build_version":"2020-12-22","purchased_purges":2,"victory":false,"max_hp_per_floor":[75,75,75,75,75,75,75,75,75,75,75,75,75,75,75,75,75,75,75,75,75,75,75,75,75,75,75,75,75,75],"relic_stats":{"counters":[16,63],"Astrolabe":["Seek","Steam Power","Blizzard"],"Bag of Preparation":[20],"obtain_stats":[{"Ice Cream":13,"Astrolabe":17,"Bag of Preparation":7,"Membership Card":20,"Bottled Lightning":26,"Cracked Core":0,"StrikeDummy":23},{"Ice Cream":8,"Astrolabe":9,"Bag of Preparation":6,"Membership Card":10,"Bottled Lightning":14,"Cracked Core":0,"StrikeDummy":13},{"Ice Cream":28,"Astrolabe":37,"Bag of Preparation":20,"Membership Card":40,"Bottled Lightning":55,"Cracked Core":0,"StrikeDummy":52}]},"card_choices":[{"not_picked":["Finesse","Dramatic Entrance"],"picked":"Bandage Up","floor":0.0},{"not_picked":["Rip and Tear","Ball Lightning"],"picked":"Turbo","floor":1.0},{"not_picked":["Rip and Tear","Stack"],"picked":"Conserve Battery","floor":2.0},{"not_picked":["Hologram","Cold Snap"],"picked":"Gash","floor":3.0},{"not_picked":["Cold Snap","Compile Driver"],"picked":"Gash","floor":4.0},{"not_picked":["Ball Lightning","Compile Driver"],"picked":"Gash","floor":5.0},{"not_picked":["Multi-Cast","Sweeping Beam"],"picked":"BootSequence","floor":7.0},{"not_picked":["Sweeping Beam","Capacitor","Compile Driver"],"picked":"SKIP","floor":12.0},{"not_picked":["Hologram","Barrage"],"picked":"Reinforced Body","floor":13.0},{"not_picked":["Thunder Strike","Meteor Strike"],"picked":"Electrodynamics","floor":16.0},{"not_picked":["Beam Cell","Ball Lightning","Streamline"],"picked":"SKIP","floor":18.0},{"not_picked":["Barrage","Coolheaded","Rebound"],"picked":"SKIP","floor":21.0},{"not_picked":["Redo","Coolheaded+1","Streamline"],"picked":"SKIP","floor":22.0},{"not_picked":["Stack","Conserve Battery","Turbo"],"picked":"SKIP","floor":23},{"not_picked":["FTL","Sunder"],"picked":"Leap","floor":24},{"not_picked":["Sweeping Beam+1","Defragment"],"picked":"Leap+1","floor":27}],"player_experience":509807,"relics_obtained":[{"floor":7.0,"key":"Bag of Preparation"},{"floor":13.0,"key":"Ice Cream"},{"floor":23,"key":"StrikeDummy"},{"floor":26,"key":"Bottled Lightning"}],"event_choices":[{"damage_healed":0.0,"max_hp_gain":0.0,"max_hp_loss":0.0,"gold_gain":0.0,"event_name":"Shining Light","player_choice":"Entered Light","floor":10.0,"gold_loss":0.0,"damage_taken":15.0,"cards_upgraded":["Gash","Dualcast"]},{"damage_healed":0.0,"max_hp_gain":0.0,"max_hp_loss":0.0,"gold_gain":0.0,"event_name":"Liars Game","player_choice":"Ignored","floor":14.0,"gold_loss":0.0,"damage_taken":0.0},{"damage_healed":0.0,"max_hp_gain":0.0,"max_hp_loss":0.0,"gold_gain":0.0,"cards_transformed":["Blizzard"],"event_name":"Transmorgrifier","player_choice":"Transformed","floor":19.0,"gold_loss":0.0,"damage_taken":0.0,"cards_obtained":["Machine Learning"]}],"is_beta":false,"boss_relics":[{"not_picked":["FrozenCore","Runic Dome"],"picked":"Astrolabe"}],"items_purged_floors":[11,20],"is_endless":false,"potions_floor_spawned":[7,13,16,21,22,24],"killed_by":"Slavers","ascension_level":0}}