{"host":"5nj7t8259370g0gl","time":1613988980,"event":{"mods":["AchievementEnabler","BaseMod","Bestiary","Bossed Relics","Colored Map","Colored Powertips","Displayed Cursed Tome","Minty Spire (QoL Compilation)","Permanent Neow","Relic Sorter","Shapeshifter Mod","Shop Mod","Spire Arcade","StSLib"],"gold_per_floor":[500114,500137,499375,499391,498836,498851,498883,498912,498994,498456,498474,498488,498488,498522,498522,498618,498618,498635,498550,498229,498249,498279,498317,498317,498344,498344,498344,498360,498373,498373,498392,498392,498501,498501,498520,498432,498442,498442,498146,498177,498177,498202,498202,498202,497589,497623,497623,497645,497645,497645],"floor_reached":51,"language":"ENG","playtime":12689,"items_purged":["StSShapeShifter:Guard","StSShapeShifter:ShiftingStrike","StSShapeShifter:ShiftingStrike"],"score":1182,"play_id":"5611dd6e-0cc2-4340-8980-a7232675e4cb","local_time":"20210222211620","daily_mods":["SealedDeck","Heirloom","DeadlyEvents"],"is_ascension_mode":true,"campfire_choices":[{"data":"StSShapeShifter:WolfForm","floor":13,"key":"SMITH"},{"data":"StSShapeShifter:MultiSpiritedStrike","floor":15,"key":"SMITH"},{"data":"StSShapeShifter:DragonForm","floor":24,"key":"SMITH"},{"data":"StSShapeShifter:BearForm","floor":27,"key":"SMITH"},{"data":"StSShapeShifter:SquirrelForm","floor":30,"key":"SMITH"},{"data":"StSShapeShifter:SquirrelForm","floor":32,"key":"SMITH"},{"data":"StSShapeShifter:Rabid","floor":41,"key":"SMITH"},{"data":"StSShapeShifter:RockSlide+1","floor":44,"key":"PURGE"},{"data":"StSShapeShifter:ShiftingStrike","floor":49,"key":"PURGE"}],"circlet_count":0,"master_deck":["StSShapeShifter:FallingLeaves","StSShapeShifter:MultiSpiritedStrike+1","StSShapeShifter:DeerForm","StSShapeShifter:Rabid+1","StSShapeShifter:SquirrelForm+1","StSShapeShifter:FoxForm","StSShapeShifter:WolfForm+1","StSShapeShifter:MonkeyForm","StSShapeShifter:RaptorForm+1","StSShapeShifter:SquirrelForm+1","Deep Breath","StSShapeShifter:FallingLeaves","StSShapeShifter:EagleForm+1","StSShapeShifter:MultiSpiritedStrike+1","StSShapeShifter:PorcupineForm","StSShapeShifter:DragonForm+1","StSShapeShifter:SquirrelForm+1","StSShapeShifter:BarkSkin+1","StSShapeShifter:BearForm+1","StSShapeShifter:PantherForm+1","StSShapeShifter:MultiSpiritedStrike+1","StSShapeShifter:SquirrelForm+1","StSShapeShifter:FallingLeaves"],"relics":["StSShapeShifter:AnimalHeart","StSShapeShifter:TheShapeShiftersMagnolia","Peace Pipe","Vajra","Lee\u0027s Waffle","MealTicket","Dream Catcher","StrikeDummy","Toy Ornithopter","Matryoshka","MerchantsRug","Membership Card","Kunai","Torii","Regal Pillow","StSShapeShifter:LemurHeaddress","Tiny Chest","Omamori","StSShapeShifter:LoyalLobster","TheAbacus","Molten Egg 2","FossilizedHelix","Blood Vial","Pantograph","Whetstone","Tiny House","Pocketwatch","Bag of Preparation","Bottled Tornado","Ginger","Bag of Marbles","Medical Kit","Pen Nib","Orichalcum","The Courier","CeramicFish","StSShapeShifter:FruitTree","Sling","StSShapeShifter:BeastkeepersGift","Oddly Smooth Stone","PreservedInsect","Bottled Lightning","War Paint","StSShapeShifter:EmeraldPantherFigurine","Centennial Puzzle"],"acts_visited":["Exordium","TheCity","TheBeyond"],"potions_floor_usage":[6,7,12,28,31,37,50,50],"damage_taken":[{"damage":0,"enemies":"Cultist","floor":1,"turns":2},{"damage":14,"enemies":"2 Louse","floor":2,"turns":2},{"damage":12,"enemies":"Jaw Worm","floor":4,"turns":2},{"damage":0,"enemies":"Red Slaver","floor":6,"turns":1},{"damage":14,"enemies":"Gremlin Nob","floor":7,"turns":2},{"damage":9,"enemies":"3 Sentries","floor":8,"turns":2},{"damage":0,"enemies":"Blue Slaver","floor":11,"turns":2},{"damage":12,"enemies":"Lots of Slimes","floor":12,"turns":2},{"damage":6,"enemies":"Lagavulin","floor":14,"turns":3},{"damage":0,"enemies":"Slime Boss","floor":16,"turns":3},{"damage":35,"enemies":"Shell Parasite","floor":18,"turns":3},{"damage":13,"enemies":"2 Thieves","floor":21,"turns":3},{"damage":5,"enemies":"Book of Stabbing","floor":22,"turns":3},{"damage":0,"enemies":"Gremlin Leader","floor":23,"turns":3},{"damage":0,"enemies":"Book of Stabbing","floor":25,"turns":4},{"damage":0,"enemies":"Snecko","floor":28,"turns":4},{"damage":0,"enemies":"Centurion and Healer","floor":29,"turns":2},{"damage":0,"enemies":"Shelled Parasite and Fungi","floor":31,"turns":2},{"damage":31,"enemies":"Collector","floor":33,"turns":5},{"damage":0,"enemies":"Orb Walker","floor":35,"turns":2},{"damage":19,"enemies":"3 Darklings","floor":37,"turns":3},{"damage":0,"enemies":"Reptomancer","floor":40,"turns":3},{"damage":7,"enemies":"Giant Head","floor":42,"turns":4},{"damage":0,"enemies":"Nemesis","floor":46,"turns":1},{"damage":0,"enemies":"Maw","floor":48,"turns":3},{"damage":10,"enemies":"Donu and Deca","floor":50,"turns":5}],"seed_played":"-635756625125157528","potions_obtained":[{"floor":4,"key":"DistilledChaos"},{"floor":5,"key":"DistilledChaos"},{"floor":5,"key":"AttackPotion"},{"floor":6,"key":"Regen Potion"},{"floor":7,"key":"SpeedPotion"},{"floor":14,"key":"EssenceOfSteel"},{"floor":25,"key":"Energy Potion"},{"floor":35,"key":"Weak Potion"},{"floor":40,"key":"SpeedPotion"},{"floor":48,"key":"GamblersBrew"}],"is_trial":true,"path_per_floor":["M","M","$","M","$","M","E","E","T","$","M","M","R","E","R","B",null,"M","?","$","M","E","E","R","E","T","R","M","M","R","M","R","B",null,"M","?","M","T","$","E","R","E","T","R","$","E","T","M","R","B",null],"character_chosen":"SHAPESHIFTER","items_purchased":["Vajra","Lee\u0027s Waffle","StSShapeShifter:RaptorForm","Dead Branch","MealTicket","Dream Catcher","Cauldron","Deep Breath","MerchantsRug","Membership Card","Kunai","Torii","StSShapeShifter:EagleForm","StSShapeShifter:MultiSpiritedStrike","Omamori","StSShapeShifter:LoyalLobster","TheAbacus","Ginger","Bag of Marbles","Medical Kit","CeramicFish","StSShapeShifter:FruitTree","Sling","StSShapeShifter:BeastkeepersGift","Oddly Smooth Stone","PreservedInsect","Bottled Lightning","War Paint"],"campfire_rested":0,"item_purchase_floors":[3,3,3,3,5,5,5,5,10,10,10,10,10,10,20,20,20,39,39,39,45,45,45,45,45,45,45,45],"current_hp_per_floor":[78,64,85,73,73,73,61,52,52,67,67,62,62,65,65,68,85,56,56,71,73,71,71,71,85,85,85,85,85,85,85,85,54,85,85,85,66,66,81,83,83,81,81,81,85,85,85,85,85,84],"gold":497645,"neow_bonus":"","is_daily":false,"chose_seed":false,"campfire_upgraded":7,"win_rate":0.0,"timestamp":1613988980,"path_taken":["M","M","$","M","?","?","E","?","T","$","M","M","R","E","R","BOSS","M","?","$","?","?","E","R","E","T","R","M","M","R","M","R","BOSS","M","?","M","?","$","E","R","E","T","R","$","E","?","?","R","BOSS"],"items_purchased_type":["Relic","Relic","Card","Relic","Relic","Relic","Relic","Card","Relic","Relic","Relic","Relic","Card","Card","Relic","Relic","Relic","Relic","Relic","Relic","Relic","Relic","Relic","Relic","Relic","Relic","Relic","Relic"],"build_version":"2020-12-22","purchased_purges":3,"victory":true,"max_hp_per_floor":[78,78,85,85,85,85,85,85,85,85,85,85,85,85,85,85,85,85,85,85,85,85,85,85,85,85,85,85,85,85,85,85,85,85,85,85,85,85,85,85,85,85,85,85,85,85,85,85,85,85],"card_choices":[{"not_picked":["StSShapeShifter:Mystical_Branch","StSShapeShifter:FesteringBite"],"picked":"StSShapeShifter:ShiftingStrike","floor":1},{"not_picked":["StSShapeShifter:AdaptiveStrikes","StSShapeShifter:SunflowerShuriken","StSShapeShifter:BarkSkin"],"picked":"SKIP","floor":2},{"not_picked":["StSShapeShifter:Ensconce","StSShapeShifter:Guard"],"picked":"StSShapeShifter:SquirrelForm","floor":4},{"not_picked":["StSShapeShifter:Earthquake","StSShapeShifter:BurstingSpore","StSShapeShifter:Sapling"],"picked":"SKIP","floor":6},{"not_picked":["StSShapeShifter:Ensconce","StSShapeShifter:Evolution"],"picked":"StSShapeShifter:FallingLeaves","floor":7},{"not_picked":["StSShapeShifter:Tornado","StSShapeShifter:FesteringBite"],"picked":"StSShapeShifter:ShiftingStrike","floor":8},{"not_picked":["StSShapeShifter:BaskInBloom","StSShapeShifter:Roar","StSShapeShifter:BloomingSlash"],"picked":"SKIP","floor":11},{"not_picked":["StSShapeShifter:SunflowerShuriken","StSShapeShifter:EntForm"],"picked":"StSShapeShifter:PorcupineForm","floor":12},{"not_picked":["StSShapeShifter:OwlForm","StSShapeShifter:BloomingSlash"],"picked":"StSShapeShifter:RockSlide","floor":14},{"not_picked":["StSShapeShifter:Autumn","StSShapeShifter:HydraForm"],"picked":"StSShapeShifter:DragonForm","floor":16},{"not_picked":["StSShapeShifter:Guard","StSShapeShifter:OakBlade","StSShapeShifter:Roar"],"picked":"SKIP","floor":18},{"not_picked":["StSShapeShifter:Guard","StSShapeShifter:ShiftingStrike","StSShapeShifter:ThornToss"],"picked":"SKIP","floor":21},{"not_picked":["StSShapeShifter:VineHandcuffs+1","StSShapeShifter:Bonk+1"],"picked":"StSShapeShifter:SquirrelForm","floor":22},{"not_picked":["StSShapeShifter:OakBlade+1","StSShapeShifter:BaskInBloom+1"],"picked":"StSShapeShifter:BarkSkin+1","floor":23},{"not_picked":["StSShapeShifter:Sapling","StSShapeShifter:AdaptiveStrikes+1"],"picked":"StSShapeShifter:BearForm","floor":25},{"not_picked":["StSShapeShifter:FlowerShield","StSShapeShifter:EagleForm+1","StSShapeShifter:Maul+1"],"picked":"SKIP","floor":28},{"not_picked":["StSShapeShifter:Sapling","StSShapeShifter:ThrashAbout+1","StSShapeShifter:OakBlade+1"],"picked":"SKIP","floor":29},{"not_picked":["StSShapeShifter:RatForm","StSShapeShifter:Rest+1","StSShapeShifter:VineHandcuffs+1"],"picked":"SKIP","floor":31},{"not_picked":["StSShapeShifter:BloomingSlash+1","StSShapeShifter:Garden+1"],"picked":"StSShapeShifter:PantherForm","floor":35},{"not_picked":["StSShapeShifter:ShiftingStrike+1","StSShapeShifter:TopazSkin+1","StSShapeShifter:Maul+1"],"picked":"SKIP","floor":37},{"not_picked":["StSShapeShifter:Bonk+1","StSShapeShifter:Hunt+1"],"picked":"StSShapeShifter:MultiSpiritedStrike+1","floor":40},{"not_picked":["StSShapeShifter:ThornToss+1","StSShapeShifter:RockSlide+1"],"picked":"StSShapeShifter:SquirrelForm+1","floor":42},{"not_picked":["StSShapeShifter:ClimbTree+1","StSShapeShifter:Roar","StSShapeShifter:VineHandcuffs"],"picked":"SKIP","floor":46},{"not_picked":["StSShapeShifter:WiltingWrath+1","StSShapeShifter:ShiftingStrike+1"],"picked":"StSShapeShifter:FallingLeaves","floor":48}],"player_experience":623539,"relics_obtained":[{"floor":7,"key":"StrikeDummy"},{"floor":8,"key":"Toy Ornithopter"},{"floor":9,"key":"Matryoshka"},{"floor":14,"key":"Regal Pillow"},{"floor":22,"key":"Molten Egg 2"},{"floor":23,"key":"FossilizedHelix"},{"floor":25,"key":"Blood Vial"},{"floor":26,"key":"Pantograph"},{"floor":26,"key":"Whetstone"},{"floor":38,"key":"Bag of Preparation"},{"floor":38,"key":"Bottled Tornado"},{"floor":40,"key":"Pen Nib"},{"floor":42,"key":"Orichalcum"},{"floor":43,"key":"The Courier"},{"floor":46,"key":"StSShapeShifter:EmeraldPantherFigurine"},{"floor":47,"key":"Centennial Puzzle"}],"event_choices":[{"damage_healed":0,"gold_gain":0,"player_choice":"Obtained Relic","damage_taken":0,"relics_obtained":["Tiny Chest"],"max_hp_gain":0,"max_hp_loss":0,"event_name":"Addict","floor":19,"gold_loss":85},{"damage_healed":0,"gold_gain":0,"player_choice":"Paid Gold","damage_taken":0,"relics_obtained":["Pocketwatch"],"max_hp_gain":0,"max_hp_loss":0,"event_name":"WeMeetAgain","floor":36,"gold_loss":88}],"is_beta":false,"boss_relics":[{"not_picked":["Astrolabe","SacredBark"],"picked":"StSShapeShifter:LemurHeaddress"},{"not_picked":["Calling Bell","Runic Pyramid"],"picked":"Tiny House"}],"items_purged_floors":[3,20,45],"is_endless":false,"potions_floor_spawned":[4,6,7,11,14,18,21,25,35,40,48],"ascension_level":2}}