{"host":"dr01x95rw3kaiuk5","time":1613997807,"event":{"mods":["ATMod(°¢èªMod)","Act Like it!","Arknights","BaseMod","Colored Powertips","Conspire","Energized Spire","Friendly Minions","Gensokyo","GifTheSpireLib","Kiyohime£¨Çå¼§£©","Minty Spire (QoL Compilation)","MostiFishMod","Reliquary","Replay The Spire","Shop Mod","Spicy Shops","StSLib","TestMod","UnlockEverythingMod","[IsaacMod]ÒÔÈö¼âËþ","¡¾ÒÅÎï¿¨ÅÆ¡¿REMEMod"],"gold_per_floor":[120,70,96,123,48,96,120,139,220,72,101,501,501,501,501,641,641,685,699,614,641,482,482,591,501,526,526,526,538,556,569,569,668,668,680,480,587,686,712,739,787,800,853,865,865,865,865,903,903,903],"floor_reached":51,"language":"ZHS","playtime":3563,"items_purged":["ats:Strike V","ats:Strike V","ats:Defend+1","ats:Strike G","ats:Strike S","Pride","ats:Defend+1","ats:Defend+1","ats:Defend+1"],"score":1011,"play_id":"524c514d-9748-400d-8d99-1e9df76acd31","local_time":"20210222204327","is_ascension_mode":true,"campfire_choices":[{"floor":15.0,"key":"REST"},{"data":"REME_WheelOfFate","floor":23.0,"key":"SMITH"},{"data":"ats:Volcano","floor":28.0,"key":"SMITH"},{"data":"ats:Burning Ground","floor":32.0,"key":"SMITH"},{"data":"ats:Guardian Obelisk","floor":45.0,"key":"SMITH"},{"data":"ats:Volcano","floor":49,"key":"SMITH"}],"circlet_count":1,"master_deck":["ats:Strike C+1","ats:Emotion Absorption+1","ats:Very Hot Blade+1","ats:Burning Ground+1","ats:Soul Absorption+1","ats:Ignite+1","ats:Wolf Pack","ats:Mental Burst+1","ats:Volcano+1","ats:Burning Ground+1","REME_WheelOfFate+1","ats:Guardian Obelisk+1","ats:Ignite","ats:Volcano+1","ats:Mental Burst+1","ats:Absolute Focus"],"relics":["ats:Sanity","HushsDoor","AT_ATBox","DaveBox","REME_ComplimentaryCards","HaiYi:Twilight","SalivaCoin","testmod-IndustrialRevolution","SynthV:TestCard","ats:Originium","testmod-Antiphasic","AT_GuinsooRageblade","DiscerningMonocle","Replay:Bottled Eggs","Replay:Bottled Flurry","Technique","reliquary:Buckler","testmod-Hope","testmod-OneHitWonder","White Beast Statue","Ying","Pantograph","War Paint","MerchantsRug","testmod-Nine","reliquary:HotPoker","Snack Pack","BFFS","BirthdayGift-Icosahedron","InkBottle","Nunchaku","Shuriken","reliquary:RosewoodLute","Chameleon Ring","ReplayTheSpireMod:Ninjato","reliquary:CitrusReamer","testmod-RainbowHikingShoes","Circlet","energizedSpire:NeverEndingSparkler","Membership Card","Molten Egg 2","Mercury Hourglass","ats:Ability Aura","testmod-LifeArmor","Habit","reliquary:TatteredRug","reliquary:ExpiredCoupon","ReplayFunnel","reliquary:TridentHead","Toy Ornithopter","ats:Special","Ornamental Fan","Civilization","testmod-TurbochargingSystem"],"acts_visited":["Exordium","TheCity","TheBeyond"],"potions_floor_usage":[50,50,50],"damage_taken":[{"damage":7.0,"enemies":"Jaw Worm","floor":1.0,"turns":3.0},{"damage":5.0,"enemies":"Cultist","floor":3.0,"turns":4.0},{"damage":8.0,"enemies":"2 Louse","floor":4.0,"turns":4.0},{"damage":16.0,"enemies":"Lagavulin","floor":6.0,"turns":5.0},{"damage":10.0,"enemies":"Large Slime","floor":7.0,"turns":3.0},{"damage":1.0,"enemies":"Exordium Wildlife","floor":8.0,"turns":3.0},{"damage":6.0,"enemies":"Looter","floor":11.0,"turns":3.0},{"damage":16.0,"enemies":"Hexaghost","floor":16.0,"turns":5.0},{"damage":33.0,"enemies":"Shell Parasite","floor":18.0,"turns":6.0},{"damage":0.0,"enemies":"conspire:FuzzyDice","floor":19.0,"turns":6.0},{"damage":2.0,"enemies":"Snecko","floor":21.0,"turns":4.0},{"damage":0.0,"enemies":"Slavers","floor":24.0,"turns":2.0},{"damage":0.0,"enemies":"Shelled Parasite and Fungi","floor":29.0,"turns":1.0},{"damage":0.0,"enemies":"Cultist and Chosen","floor":30.0,"turns":3.0},{"damage":0.0,"enemies":"Snake Plant","floor":31.0,"turns":2.0},{"damage":0.0,"enemies":"Champ","floor":33.0,"turns":4.0},{"damage":0.0,"enemies":"3 Shapes","floor":35.0,"turns":2.0},{"damage":0.0,"enemies":"3 Darklings","floor":37.0,"turns":1.0},{"damage":0.0,"enemies":"Spire Growth","floor":38.0,"turns":2.0},{"damage":20.0,"enemies":"Jaw Worm Horde","floor":39.0,"turns":2.0},{"damage":0.0,"enemies":"R_Hoarder","floor":40.0,"turns":2.0},{"damage":5.0,"enemies":"Sphere and 2 Shapes","floor":41.0,"turns":1.0},{"damage":0.0,"enemies":"Maw","floor":42.0,"turns":3.0},{"damage":0.0,"enemies":"Jaw Worm Horde","floor":44.0,"turns":1.0},{"damage":0,"enemies":"Donu and Deca","floor":50,"turns":2}],"seed_played":"-6686251026342817536","potions_obtained":[{"floor":1.0,"key":"ats:Burn Small Potion"},{"floor":3.0,"key":"PowerPotion"},{"floor":4.0,"key":"EntropicBrew"},{"floor":8.0,"key":"SteroidPotion"},{"floor":16.0,"key":"LiquidMemories"},{"floor":18.0,"key":"ats:Emergency Sanity Potion"},{"floor":19.0,"key":"Weak Potion"},{"floor":21.0,"key":"Weak Potion"},{"floor":24.0,"key":"ColorlessPotion"},{"floor":29.0,"key":"ats:Emergency Sanity Potion"},{"floor":31.0,"key":"Energy Potion"},{"floor":33.0,"key":"SpeedPotion"},{"floor":35.0,"key":"ColorlessPotion"},{"floor":38.0,"key":"REME_GoldPotion"},{"floor":39.0,"key":"Adrenaline Potion"},{"floor":44.0,"key":"ats:Burn Big Potion"}],"is_trial":false,"path_per_floor":["M","?","M","M","$","E","M","M","T","$","M","?","T","$","R","B",null,"M","M","?","M","$","R","E","?","T","$","R","M","M","M","R","B",null,"M","$","M","M","M","E","M","M","T","M","R","?","?","$","R","B",null],"character_chosen":"DOCTOR_CLASS","items_purchased":["DiscerningMonocle","Replay:Bottled Eggs","Replay:Bottled Flurry","REME_HandOfSuture","Technique","ats:Soul Absorption+1","PowerPotion","SkillPotion","reliquary:Buckler","testmod-OneHitWonder","White Beast Statue","Ying","Pantograph","ats:Ignite","War Paint","MerchantsRug","Snack Pack","BFFS","BirthdayGift-Icosahedron","InkBottle","Nunchaku","ats:Volcano","ats:Burning Ground","REME_WheelOfFate","FearPotion","Chameleon Ring","ReplayTheSpireMod:Ninjato","Toolbox","reliquary:CitrusReamer","Dead Branch","testmod-RainbowHikingShoes","Membership Card","Molten Egg 2","Mercury Hourglass","ats:Ability Aura","testmod-LifeArmor","Habit","ats:Special","Ornamental Fan","Civilization","testmod-TurbochargingSystem"],"campfire_rested":1,"item_purchase_floors":[10,10,10,10,10,10,10,10,10,14,14,14,14,14,14,14,22,22,22,22,22,22,22,22,22,27,27,27,27,27,27,36,36,36,36,36,36,48,48,48,48],"current_hp_per_floor":[72,72,67,59,59,43,33,32,32,32,26,26,26,26,49,58,79,46,46,46,44,44,44,79,79,79,79,79,79,79,79,79,79,79,79,79,79,79,84,84,84,84,84,84,84,84,84,84,84,86],"gold":903,"neow_bonus":"TEN_PERCENT_HP_BONUS","is_daily":false,"chose_seed":false,"campfire_upgraded":5,"win_rate":0.0,"timestamp":1613997807,"path_taken":["M","?","M","M","?","E","?","M","T","$","M","?","?","$","R","BOSS","M","M","?","?","$","R","E","?","T","$","R","M","M","?","R","BOSS","M","$","?","M","M","E","M","M","T","M","R","?","?","$","R","BOSS"],"items_purchased_type":["Relic","Relic","Relic","Relic","Relic","Card","Potion","Potion","Relic","Relic","Relic","Relic","Relic","Card","Relic","Relic","Relic","Relic","Relic","Relic","Relic","Card","Card","Card","Potion","Relic","Relic","Relic","Relic","Relic","Relic","Relic","Relic","Relic","Relic","Relic","Relic","Relic","Relic","Relic","Relic"],"build_version":"2020-12-22","purchased_purges":9,"victory":true,"max_hp_per_floor":[79,79,79,79,79,79,79,79,79,79,79,79,79,79,79,79,79,79,79,79,79,79,79,79,79,79,79,79,79,79,79,79,79,79,79,79,79,79,84,84,84,84,84,84,84,84,84,84,84,86],"card_choices":[{"not_picked":[],"picked":"ChaosCard","floor":0.0},{"not_picked":["ats:Defend Order","ats:Demon Strength","ats:Support Order"],"picked":"SKIP","floor":1.0},{"not_picked":["ats:Counter Healing Mode","ats:Sashimi Platter","ats:Red Shift","ats:Revitalization"],"picked":"Bomb","floor":3.0},{"not_picked":["ats:Curse Doll","ats:Steam Pump","ats:Automatic Cover","ats:Assault Order"],"picked":"ats:Very Hot Blade","floor":4.0},{"not_picked":["ats:Closed Bolt Burst Fire","ats:Hammer On","ats:Powerful Strike","ats:Literary Storm","ats:Poison Spread"],"picked":"SKIP","floor":6.0},{"not_picked":["ats:Spore Proliferation","ats:Very Hot Blade","ats:Leaping Hammer","ats:Apocalypse"],"picked":"ats:Burning Ground","floor":7.0},{"not_picked":["ats:Absolute Focus","ats:Curse Doll","ats:Sashimi Platter","ats:Defend Order","ats:Shell Defense"],"picked":"SKIP","floor":8.0},{"not_picked":["ats:Charging Defense","ats:Defend Order","ats:Roar Of Ursus","ats:Thermite Blade","ats:Flexible Camouflage"],"picked":"SKIP","floor":11.0},{"not_picked":["ats:Ambush","ats:Soul Rend","ats:Shadow Assault","ats:Durian"],"picked":"ats:Wolf Pack","floor":16.0},{"not_picked":["ats:Cat Scratch","ats:Beaten Up","ats:Leaping Hammer","ats:Overload","ats:Neurotoxin"],"picked":"SKIP","floor":18.0},{"not_picked":["ats:Apocalypse+1","ats:Explosion Area Strengthen","ats:Very Hot Blade","ats:Composite Medical Shells"],"picked":"ats:Mental Burst+1","floor":19.0},{"not_picked":["ats:Powerful Strike","ats:Guard Mode+1","ats:Hammer On+1","ats:Blood Oath","ats:Sword Rain+1"],"picked":"SKIP","floor":21.0},{"not_picked":["ats:Assault Order","ats:Support Order+1","ats:Guard Mode","ats:Mental Burst"],"picked":"ats:Guardian Obelisk","floor":24.0},{"not_picked":["ats:Leaping Hammer","ats:Explosion Area Strengthen","ats:Part Time Job+1","ats:Song Of Battle"],"picked":"ats:Ignite","floor":29.0},{"not_picked":["ats:Curse Doll","ats:Explosion Area Strengthen","ats:Guard Mode","ats:Leaping Hammer+1","ats:Support Order"],"picked":"SKIP","floor":30.0},{"not_picked":["ats:True Silver Slash","ats:Revitalization+1","ats:Serious Mode","ats:Directed Diagnosis+1","ats:Assault Order"],"picked":"SKIP","floor":31.0},{"not_picked":["ats:Dogmatic Field","ats:Nebulous Foxfire","ats:Roar Of Ursus","ats:True Silver Slash"],"picked":"ats:Volcano","floor":33.0},{"not_picked":["ats:Leaping Hammer","ats:Poison Spread+1","ats:LN2 Cannon+1","ats:Very Hot Blade"],"picked":"ats:Mental Burst+1","floor":35.0},{"not_picked":["ats:Defend Order","ats:Hammer On+1","ats:Assault Order","ats:Encircling Forest","ats:Healing Strengthening+1"],"picked":"SKIP","floor":37.0},{"not_picked":["ats:Poison Spread+1","ats:Consecutive Shot Auto+1","ats:Apocalypse","ats:Curse Doll","ats:Assault Order"],"picked":"SKIP","floor":38.0},{"not_picked":["ats:Healing Strengthening","ats:Cat Scratch+1","ats:Ignite+1","ats:Shell Defense","ats:Revitalization"],"picked":"SKIP","floor":39.0},{"not_picked":["ats:Shadow Assault+1","ats:Counter Healing Mode+1","ats:Automatic Cover","ats:Closed Bolt Burst Fire+1","ats:Durian"],"picked":"SKIP","floor":40.0},{"not_picked":["ats:Charging Defense+1","ats:Flexible Camouflage+1","ats:Cat Scratch+1","ats:Assault Order","ats:Powerful Strike+1"],"picked":"SKIP","floor":41.0},{"not_picked":["ats:Very Hot Blade+1","ats:Apocalypse","ats:Absolute Focus","ats:Blood Oath+1","ats:Automatic Cover"],"picked":"SKIP","floor":42.0},{"not_picked":["ats:Spore Proliferation+1","ats:Soul Absorption+1","ats:Shell Defense+1","ats:Literary Storm","ats:Leaping Hammer+1"],"picked":"SKIP","floor":44.0}],"player_experience":241976,"relics_obtained":[{"floor":1.0,"key":"SynthV:TestCard"},{"floor":6.0,"key":"ats:Originium"},{"floor":6.0,"key":"testmod-Antiphasic"},{"floor":9.0,"key":"AT_GuinsooRageblade"},{"floor":13.0,"key":"testmod-Hope"},{"floor":24.0,"key":"ats:Originium"},{"floor":24.0,"key":"Shuriken"},{"floor":26.0,"key":"reliquary:RosewoodLute"},{"floor":40.0,"key":"ats:Originium"},{"floor":40.0,"key":"reliquary:TridentHead"},{"floor":43.0,"key":"Toy Ornithopter"}],"event_choices":[{"damage_healed":0.0,"max_hp_gain":0.0,"max_hp_loss":0.0,"gold_gain":400.0,"event_name":"¶÷ÂåË¹µÄÅÌ×Ó","player_choice":"Sell","floor":12.0,"relics_lost":["testmod-TestBox"],"gold_loss":0.0,"damage_taken":0.0},{"damage_healed":0.0,"max_hp_gain":0.0,"max_hp_loss":0.0,"gold_gain":0.0,"event_name":"Addict","player_choice":"Obtained Relic","floor":20.0,"gold_loss":85.0,"damage_taken":0.0,"relics_obtained":["reliquary:HotPoker"]},{"cards_removed":["ats:Armor Crushing Shot"],"damage_healed":0.0,"max_hp_gain":0.0,"max_hp_loss":0.0,"gold_gain":0.0,"event_name":"Designer","player_choice":"Upgrade and Remove","floor":25.0,"gold_loss":90.0,"damage_taken":0.0,"cards_upgraded":["ats:Ignite"]},{"damage_healed":0,"gold_gain":0,"player_choice":"1 cards matched","damage_taken":0,"max_hp_gain":0,"max_hp_loss":0,"event_name":"Match and Keep!","floor":46,"gold_loss":0,"cards_obtained":["ats:Absolute Focus"]},{"damage_healed":0,"gold_gain":0,"player_choice":"Leave","damage_taken":0,"max_hp_gain":0,"max_hp_loss":0,"event_name":"conspire:Investor","floor":47,"gold_loss":0}],"is_beta":false,"boss_relics":[{"not_picked":["Fusion Hammer","ChampionBelt"],"picked":"testmod-Nine"},{"not_picked":[]},{"not_picked":["GuanYuAspect","ChewingGum"],"picked":"energizedSpire:NeverEndingSparkler"},{"not_picked":[]}],"items_purged_floors":[5,10,14,22,22,27,36,36,48],"is_endless":false,"potions_floor_spawned":[1,3,4,8,16,18,19,21,24,29,30,31,33,35,37,38,39,40,41,42,44],"ascension_level":2}}