{"host":"d2gh6suihlstufn7","time":1613988533,"event":{"mods":["AchievementEnabler","BaseMod","Colored Map","Colored Powertips","Minty Spire (QoL Compilation)","Permanent Neow","Quick Restart"],"gold_per_floor":[115,130,130,130,130,130,148,167,167,180,180,199,210,224,224,224,224],"floor_reached":16,"language":"KOR","playtime":416,"items_purged":[],"score":96,"play_id":"8128f71c-7a8b-4621-996a-74590b93beab","local_time":"20210222190853","is_ascension_mode":false,"campfire_choices":[{"data":"Bash","floor":6,"key":"SMITH"},{"floor":11,"key":"REST"},{"floor":15,"key":"REST"}],"circlet_count":0,"master_deck":["Strike_R+1","Strike_R","Strike_R","Strike_R","Strike_R","Defend_R","Defend_R","Defend_R","Defend_R","Bash+1","Dual Wield+1","Pommel Strike+1","Battle Trance+1","Flex","Ghostly Armor","Wild Strike","Ghostly Armor","Pommel Strike"],"relics":["Burning Blood","Lantern"],"acts_visited":["Exordium"],"potions_floor_usage":[10],"damage_taken":[{"damage":5,"enemies":"Cultist","floor":1,"turns":4},{"damage":3,"enemies":"Jaw Worm","floor":2,"turns":4},{"damage":13,"enemies":"2 Louse","floor":7,"turns":2},{"damage":8,"enemies":"Lots of Slimes","floor":8,"turns":4},{"damage":35,"enemies":"Gremlin Gang","floor":10,"turns":4},{"damage":10,"enemies":"Looter","floor":12,"turns":3},{"damage":8,"enemies":"Red Slaver","floor":13,"turns":3},{"damage":13,"enemies":"2 Fungi Beasts","floor":14,"turns":4},{"damage":51,"enemies":"Slime Boss","floor":16,"turns":8}],"seed_played":"3084472187840447371","potions_obtained":[{"floor":7,"key":"LiquidBronze"},{"floor":10,"key":"Dexterity Potion"},{"floor":14,"key":"SteroidPotion"}],"is_trial":false,"path_per_floor":["M","M","?","?","?","R","M","M","T","M","R","M","M","M","R","B"],"character_chosen":"IRONCLAD","items_purchased":[],"campfire_rested":2,"item_purchase_floors":[],"current_hp_per_floor":[80,80,64,64,64,64,57,55,55,26,50,46,44,37,61,10,10],"gold":224,"neow_bonus":"THREE_CARDS","is_daily":false,"chose_seed":false,"campfire_upgraded":1,"win_rate":0.0,"timestamp":1613988533,"path_taken":["M","?","?","?","?","R","M","?","T","M","R","M","M","M","R","BOSS"],"items_purchased_type":[],"build_version":"2020-12-22","purchased_purges":0,"victory":false,"max_hp_per_floor":[80,80,80,80,80,80,80,80,80,80,80,80,80,80,80,80,80],"card_choices":[{"not_picked":["Uppercut","Havoc"],"picked":"Dual Wield","floor":0},{"not_picked":["Iron Wave","Evolve"],"picked":"Pommel Strike","floor":1},{"not_picked":["Havoc","Iron Wave"],"picked":"Battle Trance","floor":2},{"not_picked":["Heavy Blade","Flame Barrier"],"picked":"Flex","floor":7},{"not_picked":["Sword Boomerang","Battle Trance"],"picked":"Ghostly Armor","floor":8},{"not_picked":["Havoc","Warcry"],"picked":"Wild Strike","floor":10},{"not_picked":["Fiend Fire","Cleave","Shrug It Off"],"picked":"SKIP","floor":12},{"not_picked":["Rage","Flex"],"picked":"Ghostly Armor","floor":13},{"not_picked":["Ghostly Armor","Anger"],"picked":"Pommel Strike","floor":14}],"player_experience":188688,"relics_obtained":[{"floor":9,"key":"Lantern"}],"event_choices":[{"damage_healed":0,"gold_gain":0,"player_choice":"Entered Light","damage_taken":16,"max_hp_gain":0,"max_hp_loss":0,"event_name":"Shining Light","floor":3,"gold_loss":0,"cards_upgraded":["Pommel Strike","Strike_R"]},{"damage_healed":0,"gold_gain":0,"player_choice":"Grow","damage_taken":0,"max_hp_gain":0,"max_hp_loss":0,"event_name":"Living Wall","floor":4,"gold_loss":0,"cards_upgraded":["Dual Wield"]},{"damage_healed":0,"gold_gain":0,"player_choice":"Forge","damage_taken":0,"max_hp_gain":0,"max_hp_loss":0,"event_name":"Accursed Blacksmith","floor":5,"gold_loss":0,"cards_upgraded":["Battle Trance"]}],"is_beta":false,"boss_relics":[],"items_purged_floors":[],"is_endless":false,"potions_floor_spawned":[7,10,14],"killed_by":"Slime Boss","ascension_level":0}}