{"host":"ymmeoa1x24ihslbm","time":1613954733,"event":{"mods":["AchievementEnabler","BaseMod","Colored Map","Colored Powertips","Defuse TimeMaze Blight","Highlight Path","Minty Spire (QoL Compilation)","Permanent Neow","Quick Restart","StSLib","The Senshi","Unceasing Turn Reminder"],"gold_per_floor":[113,131,149,166,177,177,197,197,197,210,210,58,58,83,83,188,188,202,212,232,192,203,203,232,232,232,258,270,314,30,41,41,136,136,155,155,155,172,182,182,198,198,198,198,223,18,35,66,66,66],"floor_reached":51,"language":"ENG","playtime":3806,"items_purged":["theSenshi:SailorKick"],"score":1091,"play_id":"c57717b9-993d-485f-9cc6-9b5badf4ad85","local_time":"20210222014533","is_ascension_mode":true,"campfire_choices":[{"data":"theSenshi:SailorNeptuneAssists","floor":6.0,"key":"SMITH"},{"data":"theSenshi:MoonTiaraMagic","floor":8.0,"key":"SMITH"},{"data":"theSenshi:SailorVenusAssists","floor":11.0,"key":"SMITH"},{"data":"theSenshi:SailorPlanetAttack","floor":13.0,"key":"SMITH"},{"data":"theSenshi:VenusGlamour","floor":15.0,"key":"SMITH"},{"data":"theSenshi:MoonCrisisMakeUp","floor":23,"key":"SMITH"},{"data":"theSenshi:SailorBlock","floor":25,"key":"SMITH"},{"data":"theSenshi:RoseThrow","floor":28,"key":"SMITH"},{"data":"theSenshi:SailorMercuryAssists","floor":32,"key":"SMITH"},{"data":"theSenshi:StarlightHoneymoonTherapyKiss","floor":40,"key":"SMITH"},{"data":"theSenshi:InTheNickOfTime","floor":42,"key":"SMITH"},{"data":"theSenshi:MoonHealingEscalation","floor":44,"key":"SMITH"},{"data":"theSenshi:SailorMarsAssists","floor":49,"key":"SMITH"}],"circlet_count":0,"master_deck":["theSenshi:SailorKick+1","theSenshi:SailorKick","theSenshi:SailorKick","theSenshi:SailorBlock+1","theSenshi:SailorBlock+1","theSenshi:SailorBlock+1","theSenshi:RoseThrow+1","theSenshi:MoonPrismPowerMakeUp","theSenshi:MoonTiaraMagic+1","theSenshi:VenusGlamour+1","theSenshi:SailorNeptuneAssists+1","theSenshi:SailorPlanetAttack+1","theSenshi:SailorVenusAssists+1","theSenshi:IWillPunishYou+1","theSenshi:MoonCrisisMakeUp+1","theSenshi:SailorMarsAssists+1","theSenshi:SailorMercuryAssists+1","theSenshi:InTheNickOfTime+1","theSenshi:StarlightHoneymoonTherapyKiss+1","theSenshi:SailorChibiMoonAssists","theSenshi:MoonHealingEscalation+1","theSenshi:UranusStrength+1"],"relics":["theSenshi:TransformationBroochRelic","theSenshi:TiaraRelic","War Paint","theSenshi:CrystalStarRelic","Coffee Dripper","Pocketwatch","theSenshi:RoseRelic","MawBank","Mummified Hand","theSenshi:TransformationPenRelic","theSenshi:EternalSailorFukuRelic","Smiling Mask","Frozen Egg 2","Nunchaku","HandDrill","Bronze Scales"],"acts_visited":["Exordium","TheCity","TheBeyond"],"potions_floor_usage":[19,27,29,33,48,50,50,50],"damage_taken":[{"damage":1.0,"enemies":"Cultist","floor":1.0,"turns":4.0},{"damage":1.0,"enemies":"2 Louse","floor":2.0,"turns":2.0},{"damage":6.0,"enemies":"Jaw Worm","floor":3.0,"turns":3.0},{"damage":12.0,"enemies":"Exordium Thugs","floor":4.0,"turns":4.0},{"damage":12.0,"enemies":"Large Slime","floor":5.0,"turns":6.0},{"damage":0.0,"enemies":"Looter","floor":7.0,"turns":4.0},{"damage":6.0,"enemies":"Exordium Wildlife","floor":10.0,"turns":3.0},{"damage":6.0,"enemies":"Slime Boss","floor":16.0,"turns":8.0},{"damage":0,"enemies":"Chosen","floor":18,"turns":4},{"damage":11,"enemies":"2 Thieves","floor":19,"turns":3},{"damage":11,"enemies":"Sentry and Sphere","floor":20,"turns":5},{"damage":5,"enemies":"Centurion and Healer","floor":22,"turns":6},{"damage":30,"enemies":"Gremlin Leader","floor":24,"turns":6},{"damage":18,"enemies":"Book of Stabbing","floor":27,"turns":6},{"damage":9,"enemies":"Gremlin Leader","floor":29,"turns":5},{"damage":0,"enemies":"3 Cultists","floor":31,"turns":5},{"damage":56,"enemies":"Champ","floor":33,"turns":9},{"damage":38,"enemies":"3 Darklings","floor":35,"turns":8},{"damage":1,"enemies":"3 Shapes","floor":38,"turns":8},{"damage":32,"enemies":"Sphere and 2 Shapes","floor":39,"turns":11},{"damage":8,"enemies":"Writhing Mass","floor":41,"turns":5},{"damage":40,"enemies":"Giant Head","floor":45,"turns":10},{"damage":14,"enemies":"4 Shapes","floor":47,"turns":10},{"damage":13,"enemies":"Reptomancer","floor":48,"turns":6},{"damage":38,"enemies":"Donu and Deca","floor":50,"turns":7}],"seed_played":"1427623356813984158","potions_obtained":[{"floor":2.0,"key":"Explosive Potion"},{"floor":3.0,"key":"CultistPotion"},{"floor":7.0,"key":"FearPotion"},{"floor":10.0,"key":"Energy Potion"},{"floor":18,"key":"EssenceOfSteel"},{"floor":24,"key":"SpeedPotion"},{"floor":27,"key":"SmokeBomb"},{"floor":29,"key":"SkillPotion"},{"floor":45,"key":"Dexterity Potion"},{"floor":47,"key":"ColorlessPotion"},{"floor":48,"key":"Dexterity Potion"}],"is_trial":false,"path_per_floor":["M","M","M","M","M","R","M","R","T","M","R","$","R","T","R","B",null,"M","M","M","?","M","R","E","R","T","E","R","E","$","M","R","B",null,"M","?","?","M","M","R","M","R","T","R","E","$","M","E","R","B",null],"character_chosen":"THE_SENSHI","items_purchased":["War Paint","theSenshi:TransformationPenRelic","theSenshi:SailorMercuryAssists","HandDrill"],"campfire_rested":0,"item_purchase_floors":[12,30,30,46],"current_hp_per_floor":[67,66,60,48,36,36,41,41,41,40,40,40,40,40,40,46,68,75,69,64,64,61,61,40,40,40,34,34,39,39,48,48,6,58,39,39,39,52,44,44,50,50,50,50,54,54,71,71,71,62],"gold":66,"neow_bonus":"TRANSFORM_CARD","is_daily":false,"chose_seed":false,"campfire_upgraded":13,"win_rate":0.0,"timestamp":1613954733,"path_taken":["M","M","?","M","M","R","M","R","T","M","R","$","R","?","R","BOSS","M","M","M","?","M","R","E","R","T","E","R","E","$","?","R","BOSS","M","?","?","M","M","R","?","R","T","R","E","$","M","E","R","BOSS"],"items_purchased_type":["Relic","Relic","Card","Relic"],"build_version":"2020-12-22","purchased_purges":1,"victory":true,"max_hp_per_floor":[75,75,75,75,75,75,75,75,75,75,75,75,75,75,75,75,75,75,75,75,75,75,75,75,75,75,75,75,75,75,75,75,75,75,75,71,71,71,71,71,71,71,71,71,71,71,71,71,71,71],"card_choices":[{"not_picked":["theSenshi:MoonPrincessHalation","theSenshi:SaturnsMystery"],"picked":"theSenshi:VenusGlamour","floor":1.0},{"not_picked":["theSenshi:RainbowMoonHeartAche","theSenshi:LateForSchool","theSenshi:MoonCosmicPowerMakeUp"],"picked":"SKIP","floor":2.0},{"not_picked":["theSenshi:SailorJupiterAssists","theSenshi:MoonCosmicPowerMakeUp"],"picked":"theSenshi:SailorNeptuneAssists","floor":3.0},{"not_picked":["theSenshi:MoonKick","theSenshi:GatheringStrength","theSenshi:MoonCrystalPowerMakeUp"],"picked":"SKIP","floor":4.0},{"not_picked":["theSenshi:MoonPunch","theSenshi:SailorPlanetPower"],"picked":"theSenshi:SailorPlanetAttack","floor":5.0},{"not_picked":["theSenshi:MoonlightKnight","theSenshi:MoonKick","theSenshi:TuxedoSmokingBomber"],"picked":"SKIP","floor":7.0},{"not_picked":["theSenshi:SchoolBag","theSenshi:SailorJupiterAssists"],"picked":"theSenshi:SailorVenusAssists","floor":10.0},{"not_picked":["theSenshi:SailorCosmosAssists","theSenshi:InTheNameOfTheMoon"],"picked":"theSenshi:IWillPunishYou","floor":16.0},{"not_picked":["theSenshi:Sidestep","theSenshi:TuxedoSmokingBomber+1","theSenshi:RainbowMoonHeartAche"],"picked":"SKIP","floor":18},{"not_picked":["theSenshi:TallSilhouette","theSenshi:GatheringStrength","theSenshi:EncouragingSpeech"],"picked":"SKIP","floor":19},{"not_picked":["theSenshi:EncouragingSpeech","theSenshi:SailorVenusAssists","theSenshi:MercurysCunning"],"picked":"SKIP","floor":20},{"not_picked":["theSenshi:SailorVenusAssists+1","theSenshi:GatheringStrength"],"picked":"theSenshi:MoonCrisisMakeUp","floor":22},{"not_picked":["theSenshi:HesSoDreamy","theSenshi:MarsPride","theSenshi:Overload"],"picked":"SKIP","floor":24},{"not_picked":["theSenshi:EncouragingSpeech+1","theSenshi:LunaSensingAllies","theSenshi:SupersonicWaves"],"picked":"SKIP","floor":27},{"not_picked":["theSenshi:EncouragingSpeech","theSenshi:SteeledNerves"],"picked":"theSenshi:SailorMarsAssists","floor":29},{"not_picked":["theSenshi:KlutzyLuck","theSenshi:SailorJupiterAssists"],"picked":"theSenshi:InTheNickOfTime","floor":31},{"not_picked":["theSenshi:IWillPunishYou","theSenshi:SailorStarHealerAssists"],"picked":"theSenshi:StarlightHoneymoonTherapyKiss","floor":33},{"not_picked":["theSenshi:SupersonicWaves+1","theSenshi:LunasBite+1","theSenshi:OdangoHead"],"picked":"SKIP","floor":35},{"not_picked":["theSenshi:TuxedoSmokingBomber","theSenshi:PlutosSolemnity+1"],"picked":"theSenshi:SailorChibiMoonAssists","floor":38},{"not_picked":["theSenshi:SaturnsMystery+1","theSenshi:SailorVenusAssists+1","theSenshi:Sidestep"],"picked":"SKIP","floor":39},{"not_picked":["theSenshi:EncouragingSpeech+1","theSenshi:DramaticEntrance+1"],"picked":"theSenshi:MoonHealingEscalation","floor":41},{"not_picked":["theSenshi:MoonTiaraMagic+1","theSenshi:Sidestep+1"],"picked":"theSenshi:UranusStrength+1","floor":45},{"not_picked":["theSenshi:MoonKick","theSenshi:MoonPower","theSenshi:Overload+1"],"picked":"SKIP","floor":47},{"not_picked":["theSenshi:SailorMarsAssists+1","theSenshi:TallSilhouette","theSenshi:MarsPride+1"],"picked":"SKIP","floor":48}],"player_experience":761000,"relics_obtained":[{"floor":9.0,"key":"theSenshi:TiaraRelic"},{"floor":14.0,"key":"theSenshi:CrystalStarRelic"},{"floor":24,"key":"Pocketwatch"},{"floor":26,"key":"theSenshi:RoseRelic"},{"floor":27,"key":"MawBank"},{"floor":29,"key":"Mummified Hand"},{"floor":43,"key":"Frozen Egg 2"},{"floor":45,"key":"Nunchaku"},{"floor":48,"key":"Bronze Scales"}],"event_choices":[{"damage_healed":0,"gold_gain":0,"player_choice":"Upgraded Two","damage_taken":0,"max_hp_gain":0,"max_hp_loss":0,"event_name":"Designer","floor":21,"gold_loss":40,"cards_upgraded":["theSenshi:IWillPunishYou","theSenshi:SailorKick"]},{"damage_healed":0,"gold_gain":0,"player_choice":"Max HP","damage_taken":0,"max_hp_gain":0,"max_hp_loss":4,"event_name":"Winding Halls","floor":36,"gold_loss":0},{"damage_healed":0,"gold_gain":0,"player_choice":"Gave Potion","damage_taken":0,"relics_obtained":["Smiling Mask"],"max_hp_gain":0,"max_hp_loss":0,"event_name":"WeMeetAgain","floor":37,"gold_loss":0}],"is_beta":false,"boss_relics":[{"not_picked":["theSenshi:MoonKaleidoScopeRelic","Philosopher\u0027s Stone"],"picked":"Coffee Dripper"},{"not_picked":["Runic Pyramid","Runic Dome"],"picked":"theSenshi:EternalSailorFukuRelic"}],"items_purged_floors":[46],"is_endless":false,"potions_floor_spawned":[2,3,7,10,18,24,27,29,45,47,48],"ascension_level":7}}