{"host":"5qewjvycy34u7aeo","time":1613955296,"event":{"mods":["BaseMod","Downfall","GifTheSpireLib","Hubris","Infinite Spire","Minty Spire (QoL Compilation)","Permanent Neow","Replay The Spire","StSLib","Wandering Minibosses"],"gold_per_floor":[112,62,62,24,39,39,39,70,70,89,103,114,125,153,153,251,251,251,251],"floor_reached":18,"language":"ENG","playtime":6531,"items_purged":[],"score":183,"play_id":"eb44be74-5650-4002-a93b-ef3cb6e56dc7","local_time":"20210221185456","is_ascension_mode":true,"campfire_choices":[{"data":"Neutralize","floor":6.0,"key":"SMITH"},{"data":"PiercingWail","floor":15.0,"key":"SMITH"}],"circlet_count":0,"master_deck":["Strike_G","Strike_G","Strike_G","Strike_G","Defend_G","Defend_G","Defend_G","Defend_G","Defend_G","Survivor","Neutralize+1","Cloak And Dagger","Quick Slash","PiercingWail+1","Cloak And Dagger","Sucker Punch+1","Tools of the Trade","Envenom"],"relics":["Ring of the Snake","infinitespire:Satchel","hubris:Icosahedron","Blue Candle","infinitespire:Lychee Nut","Molten Egg 2","ReplayTheSpireMod:Ninjato","Snecko Scales"],"acts_visited":["Exordium","TheCity"],"potions_floor_usage":[],"damage_taken":[{"damage":0.0,"enemies":"2 Louse","floor":1.0,"turns":3.0},{"damage":2.0,"enemies":"Small Slimes","floor":4.0,"turns":4.0},{"damage":0.0,"enemies":"Cultist","floor":5.0,"turns":4.0},{"damage":35.0,"enemies":"Lagavulin","floor":8.0,"turns":9.0},{"damage":3.0,"enemies":"Exordium Thugs","floor":10.0,"turns":5.0},{"damage":0.0,"enemies":"Looter","floor":11.0,"turns":3.0},{"damage":0.0,"enemies":"Red Slaver","floor":12.0,"turns":5.0},{"damage":0.0,"enemies":"Exordium Wildlife","floor":13.0,"turns":6.0},{"damage":14.0,"enemies":"Gremlin Nob","floor":14.0,"turns":4.0},{"damage":24,"enemies":"The Guardian","floor":16,"turns":21},{"damage":24,"enemies":"Spheric Guardian","floor":18,"turns":6}],"seed_played":"-9175802778259624405","potions_obtained":[{"floor":1.0,"key":"Weak Potion"},{"floor":8.0,"key":"Fire Potion"},{"floor":10.0,"key":"Fire Potion"},{"floor":14.0,"key":"Dexterity Potion"}],"is_trial":false,"path_per_floor":["M","?","?","M","M","R","?","E","T","M","M","M","M","E","R","B",null,"M"],"character_chosen":"THE_SILENT","items_purchased":[],"campfire_rested":0,"item_purchase_floors":[],"current_hp_per_floor":[70,70,70,68,68,68,63,28,28,31,36,42,48,38,38,20,52,29,29],"gold":251,"neow_bonus":"RANDOM_COMMON_RELIC","is_daily":false,"chose_seed":false,"campfire_upgraded":2,"win_rate":0.0,"timestamp":1613955296,"path_taken":["M","?","?","M","M","R","?","E","T","M","M","M","M","E","R","BOSS","M"],"items_purchased_type":[],"build_version":"2020-12-22","purchased_purges":0,"victory":false,"max_hp_per_floor":[70,70,70,70,70,70,70,52,52,52,52,52,52,52,52,52,52,52,52],"card_choices":[{"not_picked":["hubris:TrickCloak","Backflip"],"picked":"Cloak And Dagger","floor":1.0},{"not_picked":["Sucker Punch","Dagger Throw","Prepared"],"picked":"SKIP","floor":4.0},{"not_picked":["Underhanded Strike","Outmaneuver"],"picked":"Quick Slash","floor":5.0},{"not_picked":["Quick Slash","Prepared","hubris:TrickCloak"],"picked":"SKIP","floor":8.0},{"not_picked":["Toxin Wave","Bane+1","Heel Hook+1"],"picked":"SKIP","floor":10.0},{"not_picked":["Bouncing Flask","ReplayTheSpireMod:Shiv Toss"],"picked":"PiercingWail","floor":11.0},{"not_picked":["Prepared","hubris:SlightOfHand"],"picked":"Cloak And Dagger","floor":12.0},{"not_picked":["Deadly Poison","Calculated Gamble"],"picked":"Sucker Punch+1","floor":13.0},{"not_picked":["hubris:SlightOfHand","Calculated Gamble"],"picked":"Tools of the Trade","floor":14.0},{"not_picked":["Malaise","Die Die Die+1"],"picked":"Envenom","floor":16}],"player_experience":493315,"relics_obtained":[{"floor":8.0,"key":"infinitespire:Lychee Nut"},{"floor":9.0,"key":"Molten Egg 2"},{"floor":14.0,"key":"ReplayTheSpireMod:Ninjato"}],"event_choices":[{"cards_removed":["Strike_G"],"damage_healed":0.0,"max_hp_gain":0.0,"max_hp_loss":0.0,"gold_gain":0.0,"event_name":"The Cleric","player_choice":"Card Removal","floor":2.0,"gold_loss":50.0,"damage_taken":0.0}],"is_beta":false,"boss_relics":[{"not_picked":["Honey Jar","hubris:ScarierMask"],"picked":"Snecko Scales"}],"items_purged_floors":[],"is_endless":false,"potions_floor_spawned":[1,8,10,12,14,16],"killed_by":"Spheric Guardian","ascension_level":1}}