{"host":"fzl2gct1s6djhl0r","time":1613967919,"event":{"mods":["AchievementEnabler","Act Like it!","Aspiration","BaseMod","Colored Map","Colored Powertips","Dota2Spire","Friendly Minions","Gensokyo","GifTheSpireLib","Hallownest","Hermit","Highlight Path","KinomotoSakuraMod(木之本樱)","Koishi","Lobotomy","LobotomyExtend","Marisa（F雨　魔理沙）","Minty Spire (QoL Compilation)","Quick Restart","Rare Cards Sparkle","Relic Stats","Remilia（蕾米莉亚）","Replay The Spire","RumiaBox-露米娅的神秘盒子","Spicy Shops","StSLib","The Administrix","The Animator","The Blackbeard","The Bug Knight","The Cursed","The Hierophant","The Mystic","The Runesmith","The Servant 0.9.4","Yakumo Yukari mod","Youmu（魂魄妖梦）","Yuyuko","【功能Mod】混沌之环修复补丁","【功能Mod】聪明的最终Boss"],"gold_per_floor":[138,170,170,185,204,204,204,204],"floor_reached":7,"language":"ZHS","playtime":1080,"items_purged":[],"score":51,"play_id":"45230398-aecd-4c73-a11f-343fcf9446d6","local_time":"20210222122519","is_ascension_mode":false,"campfire_choices":[{"floor":6,"key":"REST"}],"circlet_count":0,"master_deck":["FieryBird","Erosivefilter_purple","Yakumo_Ran_purple+1","Injury","Computing_the_future_purpleEX","Fancifulhole_purple","D_absorption_purple+1","Theboundaryofcreation_purpleEX+1","Monsters_DoubleDeathButterfly_purple","WangLiang_LineAndCurveDreams_purple","LoveAcrossDimensions_purple","WasteWire_Metro_purple","WhitesApple","CommonSense_AntiCommonSense_purple","Parasite","OldLady","Umbrella_purple"],"relics":["Boundary_crack","Memoryfragments_purpleEX","CogitoBucket","LetterFromLob","Baka","Toxic Egg 2","SumBook"],"acts_visited":["Gensokyo:Gensokyo"],"potions_floor_usage":[],"damage_taken":[{"damage":0,"enemies":"Gensokyo:2_Kodama","floor":1,"turns":4},{"damage":95,"enemies":"Gensokyo:Mamizou","floor":2,"turns":13},{"damage":8,"enemies":"Gensokyo:Gryphon","floor":4,"turns":5},{"damage":17,"enemies":"Gensokyo:Python","floor":5,"turns":7},{"damage":30,"enemies":"Gensokyo:Cirno","floor":7,"turns":2}],"seed_played":"-1300620522139858903","potions_obtained":[{"floor":5,"key":"LiquidBronze"}],"is_trial":false,"path_per_floor":["M","?","?","M","M","R","E"],"character_chosen":"Youkari","items_purchased":[],"campfire_rested":1,"item_purchase_floors":[],"current_hp_per_floor":[70,19,19,21,5,26,0,0],"gold":204,"neow_bonus":"","is_daily":false,"chose_seed":false,"campfire_upgraded":0,"win_rate":0.0,"timestamp":1613967919,"path_taken":["M","?","?","M","M","R","E"],"items_purchased_type":[],"build_version":"2020-12-22","purchased_purges":0,"victory":false,"max_hp_per_floor":[70,70,70,70,70,70,70,70],"relic_stats":{"counters":[5,31],"obtain_stats":[{"CogitoBucket":0,"LetterFromLob":1,"Baka":1,"Boundary_crack":0,"Toxic Egg 2":2,"Memoryfragments_purpleEX":0,"SumBook":3},{"CogitoBucket":0,"LetterFromLob":1,"Baka":1,"Boundary_crack":0,"Toxic Egg 2":2,"Memoryfragments_purpleEX":0,"SumBook":2},{"CogitoBucket":0,"LetterFromLob":4,"Baka":4,"Boundary_crack":0,"Toxic Egg 2":17,"Memoryfragments_purpleEX":0,"SumBook":17}]},"card_choices":[{"not_picked":["Scorched","VoidDream"],"picked":"FieryBird","floor":1},{"not_picked":["SharpContractionReality_purple","OmniscientAndOmnipotent_Monster_purple"],"picked":"Erosivefilter_purple","floor":1},{"not_picked":["Wellcheers","CherryBlossoms"],"picked":"DespairKnight","floor":2},{"not_picked":["Shallow_ocean_purpleEX","WeekHit_purple"],"picked":"Yakumo_Ran_purple+1","floor":2},{"not_picked":["CrumblingArmor","LaLuna"],"picked":"WhitesApple","floor":4},{"not_picked":["OmniscientAndOmnipotent_Monster_purple","Erosivefilter_purple+1"],"picked":"CommonSense_AntiCommonSense_purple","floor":4},{"not_picked":["Laetitia","Variant"],"picked":"OldLady","floor":5},{"not_picked":["Computing_the_future_purpleEX","MeetDecomposer_purple+1"],"picked":"Umbrella_purple","floor":5}],"player_experience":355851,"relics_obtained":[{"floor":1,"key":"LetterFromLob"},{"floor":1,"key":"Baka"},{"floor":2,"key":"Toxic Egg 2"}],"event_choices":[],"is_beta":false,"boss_relics":[],"items_purged_floors":[],"is_endless":false,"potions_floor_spawned":[5],"killed_by":"Gensokyo:Cirno","ascension_level":0}}