{"host":"n2sr453jcjz6vvl4","time":1613957542,"event":{"mods":["BaseMod","Colored Map","Minty Spire (QoL Compilation)","Permanent Neow","Relic Stats","StSLib"],"gold_per_floor":[111,111,130,21,34,34,65,65,116,133,160,160,174,233,233,329,329,341,341,360,374,59,59,90,103,103,103,137,151,183,200,200,299,299,314,38,52,52,102,134,149,183,231,12,12,12,12,66,66,66,66],"floor_reached":50,"language":"ENG","playtime":8335,"items_purged":["Pain","Strike_B","Defend_B","Defend_B"],"score":712,"play_id":"b554a489-ef75-462d-8185-b2f89108479d","local_time":"20210221213222","is_ascension_mode":true,"campfire_choices":[{"data":"Zap","floor":6,"key":"SMITH"},{"floor":15,"key":"REST"},{"data":"Double Energy","floor":23,"key":"SMITH"},{"floor":27,"key":"REST"},{"floor":32,"key":"REST"},{"data":"Defragment","floor":47,"key":"SMITH"},{"data":"Barrage","floor":49,"key":"SMITH"}],"circlet_count":0,"master_deck":["Strike_B+1","Strike_B+1","Zap+1","Dualcast","Steam","Cold Snap","Doom and Gloom","Doom and Gloom","Electrodynamics","Zap","Machine Learning","Cold Snap","Barrage+1","Seek","Capacitor+1","RitualDagger","Double Energy+1","Defragment+1","Conserve Battery+1","Hologram","All For One","Glacier","Coolheaded+1","Dark Shackles","Defragment+1","Sunder"],"relics":["Cracked Core","NeowsBlessing","WarpedTongs","Whetstone","Orichalcum","Blood Vial","Pantograph","Snecko Eye","Toolbox","Eternal Feather","Calipers","Symbiotic Virus","Peace Pipe","Empty Cage","Vajra","Gambling Chip","Lantern","Art of War","Boot","Prayer Wheel"],"acts_visited":["Exordium","TheCity","TheBeyond"],"potions_floor_usage":[14,20,20,24,24,24,30,33,35,42,48],"damage_taken":[{"damage":0,"enemies":"Small Slimes","floor":1,"turns":1},{"damage":0,"enemies":"Cultist","floor":3,"turns":1},{"damage":0,"enemies":"Jaw Worm","floor":5,"turns":1},{"damage":16,"enemies":"Gremlin Nob","floor":7,"turns":4},{"damage":9,"enemies":"Gremlin Gang","floor":10,"turns":2},{"damage":15,"enemies":"Lagavulin","floor":11,"turns":5},{"damage":0,"enemies":"3 Louse","floor":13,"turns":1},{"damage":18,"enemies":"Lagavulin Event","floor":14,"turns":4},{"damage":2,"enemies":"The Guardian","floor":16,"turns":9},{"damage":6,"enemies":"Shell Parasite","floor":18,"turns":3},{"damage":0,"enemies":"Chosen","floor":20,"turns":3},{"damage":33,"enemies":"Shelled Parasite and Fungi","floor":21,"turns":4},{"damage":26,"enemies":"Gremlin Leader","floor":24,"turns":6},{"damage":8,"enemies":"Snecko","floor":25,"turns":4},{"damage":14,"enemies":"Slavers","floor":28,"turns":3},{"damage":0,"enemies":"Snake Plant","floor":29,"turns":3},{"damage":0,"enemies":"Gremlin Leader","floor":30,"turns":5},{"damage":7,"enemies":"Centurion and Healer","floor":31,"turns":3},{"damage":45,"enemies":"Automaton","floor":33,"turns":8},{"damage":1,"enemies":"3 Darklings","floor":35,"turns":4},{"damage":8,"enemies":"3 Shapes","floor":37,"turns":3},{"damage":0,"enemies":"Mind Bloom Boss Battle","floor":39,"turns":5},{"damage":26,"enemies":"Nemesis","floor":40,"turns":9},{"damage":0,"enemies":"Maw","floor":41,"turns":6},{"damage":30,"enemies":"Giant Head","floor":42,"turns":9},{"damage":6,"enemies":"2 Orb Walkers","floor":48,"turns":2},{"damage":102,"enemies":"Time Eater","floor":50,"turns":8}],"seed_played":"2758894657349381789","potions_obtained":[{"floor":5,"key":"ColorlessPotion"},{"floor":7,"key":"Swift Potion"},{"floor":11,"key":"SteroidPotion"},{"floor":16,"key":"Energy Potion"},{"floor":21,"key":"EntropicBrew"},{"floor":25,"key":"BlessingOfTheForge"},{"floor":28,"key":"Fire Potion"},{"floor":30,"key":"Explosive Potion"},{"floor":33,"key":"FocusPotion"},{"floor":37,"key":"Dexterity Potion"},{"floor":40,"key":"FairyPotion"},{"floor":42,"key":"DistilledChaos"}],"is_trial":false,"path_per_floor":["M","?","M","$","M","R","E","?","T","M","E","?","M","?","R","B",null,"M","?","M","M","$","R","E","M","T","R","E","M","E","M","R","B",null,"M","$","M","?","?","E","M","E","T","$","$","?","R","?","R","B"],"character_chosen":"DEFECT","items_purchased":["Doom and Gloom","Defragment","Toolbox","Vajra","Sunder"],"campfire_rested":3,"item_purchase_floors":[4,22,22,36,44],"current_hp_per_floor":[75,75,75,75,75,75,59,59,59,50,35,35,37,21,43,68,75,69,63,65,34,34,34,10,4,4,38,26,28,30,25,59,30,75,74,74,67,67,75,49,51,23,23,23,23,66,66,60,66,0,0],"gold":66,"neow_bonus":"THREE_ENEMY_KILL","is_daily":false,"chose_seed":false,"campfire_upgraded":4,"win_rate":0.0,"timestamp":1613957542,"path_taken":["M","?","M","$","?","R","E","?","T","?","E","?","?","?","R","BOSS","M","?","M","M","$","R","E","M","T","R","E","M","E","M","R","BOSS","M","$","M","?","?","E","M","E","T","?","$","?","R","?","R","BOSS"],"items_purchased_type":["Card","Card","Relic","Relic","Card"],"build_version":"2020-12-22","purchased_purges":4,"victory":false,"max_hp_per_floor":[75,75,75,75,75,75,75,75,75,75,75,75,75,75,75,75,75,75,75,75,75,75,75,75,75,75,75,75,75,75,75,75,75,75,75,75,75,75,75,75,75,75,75,75,75,66,66,66,66,66,66],"relic_stats":{"counters":[27,116],"Eternal Feather":30,"Whetstone":["Strike_B","Strike_B"],"Orichalcum":[150],"Boot":[1],"WarpedTongs":[111],"Blood Vial":27,"Peace Pipe":0,"Pantograph":49,"Gambling Chip":[20],"Snecko Eye":[175,167,170,156],"Prayer Wheel":0,"Art of War":[1],"obtain_stats":[{"Lantern":40,"Calipers":26,"NeowsBlessing":0,"Vajra":36,"Eternal Feather":24,"Whetstone":7,"Orichalcum":9,"Empty Cage":34,"Boot":43,"WarpedTongs":2,"Blood Vial":11,"Peace Pipe":30,"Pantograph":14,"Gambling Chip":39,"Snecko Eye":17,"Toolbox":22,"Prayer Wheel":48,"Art of War":42,"Cracked Core":0,"Symbiotic Virus":28},{"Lantern":23,"Calipers":14,"NeowsBlessing":0,"Vajra":20,"Eternal Feather":13,"Whetstone":4,"Orichalcum":4,"Empty Cage":19,"Boot":25,"WarpedTongs":1,"Blood Vial":6,"Peace Pipe":17,"Pantograph":7,"Gambling Chip":22,"Snecko Eye":9,"Toolbox":12,"Prayer Wheel":26,"Art of War":25,"Cracked Core":0,"Symbiotic Virus":15},{"Lantern":91,"Calipers":48,"NeowsBlessing":0,"Vajra":74,"Eternal Feather":44,"Whetstone":7,"Orichalcum":7,"Empty Cage":70,"Boot":106,"WarpedTongs":1,"Blood Vial":14,"Peace Pipe":59,"Pantograph":15,"Gambling Chip":82,"Snecko Eye":28,"Toolbox":38,"Prayer Wheel":108,"Art of War":106,"Cracked Core":0,"Symbiotic Virus":51}]},"card_choices":[{"not_picked":["Chill","Compile Driver"],"picked":"Steam","floor":1},{"not_picked":["Coolheaded","Cold Snap","Redo"],"picked":"SKIP","floor":3},{"not_picked":["Coolheaded","Redo"],"picked":"Cold Snap","floor":3},{"not_picked":["Turbo","Steam"],"picked":"Doom and Gloom","floor":5},{"not_picked":["Gash","White Noise"],"picked":"Electrodynamics","floor":7},{"not_picked":["Storm","Lockon"],"picked":"Cold Snap","floor":10},{"not_picked":["Reinforced Body","Beam Cell"],"picked":"Barrage","floor":11},{"not_picked":["Gash","Aggregate","Beam Cell"],"picked":"SKIP","floor":13},{"not_picked":["Rainbow","Core Surge"],"picked":"Seek","floor":16},{"not_picked":["Heatsinks+1","Tempest"],"picked":"Capacitor+1","floor":18},{"not_picked":["Gash","Barrage","Chill+1"],"picked":"SKIP","floor":20},{"not_picked":["Reprogram","Rebound"],"picked":"Double Energy","floor":21},{"not_picked":["Streamline","Gash","BootSequence"],"picked":"SKIP","floor":24},{"not_picked":["Cold Snap+1","Rebound","Stack"],"picked":"SKIP","floor":25},{"not_picked":["Stack","Genetic Algorithm"],"picked":"Conserve Battery+1","floor":28},{"not_picked":["Sweeping Beam","Chaos","Go for the Eyes+1"],"picked":"SKIP","floor":29},{"not_picked":["Lockon","Genetic Algorithm+1"],"picked":"Hologram","floor":30},{"not_picked":["Reprogram","Electrodynamics","Beam Cell+1"],"picked":"SKIP","floor":31},{"not_picked":["Multi-Cast","Fission"],"picked":"All For One","floor":33},{"not_picked":["Turbo","Heatsinks"],"picked":"Glacier","floor":35},{"not_picked":["Turbo","Beam Cell"],"picked":"Coolheaded+1","floor":37},{"not_picked":["Purity","Mind Blast"],"picked":"Dark Shackles","floor":38},{"not_picked":["Rebound+1","Scrape"],"picked":"Defragment+1","floor":39},{"not_picked":["Electrodynamics","FTL+1","Leap"],"picked":"SKIP","floor":40},{"not_picked":["Barrage","Genetic Algorithm","Go for the Eyes"],"picked":"SKIP","floor":41},{"not_picked":["Redo","Turbo+1","Heatsinks"],"picked":"SKIP","floor":42}],"player_experience":222227,"relics_obtained":[{"floor":7,"key":"Whetstone"},{"floor":9,"key":"Orichalcum"},{"floor":11,"key":"Blood Vial"},{"floor":24,"key":"Eternal Feather"},{"floor":26,"key":"Calipers"},{"floor":28,"key":"Symbiotic Virus"},{"floor":30,"key":"Peace Pipe"},{"floor":39,"key":"Gambling Chip"},{"floor":40,"key":"Lantern"},{"floor":42,"key":"Art of War"},{"floor":43,"key":"Boot"},{"floor":48,"key":"Prayer Wheel"}],"event_choices":[{"damage_healed":0,"gold_gain":0,"player_choice":"Rummage","damage_taken":0,"relics_obtained":["WarpedTongs"],"max_hp_gain":0,"max_hp_loss":0,"event_name":"Accursed Blacksmith","floor":2,"gold_loss":0,"cards_obtained":["Pain"]},{"damage_healed":0,"gold_gain":0,"player_choice":"2 cards matched","damage_taken":0,"max_hp_gain":0,"max_hp_loss":0,"event_name":"Match and Keep!","floor":8,"gold_loss":0,"cards_obtained":["Zap","Machine Learning"]},{"cards_removed":["Strike_B"],"damage_healed":0,"gold_gain":0,"player_choice":"Purged","damage_taken":0,"max_hp_gain":0,"max_hp_loss":0,"event_name":"Purifier","floor":12,"gold_loss":0},{"damage_healed":0,"gold_gain":0,"player_choice":"Searched \u00272\u0027 times","damage_taken":0,"relics_obtained":["Pantograph"],"max_hp_gain":0,"max_hp_loss":0,"event_name":"Dead Adventurer","floor":14,"gold_loss":0},{"damage_healed":0,"gold_gain":0,"player_choice":"Joined the Cult","damage_taken":6,"max_hp_gain":0,"max_hp_loss":0,"event_name":"Nest","floor":19,"gold_loss":0,"cards_obtained":["RitualDagger"]},{"damage_healed":0,"gold_gain":0,"player_choice":"Memory 1","damage_taken":0,"max_hp_gain":0,"max_hp_loss":0,"event_name":"SensoryStone","floor":38,"gold_loss":0},{"damage_healed":0,"gold_gain":0,"player_choice":"Fight","damage_taken":0,"max_hp_gain":0,"max_hp_loss":0,"event_name":"MindBloom","floor":39,"gold_loss":0},{"damage_healed":66,"gold_gain":0,"player_choice":"Heal","damage_taken":0,"max_hp_gain":0,"max_hp_loss":9,"event_name":"The Moai Head","floor":46,"gold_loss":0},{"damage_healed":0,"gold_gain":0,"player_choice":"Fight","damage_taken":0,"max_hp_gain":0,"max_hp_loss":0,"event_name":"Mysterious Sphere","floor":48,"gold_loss":0}],"is_beta":false,"boss_relics":[{"not_picked":["Inserter","Busted Crown"],"picked":"Snecko Eye"},{"not_picked":["Tiny House","Pandora\u0027s Box"],"picked":"Empty Cage"}],"items_purged_floors":[4,22,36,44],"is_endless":false,"potions_floor_spawned":[5,7,11,16,21,25,28,30,31,33,37,39,40,42],"killed_by":"Time Eater","ascension_level":4}}