{"host":"y13mj1mxwnd5xx1x","time":1613980226,"event":{"mods":["AchievementEnabler","BaseMod","Minty Spire (QoL Compilation)"],"gold_per_floor":[114,129,204,219,144,174,174,189,189,204,204,234,234,247,247,347,347,347,362,362,377,377,407,422,422,422,437,437,452,452,482,482,582,582,597,612,612,212,227,227,257,107,132,7,37,46,46,61,61,61],"floor_reached":51,"language":"ENG","playtime":3698,"items_purged":["Grand Finale","Brutality","Meteor Strike"],"score":930,"play_id":"5eca3cc9-9621-438b-afbe-ccd4bd09fb3a","local_time":"20210222015026","daily_mods":["Shiny","Diverse","Binary"],"is_ascension_mode":false,"campfire_choices":[{"floor":7.0,"key":"REST"},{"floor":13.0,"key":"REST"},{"floor":15.0,"key":"REST"},{"floor":25.0,"key":"REST"},{"floor":32.0,"key":"REST"},{"data":"Echo Form","floor":40,"key":"SMITH"},{"data":"Night Terror","floor":47,"key":"SMITH"},{"data":"Vault","floor":49,"key":"SMITH"}],"circlet_count":0,"master_deck":["Judgement","ConjureBlade","MasterReality","Brilliance","Devotion","Blasphemy","Ragnarok","LessonLearned","Scrawl","Vault+1","Alpha","Wish","Omniscience","Establishment","SpiritShield","DevaForm","DeusExMachina","Multi-Cast","Hyperbeam","Thunder Strike","Biased Cognition","Machine Learning","Electrodynamics","Buffer","Rainbow","Seek","Echo Form+1","All For One","Reboot","Amplify","Creative AI","Fission","Core Surge+1","Venomology","Corpse Explosion","Malaise","Phantasmal Killer","Die Die Die","Adrenaline","Envenom","Doppelganger","Burst","Wraith Form v2","Tools of the Trade","Night Terror+1","Unload","After Image","Bullet Time","Storm of Steel","Glass Knife","Double Tap","Demon Form","Bludgeon","Feed","Limit Break","Corruption","Barricade","Fiend Fire","Berserk","Impervious","Juggernaut","Reaper","Exhume","Offering","Immolate","PiercingWail+1","Doubt"],"relics":["Cracked Core","Bottled Tornado","Singing Bowl","Bag of Preparation","Odd Mushroom","Velvet Choker","MutagenicStrength","CeramicFish","Bird Faced Urn","Pen Nib","Orichalcum","Busted Crown","Potion Belt","Boot","Ancient Tea Set","Toy Ornithopter","Art of War","Mummified Hand"],"acts_visited":["Exordium","TheCity","TheBeyond"],"potions_floor_usage":[41,45,48,50,50],"damage_taken":[{"damage":11.0,"enemies":"2 Louse","floor":1.0,"turns":3.0},{"damage":6.0,"enemies":"Small Slimes","floor":2.0,"turns":4.0},{"damage":11.0,"enemies":"Jaw Worm","floor":4.0,"turns":2.0},{"damage":35.0,"enemies":"Gremlin Nob","floor":6.0,"turns":4.0},{"damage":19.0,"enemies":"2 Fungi Beasts","floor":8.0,"turns":3.0},{"damage":0.0,"enemies":"Gremlin Gang","floor":10.0,"turns":3.0},{"damage":0.0,"enemies":"Lagavulin","floor":12.0,"turns":3.0},{"damage":6.0,"enemies":"The Mushroom Lair","floor":14.0,"turns":3.0},{"damage":4.0,"enemies":"Slime Boss","floor":16.0,"turns":6.0},{"damage":0.0,"enemies":"2 Thieves","floor":18.0,"turns":1.0},{"damage":0.0,"enemies":"Spheric Guardian","floor":19.0,"turns":3.0},{"damage":8.0,"enemies":"Centurion and Healer","floor":21.0,"turns":6.0},{"damage":28.0,"enemies":"Gremlin Leader","floor":23.0,"turns":7.0},{"damage":20.0,"enemies":"Chosen and Byrds","floor":24.0,"turns":3.0},{"damage":24.0,"enemies":"Snake Plant","floor":27.0,"turns":4.0},{"damage":43.0,"enemies":"Shelled Parasite and Fungi","floor":29.0,"turns":6.0},{"damage":12.0,"enemies":"Book of Stabbing","floor":31.0,"turns":3.0},{"damage":14.0,"enemies":"Automaton","floor":33.0,"turns":6.0},{"damage":0.0,"enemies":"3 Darklings","floor":35.0,"turns":1.0},{"damage":1,"enemies":"3 Shapes","floor":36,"turns":4},{"damage":0,"enemies":"Transient","floor":39,"turns":6},{"damage":55,"enemies":"Giant Head","floor":41,"turns":10},{"damage":36,"enemies":"Reptomancer","floor":45,"turns":6},{"damage":30,"enemies":"Sphere and 2 Shapes","floor":48,"turns":5},{"damage":65,"enemies":"Time Eater","floor":50,"turns":11}],"seed_played":"-9004314451342404475","potions_obtained":[{"floor":4.0,"key":"Dexterity Potion"},{"floor":8.0,"key":"AttackPotion"},{"floor":10.0,"key":"SkillPotion"},{"floor":14.0,"key":"Dexterity Potion"},{"floor":19.0,"key":"EssenceOfSteel"},{"floor":21.0,"key":"Weak Potion"},{"floor":24.0,"key":"ColorlessPotion"},{"floor":31.0,"key":"GamblersBrew"},{"floor":37,"key":"SneckoOil"},{"floor":37,"key":"FairyPotion"},{"floor":37,"key":"GamblersBrew"},{"floor":39,"key":"SkillPotion"},{"floor":41,"key":"FocusPotion"},{"floor":48,"key":"FearPotion"}],"is_trial":false,"path_per_floor":["M","M","?","M","$","E","R","M","T","M","?","E","R","?","R","B",null,"M","M","?","M","?","E","M","R","T","M","?","M","T","E","R","B",null,"M","M","?","$","M","R","E","$","T","$","E","?","R","M","R","B",null],"character_chosen":"DEFECT","items_purchased":["Potion Belt","Boot","Toy Ornithopter"],"campfire_rested":5,"item_purchase_floors":[38,38,42],"current_hp_per_floor":[64,58,47,36,36,5,27,8,8,10,10,12,35,31,55,53,83,83,85,85,77,77,51,33,59,59,48,48,17,17,11,39,31,97,97,96,96,96,97,97,60,60,60,60,39,97,97,78,78,33],"gold":61,"neow_bonus":"","is_daily":true,"chose_seed":false,"campfire_upgraded":3,"win_rate":0.0,"timestamp":1613980226,"path_taken":["M","M","?","M","$","E","R","M","T","M","?","E","R","?","R","BOSS","M","M","?","M","?","E","?","R","T","M","?","M","?","E","R","BOSS","M","M","?","$","M","R","E","$","T","?","E","?","R","M","R","BOSS"],"items_purchased_type":["Relic","Relic","Relic"],"build_version":"2020-12-22","purchased_purges":3,"victory":true,"max_hp_per_floor":[75,75,75,75,75,75,75,75,75,77,77,79,79,81,81,83,83,83,85,85,85,85,87,89,89,89,91,91,93,93,95,95,97,97,97,97,97,97,97,97,97,97,97,97,97,97,97,97,97,97],"card_choices":[{"not_picked":["Underhanded Strike","Backflip"],"picked":"SKIP","floor":1.0},{"not_picked":["Masterful Stab","Pommel Strike"],"picked":"SKIP","floor":2.0},{"not_picked":["Poisoned Stab","Entrench"],"picked":"SKIP","floor":4.0},{"not_picked":["ForeignInfluence","Go for the Eyes"],"picked":"SKIP","floor":6.0},{"not_picked":["Iron Wave","Redo"],"picked":"SKIP","floor":8.0},{"not_picked":["FlyingSleeves","Glacier"],"picked":"Singing Bowl","floor":10.0},{"not_picked":["Underhanded Strike","Consecrate"],"picked":"Singing Bowl","floor":12.0},{"not_picked":["Halt","Distraction"],"picked":"Singing Bowl","floor":14.0},{"not_picked":["Creative AI","Bludgeon"],"picked":"Singing Bowl","floor":16.0},{"not_picked":["Crescendo","ReachHeaven+1"],"picked":"Singing Bowl","floor":19.0},{"not_picked":["Havoc"],"picked":"PiercingWail+1","floor":21.0},{"not_picked":["Streamline","Study"],"picked":"Singing Bowl","floor":23.0},{"not_picked":["Bane","PiercingWail"],"picked":"Singing Bowl","floor":24.0},{"not_picked":["Hologram","FlyingSleeves+1"],"picked":"Singing Bowl","floor":27.0},{"not_picked":["Headbutt","Finisher"],"picked":"Singing Bowl","floor":29.0},{"not_picked":["Dash","Fasting2+1"],"picked":"Singing Bowl","floor":31.0},{"not_picked":["Biased Cognition","Echo Form"],"picked":"Singing Bowl","floor":33.0}],"player_experience":191064,"relics_obtained":[{"floor":6.0,"key":"Bottled Tornado"},{"floor":9.0,"key":"Singing Bowl"},{"floor":12.0,"key":"Bag of Preparation"},{"floor":14.0,"key":"Odd Mushroom"},{"floor":23.0,"key":"CeramicFish"},{"floor":26.0,"key":"Bird Faced Urn"},{"floor":30.0,"key":"Pen Nib"},{"floor":31.0,"key":"Orichalcum"},{"floor":41,"key":"Ancient Tea Set"},{"floor":43,"key":"Art of War"},{"floor":45,"key":"Mummified Hand"}],"event_choices":[{"damage_healed":0.0,"max_hp_gain":0.0,"max_hp_loss":0.0,"gold_gain":75.0,"event_name":"World of Goop","player_choice":"Gather Gold","floor":3.0,"gold_loss":0.0,"damage_taken":11.0},{"cards_removed":["A Thousand Cuts"],"damage_healed":0.0,"max_hp_gain":0.0,"max_hp_loss":0.0,"gold_gain":0.0,"event_name":"Living Wall","player_choice":"Forget","floor":11.0,"gold_loss":0.0,"damage_taken":0.0},{"damage_healed":0.0,"max_hp_gain":0.0,"max_hp_loss":0.0,"gold_gain":0.0,"event_name":"Mushrooms","player_choice":"Fought Mushrooms","floor":14.0,"gold_loss":0.0,"damage_taken":0.0},{"damage_healed":0.0,"max_hp_gain":0.0,"max_hp_loss":0.0,"gold_gain":0.0,"event_name":"Drug Dealer","player_choice":"Inject Mutagens","floor":20.0,"gold_loss":0.0,"damage_taken":0.0,"relics_obtained":["MutagenicStrength"]},{"damage_healed":0.0,"max_hp_gain":0.0,"max_hp_loss":0.0,"gold_gain":0.0,"event_name":"Duplicator","player_choice":"Ignored","floor":22.0,"gold_loss":0.0,"damage_taken":0.0},{"damage_healed":0.0,"max_hp_gain":0.0,"max_hp_loss":0.0,"gold_gain":0.0,"event_name":"The Mausoleum","player_choice":"Ignored","floor":28.0,"gold_loss":0.0,"damage_taken":0.0},{"damage_healed":0,"gold_gain":0,"player_choice":"Got Potions","damage_taken":0,"max_hp_gain":0,"max_hp_loss":0,"event_name":"Lab","floor":37,"gold_loss":0},{"damage_healed":58,"gold_gain":0,"player_choice":"Heal","damage_taken":0,"max_hp_gain":0,"max_hp_loss":0,"event_name":"MindBloom","floor":46,"gold_loss":0,"cards_obtained":["Doubt"]}],"is_beta":false,"boss_relics":[{"not_picked":["Philosopher\u0027s Stone","SacredBark"],"picked":"Velvet Choker"},{"not_picked":["Sozu","Nuclear Battery"],"picked":"Busted Crown"}],"items_purged_floors":[5,38,44],"is_endless":false,"potions_floor_spawned":[4,6,8,10,14,19,21,24,31,39,41,48],"ascension_level":0}}