{"host":"otnudku6n3tqcmrv","time":1613987812,"event":{"mods":["BaseMod","Colored Map","DeckTracker","Keyboard Shortcuts","Minty Spire (QoL Compilation)","Quick Restart","StSLib","SuperFastMode","The Senshi","Waifu the Spire","everything is the same but u backflip on backflip"],"gold_per_floor":[110,130,150,12,30,60,73,73,152,122,147,161,161,194,194,292,292,307,307,317,333,333,333,343,358,437,471,498,531,456,474,474,569,569,580,271,283,638,688,723,743,310,310,7,7,42,264,277,277,277],"floor_reached":51,"language":"KOR","playtime":1693,"items_purged":[],"score":1117,"play_id":"47d3f0bf-f39f-460a-8837-f964010631c6","local_time":"20210222185652","is_ascension_mode":true,"campfire_choices":[{"data":"theSenshi:MoonGorgeousMeditation","floor":8,"key":"SMITH"},{"data":"theSenshi:MoonPrincessHalation","floor":13,"key":"SMITH"},{"data":"theSenshi:RoseThrow","floor":15,"key":"SMITH"},{"data":"theSenshi:MoonGorgeousMeditation","floor":23,"key":"SMITH"},{"data":"theSenshi:MoonHealingEscalation","floor":32,"key":"SMITH"},{"data":"theSenshi:GlimpseOfThePast","floor":49,"key":"SMITH"}],"circlet_count":0,"master_deck":["theSenshi:RoseThrow+1","theSenshi:MoonPrismPowerMakeUp","theSenshi:MoonCrisisMakeUp","theSenshi:VenusGlamour","theSenshi:MoonTiaraMagic","theSenshi:MoonPrincessHalation+1","theSenshi:MoonGorgeousMeditation+1","theSenshi:MoonHealingEscalation+1","theSenshi:GlimpseOfThePast","theSenshi:GlimpseOfThePast+1","theSenshi:SailorStarHealerAssists","theSenshi:MercurysCunning","theSenshi:MoonlightKnight","theSenshi:JupitersPower","theSenshi:MoonGorgeousMeditation+1","theSenshi:MoonCrystalPowerMakeUp+1","theSenshi:MoonCrystalPowerMakeUp+1","Parasite"],"relics":["theSenshi:TransformationBroochRelic","Potion Belt","theSenshi:HolyGrailRelic","Pocketwatch","Vajra","Pandora\u0027s Box","Molten Egg 2","theSenshi:TiaraRelic","Red Mask","Anchor","Philosopher\u0027s Stone","OrangePellets","Ancient Tea Set","Old Coin","FossilizedHelix","Nunchaku","Bronze Scales","TungstenRod","Bag of Marbles","Membership Card","Calipers","Ornamental Fan","CeramicFish"],"acts_visited":["Exordium","TheCity","TheBeyond"],"potions_floor_usage":[27,29,33,50,50,50],"damage_taken":[{"damage":3,"enemies":"Cultist","floor":1,"turns":5},{"damage":2,"enemies":"2 Louse","floor":2,"turns":3},{"damage":0,"enemies":"Jaw Worm","floor":3,"turns":3},{"damage":4,"enemies":"Red Slaver","floor":5,"turns":4},{"damage":6,"enemies":"Gremlin Nob","floor":6,"turns":4},{"damage":0,"enemies":"Large Slime","floor":7,"turns":7},{"damage":15,"enemies":"3 Sentries","floor":11,"turns":6},{"damage":0,"enemies":"Lots of Slimes","floor":12,"turns":1},{"damage":0,"enemies":"Lagavulin","floor":14,"turns":4},{"damage":0,"enemies":"Slime Boss","floor":16,"turns":4},{"damage":24,"enemies":"3 Byrds","floor":18,"turns":6},{"damage":18,"enemies":"Spheric Guardian","floor":20,"turns":5},{"damage":29,"enemies":"Centurion and Healer","floor":21,"turns":11},{"damage":7,"enemies":"Chosen and Byrds","floor":24,"turns":6},{"damage":30,"enemies":"Snake Plant","floor":25,"turns":12},{"damage":53,"enemies":"Slavers","floor":27,"turns":3},{"damage":5,"enemies":"Masked Bandits","floor":28,"turns":6},{"damage":0,"enemies":"Gremlin Leader","floor":29,"turns":5},{"damage":4,"enemies":"Shelled Parasite and Fungi","floor":31,"turns":5},{"damage":0,"enemies":"Champ","floor":33,"turns":11},{"damage":9,"enemies":"3 Shapes","floor":35,"turns":4},{"damage":7,"enemies":"3 Darklings","floor":37,"turns":4},{"damage":71,"enemies":"2 Orb Walkers","floor":38,"turns":6},{"damage":0,"enemies":"Mind Bloom Boss Battle","floor":39,"turns":7},{"damage":57,"enemies":"Reptomancer","floor":40,"turns":8},{"damage":0,"enemies":"Writhing Mass","floor":41,"turns":8},{"damage":0,"enemies":"Giant Head","floor":46,"turns":7},{"damage":0,"enemies":"Maw","floor":48,"turns":7},{"damage":0,"enemies":"Time Eater","floor":50,"turns":7}],"seed_played":"5494253439853384436","potions_obtained":[{"floor":1,"key":"LiquidMemories"},{"floor":2,"key":"SneckoOil"},{"floor":7,"key":"Dexterity Potion"},{"floor":10,"key":"LiquidMemories"},{"floor":10,"key":"FairyPotion"},{"floor":28,"key":"SpeedPotion"},{"floor":29,"key":"PowerPotion"},{"floor":33,"key":"CultistPotion"},{"floor":41,"key":"BlessingOfTheForge"}],"is_trial":false,"path_per_floor":["M","M","M","$","M","E","M","R","T","?","E","M","R","E","R","B",null,"M","?","M","M","?","R","M","M","T","E","?","E","?","M","R","B",null,"M","$","M","?","?","E","M","$","T","$","T","E","?","M","R","B",null],"character_chosen":"THE_SENSHI","items_purchased":["theSenshi:MoonGorgeousMeditation","OrangePellets","Ancient Tea Set","Bronze Scales","TungstenRod","Membership Card","Calipers"],"campfire_rested":0,"item_purchase_floors":[4,36,36,42,42,44,44],"current_hp_per_floor":[72,70,70,70,66,65,75,75,75,75,70,70,70,75,75,75,75,65,65,57,63,63,63,66,75,75,22,32,37,37,43,43,75,75,75,75,68,12,27,42,75,75,75,75,75,75,75,75,75,75],"gold":277,"neow_bonus":"TRANSFORM_CARD","is_daily":false,"chose_seed":false,"campfire_upgraded":6,"win_rate":0.0,"timestamp":1613987812,"path_taken":["M","M","M","?","M","E","M","R","T","?","E","?","R","E","R","BOSS","M","?","?","M","?","R","?","M","T","E","?","E","?","M","R","BOSS","M","$","M","?","?","E","M","$","T","?","?","E","?","M","R","BOSS"],"items_purchased_type":["Card","Relic","Relic","Relic","Relic","Relic","Relic"],"build_version":"2020-12-22","purchased_purges":0,"victory":true,"max_hp_per_floor":[75,75,75,75,75,75,75,75,75,75,75,75,75,75,75,75,75,75,75,75,75,75,75,75,75,75,75,75,75,75,75,75,75,75,75,75,75,75,75,75,75,75,75,75,75,75,75,75,75,75],"card_choices":[{"not_picked":["theSenshi:SchoolBag","theSenshi:LunasBite"],"picked":"theSenshi:VenusGlamour","floor":1},{"not_picked":["theSenshi:CrisisMakeUp","theSenshi:MoonKick"],"picked":"theSenshi:MoonTiaraMagic","floor":2},{"not_picked":["theSenshi:SailorMarsAssists","theSenshi:LateForSchool"],"picked":"theSenshi:MoonPrincessHalation","floor":3},{"not_picked":["theSenshi:RainbowMoonHeartAche","theSenshi:YouCanTalk"],"picked":"theSenshi:MoonHealingEscalation","floor":5},{"not_picked":["theSenshi:TallSilhouette","theSenshi:MoonCrisisMakeUp","theSenshi:InTheNameOfTheMoon"],"picked":"SKIP","floor":6},{"not_picked":["theSenshi:Overload","theSenshi:LateForSchool","theSenshi:Sidestep"],"picked":"SKIP","floor":7},{"not_picked":["theSenshi:SailorChibiMoonAssists","theSenshi:SailorVenusAssists","theSenshi:Sidestep"],"picked":"SKIP","floor":11},{"not_picked":["theSenshi:MoonsReflection","theSenshi:VenusGlamour","theSenshi:SailorMercuryAssists"],"picked":"SKIP","floor":12},{"not_picked":["theSenshi:MercurysCunning","theSenshi:TuxedoMaskAssists","theSenshi:MoonCrystalPowerMakeUp"],"picked":"SKIP","floor":14},{"not_picked":["theSenshi:SailorPlutoAssists","theSenshi:InTheNameOfTheMoon"],"picked":"theSenshi:GlimpseOfThePast","floor":16},{"not_picked":["theSenshi:SailorMarsAssists","theSenshi:SailorUranusAssists","theSenshi:EncouragingSpeech+1"],"picked":"SKIP","floor":18},{"not_picked":["theSenshi:MoonSpiralHeartAttack+1","theSenshi:SchoolBag","theSenshi:VenusGlamour+1"],"picked":"SKIP","floor":20},{"not_picked":["theSenshi:MoonPrincessHalation","theSenshi:TuxedoMaskAssists","theSenshi:SailorPlanetPower+1"],"picked":"SKIP","floor":21},{"not_picked":["theSenshi:SteeledNerves","theSenshi:NeptunesGrace","theSenshi:MoonsReflection+1"],"picked":"SKIP","floor":24},{"not_picked":["theSenshi:SailorStarFighterAssists+1","theSenshi:SailorV"],"picked":"theSenshi:MoonCrystalPowerMakeUp+1","floor":25},{"not_picked":["theSenshi:SailorPlutoAssists+1","theSenshi:LunaWiseMentor","theSenshi:MoonPower+1"],"picked":"SKIP","floor":27},{"not_picked":["theSenshi:SailorUranusAssists+1","theSenshi:IWillPunishYou","theSenshi:LunasBite+1"],"picked":"SKIP","floor":29},{"not_picked":["theSenshi:LateForSchool","theSenshi:SupersonicWaves+1","theSenshi:DramaticEntrance"],"picked":"SKIP","floor":31},{"not_picked":["theSenshi:SailorVenusAssists+1","theSenshi:MoonKick+1"],"picked":"theSenshi:MoonCrystalPowerMakeUp+1","floor":35},{"not_picked":["theSenshi:MoonSpiralHeartAttack+1","theSenshi:OdangoHead+1","theSenshi:LateForSchool"],"picked":"SKIP","floor":37},{"not_picked":["theSenshi:SupersonicWaves+1","theSenshi:SailorStarFighterAssists+1","theSenshi:TuxedoSmokingBomber+1"],"picked":"SKIP","floor":40},{"not_picked":["theSenshi:MoonTwilightFlash+1","theSenshi:SailorUranusAssists+1","theSenshi:EncouragingSpeech"],"picked":"SKIP","floor":41},{"not_picked":["theSenshi:MoonPunch+1","theSenshi:LateForSchool+1","theSenshi:SailorChibiMoonAssists+1"],"picked":"SKIP","floor":46},{"not_picked":["theSenshi:MoonHealingEscalation+1","theSenshi:MoonKick+1","theSenshi:LunasBite+1"],"picked":"SKIP","floor":48}],"player_experience":1311567,"relics_obtained":[{"floor":6,"key":"Potion Belt"},{"floor":9,"key":"theSenshi:HolyGrailRelic"},{"floor":11,"key":"Pocketwatch"},{"floor":14,"key":"Vajra"},{"floor":26,"key":"Molten Egg 2"},{"floor":27,"key":"theSenshi:TiaraRelic"},{"floor":28,"key":"Red Mask"},{"floor":29,"key":"Anchor"},{"floor":38,"key":"Old Coin"},{"floor":39,"key":"FossilizedHelix"},{"floor":40,"key":"Nunchaku"},{"floor":43,"key":"Bag of Marbles"},{"floor":45,"key":"Ornamental Fan"},{"floor":46,"key":"CeramicFish"}],"event_choices":[{"damage_healed":0,"gold_gain":0,"player_choice":"Bought 2 Potions","damage_taken":0,"max_hp_gain":0,"max_hp_loss":0,"event_name":"The Woman in Blue","floor":10,"gold_loss":0},{"damage_healed":0,"gold_gain":0,"player_choice":"0 cards matched","damage_taken":0,"max_hp_gain":0,"max_hp_loss":0,"event_name":"Match and Keep!","floor":19,"gold_loss":0,"cards_obtained":[]},{"damage_healed":0,"gold_gain":0,"cards_transformed":["theSenshi:MoonPunch"],"player_choice":"Transformed","damage_taken":0,"max_hp_gain":0,"max_hp_loss":0,"event_name":"Transmorgrifier","floor":22,"gold_loss":0,"cards_obtained":["theSenshi:MoonGorgeousMeditation"]},{"damage_healed":0,"gold_gain":0,"player_choice":"Fought Bandits","damage_taken":0,"max_hp_gain":0,"max_hp_loss":0,"event_name":"Masked Bandits","floor":28,"gold_loss":0},{"cards_removed":["theSenshi:MoonlightKnight"],"damage_healed":0,"gold_gain":0,"player_choice":"Gave Gold","damage_taken":0,"max_hp_gain":0,"max_hp_loss":0,"event_name":"Beggar","floor":30,"gold_loss":75},{"damage_healed":0,"gold_gain":0,"player_choice":"Fight","damage_taken":0,"max_hp_gain":0,"max_hp_loss":0,"event_name":"Mysterious Sphere","floor":38,"gold_loss":0},{"damage_healed":0,"gold_gain":0,"player_choice":"Fight","damage_taken":0,"max_hp_gain":0,"max_hp_loss":0,"event_name":"MindBloom","floor":39,"gold_loss":0},{"damage_healed":0,"gold_gain":222,"player_choice":"Wore Mask","damage_taken":0,"max_hp_gain":0,"max_hp_loss":0,"event_name":"Tomb of Lord Red Mask","floor":47,"gold_loss":0}],"is_beta":false,"boss_relics":[{"not_picked":["Runic Pyramid","SacredBark"],"picked":"Pandora\u0027s Box"},{"not_picked":["Tiny House","Sozu"],"picked":"Philosopher\u0027s Stone"}],"items_purged_floors":[],"is_endless":false,"potions_floor_spawned":[1,2,7,14,18,21,24,28,29,33,35,39,41],"ascension_level":1}}