{"host":"hrvs05np4ys7itky","time":1613956539,"event":{"mods":["BaseMod","Colored Map","Colored Powertips","Downfall","Emptier Cage","Hermit","Highlight Path","Minty Spire (QoL Compilation)","Permanent Neow","Rare Cards Sparkle","Relic Stats","StSLib","everything is the same but u backflip on backflip"],"gold_per_floor":[112,37,37,37,53,80,80,105,180,180,209,11,28,44,44,122,122,122,122,122,122,122,122,122,122,122,122,122,122,22,22,22,22,22,22,22,22,22,0,0,0,0,0,0,0,0],"floor_reached":45,"language":"ENG","playtime":2398,"items_purged":["Strike_R","Strike_R"],"score":993,"play_id":"9ffce23d-1794-41cf-ac2d-d3f8c93984f0","local_time":"20210221201539","is_ascension_mode":true,"campfire_choices":[{"data":"Body Slam","floor":7,"key":"SMITH"},{"data":"Armaments","floor":10,"key":"SMITH"},{"data":"Fire Breathing","floor":15,"key":"SMITH"},{"floor":23,"key":"REST"},{"floor":25,"key":"REST"},{"data":"Juggernaut","floor":28,"key":"SMITH"},{"floor":32,"key":"REST"},{"floor":40,"key":"REST"}],"circlet_count":0,"master_deck":["AscendersBane","Strike_R","Strike_R","Strike_R","Defend_R","Defend_R","Defend_R","Defend_R","Bash","Body Slam+1","Combust","Armaments+1","Intimidate","Feed","Ghostly Armor+1","Fire Breathing+1","Shrug It Off+1","Barricade+1","Juggernaut+1","Clumsy","Regret","True Grit+1","Shrug It Off+1","Evolve","True Grit+1","True Grit+1","Normality","downfall:Bewildered","Injury","downfall:Bewildered","Disarm+1"],"relics":["Black Blood","NeowsBlessing","Blood Vial","Singing Bowl","Toxic Egg 2","Lantern","Ectoplasm","downfall:ExtraCursedKey","Letter Opener","Meat on the Bone","Bag of Marbles","Toy Ornithopter"],"acts_visited":["Exordium","TheCity","TheBeyond"],"potions_floor_usage":[11,12,24,33,33,45,45],"damage_taken":[{"damage":0,"enemies":"Cultist","floor":1,"turns":1},{"damage":0,"enemies":"Jaw Worm","floor":5,"turns":1},{"damage":0,"enemies":"3 Sentries","floor":6,"turns":2},{"damage":39,"enemies":"Gremlin Nob","floor":8,"turns":5},{"damage":30,"enemies":"3 Sentries","floor":11,"turns":10},{"damage":3,"enemies":"Small Slimes","floor":13,"turns":5},{"damage":8,"enemies":"Red Slaver","floor":14,"turns":5},{"damage":35,"enemies":"Slime Boss","floor":16,"turns":9},{"damage":12,"enemies":"Chosen","floor":18,"turns":5},{"damage":26,"enemies":"Spheric Guardian","floor":19,"turns":8},{"damage":47,"enemies":"Snake Plant","floor":21,"turns":6},{"damage":21,"enemies":"Slavers","floor":24,"turns":5},{"damage":1,"enemies":"Centurion and Healer","floor":27,"turns":7},{"damage":61,"enemies":"Book of Stabbing","floor":31,"turns":6},{"damage":34,"enemies":"Champ","floor":33,"turns":12},{"damage":0,"enemies":"3 Shapes","floor":35,"turns":5},{"damage":32,"enemies":"Orb Walker","floor":36,"turns":5},{"damage":18,"enemies":"Sphere and 2 Shapes","floor":37,"turns":5},{"damage":61,"enemies":"Writhing Mass","floor":38,"turns":7},{"damage":36,"enemies":"3 Darklings","floor":44,"turns":5},{"damage":77,"enemies":"Giant Head","floor":45,"turns":9}],"seed_played":"-323663797330222589","potions_obtained":[{"floor":8,"key":"Block Potion"},{"floor":13,"key":"CultistPotion"},{"floor":14,"key":"Fire Potion"},{"floor":24,"key":"Guardian:BlockOnCardUsePotion"},{"floor":33,"key":"PowerPotion"},{"floor":37,"key":"DuplicationPotion"}],"is_trial":false,"path_per_floor":["M","$","$","?","M","E","R","E","T","R","E","$","M","M","R","B",null,"M","M","?","M","?","R","E","R","T","M","R","?","$","E","R","B",null,"M","M","M","M","$","R","T","?","T","M","E"],"character_chosen":"IRONCLAD","items_purchased":["Ghostly Armor+1","Fire Breathing","BloodPotion","True Grit+1"],"campfire_rested":4,"item_purchase_floors":[12,12,12,39],"current_hp_per_floor":[74,74,74,74,75,75,75,42,42,42,25,41,50,55,55,32,78,76,60,60,21,21,50,39,68,68,75,75,99,99,56,85,61,91,103,83,81,46,46,77,77,77,77,70,5,5],"gold":0,"neow_bonus":"THREE_ENEMY_KILL","is_daily":false,"chose_seed":false,"campfire_upgraded":4,"win_rate":0.0,"timestamp":1613956539,"path_taken":["M","?","$","?","?","E","R","E","T","R","E","$","M","M","R","BOSS","M","M","?","?","?","R","E","R","T","M","R","?","$","E","R","BOSS","M","M","M","M","$","R","?","?","T","M","E"],"items_purchased_type":["Card","Card","Potion","Card"],"build_version":"2020-12-22","purchased_purges":2,"victory":false,"max_hp_per_floor":[75,75,75,75,75,75,75,75,75,75,80,80,84,89,89,93,93,95,97,97,97,97,97,99,99,99,99,99,99,99,99,99,101,101,103,103,105,105,105,105,105,105,105,108,108,108],"relic_stats":{"Blood Vial":30,"Singing Bowl":16,"counters":[21,123],"Black Blood":135,"Ectoplasm":636,"Letter Opener":[133],"obtain_stats":[{"Lantern":11,"NeowsBlessing":0,"Singing Bowl":8,"Black Blood":34,"Letter Opener":24,"Burning Blood":0,"Blood Vial":6,"Ectoplasm":17,"downfall:ExtraCursedKey":22,"Bag of Marbles":31,"Toxic Egg 2":9,"Toy Ornithopter":43,"Meat on the Bone":26},{"Lantern":5,"NeowsBlessing":0,"Singing Bowl":4,"Black Blood":15,"Letter Opener":12,"Burning Blood":0,"Blood Vial":3,"Ectoplasm":8,"downfall:ExtraCursedKey":11,"Bag of Marbles":14,"Toxic Egg 2":4,"Toy Ornithopter":19,"Meat on the Bone":12},{"Lantern":19,"NeowsBlessing":0,"Singing Bowl":9,"Black Blood":87,"Letter Opener":62,"Burning Blood":0,"Blood Vial":4,"Ectoplasm":38,"downfall:ExtraCursedKey":57,"Bag of Marbles":75,"Toxic Egg 2":9,"Toy Ornithopter":109,"Meat on the Bone":62}],"Toy Ornithopter":10,"Meat on the Bone":36},"card_choices":[{"not_picked":["Clash","Disarm"],"picked":"Body Slam","floor":1},{"not_picked":["Pummel","Sword Boomerang"],"picked":"Intimidate","floor":5},{"not_picked":["Perfected Strike","Clothesline","Sentinel"],"picked":"SKIP","floor":6},{"not_picked":["Anger","Pommel Strike"],"picked":"Feed","floor":8},{"not_picked":["Bloodletting+1","Headbutt","Feel No Pain"],"picked":"Singing Bowl","floor":11},{"not_picked":["Clash","Twin Strike"],"picked":"Shrug It Off+1","floor":13},{"not_picked":["Dark Embrace","Clothesline","Dropkick"],"picked":"Singing Bowl","floor":14},{"not_picked":["Fiend Fire","Exhume+1"],"picked":"Barricade","floor":16},{"not_picked":["Perfected Strike+1","Clash+1","Anger"],"picked":"Singing Bowl","floor":18},{"not_picked":["Headbutt","Cleave","Iron Wave"],"picked":"Singing Bowl","floor":19},{"not_picked":["Body Slam","Seeing Red+1"],"picked":"Juggernaut","floor":21},{"not_picked":["Clothesline+1","Intimidate+1","Combust"],"picked":"Singing Bowl","floor":24},{"not_picked":["Combust","Body Slam+1"],"picked":"True Grit+1","floor":27},{"not_picked":["Juggernaut","Whirlwind"],"picked":"Shrug It Off+1","floor":31},{"not_picked":["Feed","Fiend Fire","Limit Break+1"],"picked":"Singing Bowl","floor":33},{"not_picked":["Anger","Rage+1","Havoc+1"],"picked":"Singing Bowl","floor":35},{"not_picked":["Wild Strike","Warcry+1"],"picked":"Evolve","floor":36},{"not_picked":["Rage+1","Seeing Red+1","Evolve"],"picked":"Singing Bowl","floor":37},{"not_picked":["Shrug It Off+1","Heavy Blade+1"],"picked":"True Grit+1","floor":38},{"not_picked":["Anger+1","Sentinel+1"],"picked":"Disarm+1","floor":44}],"player_experience":1123898,"relics_obtained":[{"floor":6,"key":"Blood Vial"},{"floor":8,"key":"Singing Bowl"},{"floor":9,"key":"Toxic Egg 2"},{"floor":11,"key":"Lantern"},{"floor":24,"key":"Letter Opener"},{"floor":26,"key":"Meat on the Bone"},{"floor":31,"key":"Bag of Marbles"},{"floor":43,"key":"Toy Ornithopter"}],"event_choices":[{"damage_healed":0,"gold_gain":0,"player_choice":"2 cards matched","damage_taken":0,"max_hp_gain":0,"max_hp_loss":0,"event_name":"Match and Keep!","floor":4,"gold_loss":0,"cards_obtained":["Combust","Armaments"]},{"damage_healed":0,"gold_gain":0,"player_choice":"Upgraded","damage_taken":0,"max_hp_gain":0,"max_hp_loss":0,"event_name":"Upgrade Shrine","floor":20,"gold_loss":0,"cards_upgraded":["Barricade"]},{"damage_healed":24,"gold_gain":0,"player_choice":"Full Heal","damage_taken":0,"max_hp_gain":0,"max_hp_loss":0,"event_name":"Wheel of Change","floor":29,"gold_loss":0},{"damage_healed":0,"gold_gain":300,"player_choice":"Gold","damage_taken":0,"max_hp_gain":0,"max_hp_loss":0,"event_name":"Wheel of Change","floor":42,"gold_loss":0}],"is_beta":false,"boss_relics":[{"not_picked":["Coffee Dripper","Empty Cage"],"picked":"Ectoplasm"},{"not_picked":["Runic Dome","Sozu"],"picked":"Black Blood"}],"items_purged_floors":[2,30],"is_endless":false,"potions_floor_spawned":[8,13,14,16,21,24,33,37,44],"killed_by":"Giant Head","ascension_level":15}}