{"host":"2l18wfhekslkbqyg","time":1613954614,"event":{"mods":["BaseMod","Minty Spire (QoL Compilation)","SuperFastMode"],"gold_per_floor":[116,116,134,134,134,162,162,189,189,189,215,215,215,315,315,444,444,467,488,104,104,124,124,142,177,177,192,192,192],"floor_reached":28,"language":"ENG","playtime":1669,"items_purged":[],"score":395,"play_id":"eab5f1b8-06e9-4877-a54e-8804de524614","local_time":"20210221164334","is_ascension_mode":true,"campfire_choices":[{"floor":7,"key":"REST"},{"data":"LikeWater","floor":10,"key":"SMITH"},{"floor":13,"key":"REST"},{"data":"LikeWater","floor":15,"key":"SMITH"},{"data":"SpiritShield","floor":23,"key":"SMITH"}],"circlet_count":0,"master_deck":["Strike_P","Strike_P","Defend_P","Defend_P","Defend_P","Eruption+1","Vigilance+1","LikeWater+1","LikeWater+1","ReachHeaven+1","ClearTheMind","SpiritShield+1","JustLucky+1","Indignation+1","Adaptation+1","LessonLearned","Wish","WindmillStrike"],"relics":["PureWater","Yang","Pen Nib","Eternal Feather","Ancient Tea Set","Mummified Hand","Golden Idol","Astrolabe","Pantograph","Oddly Smooth Stone","Smiling Mask","White Beast Statue"],"acts_visited":["Exordium","TheCity"],"potions_floor_usage":[8,24,25,25,28],"damage_taken":[{"damage":0,"enemies":"Jaw Worm","floor":1,"turns":3},{"damage":0,"enemies":"Cultist","floor":3,"turns":3},{"damage":43,"enemies":"Gremlin Nob","floor":6,"turns":7},{"damage":37,"enemies":"3 Sentries","floor":8,"turns":14},{"damage":5,"enemies":"Lagavulin","floor":11,"turns":9},{"damage":0,"enemies":"Slime Boss","floor":16,"turns":5},{"damage":4,"enemies":"Spheric Guardian","floor":18,"turns":6},{"damage":0,"enemies":"Chosen","floor":19,"turns":3},{"damage":16,"enemies":"Snake Plant","floor":22,"turns":6},{"damage":3,"enemies":"3 Cultists","floor":24,"turns":3},{"damage":42,"enemies":"Slavers","floor":25,"turns":62},{"damage":8,"enemies":"Centurion and Healer","floor":27,"turns":4},{"damage":10,"enemies":"Gremlin Leader","floor":28,"turns":1}],"seed_played":"5993190159006851679","potions_obtained":[{"floor":1,"key":"Regen Potion"},{"floor":8,"key":"Swift Potion"},{"floor":16,"key":"Weak Potion"},{"floor":19,"key":"Block Potion"},{"floor":25,"key":"Dexterity Potion"},{"floor":27,"key":"Weak Potion"}],"is_trial":false,"path_per_floor":["M","?","M","$","?","E","R","E","T","R","E","?","R","?","R","B",null,"M","M","$","T","M","R","M","E","T","M","E"],"character_chosen":"WATCHER","items_purchased":["LessonLearned","Pantograph"],"campfire_rested":2,"item_purchase_floors":[20,20],"current_hp_per_floor":[72,65,65,65,62,19,42,20,20,26,21,2,31,31,37,37,69,65,65,65,65,49,58,55,13,13,5,0,0],"gold":192,"neow_bonus":"TEN_PERCENT_HP_BONUS","is_daily":false,"chose_seed":false,"campfire_upgraded":3,"win_rate":0.0,"timestamp":1613954614,"path_taken":["M","?","?","$","?","E","R","E","T","R","E","?","R","?","R","BOSS","M","M","$","?","M","R","M","E","T","M","E"],"items_purchased_type":["Card","Relic"],"build_version":"2020-12-22","purchased_purges":0,"victory":false,"max_hp_per_floor":[79,79,79,79,79,79,79,79,79,79,79,79,79,79,79,79,79,79,79,79,79,79,79,79,79,79,79,79,79],"card_choices":[{"not_picked":["Fasting2","ForeignInfluence"],"picked":"LikeWater","floor":1},{"not_picked":["Wireheading","FollowUp"],"picked":"LikeWater","floor":3},{"not_picked":["FlyingSleeves","Weave","EmptyBody"],"picked":"SKIP","floor":6},{"not_picked":["InnerPeace","WindmillStrike"],"picked":"ReachHeaven","floor":8},{"not_picked":["ConjureBlade","Fasting2"],"picked":"ClearTheMind","floor":11},{"not_picked":["DeusExMachina","Wish"],"picked":"SpiritShield","floor":16},{"not_picked":["ForeignInfluence","Worship+1","BowlingBash"],"picked":"SKIP","floor":18},{"not_picked":["EmptyFist","FlyingSleeves+1","EmptyMind"],"picked":"SKIP","floor":19},{"not_picked":["Consecrate","Protect"],"picked":"Wish","floor":22},{"not_picked":["BowlingBash","InnerPeace+1","Prostrate+1"],"picked":"SKIP","floor":24},{"not_picked":["BowlingBash","InnerPeace+1","Prostrate+1"],"picked":"SKIP","floor":24},{"not_picked":["Scrawl","Prostrate"],"picked":"WindmillStrike","floor":25},{"not_picked":["Vengeance","Adaptation","Sanctity+1"],"picked":"SKIP","floor":27}],"player_experience":182114,"relics_obtained":[{"floor":6,"key":"Pen Nib"},{"floor":8,"key":"Eternal Feather"},{"floor":9,"key":"Ancient Tea Set"},{"floor":11,"key":"Mummified Hand"},{"floor":21,"key":"Oddly Smooth Stone"},{"floor":25,"key":"Smiling Mask"},{"floor":26,"key":"White Beast Statue"}],"event_choices":[{"damage_healed":0,"gold_gain":0,"player_choice":"Damaged","damage_taken":7,"max_hp_gain":0,"max_hp_loss":0,"event_name":"Wheel of Change","floor":2,"gold_loss":0},{"damage_healed":0,"gold_gain":0,"player_choice":"Success","damage_taken":3,"relics_obtained":["Yang"],"max_hp_gain":0,"max_hp_loss":0,"event_name":"Scrap Ooze","floor":5,"gold_loss":0},{"damage_healed":0,"gold_gain":0,"player_choice":"Take Damage","damage_taken":19,"relics_obtained":["Golden Idol"],"max_hp_gain":0,"max_hp_loss":0,"event_name":"Golden Idol","floor":12,"gold_loss":0},{"damage_healed":0,"gold_gain":100,"player_choice":"Pray","damage_taken":0,"max_hp_gain":0,"max_hp_loss":0,"event_name":"Golden Shrine","floor":14,"gold_loss":0}],"is_beta":false,"boss_relics":[{"not_picked":["Philosopher\u0027s Stone","Tiny House"],"picked":"Astrolabe"}],"items_purged_floors":[],"is_endless":false,"potions_floor_spawned":[1,8,16,19,22,25,27],"killed_by":"Gremlin Leader","ascension_level":6}}