{"host":"8a72fthmlk1o8pdb","time":1613957241,"event":{"mods":["AchievementEnabler","Aspiration","Astrologer","Bard","BaseMod","Beaked The Cultist","Better Altar","Better Match","Better Note","Better Sensory Stone","Better Skull","Better Third Choice","ChefMod","Colored Map","Colored Powertips","Dark Map","Downfall","Friendly Minions","GifTheSpireLib","Googly Eyes","Gremlin Mod","Hermit","Hubris","JesterMod","Jorbs\u0027s Wanderer Trilogy","Marisa????????","Melee Mod","Minty Spire (QoL Compilation)","Monster B Gone","Permanent Neow","Pikachu Mod","Random Character Button","Rare Cards Sparkle","Relic Filter Mod","Relic Stats","Reliquary","Robot Space Explorer","Shade Mod","Shop Mod","Smile Girya","Somnambulant","Spire Arcade","Spire Birthday Party","StSLib","The Animator","The Blue Laboratory","The Construct","The Cursed","The Disciple","The Edgeheg","The Hayseed","The Hierophant","The Juggle","The Jungle","The Marked","The Mystic","The Necromancer","The Poker Player","The Problem Sleuth","The Runesmith","The Showman","TheBandit","TheFirefly","TheVacant","everything is the same but u backflip on backflip","thorton"],"gold_per_floor":[112,112,128,140,24,24,24,56,81,101,26,44,44,57,57,154,154,94,112,112,125,56,56,56],"floor_reached":23,"language":"ENG","playtime":1223,"items_purged":[],"score":191,"play_id":"e48bb18e-3988-4f1d-8653-051bf3ba32e8","local_time":"20210221172721","is_ascension_mode":false,"campfire_choices":[{"data":"Wallop","floor":6,"key":"SMITH"},{"data":"Swivel","floor":13,"key":"SMITH"},{"floor":15,"key":"REST"}],"circlet_count":0,"master_deck":["Strike_P","Strike_P","Strike_P","Strike_P","Defend_P","Defend_P","Defend_P","Defend_P","Eruption","Vigilance","Perseverance","Dramatic Entrance","Protect","Wallop+1","Swivel+1","Conclude","PanicButton+1","Panacea+1","WreathOfFlame","SandsOfTime","ConjureBlade","ClearTheMind","InnerPeace","TalkToTheHand"],"relics":["VioletLotus","Potion Belt","hubris:MedicalManual","hubris:OldNail","bronze:MakeshiftBattery"],"acts_visited":["Exordium","TheCity"],"potions_floor_usage":[14,21,21],"damage_taken":[{"damage":8,"enemies":"2 Louse","floor":1,"turns":3},{"damage":2,"enemies":"Cultist","floor":3,"turns":4},{"damage":0,"enemies":"Small Slimes","floor":4,"turns":4},{"damage":11,"enemies":"Gremlin Nob","floor":8,"turns":3},{"damage":0,"enemies":"Exordium Thugs","floor":10,"turns":2},{"damage":0,"enemies":"Looter","floor":12,"turns":3},{"damage":0,"enemies":"Large Slime","floor":14,"turns":3},{"damage":66,"enemies":"The Guardian","floor":16,"turns":12},{"damage":4,"enemies":"2 Thieves","floor":18,"turns":4},{"damage":15,"enemies":"Spheric Guardian","floor":19,"turns":6},{"damage":0,"enemies":"Centurion and Healer","floor":21,"turns":4},{"damage":48,"enemies":"Book of Stabbing","floor":23,"turns":7}],"seed_played":"7169945436887671246","potions_obtained":[{"floor":8,"key":"blueLaboratory:SavagePotion"},{"floor":12,"key":"FairyPotion"},{"floor":16,"key":"blueLaboratory:ExaltedPotion"},{"floor":19,"key":"blueLaboratory:ExaltedPotion"}],"is_trial":false,"path_per_floor":["M","?","M","M","$","R","?","E","T","M","?","M","R","M","R","B",null,"M","M","?","M","$","E"],"character_chosen":"WATCHER","items_purchased":["Wallop","Swivel","TalkToTheHand"],"campfire_rested":1,"item_purchase_floors":[5,5,22],"current_hp_per_floor":[64,64,62,62,62,62,47,36,36,36,36,36,36,36,57,21,72,68,53,46,46,46,0,0],"gold":56,"neow_bonus":"BOSS_RELIC","is_daily":false,"chose_seed":false,"campfire_upgraded":2,"win_rate":0.0,"timestamp":1613957241,"path_taken":["M","?","M","M","$","R","?","E","T","?","?","M","R","M","R","BOSS","M","M","?","M","$","E"],"items_purchased_type":["Card","Card","Card"],"build_version":"2020-12-22","purchased_purges":0,"victory":false,"max_hp_per_floor":[72,72,72,72,72,72,72,72,72,72,72,72,72,72,72,72,72,72,72,72,72,72,72,72],"relic_stats":{"counters":[12,55],"VioletLotus":[6],"obtain_stats":[{"Potion Belt":7,"VioletLotus":0,"hubris:MedicalManual":8,"PureWater":0,"hubris:OldNail":9,"bronze:MakeshiftBattery":17},{"Potion Belt":3,"VioletLotus":0,"hubris:MedicalManual":4,"PureWater":0,"hubris:OldNail":4,"bronze:MakeshiftBattery":8},{"Potion Belt":11,"VioletLotus":0,"hubris:MedicalManual":14,"PureWater":0,"hubris:OldNail":14,"bronze:MakeshiftBattery":34}]},"card_choices":[{"not_picked":["Crescendo","FlurryOfBlows"],"picked":"Perseverance","floor":1},{"not_picked":["EmptyBody","CrushJoints"],"picked":"Protect","floor":3},{"not_picked":["CutThroughFate","WaveOfTheHand","InnerPeace"],"picked":"SKIP","floor":4},{"not_picked":["EmptyFist","Evaluate"],"picked":"Conclude","floor":8},{"not_picked":["FlyingSleeves","CrushJoints","BowlingBash"],"picked":"SKIP","floor":10},{"not_picked":["Trip+1","theEdgeheg:OkSo8+1"],"picked":"PanicButton+1","floor":11},{"not_picked":["Swift Strike+1","Purity+1"],"picked":"Panacea+1","floor":11},{"not_picked":["Consecrate","ThirdEye"],"picked":"WreathOfFlame","floor":12},{"not_picked":["EmptyBody","Prostrate"],"picked":"SandsOfTime","floor":14},{"not_picked":["DeusExMachina","DevaForm"],"picked":"ConjureBlade","floor":16},{"not_picked":["SashWhip","WaveOfTheHand"],"picked":"ClearTheMind","floor":18},{"not_picked":["EmptyFist","FlurryOfBlows"],"picked":"InnerPeace","floor":19},{"not_picked":["FollowUp","Weave","FlurryOfBlows"],"picked":"SKIP","floor":21},{"not_picked":["FollowUp","Weave","FlurryOfBlows"],"picked":"SKIP","floor":21}],"player_experience":248683,"relics_obtained":[{"floor":8,"key":"hubris:MedicalManual"},{"floor":9,"key":"hubris:OldNail"}],"event_choices":[{"damage_healed":0,"gold_gain":1,"player_choice":"4","damage_taken":0,"max_hp_gain":0,"max_hp_loss":0,"event_name":"betterStone:BetterStone","floor":2,"gold_loss":0,"cards_obtained":["Dramatic Entrance"]},{"damage_healed":0,"gold_gain":0,"player_choice":"RE ","damage_taken":17,"relics_obtained":["Potion Belt"],"max_hp_gain":0,"max_hp_loss":0,"event_name":"betterSkull:BetterSkull","floor":7,"gold_loss":0,"cards_upgraded":[]},{"damage_healed":0,"gold_gain":0,"player_choice":"2","damage_taken":0,"max_hp_gain":0,"max_hp_loss":0,"event_name":"betterMatch:BetterMatch","floor":11,"gold_loss":0,"cards_obtained":["betterMatch:ColorlessUncommonCard","betterMatch:ColorlessUncommonCard"]},{"damage_healed":0,"gold_gain":0,"player_choice":"Damaged","damage_taken":7,"max_hp_gain":0,"max_hp_loss":0,"event_name":"Wheel of Change","floor":20,"gold_loss":0}],"is_beta":false,"boss_relics":[{"not_picked":["Fusion Hammer","aspiration:MobileForge"],"picked":"bronze:MakeshiftBattery"}],"items_purged_floors":[],"is_endless":false,"potions_floor_spawned":[8,12,16,19],"killed_by":"Book of Stabbing","ascension_level":0}}