{"host":"prxrhpgaxnj4om9r","time":1613988878,"event":{"mods":["AchievementEnabler","BaseMod","Colored Map","DeckTracker","Minty Spire (QoL Compilation)"],"gold_per_floor":[109,33,33,33,49,77,77,97,97,131,131,151,168,168,168,271,271,282,298,317,317,331,331,358,390,416,416,450,467,268,268,268,368,368,384,160,176,195,195,195,25,25,25,51,51,51,62,79,79,79,79],"floor_reached":50,"language":"KOR","playtime":2057,"items_purged":["Writhe","Regret"],"score":758,"play_id":"9ce8f28c-b971-4059-b885-fa720ebb45db","local_time":"20210222191438","is_ascension_mode":true,"campfire_choices":[{"data":"Feed","floor":7,"key":"SMITH"},{"data":"Wild Strike","floor":11,"key":"SMITH"},{"data":"Hemokinesis","floor":15,"key":"SMITH"},{"floor":23,"key":"REST"},{"data":"Barricade","floor":27,"key":"SMITH"},{"floor":32,"key":"REST"},{"data":"Exhume","floor":40,"key":"SMITH"},{"data":"Bludgeon","floor":42,"key":"SMITH"},{"data":"Immolate","floor":49,"key":"SMITH"}],"circlet_count":0,"master_deck":["Strike_R","Strike_R","Strike_R","Strike_R","Strike_R","Defend_R+1","Defend_R","Defend_R+1","Defend_R","Bash","Thunderclap","Fire Breathing+1","Hemokinesis+1","Feed+1","Dropkick","Wild Strike+1","Clash","Impervious","Barricade+1","Power Through+1","Reckless Charge","Immolate+1","Wild Strike+1","Parasite","Flex+1","Infernal Blade+1","Sword Boomerang+1","Feed+1","Exhume+1","CurseOfTheBell","Rage+1","Armaments+1","Wild Strike+1","Bludgeon+1","Injury","Inflame","Bandage Up","Mind Blast","Perfected Strike+1","Shrug It Off+1"],"relics":["Burning Blood","NeowsBlessing","Eternal Feather","HornCleat","Tiny Chest","Cursed Key","Pen Nib","War Paint","Vajra","Red Mask","MealTicket","Calling Bell","Red Skull","Self Forming Clay","Thread and Needle","Happy Flower","Darkstone Periapt","Bag of Marbles","Ginger"],"acts_visited":["Exordium","TheCity","TheBeyond"],"potions_floor_usage":[10,16,16,18,22,22,25,25,33,33,37,50],"damage_taken":[{"damage":0,"enemies":"Cultist","floor":1,"turns":1},{"damage":0,"enemies":"Small Slimes","floor":5,"turns":1},{"damage":0,"enemies":"Gremlin Nob","floor":6,"turns":1},{"damage":19,"enemies":"Jaw Worm","floor":8,"turns":5},{"damage":30,"enemies":"Lagavulin","floor":10,"turns":5},{"damage":7,"enemies":"Large Slime","floor":12,"turns":6},{"damage":11,"enemies":"Looter","floor":13,"turns":2},{"damage":31,"enemies":"Slime Boss","floor":16,"turns":7},{"damage":4,"enemies":"2 Thieves","floor":18,"turns":4},{"damage":46,"enemies":"Spheric Guardian","floor":19,"turns":6},{"damage":21,"enemies":"Centurion and Healer","floor":20,"turns":5},{"damage":25,"enemies":"Cultist and Chosen","floor":22,"turns":5},{"damage":35,"enemies":"Slavers","floor":25,"turns":5},{"damage":26,"enemies":"Masked Bandits","floor":28,"turns":5},{"damage":10,"enemies":"Shelled Parasite and Fungi","floor":29,"turns":4},{"damage":44,"enemies":"Champ","floor":33,"turns":11},{"damage":8,"enemies":"Orb Walker","floor":35,"turns":2},{"damage":2,"enemies":"3 Darklings","floor":37,"turns":7},{"damage":2,"enemies":"Jaw Worm Horde","floor":38,"turns":3},{"damage":29,"enemies":"Reptomancer","floor":44,"turns":4},{"damage":0,"enemies":"Sphere and 2 Shapes","floor":47,"turns":3},{"damage":4,"enemies":"3 Darklings","floor":48,"turns":2},{"damage":145,"enemies":"Donu and Deca","floor":50,"turns":7}],"seed_played":"2045664756030568669","potions_obtained":[{"floor":5,"key":"Swift Potion"},{"floor":6,"key":"SpeedPotion"},{"floor":8,"key":"LiquidBronze"},{"floor":16,"key":"Fire Potion"},{"floor":20,"key":"Strength Potion"},{"floor":21,"key":"Fire Potion"},{"floor":21,"key":"Ancient Potion"},{"floor":22,"key":"BloodPotion"},{"floor":29,"key":"Weak Potion"},{"floor":35,"key":"EssenceOfSteel"},{"floor":44,"key":"Energy Potion"}],"is_trial":false,"path_per_floor":["M","$","?","?","M","E","R","M","T","E","R","M","M","?","R","B",null,"M","M","M","?","M","R","T","E","T","R","?","M","$","?","R","B",null,"M","$","M","M","T","R","$","R","T","E","?","$","M","M","R","B"],"character_chosen":"IRONCLAD","items_purchased":["Fire Breathing","MealTicket","Strength Potion","Happy Flower","Bludgeon"],"campfire_rested":2,"item_purchase_floors":[2,30,30,36,41],"current_hp_per_floor":[78,78,78,83,85,85,85,76,76,52,61,64,63,63,72,47,85,87,47,32,32,37,79,79,54,54,69,53,49,49,49,96,62,100,98,113,117,121,121,121,121,121,127,104,99,114,120,126,131,0,0],"gold":79,"neow_bonus":"THREE_ENEMY_KILL","is_daily":false,"chose_seed":false,"campfire_upgraded":7,"win_rate":0.0,"timestamp":1613988878,"path_taken":["M","?","?","?","M","E","R","M","T","E","R","M","M","?","R","BOSS","M","M","M","?","?","R","?","E","T","R","?","M","$","?","R","BOSS","M","$","M","?","?","R","$","R","T","E","?","?","M","M","R","BOSS"],"items_purchased_type":["Card","Relic","Potion","Relic","Card"],"build_version":"2020-12-22","purchased_purges":2,"victory":false,"max_hp_per_floor":[80,80,80,85,85,85,85,89,89,89,89,93,97,97,97,97,97,97,97,97,97,101,101,101,105,105,105,109,109,109,109,109,113,113,113,113,117,121,121,121,121,121,127,127,127,127,127,131,131,131,131],"card_choices":[{"not_picked":["Armaments","Clothesline"],"picked":"Thunderclap","floor":1},{"not_picked":["Disarm","True Grit"],"picked":"Hemokinesis","floor":5},{"not_picked":["Flex","Perfected Strike"],"picked":"Feed","floor":6},{"not_picked":["Clothesline","Evolve"],"picked":"Dropkick","floor":8},{"not_picked":["Infernal Blade","Pommel Strike"],"picked":"Wild Strike","floor":10},{"not_picked":["Pommel Strike","Sword Boomerang"],"picked":"Clash","floor":12},{"not_picked":["Clothesline","Sword Boomerang"],"picked":"Impervious","floor":13},{"not_picked":["Double Tap","Impervious"],"picked":"Barricade","floor":16},{"not_picked":["Iron Wave","Armaments+1"],"picked":"Power Through+1","floor":18},{"not_picked":["Ghostly Armor","Pommel Strike+1"],"picked":"Reckless Charge","floor":19},{"not_picked":["Searing Blow","Hemokinesis"],"picked":"Immolate","floor":20},{"not_picked":["Armaments","Thunderclap"],"picked":"Wild Strike+1","floor":22},{"not_picked":["Twin Strike","Feel No Pain"],"picked":"Flex+1","floor":25},{"not_picked":["Iron Wave","True Grit"],"picked":"Infernal Blade+1","floor":28},{"not_picked":["Wild Strike+1","Headbutt"],"picked":"Sword Boomerang+1","floor":29},{"not_picked":["Impervious","Berserk"],"picked":"Exhume","floor":33},{"not_picked":["Warcry","Thunderclap"],"picked":"Rage+1","floor":35},{"not_picked":["True Grit+1","Thunderclap+1"],"picked":"Armaments+1","floor":37},{"not_picked":["Ghostly Armor+1","Cleave"],"picked":"Wild Strike+1","floor":38},{"not_picked":["Burning Pact","Battle Trance"],"picked":"Inflame","floor":44},{"not_picked":["Metamorphosis","Panacea"],"picked":"Bandage Up","floor":45},{"not_picked":["Secret Technique","Purity"],"picked":"Mind Blast","floor":45},{"not_picked":["Clash+1","Headbutt"],"picked":"Perfected Strike+1","floor":47},{"not_picked":["Clothesline","Perfected Strike"],"picked":"Shrug It Off+1","floor":48}],"player_experience":590381,"relics_obtained":[{"floor":6,"key":"Eternal Feather"},{"floor":9,"key":"HornCleat"},{"floor":10,"key":"Tiny Chest"},{"floor":24,"key":"Pen Nib"},{"floor":25,"key":"War Paint"},{"floor":26,"key":"Vajra"},{"floor":28,"key":"Red Mask"},{"floor":34,"key":"Red Skull"},{"floor":34,"key":"Self Forming Clay"},{"floor":34,"key":"Thread and Needle"},{"floor":39,"key":"Darkstone Periapt"},{"floor":43,"key":"Bag of Marbles"},{"floor":44,"key":"Ginger"}],"event_choices":[{"damage_healed":0,"gold_gain":0,"player_choice":"Grow","damage_taken":0,"max_hp_gain":0,"max_hp_loss":0,"event_name":"Living Wall","floor":3,"gold_loss":0,"cards_upgraded":["Fire Breathing"]},{"damage_healed":0,"gold_gain":0,"player_choice":"Donut","damage_taken":0,"max_hp_gain":5,"max_hp_loss":0,"event_name":"Big Fish","floor":4,"gold_loss":0},{"damage_healed":0,"gold_gain":0,"player_choice":"Leave","damage_taken":0,"max_hp_gain":0,"max_hp_loss":0,"event_name":"The Cleric","floor":14,"gold_loss":0},{"damage_healed":0,"gold_gain":0,"player_choice":"Got Potions","damage_taken":0,"max_hp_gain":0,"max_hp_loss":0,"event_name":"Lab","floor":21,"gold_loss":0},{"damage_healed":0,"gold_gain":0,"player_choice":"Fought Bandits","damage_taken":0,"max_hp_gain":0,"max_hp_loss":0,"event_name":"Masked Bandits","floor":28,"gold_loss":0},{"damage_healed":0,"gold_gain":0,"player_choice":"Copied","damage_taken":0,"max_hp_gain":0,"max_hp_loss":0,"event_name":"Duplicator","floor":31,"gold_loss":0,"cards_obtained":["Feed"]},{"damage_healed":0,"gold_gain":0,"player_choice":"Memory 2","damage_taken":5,"max_hp_gain":0,"max_hp_loss":0,"event_name":"SensoryStone","floor":45,"gold_loss":0}],"is_beta":false,"boss_relics":[{"not_picked":["Philosopher\u0027s Stone","Velvet Choker"],"picked":"Cursed Key"},{"not_picked":["Mark of Pain","Astrolabe"],"picked":"Calling Bell"}],"items_purged_floors":[36,41],"is_endless":false,"potions_floor_spawned":[5,6,8,16,20,22,29,35,44],"killed_by":"Donu and Deca","ascension_level":6}}