{"host":"wk46m6kgjezp23jj","time":1613954714,"event":{"mods":["AchievementEnabler","BaseMod","Beaked The Cultist","Bestiary","Colored Map","Colored Powertips","Downfall","Hermit","Minty Spire (QoL Compilation)","Replay The Spire","StSLib","The Bladedancer","The Construct","The Cursed"],"gold_per_floor":[119,130,18,18,18,18,58,71,151,151,189,224,243,263,263,263,263],"floor_reached":16,"language":"ENG","playtime":1188,"items_purged":["Strike_G"],"score":121,"play_id":"7f505500-76bb-48d5-a3ca-e97de6d1b585","local_time":"20210221194514","is_ascension_mode":true,"campfire_choices":[{"data":"Well Laid Plans","floor":6,"key":"SMITH"},{"floor":10,"key":"REST"},{"floor":15,"key":"REST"}],"circlet_count":0,"master_deck":["Strike_G","Strike_G","Strike_G","Strike_G+1","Defend_G","Defend_G","Defend_G","Defend_G","Defend_G","Survivor","Neutralize","Blade Dance","Well Laid Plans+1","Hidden Blade","Cloak And Dagger","Crippling Poison","Outmaneuver+1","Bane"],"relics":["SlaversCollar","Golden Idol","Ancient Tea Set","Gremlin Food","Replay:Bottled Snecko","Orichalcum","Odd Mushroom"],"acts_visited":["Exordium"],"potions_floor_usage":[7,13,16,16],"damage_taken":[{"damage":10,"enemies":"Cultist","floor":1,"turns":6},{"damage":1,"enemies":"2 Louse","floor":2,"turns":2},{"damage":27,"enemies":"Gremlin Nob","floor":7,"turns":6},{"damage":0,"enemies":"Small Slimes","floor":8,"turns":4},{"damage":4,"enemies":"3 Sentries","floor":11,"turns":8},{"damage":25,"enemies":"The Mushroom Lair","floor":12,"turns":4},{"damage":3,"enemies":"Blue Slaver","floor":13,"turns":3},{"damage":0,"enemies":"3 Louse","floor":14,"turns":3},{"damage":31,"enemies":"Hexaghost","floor":16,"turns":14}],"seed_played":"755809369583565426","potions_obtained":[{"floor":2,"key":"Flashbang"},{"floor":7,"key":"hexamod:SoulburnPotion"},{"floor":8,"key":"Slimebound:ThreeZeroPotion"},{"floor":12,"key":"construct:ShiftPotion"}],"is_trial":false,"path_per_floor":["M","M","$","?","?","R","E","M","T","R","E","?","M","M","R","B"],"character_chosen":"THE_SILENT","items_purchased":["Well Laid Plans"],"campfire_rested":2,"item_purchase_floors":[3],"current_hp_per_floor":[60,59,59,59,52,52,25,25,25,44,40,15,12,12,31,0,0],"gold":263,"neow_bonus":"BOSS_RELIC","is_daily":false,"chose_seed":false,"campfire_upgraded":1,"win_rate":0.0,"timestamp":1613954714,"path_taken":["M","M","?","?","?","R","E","M","T","R","E","?","M","?","R","BOSS"],"items_purchased_type":["Card"],"build_version":"2020-12-22","purchased_purges":1,"victory":false,"max_hp_per_floor":[70,70,70,65,65,65,65,65,65,65,65,65,65,65,65,65,65],"card_choices":[{"not_picked":["Flying Knee","Sucker Punch"],"picked":"Blade Dance","floor":1},{"not_picked":["Slice","Sucker Punch","Calculated Gamble"],"picked":"SKIP","floor":2},{"not_picked":["Deflect","Sucker Punch","All Out Attack"],"picked":"SKIP","floor":7},{"not_picked":["Catalyst","Underhanded Strike"],"picked":"Hidden Blade","floor":8},{"not_picked":["Hidden Blade","Tactician"],"picked":"Cloak And Dagger","floor":11},{"not_picked":["Wraith Form v2","Dodge and Roll"],"picked":"Crippling Poison","floor":12},{"not_picked":["Sucker Punch","Finisher"],"picked":"Outmaneuver","floor":13},{"not_picked":["Deflect","Prepared"],"picked":"Bane","floor":14}],"player_experience":41146,"relics_obtained":[{"floor":7,"key":"Gremlin Food"},{"floor":9,"key":"Replay:Bottled Snecko"},{"floor":11,"key":"Orichalcum"},{"floor":12,"key":"Odd Mushroom"}],"event_choices":[{"damage_healed":0,"gold_gain":0,"player_choice":"Lose Max HP","damage_taken":0,"relics_obtained":["Golden Idol"],"max_hp_gain":0,"max_hp_loss":5,"event_name":"Golden Idol","floor":4,"gold_loss":0},{"damage_healed":0,"gold_gain":0,"player_choice":"Success","damage_taken":7,"relics_obtained":["Ancient Tea Set"],"max_hp_gain":0,"max_hp_loss":0,"event_name":"Scrap Ooze","floor":5,"gold_loss":0},{"damage_healed":0,"gold_gain":0,"player_choice":"Fought Mushrooms","damage_taken":0,"max_hp_gain":0,"max_hp_loss":0,"event_name":"Mushrooms","floor":12,"gold_loss":0}],"is_beta":false,"boss_relics":[],"items_purged_floors":[3],"is_endless":false,"potions_floor_spawned":[2,7,8,12],"killed_by":"Hexaghost","ascension_level":2}}