{"host":"0jile2yd1dg679g0","time":1613961577,"event":{"mods":["AchievementEnabler","Act Like it!","BaseMod","Better Third Choice","Bossed Relics","Colored Map","Colored Powertips","Gensokyo","Hermit","Luminous","Marisa????????","Minty Spire (QoL Compilation)","Random Character Button","Reliquary","Spicy Shops","StSLib","The Alterego","The Marked","The Senshi","The Servant 0.9.4","Transform Curses","Waifu the Spire"],"gold_per_floor":[214,233,233,233,267,267,310,345,391,391,391,391,426,9,9,122,122,132,160,160,190,8,8,36,104,177,177,14,14,62,97,97,239,239,239,20,72,72,72,72,72],"floor_reached":40,"language":"ENG","playtime":3839,"items_purged":["Strike_MRS"],"score":470,"play_id":"8ef1bcc9-16ed-4c35-aa59-bb3a7feed2ab","local_time":"20210221213937","is_ascension_mode":true,"campfire_choices":[{"data":"MasterSpark","floor":6.0,"key":"SMITH"},{"floor":10.0,"key":"REST"},{"data":"JA","floor":12.0,"key":"SMITH"},{"data":"The Bomb","floor":15.0,"key":"SMITH"},{"data":"Metamorphosis","floor":23.0,"key":"SMITH"},{"floor":27.0,"key":"REST"},{"floor":29.0,"key":"REST"},{"floor":32.0,"key":"REST"}],"circlet_count":0,"master_deck":["Strike_MRS","Strike_MRS","Strike_MRS","Defend_MRS","Defend_MRS","MasterSpark+1","UpSweep","AsteroidBelt","WitchOfGreed","AsteroidBelt","JA+1","PowerUp","WitchLeyline","The Bomb+1","BinaryStars","MachineGunSpark","ChargingUp","MeteoricShower+1","Metamorphosis+1","WitchOfGreed+1","PowerUp","Bandage Up","MilkyWay","ManaRampage","CurseOfTheBell","GalacticHalo+1"],"relics":["MiniHakkero","reliquary:NewFriend","reliquary:WeakTea","Shuriken","Runic Pyramid","reliquary:Boomerang","reliquary:BoilingFlask","reliquary:Bookmark","Tiny Chest","Calling Bell","reliquary:Knoch","HornCleat","Bird Faced Urn","Vajra","Darkstone Periapt"],"acts_visited":["Exordium","TheCity","TheBeyond"],"potions_floor_usage":[],"damage_taken":[{"damage":1.0,"enemies":"Cultist","floor":1.0,"turns":3.0},{"damage":11.0,"enemies":"Jaw Worm","floor":2.0,"turns":3.0},{"damage":0.0,"enemies":"2 Louse","floor":5.0,"turns":3.0},{"damage":19.0,"enemies":"Gremlin Nob","floor":7.0,"turns":4.0},{"damage":7.0,"enemies":"Lots of Slimes","floor":8.0,"turns":4.0},{"damage":12.0,"enemies":"Looter","floor":13.0,"turns":3.0},{"damage":4.0,"enemies":"Slime Boss","floor":16.0,"turns":5.0},{"damage":26.0,"enemies":"2 Thieves","floor":18.0,"turns":3.0},{"damage":7.0,"enemies":"Chosen","floor":19.0,"turns":4.0},{"damage":0.0,"enemies":"Snecko","floor":21.0,"turns":4.0},{"damage":7.0,"enemies":"Chosen and Byrds","floor":24.0,"turns":4.0},{"damage":29.0,"enemies":"Gremlin Leader","floor":25.0,"turns":4.0},{"damage":31.0,"enemies":"Book of Stabbing","floor":30.0,"turns":3.0},{"damage":10.0,"enemies":"Sentry and Sphere","floor":31.0,"turns":5.0},{"damage":26.0,"enemies":"Champ","floor":33.0,"turns":7.0},{"damage":28.0,"enemies":"Orb Walker","floor":35.0,"turns":4.0},{"damage":42.0,"enemies":"3 Shapes","floor":37.0,"turns":5.0},{"damage":13,"enemies":"Giant Head","floor":40,"turns":1}],"seed_played":"-1412117859390626958","potions_obtained":[{"floor":5.0,"key":"ShroomBrew"},{"floor":5.0,"key":"SkillPotion"},{"floor":13.0,"key":"Explosive Potion"},{"floor":13.0,"key":"LiquidBronze"},{"floor":16.0,"key":"Swift Potion"},{"floor":18.0,"key":"Energy Potion"},{"floor":19.0,"key":"SteroidPotion"},{"floor":20.0,"key":"ColorlessPotion"},{"floor":21.0,"key":"Block Potion"},{"floor":21.0,"key":"SteroidPotion"},{"floor":24.0,"key":"DuplicationPotion"},{"floor":25.0,"key":"Regen Potion"},{"floor":25.0,"key":"Energy Potion"},{"floor":30.0,"key":"EssenceOfSteel"},{"floor":31.0,"key":"Dexterity Potion"},{"floor":33.0,"key":"ShroomBrew"},{"floor":37.0,"key":"SteroidPotion"},{"floor":37.0,"key":"Ancient Potion"}],"is_trial":false,"path_per_floor":["M","M","?","?","M","R","E","M","T","R","?","R","M","$","R","B",null,"M","M","?","M","$","R","M","E","T","R","$","R","E","M","R","B",null,"M","$","M","$","T","E"],"character_chosen":"MARISA","items_purchased":["The Bomb","Shuriken","Metamorphosis","reliquary:Bookmark","Bandage Up","Vajra"],"campfire_rested":4,"item_purchase_floors":[14,14,22,28,28,36],"current_hp_per_floor":[74,63,56,61,61,61,42,35,35,59,59,59,47,47,47,43,80,54,47,47,47,47,47,40,11,11,35,35,59,46,40,64,42,80,60,60,26,26,26,13,13],"gold":72,"neow_bonus":"HUNDRED_GOLD","is_daily":false,"chose_seed":false,"campfire_upgraded":4,"win_rate":0.0,"timestamp":1613961577,"path_taken":["M","?","?","?","M","R","E","M","T","R","?","R","?","$","R","BOSS","M","M","?","M","$","R","M","E","T","R","?","R","E","M","R","BOSS","M","$","M","$","?","E"],"items_purchased_type":["Card","Relic","Card","Relic","Card","Relic"],"build_version":"2020-12-22","purchased_purges":1,"victory":false,"max_hp_per_floor":[75,75,75,80,80,80,80,80,80,80,80,80,80,80,80,80,80,80,80,80,80,80,80,80,80,80,80,80,80,80,80,80,80,80,80,80,80,80,80,80,80],"card_choices":[{"not_picked":["Acceleration","DoubleSpark"],"picked":"AsteroidBelt","floor":1.0},{"not_picked":["ShootTheMoon","GalacticHalo"],"picked":"WitchOfGreed","floor":2.0},{"not_picked":["GalacticHalo","MagicAbsorber"],"picked":"AsteroidBelt","floor":5.0},{"not_picked":["PropBag","OpenUniverse"],"picked":"JA","floor":7.0},{"not_picked":["MeteoricShower","SporeBomb"],"picked":"PowerUp","floor":8.0},{"not_picked":["GrandCross","DarkMatter"],"picked":"WitchLeyline","floor":13.0},{"not_picked":["AbsoluteMagnitude","BigCrunch"],"picked":"BinaryStars","floor":16.0},{"not_picked":["IllusionStar","DC+1"],"picked":"MachineGunSpark","floor":18.0},{"not_picked":["BlazeAway+1","EventHorizon"],"picked":"ChargingUp","floor":19.0},{"not_picked":["MachineGunSpark","GasGiant"],"picked":"MeteoricShower+1","floor":21.0},{"not_picked":["DC","MagicChant"],"picked":"WitchOfGreed+1","floor":24.0},{"not_picked":["AlicesGift","MysteriousBeam"],"picked":"PowerUp","floor":25.0},{"not_picked":["Orbital","OpenUniverse","EscapeVelocity"],"picked":"SKIP","floor":30.0},{"not_picked":["Acceleration","DoubleSpark"],"picked":"MilkyWay","floor":31.0},{"not_picked":["EscapeVelocity","BigCrunch"],"picked":"ManaRampage","floor":33.0},{"not_picked":["IllusionStar","DoubleSpark+1"],"picked":"GalacticHalo+1","floor":37.0}],"player_experience":345040,"relics_obtained":[{"floor":7.0,"key":"reliquary:NewFriend"},{"floor":9.0,"key":"reliquary:WeakTea"},{"floor":25.0,"key":"reliquary:Boomerang"},{"floor":26.0,"key":"reliquary:BoilingFlask"},{"floor":30.0,"key":"Tiny Chest"},{"floor":34.0,"key":"reliquary:Knoch"},{"floor":34.0,"key":"HornCleat"},{"floor":34.0,"key":"Bird Faced Urn"},{"floor":39,"key":"Darkstone Periapt"}],"event_choices":[{"cards_removed":["Defend_MRS"],"damage_healed":0.0,"max_hp_gain":0.0,"max_hp_loss":0.0,"gold_gain":0.0,"event_name":"Golden Wing","player_choice":"Card Removal","floor":3.0,"gold_loss":0.0,"damage_taken":7.0},{"damage_healed":0.0,"max_hp_gain":5.0,"max_hp_loss":0.0,"gold_gain":0.0,"event_name":"Big Fish","player_choice":"Donut","floor":4.0,"gold_loss":0.0,"damage_taken":0.0},{"cards_removed":["Defend_MRS"],"damage_healed":0.0,"max_hp_gain":0.0,"max_hp_loss":0.0,"gold_gain":0.0,"event_name":"Bonfire Elementals","player_choice":"Offered Basic","floor":11.0,"gold_loss":0.0,"damage_taken":0.0},{"damage_healed":0.0,"max_hp_gain":0.0,"max_hp_loss":0.0,"gold_gain":0.0,"event_name":"Lab","player_choice":"Got Potions","floor":20.0,"gold_loss":0.0,"damage_taken":0.0}],"is_beta":false,"boss_relics":[{"not_picked":["Pandora\u0027s Box","Runic Dome"],"picked":"Runic Pyramid"},{"not_picked":["reliquary:Ember","Astrolabe"],"picked":"Calling Bell"}],"items_purged_floors":[36],"is_endless":false,"potions_floor_spawned":[5,13,16,18,19,21,35,37],"killed_by":"Giant Head","ascension_level":1}}