{"host":"lg1piimdyocafd6j","time":1613993758,"event":{"mods":["AchievementEnabler","BaseMod","Better Third Choice","BetterRewards","Colored Map","Colored Powertips","Downfall","Minty Spire (QoL Compilation)","Quick Restart","Rare Cards Sparkle","Remove Card Discount Mod","Shop Mod","StSLib","SuperFastMode"],"gold_per_floor":[115,128,139,149,167,202,202,234,234,244,254,254,273,228,228,329,329,343,343,154,104,116,116,116,116],"floor_reached":24,"language":"ENG","playtime":1220,"items_purged":["Defend_R","Defend_R","Strike_R","Bash","Defend_R","Strike_R","Defend_R","Strike_R"],"score":310,"play_id":"730b18a2-c39f-4c6d-b62c-c214243f4b2b","local_time":"20210222123558","is_ascension_mode":false,"campfire_choices":[{"floor":7,"key":"REST"},{"floor":12,"key":"RECALL"},{"floor":15,"key":"REST"},{"data":"Armaments","floor":23,"key":"SMITH"}],"circlet_count":0,"master_deck":["Strike_R","Strike_R","Armaments+1","Armaments","Iron Wave+1","Reckless Charge+1","Barricade","Combust","Berserk","Iron Wave+1","Combust"],"relics":["Burning Blood","Molten Egg 2","Lantern","Blood Vial","Strawberry","Darkstone Periapt","Black Star","Nilry\u0027s Codex","Membership Card"],"acts_visited":["Exordium","TheCity"],"potions_floor_usage":[6,16,16,22],"damage_taken":[{"damage":4,"enemies":"Cultist","floor":1,"turns":4},{"damage":0,"enemies":"2 Louse","floor":2,"turns":2},{"damage":0,"enemies":"Small Slimes","floor":3,"turns":3},{"damage":0,"enemies":"Exordium Wildlife","floor":4,"turns":3},{"damage":0,"enemies":"Blue Slaver","floor":5,"turns":3},{"damage":38,"enemies":"Lagavulin","floor":6,"turns":10},{"damage":33,"enemies":"3 Sentries","floor":8,"turns":9},{"damage":14,"enemies":"Red Slaver","floor":10,"turns":4},{"damage":5,"enemies":"2 Fungi Beasts","floor":11,"turns":4},{"damage":2,"enemies":"Blue Slaver","floor":13,"turns":5},{"damage":49,"enemies":"Hexaghost","floor":16,"turns":10},{"damage":33,"enemies":"Spheric Guardian","floor":18,"turns":4},{"damage":9,"enemies":"Chosen","floor":22,"turns":5},{"damage":53,"enemies":"Centurion and Healer","floor":24,"turns":4}],"seed_played":"-672249183632947873","potions_obtained":[{"floor":2,"key":"Weak Potion"},{"floor":6,"key":"ColorlessPotion"},{"floor":11,"key":"hexamod:SoulburnPotion"},{"floor":13,"key":"CultistPotion"},{"floor":22,"key":"BloodPotion"}],"is_trial":false,"path_per_floor":["M","M","M","M","M","E","R","E","T","M","M","R","M","$","R","B",null,"M","?","$","?","M","R","M"],"character_chosen":"IRONCLAD","items_purchased":["Armaments","Molten Egg 2","Lantern","Armaments","Blood Vial","Combust","Membership Card","Combust"],"campfire_rested":2,"item_purchase_floors":[0,0,0,0,0,14,20,20],"current_hp_per_floor":[80,80,80,80,80,55,81,56,56,50,53,53,59,59,85,44,87,60,44,44,44,60,60,9,9],"gold":116,"neow_bonus":"","is_daily":false,"chose_seed":false,"campfire_upgraded":1,"win_rate":0.0,"timestamp":1613993758,"path_taken":["M","?","M","M","M","E","R","E","T","M","M","R","M","$","R","BOSS","M","?","$","?","?","R","?"],"items_purchased_type":["Card","Relic","Relic","Card","Relic","Card","Relic","Card"],"build_version":"2020-12-22","purchased_purges":8,"victory":false,"max_hp_per_floor":[80,80,80,80,80,87,87,87,87,87,87,87,87,87,87,87,87,87,87,87,87,87,87,87,87],"card_choices":[{"not_picked":["Entrench","Twin Strike+1"],"picked":"Iron Wave+1","floor":1},{"not_picked":["True Grit","Thunderclap+1"],"picked":"Reckless Charge+1","floor":2},{"not_picked":["Warcry","Perfected Strike+1","Ghostly Armor"],"picked":"SKIP","floor":3},{"not_picked":["Havoc","Infernal Blade","Heavy Blade+1"],"picked":"SKIP","floor":4},{"not_picked":["Evolve","Rupture","Second Wind"],"picked":"SKIP","floor":5},{"not_picked":["Thunderclap+1","Bludgeon+1","Cleave+1"],"picked":"SKIP","floor":6},{"not_picked":["Cleave+1","Disarm"],"picked":"Barricade","floor":8},{"not_picked":["Intimidate","Rampage+1","Wild Strike+1"],"picked":"SKIP","floor":10},{"not_picked":["Heavy Blade+1","Rampage+1","Havoc"],"picked":"SKIP","floor":11},{"not_picked":["Clash+1","Infernal Blade","Twin Strike+1"],"picked":"SKIP","floor":13},{"not_picked":["Limit Break","Corruption"],"picked":"Berserk","floor":16},{"not_picked":["Intimidate","Pummel+1"],"picked":"Iron Wave+1","floor":18},{"not_picked":["Wild Strike+1","Flex","Perfected Strike+1"],"picked":"SKIP","floor":22}],"player_experience":184652,"relics_obtained":[{"floor":6,"key":"Strawberry"},{"floor":8,"key":"Darkstone Periapt"},{"floor":19,"key":"Nilry\u0027s Codex"}],"event_choices":[{"damage_healed":0,"gold_gain":0,"player_choice":"Obtained Book","damage_taken":16,"max_hp_gain":0,"max_hp_loss":0,"event_name":"Cursed Tome","floor":19,"gold_loss":0},{"damage_healed":0,"gold_gain":0,"player_choice":"Bet on Murderer","damage_taken":0,"max_hp_gain":0,"max_hp_loss":0,"event_name":"The Joust","floor":21,"gold_loss":50}],"is_beta":false,"boss_relics":[{"not_picked":["Calling Bell","Cursed Key"],"picked":"Black Star"}],"items_purged_floors":[0,0,14,14,14,20,20,20],"is_endless":false,"potions_floor_spawned":[2,6,11,13,22],"killed_by":"Centurion and Healer","ascension_level":0}}