{"host":"5qewjvycy34u7aeo","time":1613960713,"event":{"mods":["BaseMod","Downfall","GifTheSpireLib","Infinite Spire","Minty Spire (QoL Compilation)","Permanent Neow","Replay The Spire","StSLib","Wandering Minibosses"],"gold_per_floor":[114,114,132,132,57,57,57,57,131,131,144,159,194,210,210,311,311,322,322,322,32,32,66,81,101,101,50,50,84,84,117,117,213,213,226,101,118,138,155,184,194,194,219,229,229,254,274,300,300,300],"floor_reached":51,"language":"ENG","playtime":4039,"items_purged":["Regret","Strike_G","Strike_G"],"score":1044,"play_id":"6da3ffb0-e57d-440b-baa9-ab9b5a0a123a","local_time":"20210221202513","is_ascension_mode":true,"campfire_choices":[{"data":"Dodge and Roll","floor":6.0,"key":"SMITH"},{"data":"Survivor","floor":8.0,"key":"SMITH"},{"data":"Neutralize","floor":10.0,"key":"SMITH"},{"data":"Leg Sweep","floor":15.0,"key":"SMITH"},{"data":"Blade Dance","floor":30.0,"key":"SMITH"},{"floor":32.0,"key":"DIG"},{"data":"Blade Dance","floor":42,"key":"SMITH"},{"data":"Burst","floor":45,"key":"SMITH"},{"data":"Dash","floor":49,"key":"SMITH"}],"circlet_count":0,"master_deck":["Defend_G","Defend_G","Defend_G","Defend_G+1","Defend_G+1","Survivor+1","Neutralize+1","Blade Dance+1","Dodge and Roll+1","Leg Sweep+1","Dodge and Roll","Blade Dance+1","Burst+1","Cloak And Dagger","Dodge and Roll","Phantasmal Killer","Blur","Dagger Spray","Cloak And Dagger","Envenom+1","Footwork+1","PiercingWail","Dash+1","Backflip+1"],"relics":["bronze:BronzeCore","Replay:Mystery Machine","infinitespire:Cubic Diamond","infinitespire:WardingShard","Shuriken","SlaversCollar","ReplayTheSpireMod:Ring of Collecting","Ring of Fury","Oddly Smooth Stone","Strawberry","ReplayTheSpireMod:Ring of Challenge","Bottled Lightning","Letter Opener","Replay:Ringing Soul","Frozen Egg 2","WristBlade","Nunchaku","Boot","Simple Rune","infinitespire:EmpoweringShard"],"acts_visited":["Exordium","TheCity","TheBeyond"],"potions_floor_usage":[44],"damage_taken":[{"damage":2.0,"enemies":"Jaw Worm","floor":1.0,"turns":6.0},{"damage":2.0,"enemies":"2 Louse","floor":3.0,"turns":4.0},{"damage":0.0,"enemies":"Small Slimes","floor":11.0,"turns":5.0},{"damage":3.0,"enemies":"Exordium Thugs","floor":12.0,"turns":8.0},{"damage":13.0,"enemies":"Lagavulin","floor":13.0,"turns":11.0},{"damage":3.0,"enemies":"Lots of Slimes","floor":14.0,"turns":8.0},{"damage":0.0,"enemies":"The Guardian","floor":16.0,"turns":18.0},{"damage":5.0,"enemies":"Spheric Guardian","floor":18.0,"turns":5.0},{"damage":0.0,"enemies":"Replay:Snechameleon","floor":23.0,"turns":8.0},{"damage":0.0,"enemies":"3 Byrds","floor":24.0,"turns":10.0},{"damage":0.0,"enemies":"Centurion and Healer","floor":25.0,"turns":10.0},{"damage":0.0,"enemies":"Nightmare","floor":29.0,"turns":10.0},{"damage":0.0,"enemies":"Slavers","floor":31.0,"turns":6.0},{"damage":68.0,"enemies":"Champ","floor":33.0,"turns":14.0},{"damage":0.0,"enemies":"3 Darklings","floor":35.0,"turns":4.0},{"damage":0.0,"enemies":"Orb Walker","floor":37.0,"turns":4.0},{"damage":0.0,"enemies":"Writhing Mass","floor":38.0,"turns":6.0},{"damage":1,"enemies":"Sphere and 2 Shapes","floor":39,"turns":4},{"damage":11,"enemies":"Nemesis","floor":40,"turns":7},{"damage":31,"enemies":"Transient","floor":41,"turns":5},{"damage":0,"enemies":"4 Shapes","floor":44,"turns":7},{"damage":0,"enemies":"Reptomancer","floor":46,"turns":5},{"damage":0,"enemies":"Jaw Worm Horde","floor":47,"turns":5},{"damage":0,"enemies":"R_Hoarder","floor":48,"turns":6},{"damage":0,"enemies":"Awakened One","floor":50,"turns":13}],"seed_played":"6446513786773473645","potions_obtained":[{"floor":11.0,"key":"LifebloodPotion"},{"floor":12.0,"key":"SteroidPotion"},{"floor":14.0,"key":"Poison Potion"},{"floor":25.0,"key":"Energy Potion"},{"floor":39,"key":"Regen Potion"},{"floor":40,"key":"Swift Potion"},{"floor":46,"key":"ColorlessPotion"},{"floor":47,"key":"Fire Potion"}],"is_trial":false,"path_per_floor":["M","?","M","?","$","R","?","R","T","R","M","M","E","M","R","B",null,"M","?","?","$","?","E","M","M","T","$","T","NM","R","E","R","B",null,"M","$","M","M","M","E","M","R","T","M","R","E","M","E","R","B",null],"character_chosen":"THE_SILENT","items_purchased":["Oddly Smooth Stone","Dodge and Roll","Cloak And Dagger"],"campfire_rested":0,"item_purchase_floors":[21,21,27],"current_hp_per_floor":[68,68,66,66,66,66,66,66,66,66,66,63,50,47,47,47,70,65,65,65,65,65,72,72,72,72,72,72,72,72,72,72,7,80,80,80,83,86,85,77,46,46,46,46,46,49,49,49,49,49],"gold":300,"neow_bonus":"REMOVE_CARD","is_daily":false,"chose_seed":false,"campfire_upgraded":8,"win_rate":0.0,"timestamp":1613960713,"path_taken":["M","?","M","?","$","R","?","R","T","R","?","M","E","M","R","BOSS","M","?","?","?","?","E","M","?","T","$","?","NM","R","E","R","BOSS","M","$","M","M","M","E","M","R","T","M","R","E","M","E","R","BOSS"],"items_purchased_type":["Relic","Card","Card"],"build_version":"2020-12-22","purchased_purges":3,"victory":true,"max_hp_per_floor":[70,70,70,70,70,70,70,70,70,70,70,70,70,70,70,70,70,70,70,70,70,70,77,77,77,77,77,77,77,77,77,77,80,80,80,80,83,86,86,89,89,89,89,89,89,92,92,92,92,92],"card_choices":[{"not_picked":["Reflex","Bouncing Flask"],"picked":"Blade Dance","floor":1.0},{"not_picked":["Bane","Prepared"],"picked":"Dodge and Roll","floor":3.0},{"not_picked":["Flechettes","Poisoned Stab"],"picked":"Leg Sweep","floor":11.0},{"not_picked":["Hidden Blade","Bane"],"picked":"Dodge and Roll","floor":12.0},{"not_picked":["Toxin Wave","Predator","Masterful Stab"],"picked":"SKIP","floor":13.0},{"not_picked":["Sucker Punch","Caltrops"],"picked":"Blade Dance","floor":14.0},{"not_picked":["Night Terror","Storm of Steel"],"picked":"Burst","floor":16.0},{"not_picked":["Underhanded Strike","Expertise+1","PiercingWail"],"picked":"SKIP","floor":18.0},{"not_picked":["Toxin Wave+1","Dagger Spray"],"picked":"Phantasmal Killer","floor":23.0},{"not_picked":["Deflect+1","Endless Agony"],"picked":"Blur","floor":24.0},{"not_picked":["Underhanded Strike+1","Toxin Wave"],"picked":"Dagger Spray","floor":25.0},{"not_picked":["Slice","Catalyst","Poisoned Stab"],"picked":"SKIP","floor":29.0},{"not_picked":["Hidden Blade","Deadly Poison","Prepared+1"],"picked":"SKIP","floor":31.0},{"not_picked":["infinitespire:Neurotoxin","ReplayTheSpireMod:From All Sides"],"picked":"Envenom+1","floor":33.0},{"not_picked":["Dagger Spray","Skewer+1","Finisher+1"],"picked":"SKIP","floor":35.0},{"not_picked":["Bane","Slice+1"],"picked":"Footwork+1","floor":37.0},{"not_picked":["Dagger Spray","ReplayTheSpireMod:From All Sides"],"picked":"PiercingWail","floor":38.0},{"not_picked":["Escape Plan+1","Caltrops+1","Quick Slash"],"picked":"SKIP","floor":39},{"not_picked":["ReplayTheSpireMod:The Works+1","Calculated Gamble+1"],"picked":"Dash","floor":40},{"not_picked":["Flying Knee","Dodge and Roll+1","Underhanded Strike"],"picked":"SKIP","floor":41},{"not_picked":["Quick Slash","Concentrate+1","ReplayTheSpireMod:The Works"],"picked":"SKIP","floor":44},{"not_picked":["Quick Slash+1","Distraction+1"],"picked":"Backflip+1","floor":46},{"not_picked":["Poison Darts","Leg Sweep","Catalyst+1"],"picked":"SKIP","floor":47},{"not_picked":["Poison Darts","Leg Sweep","Catalyst+1"],"picked":"SKIP","floor":47},{"not_picked":["Dagger Spray+1","Deadly Poison","Storm of Steel"],"picked":"SKIP","floor":48}],"player_experience":500376,"relics_obtained":[{"floor":9.0,"key":"infinitespire:WardingShard"},{"floor":13.0,"key":"Shuriken"},{"floor":19.0,"key":"ReplayTheSpireMod:Ring of Collecting"},{"floor":19.0,"key":"Ring of Fury"},{"floor":23.0,"key":"Strawberry"},{"floor":28.0,"key":"ReplayTheSpireMod:Ring of Challenge"},{"floor":28.0,"key":"Bottled Lightning"},{"floor":29.0,"key":"Letter Opener"},{"floor":31.0,"key":"Replay:Ringing Soul"},{"floor":32.0,"key":"Frozen Egg 2"},{"floor":40,"key":"Nunchaku"},{"floor":43,"key":"Boot"},{"floor":46,"key":"Simple Rune"},{"floor":48,"key":"infinitespire:EmpoweringShard"}],"event_choices":[{"damage_healed":0.0,"max_hp_gain":0.0,"max_hp_loss":0.0,"gold_gain":0.0,"event_name":"Big Fish","player_choice":"Box","floor":2.0,"gold_loss":0.0,"damage_taken":0.0,"relics_obtained":["Replay:Mystery Machine"],"cards_obtained":["Regret"]},{"cards_removed":["Strike_G"],"damage_healed":0.0,"max_hp_gain":0.0,"max_hp_loss":0.0,"gold_gain":0.0,"event_name":"Living Wall","player_choice":"Forget","floor":7.0,"gold_loss":0.0,"damage_taken":0.0},{"damage_healed":0.0,"max_hp_gain":0.0,"max_hp_loss":0.0,"gold_gain":0.0,"event_name":"The Library","player_choice":"Read","floor":20.0,"gold_loss":0.0,"damage_taken":0.0,"cards_obtained":["Cloak And Dagger"]},{"cards_removed":["Strike_G"],"damage_healed":0.0,"max_hp_gain":0.0,"max_hp_loss":0.0,"gold_gain":0.0,"event_name":"Back to Basics","player_choice":"Elegance","floor":22.0,"gold_loss":0.0,"damage_taken":0.0}],"is_beta":false,"boss_relics":[{"not_picked":["Runic Dome","HoveringKite"],"picked":"SlaversCollar"},{"not_picked":["ReplayTheSpireMod:SealedPack","Runic Pyramid"],"picked":"WristBlade"}],"items_purged_floors":[5,21,36],"is_endless":false,"potions_floor_spawned":[11,12,14,25,39,40,41,46,47,48],"ascension_level":1}}