{"host":"r4fh4z5myensb3zv","time":1613982849,"event":{"mods":["BaseMod","Colored Map","Colored Powertips","DeckTracker","Minty Spire (QoL Compilation)","Rare Cards Sparkle","Relic Stats","StSLib"],"gold_per_floor":[110,126,143,143,156,190,190,190,237,262,262,285,306,350,350,469,469,489,489,504,230,230,230,254,278,278,301,320,98,98,117,117,246,246,269,200,216,235,235,235,256,270,270,270,270,103,166,204,204,204,204],"floor_reached":50,"language":"ENG","playtime":5904,"items_purged":["Defend_P+1","Strike_P+1"],"score":513,"play_id":"bce57824-10fd-4451-97d7-350cad9b133c","local_time":"20210222093409","is_ascension_mode":false,"campfire_choices":[{"floor":11.0,"key":"REST"},{"floor":15.0,"key":"REST"},{"data":"Eruption","floor":23.0,"key":"SMITH"},{"floor":32.0,"key":"REST"},{"floor":40.0,"key":"REST"},{"floor":45,"key":"REST"},{"floor":49,"key":"REST"}],"circlet_count":0,"master_deck":["Strike_P+1","Strike_P+1","Defend_P+1","Defend_P+1","Defend_P+1","Eruption+1","Vigilance","WindmillStrike","ClearTheMind","SashWhip","Halt","Vengeance+1","ConjureBlade+1","FearNoEvil","Wallop","Judgement+1","CurseOfTheBell","Indignation+1","Halt+1","Indignation+1","Wallop","Crescendo+1","EmptyBody+1","ConjureBlade+1","DeusExMachina+1","Collect+1","ClearTheMind+1","Consecrate"],"relics":["PureWater","NeowsBlessing","Golden Idol","Toxic Egg 2","Centennial Puzzle","Happy Flower","Calling Bell","Orichalcum","Meat on the Bone","Pocketwatch","Strawberry","MutagenicStrength","Kunai","VioletLotus","Pear","PreservedInsect","Calipers","Nunchaku"],"acts_visited":["Exordium","TheCity","TheBeyond"],"potions_floor_usage":[42,48],"damage_taken":[{"damage":0.0,"enemies":"Small Slimes","floor":1.0,"turns":1.0},{"damage":0.0,"enemies":"2 Louse","floor":2.0,"turns":1.0},{"damage":0.0,"enemies":"Cultist","floor":3.0,"turns":1.0},{"damage":0.0,"enemies":"3 Louse","floor":5.0,"turns":3.0},{"damage":34.0,"enemies":"Gremlin Nob","floor":6.0,"turns":5.0},{"damage":0.0,"enemies":"Looter","floor":10.0,"turns":1.0},{"damage":0.0,"enemies":"Large Slime","floor":12.0,"turns":3.0},{"damage":5.0,"enemies":"Exordium Thugs","floor":13.0,"turns":5.0},{"damage":17.0,"enemies":"3 Sentries","floor":14.0,"turns":6.0},{"damage":37.0,"enemies":"Hexaghost","floor":16.0,"turns":8.0},{"damage":14.0,"enemies":"2 Thieves","floor":18.0,"turns":3.0},{"damage":0.0,"enemies":"Spheric Guardian","floor":20.0,"turns":3.0},{"damage":7.0,"enemies":"Snake Plant","floor":24.0,"turns":4.0},{"damage":12.0,"enemies":"Shelled Parasite and Fungi","floor":25.0,"turns":3.0},{"damage":0.0,"enemies":"Cultist and Chosen","floor":27.0,"turns":4.0},{"damage":0.0,"enemies":"Centurion and Healer","floor":28.0,"turns":4.0},{"damage":0.0,"enemies":"Sentry and Sphere","floor":31.0,"turns":3.0},{"damage":22.0,"enemies":"Automaton","floor":33.0,"turns":8.0},{"damage":0.0,"enemies":"Orb Walker","floor":35.0,"turns":2.0},{"damage":11.0,"enemies":"3 Darklings","floor":37.0,"turns":7.0},{"damage":45.0,"enemies":"Spire Growth","floor":38.0,"turns":6.0},{"damage":29.0,"enemies":"Transient","floor":41.0,"turns":5.0},{"damage":0,"enemies":"Jaw Worm Horde","floor":42,"turns":3},{"damage":4,"enemies":"Mind Bloom Boss Battle","floor":47,"turns":7},{"damage":45,"enemies":"Nemesis","floor":48,"turns":6},{"damage":74,"enemies":"Donu and Deca","floor":50,"turns":6}],"seed_played":"810412596032294936","potions_obtained":[{"floor":1.0,"key":"SneckoOil"},{"floor":3.0,"key":"StancePotion"},{"floor":6.0,"key":"Ambrosia"},{"floor":10.0,"key":"Regen Potion"},{"floor":12.0,"key":"Strength Potion"},{"floor":24.0,"key":"AttackPotion"},{"floor":33.0,"key":"ColorlessPotion"},{"floor":35.0,"key":"SteroidPotion"},{"floor":37.0,"key":"Strength Potion"},{"floor":38.0,"key":"Energy Potion"}],"is_trial":false,"path_per_floor":["M","M","M","?","M","E","?","?","T","M","R","M","M","E","R","B",null,"M","?","M","$","?","R","M","M","T","M","M","$","?","M","R","B",null,"M","$","M","M","?","R","M","M","T","?","R","$","?","E","R","B"],"character_chosen":"WATCHER","items_purchased":["Halt+1","Strawberry","Block Potion","SpeedPotion","EmptyBody+1","Collect+1","ClearTheMind+1","PreservedInsect"],"campfire_rested":6,"item_purchase_floors":[21,21,29,29,29,36,46,46],"current_hp_per_floor":[72,72,72,54,54,20,13,6,6,6,27,27,22,20,41,4,72,58,58,58,65,65,65,58,46,46,46,46,46,46,46,69,47,79,79,79,68,35,40,63,46,46,56,56,82,82,78,45,71,0,0],"gold":204,"neow_bonus":"THREE_ENEMY_KILL","is_daily":false,"chose_seed":false,"campfire_upgraded":1,"win_rate":0.0,"timestamp":1613982849,"path_taken":["M","M","M","?","M","E","?","?","T","M","R","?","M","E","R","BOSS","M","?","M","$","?","R","M","M","T","M","M","$","?","M","R","BOSS","M","$","M","M","?","R","M","M","T","?","R","$","?","E","R","BOSS"],"items_purchased_type":["Card","Relic","Potion","Potion","Card","Card","Card","Relic"],"build_version":"2020-12-22","purchased_purges":2,"victory":false,"max_hp_per_floor":[72,72,72,72,72,72,72,72,72,72,72,72,72,72,72,72,72,72,72,72,79,79,79,79,79,79,79,79,79,79,79,79,79,79,79,79,79,79,79,79,79,79,89,89,89,89,89,89,89,89,89],"relic_stats":{"Centennial Puzzle":[39],"Nunchaku":[0],"Happy Flower":[27],"counters":[26,108],"Golden Idol":157,"VioletLotus":[13],"PreservedInsect":47,"Kunai":[12],"Orichalcum":[102],"obtain_stats":[{"Pear":43,"Calipers":47,"NeowsBlessing":0,"Happy Flower":14,"Golden Idol":4,"PreservedInsect":46,"Orichalcum":17,"Calling Bell":17,"Centennial Puzzle":9,"Nunchaku":48,"Strawberry":21,"MutagenicStrength":22,"VioletLotus":34,"Kunai":26,"PureWater":0,"Toxic Egg 2":6,"Meat on the Bone":17,"Pocketwatch":17},{"Pear":23,"Calipers":24,"NeowsBlessing":0,"Happy Flower":9,"Golden Idol":3,"PreservedInsect":23,"Orichalcum":10,"Calling Bell":10,"Centennial Puzzle":5,"Nunchaku":25,"Strawberry":12,"MutagenicStrength":12,"VioletLotus":18,"Kunai":14,"PureWater":0,"Toxic Egg 2":5,"Meat on the Bone":10,"Pocketwatch":10},{"Pear":89,"Calipers":96,"NeowsBlessing":0,"Happy Flower":26,"Golden Idol":3,"PreservedInsect":89,"Orichalcum":34,"Calling Bell":34,"Centennial Puzzle":11,"Nunchaku":102,"Strawberry":40,"MutagenicStrength":40,"VioletLotus":66,"Kunai":47,"PureWater":0,"Toxic Egg 2":11,"Meat on the Bone":34,"Pocketwatch":34}],"Meat on the Bone":36,"Pocketwatch":[47]},"card_choices":[{"not_picked":["Study","CrushJoints"],"picked":"WindmillStrike","floor":1.0},{"not_picked":["ThirdEye","WheelKick"],"picked":"ClearTheMind","floor":2.0},{"not_picked":["Weave","Evaluate"],"picked":"SashWhip","floor":3.0},{"not_picked":["ClearTheMind","FlyingSleeves"],"picked":"Halt","floor":5.0},{"not_picked":["EmptyFist","CutThroughFate"],"picked":"Vengeance+1","floor":6.0},{"not_picked":["FlurryOfBlows","Collect+1"],"picked":"PathToVictory+1","floor":10.0},{"not_picked":["JustLucky","Nirvana"],"picked":"ConjureBlade+1","floor":12.0},{"not_picked":["FollowUp","ThirdEye+1"],"picked":"FearNoEvil","floor":13.0},{"not_picked":["CutThroughFate","LessonLearned"],"picked":"Wallop","floor":14.0},{"not_picked":["Ragnarok","LessonLearned"],"picked":"Judgement+1","floor":16.0},{"not_picked":["JustLucky","WaveOfTheHand+1","PathToVictory+1"],"picked":"SKIP","floor":18.0},{"not_picked":["EmptyMind+1","JustLucky+1"],"picked":"Indignation+1","floor":20.0},{"not_picked":["BowlingBash","Conclude"],"picked":"Indignation+1","floor":24.0},{"not_picked":["PathToVictory+1","ReachHeaven"],"picked":"Wallop","floor":25.0},{"not_picked":["PathToVictory+1","Evaluate+1"],"picked":"Crescendo+1","floor":27.0},{"not_picked":["FlurryOfBlows+1","Consecrate","ClearTheMind+1"],"picked":"SKIP","floor":28.0},{"not_picked":["SashWhip","Fasting2","WaveOfTheHand+1"],"picked":"SKIP","floor":31.0},{"not_picked":["Omniscience+1","ConjureBlade+1"],"picked":"DeusExMachina+1","floor":33.0},{"not_picked":["CrushJoints","InnerPeace+1","JustLucky"],"picked":"SKIP","floor":35.0},{"not_picked":["CrushJoints","InnerPeace+1","JustLucky"],"picked":"SKIP","floor":35.0},{"not_picked":["Pray+1","Conclude+1","SignatureMove"],"picked":"SKIP","floor":37.0},{"not_picked":["FollowUp","ReachHeaven","DeceiveReality+1"],"picked":"SKIP","floor":38.0},{"not_picked":["ThirdEye+1","Nirvana+1","Evaluate+1"],"picked":"SKIP","floor":41},{"not_picked":["SignatureMove","CrushJoints+1"],"picked":"ClearTheMind+1","floor":42},{"not_picked":["EmptyFist","CutThroughFate+1"],"picked":"Consecrate","floor":48}],"player_experience":131864,"relics_obtained":[{"floor":6.0,"key":"Toxic Egg 2"},{"floor":9.0,"key":"Centennial Puzzle"},{"floor":14.0,"key":"Happy Flower"},{"floor":17.0,"key":"Orichalcum"},{"floor":17.0,"key":"Meat on the Bone"},{"floor":17.0,"key":"Pocketwatch"},{"floor":26.0,"key":"Kunai"},{"floor":43,"key":"Pear"},{"floor":47,"key":"Calipers"},{"floor":48,"key":"Nunchaku"}],"event_choices":[{"damage_healed":0.0,"max_hp_gain":0.0,"max_hp_loss":0.0,"gold_gain":0.0,"event_name":"Golden Idol","player_choice":"Take Damage","floor":4.0,"gold_loss":0.0,"damage_taken":18.0,"relics_obtained":["Golden Idol"]},{"cards_removed":["Strike_P"],"damage_healed":0.0,"max_hp_gain":0.0,"max_hp_loss":0.0,"gold_gain":0.0,"event_name":"Golden Wing","player_choice":"Card Removal","floor":7.0,"gold_loss":0.0,"damage_taken":7.0},{"damage_healed":0.0,"max_hp_gain":0.0,"max_hp_loss":0.0,"gold_gain":0.0,"event_name":"Wheel of Change","player_choice":"Damaged","floor":8.0,"gold_loss":0.0,"damage_taken":7.0},{"damage_healed":0.0,"max_hp_gain":0.0,"max_hp_loss":0.0,"gold_gain":0.0,"event_name":"Back to Basics","player_choice":"Simplicity","floor":19.0,"gold_loss":0.0,"damage_taken":0.0,"cards_upgraded":["Strike_P","Strike_P","Strike_P","Defend_P","Defend_P","Defend_P","Defend_P"]},{"damage_healed":0.0,"max_hp_gain":0.0,"max_hp_loss":0.0,"gold_gain":0.0,"event_name":"Drug Dealer","player_choice":"Inject Mutagens","floor":22.0,"gold_loss":0.0,"damage_taken":0.0,"relics_obtained":["MutagenicStrength"]},{"damage_healed":0.0,"max_hp_gain":0.0,"max_hp_loss":0.0,"gold_gain":0.0,"event_name":"Duplicator","player_choice":"Copied","floor":30.0,"gold_loss":0.0,"damage_taken":0.0,"cards_obtained":["ConjureBlade"]},{"cards_removed":["PathToVictory"],"damage_healed":5.0,"max_hp_gain":0.0,"max_hp_loss":0.0,"gold_gain":0.0,"event_name":"Bonfire Elementals","player_choice":"Offered Common","floor":39.0,"gold_loss":0.0,"damage_taken":0.0},{"cards_removed":["PathToVictory"],"damage_healed":5.0,"max_hp_gain":0.0,"max_hp_loss":0.0,"gold_gain":0.0,"event_name":"Bonfire Elementals","player_choice":"Offered Special","floor":39.0,"gold_loss":0.0,"damage_taken":0.0},{"cards_removed":["ClearTheMind"],"damage_healed":0,"gold_gain":0,"player_choice":"Removed Skill","damage_taken":0,"max_hp_gain":0,"max_hp_loss":0,"event_name":"Falling","floor":44,"gold_loss":0},{"damage_healed":0,"gold_gain":0,"player_choice":"Fight","damage_taken":0,"max_hp_gain":0,"max_hp_loss":0,"event_name":"MindBloom","floor":47,"gold_loss":0}],"is_beta":false,"boss_relics":[{"not_picked":["Black Star","SacredBark"],"picked":"Calling Bell"},{"not_picked":["Cursed Key","Runic Dome"],"picked":"VioletLotus"}],"items_purged_floors":[21,29],"is_endless":false,"potions_floor_spawned":[1,3,6,10,12,24,31,33,35,37,38],"killed_by":"Donu and Deca","ascension_level":0}}