{"host":"2sct7qpnpunnnd84","time":1613963880,"event":{"mods":["BaseMod","Googly Eyes","Minty Spire (QoL Compilation)","Quick Restart","Shop Mod","StSLib","The IronCluck"],"gold_per_floor":[117,137,312,327,402,430,430,447,447,458,369,394,408,424,424,526,526,540,572,572,315,46,46,56,56,56,56,87,87,104,119,119,221,221,236,32,44,44,56,56,76,89,89,89,89,105,105,121,121,121],"floor_reached":51,"language":"ENG","playtime":5199,"items_purged":["Doubt"],"score":681,"play_id":"ee1b19a1-04a7-43d5-8416-1bd4892d1a5b","local_time":"20210221191800","is_ascension_mode":false,"campfire_choices":[{"floor":7.0,"key":"REST"},{"floor":15.0,"key":"REST"},{"floor":23.0,"key":"REST"},{"floor":27.0,"key":"REST"},{"floor":29.0,"key":"REST"},{"floor":32.0,"key":"REST"},{"floor":40.0,"key":"REST"},{"floor":44.0,"key":"REST"},{"floor":47.0,"key":"REST"},{"floor":49.0,"key":"REST"}],"circlet_count":0,"master_deck":["Strike_R+1","Strike_R+1","Strike_R+1","Strike_R+1","Strike_R+1","Defend_R+1","Defend_R+1","Defend_R+1","Defend_R+1","Bash","Flex","Feel No Pain","Shrug It Off","Headbutt","Armaments","Spot Weakness","Juggernaut","Inflame","Disarm+1","Metallicize","Flex","Thunderclap","Iron Wave","Heavy Blade","Armaments","Spot Weakness+1","Shrug It Off","Body Slam","Barricade","Heavy Blade","Bash","Limit Break","Armaments+1","Flex+1","Uppercut","Body Slam+1","Body Slam","Rampage","Demon Form","Cleave"],"relics":["Burning Blood","NeowsBlessing","Meat on the Bone","The Courier","Blue Candle","White Beast Statue","Busted Crown","Red Mask","Membership Card","Girya","Dream Catcher","Sundial","Runic Pyramid","Lizard Tail","Vajra","Boot"],"acts_visited":["Exordium","TheCity","TheBeyond"],"potions_floor_usage":[50,50],"damage_taken":[{"damage":0.0,"enemies":"Small Slimes","floor":1.0,"turns":1.0},{"damage":0.0,"enemies":"2 Louse","floor":2.0,"turns":1.0},{"damage":0.0,"enemies":"Cultist","floor":4.0,"turns":1.0},{"damage":20.0,"enemies":"3 Sentries","floor":6.0,"turns":16.0},{"damage":16.0,"enemies":"2 Fungi Beasts","floor":8.0,"turns":7.0},{"damage":6.0,"enemies":"Exordium Wildlife","floor":10.0,"turns":4.0},{"damage":38.0,"enemies":"Gremlin Nob","floor":12.0,"turns":5.0},{"damage":17.0,"enemies":"3 Louse","floor":13.0,"turns":5.0},{"damage":0.0,"enemies":"Looter","floor":14.0,"turns":4.0},{"damage":77.0,"enemies":"Slime Boss","floor":16.0,"turns":18.0},{"damage":0.0,"enemies":"3 Byrds","floor":18.0,"turns":3.0},{"damage":75.0,"enemies":"Masked Bandits","floor":19.0,"turns":7.0},{"damage":10.0,"enemies":"2 Thieves","floor":24.0,"turns":5.0},{"damage":37.0,"enemies":"Gremlin Leader","floor":28.0,"turns":5.0},{"damage":16.0,"enemies":"Centurion and Healer","floor":30.0,"turns":6.0},{"damage":18.0,"enemies":"Snecko","floor":31.0,"turns":7.0},{"damage":45.0,"enemies":"Champ","floor":33.0,"turns":12.0},{"damage":69.0,"enemies":"3 Darklings","floor":35.0,"turns":7.0},{"damage":19.0,"enemies":"Orb Walker","floor":37.0,"turns":4.0},{"damage":20.0,"enemies":"Transient","floor":39.0,"turns":5.0},{"damage":26.0,"enemies":"Jaw Worm Horde","floor":41.0,"turns":5.0},{"damage":31.0,"enemies":"Writhing Mass","floor":42.0,"turns":5.0},{"damage":38.0,"enemies":"3 Darklings","floor":46.0,"turns":6.0},{"damage":44.0,"enemies":"Spire Growth","floor":48.0,"turns":5.0},{"damage":42,"enemies":"Time Eater","floor":50,"turns":9}],"seed_played":"-6411149477949502128","potions_obtained":[{"floor":1.0,"key":"Energy Potion"},{"floor":12.0,"key":"SpeedPotion"},{"floor":13.0,"key":"Energy Potion"},{"floor":14.0,"key":"LiquidBronze"},{"floor":16.0,"key":"SteroidPotion"},{"floor":18.0,"key":"ElixirPotion"},{"floor":19.0,"key":"FearPotion"},{"floor":24.0,"key":"AttackPotion"},{"floor":28.0,"key":"Weak Potion"},{"floor":30.0,"key":"LiquidMemories"},{"floor":31.0,"key":"Block Potion"},{"floor":33.0,"key":"GamblersBrew"},{"floor":35.0,"key":"HeartOfIron"},{"floor":37.0,"key":"PowerPotion"},{"floor":39.0,"key":"ElixirPotion"},{"floor":41.0,"key":"Energy Potion"},{"floor":46.0,"key":"SpeedPotion"},{"floor":48.0,"key":"Dexterity Potion"}],"is_trial":false,"path_per_floor":["M","M","?","M","?","E","R","M","T","M","?","E","M","M","R","B",null,"M","?","?","$","$","R","M","?","T","R","E","R","M","M","R","B",null,"M","$","M","?","M","R","M","M","T","R","?","M","R","M","R","B",null],"character_chosen":"IRONCLAD","items_purchased":["Metallicize","Flex","Thunderclap","Iron Wave","Heavy Blade","Membership Card","Girya","Armaments","Lizard Tail","Vajra","BloodPotion"],"campfire_rested":10,"item_purchase_floors":[21,21,21,21,21,22,22,22,36,36,36],"current_hp_per_floor":[80,80,80,80,69,55,79,69,69,69,69,49,50,56,80,21,80,80,23,23,23,23,47,55,55,55,79,48,72,62,50,74,47,80,29,45,44,44,42,66,58,45,45,69,69,49,73,47,71,47],"gold":121,"neow_bonus":"THREE_ENEMY_KILL","is_daily":false,"chose_seed":false,"campfire_upgraded":0,"win_rate":0.0,"timestamp":1613963880,"path_taken":["M","M","?","M","?","E","R","M","T","M","?","E","M","?","R","BOSS","M","?","?","?","$","R","?","?","T","R","E","R","M","M","R","BOSS","M","$","M","?","M","R","M","?","T","R","?","M","R","M","R","BOSS"],"items_purchased_type":["Card","Card","Card","Card","Card","Relic","Relic","Card","Relic","Relic","Potion"],"build_version":"2020-12-22","purchased_purges":1,"victory":true,"max_hp_per_floor":[80,80,80,80,80,80,80,80,80,80,80,80,80,80,80,80,80,80,80,80,80,80,80,80,80,80,80,80,80,80,80,80,80,80,80,80,80,80,80,80,80,80,80,80,80,80,80,80,80,80],"card_choices":[{"not_picked":["Intimidate","Anger"],"picked":"Flex","floor":1.0},{"not_picked":["Blood for Blood","Sever Soul"],"picked":"Feel No Pain","floor":2.0},{"not_picked":["True Grit","Sever Soul"],"picked":"Shrug It Off","floor":4.0},{"not_picked":["Twin Strike","Offering","Pommel Strike"],"picked":"SKIP","floor":6.0},{"not_picked":["Shrug It Off","Dual Wield"],"picked":"Headbutt","floor":8.0},{"not_picked":["Sword Boomerang","Clothesline"],"picked":"Armaments","floor":10.0},{"not_picked":["Juggernaut","Flex"],"picked":"Spot Weakness","floor":12.0},{"not_picked":["Pommel Strike","Seeing Red","Disarm"],"picked":"SKIP","floor":13.0},{"not_picked":["Second Wind","Sword Boomerang","Feel No Pain"],"picked":"SKIP","floor":14.0},{"not_picked":["Bludgeon","Feed"],"picked":"Juggernaut","floor":16.0},{"not_picked":[],"picked":"Inflame","floor":18.0},{"not_picked":[],"picked":"Disarm+1","floor":19.0},{"not_picked":[],"picked":"Spot Weakness+1","floor":24.0},{"not_picked":[],"picked":"Shrug It Off","floor":28.0},{"not_picked":["Twin Strike"],"picked":"SKIP","floor":30.0},{"not_picked":[],"picked":"Body Slam","floor":31.0},{"not_picked":[],"picked":"Barricade","floor":33.0},{"not_picked":[],"picked":"Heavy Blade","floor":35.0},{"not_picked":["Pummel"],"picked":"SKIP","floor":37.0},{"not_picked":[],"picked":"Armaments+1","floor":39.0},{"not_picked":[],"picked":"Flex+1","floor":40.0},{"not_picked":[],"picked":"Uppercut","floor":41.0},{"not_picked":[],"picked":"Body Slam+1","floor":42.0},{"not_picked":[],"picked":"Body Slam","floor":44.0},{"not_picked":["Havoc+1"],"picked":"SKIP","floor":46.0},{"not_picked":[],"picked":"Rampage","floor":47.0},{"not_picked":[],"picked":"Demon Form","floor":48.0},{"not_picked":[],"picked":"Cleave","floor":49.0}],"player_experience":3449283,"relics_obtained":[{"floor":6.0,"key":"Meat on the Bone"},{"floor":9.0,"key":"The Courier"},{"floor":12.0,"key":"White Beast Statue"},{"floor":19.0,"key":"Red Mask"},{"floor":26.0,"key":"Dream Catcher"},{"floor":28.0,"key":"Sundial"},{"floor":43.0,"key":"Boot"}],"event_choices":[{"damage_healed":0.0,"max_hp_gain":0.0,"max_hp_loss":0.0,"gold_gain":175.0,"event_name":"Liars Game","player_choice":"AGREE","floor":3.0,"gold_loss":0.0,"damage_taken":0.0,"cards_obtained":["Doubt"]},{"damage_healed":0.0,"max_hp_gain":0.0,"max_hp_loss":0.0,"gold_gain":75.0,"event_name":"World of Goop","player_choice":"Gather Gold","floor":5.0,"gold_loss":0.0,"damage_taken":11.0},{"damage_healed":0.0,"max_hp_gain":0.0,"max_hp_loss":0.0,"gold_gain":0.0,"event_name":"WeMeetAgain","player_choice":"Paid Gold","floor":11.0,"gold_loss":89.0,"damage_taken":0.0,"relics_obtained":["Blue Candle"]},{"damage_healed":0.0,"max_hp_gain":0.0,"max_hp_loss":0.0,"gold_gain":0.0,"event_name":"Masked Bandits","player_choice":"Fought Bandits","floor":19.0,"gold_loss":0.0,"damage_taken":0.0},{"damage_healed":0.0,"max_hp_gain":0.0,"max_hp_loss":0.0,"gold_gain":0.0,"event_name":"Back to Basics","player_choice":"Simplicity","floor":20.0,"gold_loss":0.0,"damage_taken":0.0,"cards_upgraded":["Strike_R","Strike_R","Strike_R","Strike_R","Strike_R","Defend_R","Defend_R","Defend_R","Defend_R"]},{"damage_healed":0.0,"max_hp_gain":0.0,"max_hp_loss":0.0,"gold_gain":0.0,"event_name":"Vampires","player_choice":"Ignored","floor":25.0,"gold_loss":0.0,"damage_taken":0.0},{"damage_healed":0.0,"max_hp_gain":0.0,"max_hp_loss":0.0,"gold_gain":0.0,"event_name":"Match and Keep!","player_choice":"2 cards matched","floor":38.0,"gold_loss":0.0,"damage_taken":0.0,"cards_obtained":["Bash","Limit Break"]},{"damage_healed":0.0,"max_hp_gain":0.0,"max_hp_loss":0.0,"gold_gain":0.0,"event_name":"Mysterious Sphere","player_choice":"Ignored","floor":45.0,"gold_loss":0.0,"damage_taken":0.0}],"is_beta":false,"boss_relics":[{"not_picked":["Coffee Dripper","SlaversCollar"],"picked":"Busted Crown"},{"not_picked":["Sozu","SacredBark"],"picked":"Runic Pyramid"}],"items_purged_floors":[21],"is_endless":false,"potions_floor_spawned":[1,12,13,14,16,18,19,24,28,30,31,33,35,37,39,41,42,46,48],"ascension_level":0}}