{"host":"30jsp143e4v19aze","time":1613967064,"event":{"mods":["BaseMod","Colored Map","Colored Powertips","Curses Come First","DeckTracker","Highlight Path","Minty Spire (QoL Compilation)","Quick Restart","Relic Stats","StSLib","everything is the same but u backflip on backflip","slay the spire mod where everything is the same but ironclad has a cowboy hat"],"gold_per_floor":[113,129,129,129,51,76,76,105,152,77,77,77,121,139,139,139,139],"floor_reached":16,"language":"ENG","playtime":294,"items_purged":[],"score":282,"play_id":"521a2ecc-d429-4acb-b14a-e7078daef1ac","local_time":"20210222051104","is_ascension_mode":true,"campfire_choices":[{"data":"Combust","floor":7,"key":"SMITH"},{"data":"Wild Strike","floor":12,"key":"SMITH"},{"data":"True Grit","floor":15,"key":"SMITH"}],"circlet_count":0,"master_deck":["AscendersBane","Strike_R","Strike_R","Strike_R","Defend_R","Defend_R","Defend_R","Defend_R","Bash","True Grit+1","Wild Strike+1","Metallicize","Combust+1","Feel No Pain","Battle Trance","Feel No Pain"],"relics":["Burning Blood","NeowsBlessing","Vajra","Bronze Scales","Centennial Puzzle","Golden Idol","Bottled Lightning"],"acts_visited":["Exordium"],"potions_floor_usage":[16],"damage_taken":[{"damage":0,"enemies":"Small Slimes","floor":1,"turns":1},{"damage":0,"enemies":"2 Louse","floor":2,"turns":1},{"damage":0,"enemies":"Lagavulin","floor":6,"turns":3},{"damage":17,"enemies":"3 Sentries","floor":8,"turns":6},{"damage":28,"enemies":"Gremlin Nob","floor":13,"turns":4},{"damage":5,"enemies":"Jaw Worm","floor":14,"turns":2},{"damage":31,"enemies":"Slime Boss","floor":16,"turns":3}],"seed_played":"-4649131725982064881","potions_obtained":[{"floor":6,"key":"BloodPotion"},{"floor":14,"key":"Strength Potion"}],"is_trial":false,"path_per_floor":["M","M","?","?","$","E","R","E","T","?","?","R","E","M","R","B"],"character_chosen":"IRONCLAD","items_purchased":["Metallicize"],"campfire_rested":0,"item_purchase_floors":[5],"current_hp_per_floor":[74,75,64,57,57,63,63,52,52,52,52,52,30,31,31,0,0],"gold":139,"neow_bonus":"THREE_ENEMY_KILL","is_daily":false,"chose_seed":false,"campfire_upgraded":3,"win_rate":0.0,"timestamp":1613967064,"path_taken":["M","M","?","?","$","E","R","E","T","?","?","R","E","?","R","BOSS"],"items_purchased_type":["Card"],"build_version":"2020-12-22","purchased_purges":0,"victory":false,"max_hp_per_floor":[75,75,75,75,75,75,75,75,75,75,68,68,68,68,68,68,68],"relic_stats":{"Centennial Puzzle":[9],"counters":[7,20],"Golden Idol":13,"Bronze Scales":[24],"obtain_stats":[{"Centennial Puzzle":8,"NeowsBlessing":0,"Golden Idol":11,"Bronze Scales":6,"Vajra":3,"Bottled Lightning":13,"Burning Blood":0},{"Centennial Puzzle":4,"NeowsBlessing":0,"Golden Idol":4,"Bronze Scales":3,"Vajra":2,"Bottled Lightning":5,"Burning Blood":0},{"Centennial Puzzle":11,"NeowsBlessing":0,"Golden Idol":11,"Bronze Scales":5,"Vajra":2,"Bottled Lightning":15,"Burning Blood":0}],"Burning Blood":31},"card_choices":[{"not_picked":["Perfected Strike","Headbutt"],"picked":"True Grit","floor":1},{"not_picked":["Seeing Red","Intimidate"],"picked":"Wild Strike","floor":2},{"not_picked":["Pommel Strike","Uppercut"],"picked":"Combust","floor":6},{"not_picked":["Sever Soul","Cleave"],"picked":"Feel No Pain","floor":8},{"not_picked":["Heavy Blade","Sentinel"],"picked":"Battle Trance","floor":13},{"not_picked":["Anger","Power Through"],"picked":"Feel No Pain","floor":14}],"player_experience":3294854,"relics_obtained":[{"floor":6,"key":"Bronze Scales"},{"floor":8,"key":"Centennial Puzzle"},{"floor":13,"key":"Bottled Lightning"}],"event_choices":[{"damage_healed":0,"gold_gain":0,"player_choice":"Success","damage_taken":11,"relics_obtained":["Vajra"],"max_hp_gain":0,"max_hp_loss":0,"event_name":"Scrap Ooze","floor":3,"gold_loss":0},{"cards_removed":["Strike_R"],"damage_healed":0,"gold_gain":0,"player_choice":"Card Removal","damage_taken":7,"max_hp_gain":0,"max_hp_loss":0,"event_name":"Golden Wing","floor":4,"gold_loss":0},{"cards_removed":["Strike_R"],"damage_healed":0,"gold_gain":0,"player_choice":"Card Removal","damage_taken":0,"max_hp_gain":0,"max_hp_loss":0,"event_name":"The Cleric","floor":10,"gold_loss":75},{"damage_healed":0,"gold_gain":0,"player_choice":"Lose Max HP","damage_taken":0,"relics_obtained":["Golden Idol"],"max_hp_gain":0,"max_hp_loss":7,"event_name":"Golden Idol","floor":11,"gold_loss":0}],"is_beta":false,"boss_relics":[],"items_purged_floors":[],"is_endless":false,"potions_floor_spawned":[6,14],"killed_by":"Slime Boss","ascension_level":20}}