{"host":"2se5dq1do2gp0x9k","time":1613972950,"event":{"mods":["AchievementEnabler","BaseMod","Block Reminder","Colored Map","Colored Powertips","Minty Spire (QoL Compilation)","Relic Stats","StSLib","SuperFastMode"],"gold_per_floor":[117,29,49,60,79,79,79,79],"floor_reached":7,"language":"ENG","playtime":246,"items_purged":[],"score":82,"play_id":"bf070956-0ed8-46e1-aafd-8ca4bed9060a","local_time":"20210221214910","is_ascension_mode":true,"campfire_choices":[{"data":"Eruption","floor":6.0,"key":"SMITH"}],"circlet_count":0,"master_deck":["AscendersBane","Strike_P","Strike_P","Strike_P","Strike_P","Defend_P","Defend_P","Defend_P","Defend_P","Eruption+1","Vigilance","Deep Breath","MentalFortress","FearNoEvil","BowlingBash","WaveOfTheHand"],"relics":["PureWater"],"acts_visited":["Exordium"],"potions_floor_usage":[7],"damage_taken":[{"damage":0.0,"enemies":"Cultist","floor":1.0,"turns":2.0},{"damage":9.0,"enemies":"Small Slimes","floor":3.0,"turns":3.0},{"damage":7.0,"enemies":"Jaw Worm","floor":4.0,"turns":2.0},{"damage":6.0,"enemies":"Exordium Wildlife","floor":5.0,"turns":2.0},{"damage":54,"enemies":"Gremlin Nob","floor":7,"turns":4}],"seed_played":"2455262432403142104","potions_obtained":[{"floor":1.0,"key":"Strength Potion"},{"floor":3.0,"key":"PowerPotion"}],"is_trial":false,"path_per_floor":["M","$","M","M","M","R","E"],"character_chosen":"WATCHER","items_purchased":["FearNoEvil"],"campfire_rested":0,"item_purchase_floors":[2],"current_hp_per_floor":[61,61,52,45,39,39,0,0],"gold":79,"neow_bonus":"RANDOM_COLORLESS","is_daily":false,"chose_seed":false,"campfire_upgraded":1,"win_rate":0.0,"timestamp":1613972950,"path_taken":["M","$","M","M","M","R","E"],"items_purchased_type":["Card"],"build_version":"2020-12-22","purchased_purges":0,"victory":false,"max_hp_per_floor":[68,68,68,68,68,68,68,68],"relic_stats":{"counters":[5,13],"obtain_stats":[{"PureWater":0},{"PureWater":0},{"PureWater":0}]},"card_choices":[{"not_picked":["Good Instincts","Bandage Up"],"picked":"Deep Breath","floor":0.0},{"not_picked":["Meditate","Halt"],"picked":"MentalFortress","floor":1.0},{"not_picked":["ClearTheMind","Nirvana","PathToVictory"],"picked":"SKIP","floor":3.0},{"not_picked":["Protect","JustLucky"],"picked":"BowlingBash","floor":4.0},{"not_picked":["Pray","CrushJoints"],"picked":"WaveOfTheHand","floor":5.0}],"player_experience":4114220,"relics_obtained":[],"event_choices":[],"is_beta":false,"boss_relics":[],"items_purged_floors":[],"is_endless":false,"potions_floor_spawned":[1,3],"killed_by":"Gremlin Nob","ascension_level":18}}