{"host":"1vy6j31128f61x2z","time":1613960896,"event":{"mods":["AchievementEnabler","BaseMod","Colored Powertips","Minty Spire (QoL Compilation)","Permanent Neow"],"gold_per_floor":[114,64,78,94,0,27,27,39,66,94,54,54,64,93,93,196,196,207,207,222,246,246,275,200,230,255,355,389,389,389,314,314,417,417,435,449,35,48,67,96,96,129,129,129,145,145,145,162,162,162,162,162,28,59,59,59],"floor_reached":55,"language":"ENG","playtime":4048,"items_purged":["Defend_P","Defend_P"],"score":866,"play_id":"9415b57b-d2cf-4feb-a013-6a458ca0073a","local_time":"20210221212816","is_ascension_mode":true,"campfire_choices":[{"data":"ClearTheMind","floor":7.0,"key":"SMITH"},{"data":"Blasphemy","floor":12.0,"key":"SMITH"},{"data":"WindmillStrike","floor":15.0,"key":"SMITH"},{"data":"Wallop","floor":29.0,"key":"SMITH"},{"data":"Meditate","floor":32.0,"key":"SMITH"},{"floor":41.0,"key":"RECALL"},{"data":"TalkToTheHand","floor":44.0,"key":"SMITH"},{"floor":47.0,"key":"REST"},{"data":"WheelKick","floor":49.0,"key":"SMITH"},{"data":"Wireheading","floor":52.0,"key":"SMITH"}],"circlet_count":0,"master_deck":["Strike_P","Strike_P","Strike_P","Eruption+1","Vigilance","CutThroughFate","CrushJoints","WindmillStrike+1","Crescendo","ClearTheMind+1","EmptyBody","Meditate+1","Blasphemy+1","FearNoEvil","Indignation","Halt","Scrawl","Wallop+1","WheelKick+1","Wireheading+1","FollowUp+1","TalkToTheHand+1","Crescendo","Swivel+1","Shame","DevaForm","SashWhip+1","ThirdEye+1","Protect+1","TalkToTheHand+1","SandsOfTime","Wish+1","Collect+1","Fasting2","WaveOfTheHand+1"],"relics":["PureWater","Anchor","Ancient Tea Set","Dream Catcher","Snecko Eye","NlothsMask","Vajra","GoldenEye","Art of War","Du-Vu Doll","Blue Candle","Toxic Egg 2","TeardropLocket","SacredBark","Membership Card","Turnip","Bronze Scales","Oddly Smooth Stone","Toy Ornithopter","Happy Flower","Orichalcum"],"acts_visited":["Exordium","TheCity","TheBeyond","TheEnding"],"potions_floor_usage":[55,55,55],"damage_taken":[{"damage":3.0,"enemies":"Jaw Worm","floor":1.0,"turns":4.0},{"damage":0.0,"enemies":"Cultist","floor":3.0,"turns":2.0},{"damage":0.0,"enemies":"2 Louse","floor":4.0,"turns":2.0},{"damage":13.0,"enemies":"Lagavulin","floor":6.0,"turns":6.0},{"damage":0.0,"enemies":"2 Fungi Beasts","floor":8.0,"turns":3.0},{"damage":15.0,"enemies":"Gremlin Nob","floor":10.0,"turns":3.0},{"damage":0.0,"enemies":"3 Louse","floor":13.0,"turns":2.0},{"damage":0.0,"enemies":"Lagavulin","floor":14.0,"turns":4.0},{"damage":26.0,"enemies":"The Guardian","floor":16.0,"turns":8.0},{"damage":2.0,"enemies":"2 Thieves","floor":18.0,"turns":2.0},{"damage":0.0,"enemies":"Chosen","floor":20.0,"turns":3.0},{"damage":2.0,"enemies":"Book of Stabbing","floor":23.0,"turns":3.0},{"damage":0.0,"enemies":"Gremlin Leader","floor":25.0,"turns":3.0},{"damage":0.0,"enemies":"Colosseum Slavers","floor":27.0,"turns":2.0},{"damage":0.0,"enemies":"Colosseum Nobs","floor":27.0,"turns":2.0},{"damage":12.0,"enemies":"Book of Stabbing","floor":28.0,"turns":4.0},{"damage":55.0,"enemies":"Collector","floor":33.0,"turns":8.0},{"damage":16.0,"enemies":"3 Darklings","floor":35.0,"turns":4.0},{"damage":0.0,"enemies":"Orb Walker","floor":36.0,"turns":2.0},{"damage":0.0,"enemies":"Writhing Mass","floor":38.0,"turns":3.0},{"damage":1.0,"enemies":"Spire Growth","floor":39.0,"turns":4.0},{"damage":9.0,"enemies":"Reptomancer","floor":40.0,"turns":5.0},{"damage":6.0,"enemies":"Nemesis","floor":42.0,"turns":3.0},{"damage":7.0,"enemies":"Sphere and 2 Shapes","floor":45.0,"turns":4.0},{"damage":0.0,"enemies":"Writhing Mass","floor":48.0,"turns":1.0},{"damage":14.0,"enemies":"Time Eater","floor":50.0,"turns":7.0},{"damage":9.0,"enemies":"Shield and Spear","floor":54.0,"turns":4.0},{"damage":75,"enemies":"The Heart","floor":55,"turns":2}],"seed_played":"3762068909182945600","potions_obtained":[{"floor":3.0,"key":"Ambrosia"},{"floor":4.0,"key":"FearPotion"},{"floor":8.0,"key":"Swift Potion"},{"floor":23.0,"key":"Block Potion"},{"floor":33.0,"key":"Energy Potion"},{"floor":39.0,"key":"AttackPotion"},{"floor":42.0,"key":"Strength Potion"},{"floor":45.0,"key":"PowerPotion"}],"is_trial":false,"path_per_floor":["M","?","M","M","$","E","R","M","T","E","$","R","M","E","R","B",null,"M","?","M","T","?","E","$","E","T","?","E","R","?","?","R","B",null,"M","M","$","M","M","E","R","E","T","R","M","?","R","M","R","B",null,"R","$","E","B"],"character_chosen":"WATCHER","items_purchased":["Crescendo","ClearTheMind","FearNoEvil","Membership Card","Turnip","Bronze Scales","Protect+1","Fasting2","CultistPotion"],"campfire_rested":1,"item_purchase_floors":[5,5,11,37,37,37,37,53,53],"current_hp_per_floor":[69,69,69,69,69,56,56,56,56,41,41,41,41,41,41,15,72,70,70,70,70,70,68,68,68,68,68,56,56,56,56,56,1,72,56,56,56,56,55,46,46,40,40,40,33,33,54,54,54,40,72,72,72,63,0,0],"gold":59,"neow_bonus":"UPGRADE_CARD","is_daily":false,"chose_seed":false,"campfire_upgraded":8,"win_rate":0.0,"timestamp":1613960896,"path_taken":["M","?","M","M","?","E","R","M","T","E","$","R","M","E","R","BOSS","M","?","?","?","?","E","$","E","T","?","E","R","?","?","R","BOSS","M","M","$","M","M","E","R","E","T","R","M","?","R","M","R","BOSS","R","$","E","BOSS"],"items_purchased_type":["Card","Card","Card","Relic","Relic","Relic","Card","Card","Potion"],"build_version":"2020-12-22","purchased_purges":2,"victory":false,"max_hp_per_floor":[72,72,72,72,72,72,72,72,72,72,72,72,72,72,72,72,72,72,72,72,72,72,72,72,72,72,72,72,72,72,72,72,72,72,72,72,72,72,72,72,72,72,72,72,72,72,72,72,72,72,72,72,72,72,72,72],"card_choices":[{"not_picked":["ClearTheMind","Adaptation"],"picked":"CutThroughFate","floor":1.0},{"not_picked":["Prostrate","InnerPeace"],"picked":"CrushJoints","floor":3.0},{"not_picked":["Adaptation","SashWhip"],"picked":"WindmillStrike","floor":4.0},{"not_picked":["PathToVictory","CutThroughFate"],"picked":"EmptyBody","floor":6.0},{"not_picked":["Vengeance","WreathOfFlame"],"picked":"Meditate","floor":8.0},{"not_picked":["PathToVictory","Weave"],"picked":"Blasphemy","floor":10.0},{"not_picked":["ThirdEye","Protect"],"picked":"Indignation","floor":13.0},{"not_picked":["ThirdEye","CrushJoints"],"picked":"Halt","floor":14.0},{"not_picked":["SpiritShield","Alpha"],"picked":"Scrawl","floor":16.0},{"not_picked":["SashWhip","Consecrate+1"],"picked":"Wallop","floor":18.0},{"not_picked":["BowlingBash","ClearTheMind"],"picked":"WheelKick","floor":20.0},{"not_picked":["Crescendo","CutThroughFate"],"picked":"FollowUp+1","floor":23.0},{"not_picked":["FlyingSleeves+1","Adaptation"],"picked":"TalkToTheHand","floor":25.0},{"not_picked":["EmptyFist","Pray"],"picked":"Crescendo","floor":27.0},{"not_picked":["FlurryOfBlows+1","Adaptation+1"],"picked":"Swivel+1","floor":28.0},{"not_picked":["LessonLearned","Judgement+1"],"picked":"DevaForm","floor":33.0},{"not_picked":["EmptyFist+1","BowlingBash+1"],"picked":"SashWhip+1","floor":35.0},{"not_picked":["Evaluate+1","CutThroughFate+1"],"picked":"ThirdEye+1","floor":36.0},{"not_picked":["Prostrate+1","PathToVictory+1"],"picked":"TalkToTheHand+1","floor":38.0},{"not_picked":["WreathOfFlame+1","Perseverance+1"],"picked":"SandsOfTime","floor":39.0},{"not_picked":["CrushJoints+1","Blasphemy+1","PathToVictory+1"],"picked":"SKIP","floor":40.0},{"not_picked":["FlurryOfBlows+1","EmptyFist+1","EmptyBody+1"],"picked":"SKIP","floor":42.0},{"not_picked":["ReachHeaven","Crescendo+1","Weave"],"picked":"SKIP","floor":45.0},{"not_picked":["FollowUp","Halt+1"],"picked":"Collect+1","floor":47.0},{"not_picked":["Halt+1","Evaluate+1","JustLucky"],"picked":"SKIP","floor":48.0},{"not_picked":["WreathOfFlame+1","Blasphemy+1"],"picked":"WaveOfTheHand+1","floor":54.0}],"player_experience":108768,"relics_obtained":[{"floor":6.0,"key":"Anchor"},{"floor":10.0,"key":"Ancient Tea Set"},{"floor":14.0,"key":"Dream Catcher"},{"floor":23.0,"key":"Vajra"},{"floor":25.0,"key":"GoldenEye"},{"floor":26.0,"key":"Art of War"},{"floor":27.0,"key":"Du-Vu Doll"},{"floor":27.0,"key":"Blue Candle"},{"floor":28.0,"key":"Toxic Egg 2"},{"floor":40.0,"key":"Oddly Smooth Stone"},{"floor":42.0,"key":"Toy Ornithopter"},{"floor":43.0,"key":"Happy Flower"},{"floor":54.0,"key":"Orichalcum"}],"event_choices":[{"cards_removed":["Defend_P"],"damage_healed":0.0,"max_hp_gain":0.0,"max_hp_loss":0.0,"gold_gain":0.0,"event_name":"The Cleric","player_choice":"Card Removal","floor":2.0,"gold_loss":50.0,"damage_taken":0.0},{"damage_healed":0.0,"max_hp_gain":0.0,"max_hp_loss":0.0,"gold_gain":0.0,"event_name":"FaceTrader","player_choice":"Trade","floor":19.0,"gold_loss":0.0,"damage_taken":0.0,"relics_obtained":["NlothsMask"]},{"damage_healed":0.0,"max_hp_gain":0.0,"max_hp_loss":0.0,"gold_gain":0.0,"event_name":"The Library","player_choice":"Read","floor":22.0,"gold_loss":0.0,"damage_taken":0.0,"cards_obtained":["Wireheading"]},{"damage_healed":0.0,"max_hp_gain":0.0,"max_hp_loss":0.0,"gold_gain":0.0,"event_name":"Colosseum","player_choice":"Fight","floor":27.0,"gold_loss":0.0,"damage_taken":0.0},{"damage_healed":0.0,"max_hp_gain":0.0,"max_hp_loss":0.0,"gold_gain":0.0,"event_name":"Colosseum","player_choice":"Fought Nobs","floor":27.0,"gold_loss":0.0,"damage_taken":0.0},{"damage_healed":0.0,"max_hp_gain":0.0,"max_hp_loss":0.0,"gold_gain":0.0,"event_name":"Addict","player_choice":"Stole Relic","floor":30.0,"gold_loss":0.0,"damage_taken":0.0,"relics_obtained":["TeardropLocket"],"cards_obtained":["Shame"]},{"cards_removed":["Strike_P"],"damage_healed":0.0,"max_hp_gain":0.0,"max_hp_loss":0.0,"gold_gain":0.0,"event_name":"Beggar","player_choice":"Gave Gold","floor":31.0,"gold_loss":75.0,"damage_taken":0.0},{"damage_healed":0.0,"max_hp_gain":0.0,"max_hp_loss":0.0,"gold_gain":0.0,"cards_transformed":["Defend_P"],"event_name":"Transmorgrifier","player_choice":"Transformed","floor":46.0,"gold_loss":0.0,"damage_taken":0.0,"cards_obtained":["Wish"]}],"is_beta":false,"boss_relics":[{"not_picked":["Astrolabe","Runic Pyramid"],"picked":"Snecko Eye"},{"not_picked":["Runic Dome","Sozu"],"picked":"SacredBark"}],"items_purged_floors":[24,53],"is_endless":false,"potions_floor_spawned":[3,4,8,13,23,27,33,35,39,42,45],"killed_by":"The Heart","ascension_level":1}}