{"host":"y64g3erquapiaw2n","time":1613957335,"event":{"mods":["AchievementEnabler","BaseMod","Bestiary","Colored Map","Colored Powertips","DeckTracker","Downfall","Googly Eyes","Minty Spire (QoL Compilation)","Quick Restart","Rare Cards Sparkle","StSLib"],"gold_per_floor":[112,287,237,44,56,90,90,115,189,270,288,4,17,17,17,118,118,128,143,0,0,0,0],"floor_reached":22,"language":"ENG","playtime":742,"items_purged":[],"score":202,"play_id":"3c761a91-fbc5-4bae-b9db-20eab9909193","local_time":"20210221202855","is_ascension_mode":true,"campfire_choices":[{"floor":7,"key":"REST"},{"floor":15,"key":"REST"}],"circlet_count":0,"master_deck":["Strike_G","Strike_G","Strike_G","Strike_G","Strike_G","Defend_G","Defend_G+1","Defend_G+1","Defend_G","Defend_G","Survivor","Neutralize","Flying Knee","Catalyst","A Thousand Cuts","Dagger Spray","Noxious Fumes","Poisoned Stab","Bouncing Flask","Deadly Poison","Outmaneuver","Dagger Spray","Deadly Poison"],"relics":["Ring of the Snake","Nunchaku","Strawberry","War Paint","Dream Catcher","Pantograph","Matryoshka","Snake Skull","MutagenicStrength"],"acts_visited":["Exordium","TheCity"],"potions_floor_usage":[16,16],"damage_taken":[{"damage":11,"enemies":"Jaw Worm","floor":1,"turns":3},{"damage":0,"enemies":"Small Slimes","floor":5,"turns":3},{"damage":29,"enemies":"3 Sentries","floor":6,"turns":7},{"damage":46,"enemies":"Gremlin Nob","floor":8,"turns":6},{"damage":13,"enemies":"2 Louse","floor":11,"turns":3},{"damage":0,"enemies":"Looter","floor":13,"turns":3},{"damage":26,"enemies":"Hexaghost","floor":16,"turns":5},{"damage":30,"enemies":"Spheric Guardian","floor":18,"turns":4},{"damage":32,"enemies":"Shell Parasite","floor":19,"turns":4},{"damage":21,"enemies":"Snecko","floor":22,"turns":4}],"seed_played":"-4910925880407163611","potions_obtained":[{"floor":5,"key":"CultistPotion"},{"floor":11,"key":"Poison Potion"},{"floor":16,"key":"Energy Potion"}],"is_trial":false,"path_per_floor":["M","?","?","$","M","E","R","E","T","T","M","$","M","?","R","B",null,"M","M","?","?","M"],"character_chosen":"THE_SILENT","items_purchased":["Strawberry","Catalyst","Snake Skull","Bouncing Flask","Deadly Poison"],"campfire_rested":2,"item_purchase_floors":[4,4,12,12,12],"current_hp_per_floor":[59,59,59,66,66,37,60,14,14,14,1,1,1,1,24,23,77,47,15,15,15,0,0],"gold":0,"neow_bonus":"RANDOM_COMMON_RELIC","is_daily":false,"chose_seed":false,"campfire_upgraded":0,"win_rate":0.0,"timestamp":1613957335,"path_taken":["M","?","?","?","M","E","R","E","T","?","M","$","?","?","R","BOSS","M","M","?","?","M"],"items_purchased_type":["Relic","Card","Relic","Card","Card"],"build_version":"2020-12-22","purchased_purges":0,"victory":false,"max_hp_per_floor":[70,70,70,77,77,77,77,77,77,77,77,77,77,77,77,77,77,77,77,77,77,77,77],"card_choices":[{"not_picked":["Outmaneuver","PiercingWail"],"picked":"Flying Knee","floor":1},{"not_picked":["Quick Slash","Sucker Punch"],"picked":"A Thousand Cuts","floor":5},{"not_picked":["Leg Sweep","Quick Slash"],"picked":"Dagger Spray","floor":6},{"not_picked":["Escape Plan","Prepared"],"picked":"Noxious Fumes","floor":8},{"not_picked":["PiercingWail","Slice"],"picked":"Poisoned Stab","floor":11},{"not_picked":["Wraith Form v2","Distraction"],"picked":"Outmaneuver","floor":13},{"not_picked":["Heel Hook","Deflect"],"picked":"Dagger Spray","floor":15},{"not_picked":["Outmaneuver+1","Flying Knee+1"],"picked":"Deadly Poison","floor":18},{"not_picked":["Calculated Gamble","Dagger Throw+1","Backstab"],"picked":"SKIP","floor":19}],"player_experience":80204,"relics_obtained":[{"floor":6,"key":"War Paint"},{"floor":8,"key":"Dream Catcher"},{"floor":9,"key":"Pantograph"},{"floor":10,"key":"Matryoshka"}],"event_choices":[{"damage_healed":0,"gold_gain":175,"player_choice":"AGREE","damage_taken":0,"max_hp_gain":0,"max_hp_loss":0,"event_name":"Liars Game","floor":2,"gold_loss":0,"cards_obtained":["Doubt"]},{"cards_removed":["Doubt"],"damage_healed":0,"gold_gain":0,"player_choice":"Card Removal","damage_taken":0,"max_hp_gain":0,"max_hp_loss":0,"event_name":"The Cleric","floor":3,"gold_loss":50},{"damage_healed":0,"gold_gain":0,"player_choice":"Ignored","damage_taken":0,"max_hp_gain":0,"max_hp_loss":0,"event_name":"Golden Wing","floor":14,"gold_loss":0},{"damage_healed":0,"gold_gain":0,"player_choice":"Paid Fearfully","damage_taken":0,"max_hp_gain":0,"max_hp_loss":0,"event_name":"Masked Bandits","floor":20,"gold_loss":143},{"damage_healed":0,"gold_gain":0,"player_choice":"Inject Mutagens","damage_taken":0,"relics_obtained":["MutagenicStrength"],"max_hp_gain":0,"max_hp_loss":0,"event_name":"Drug Dealer","floor":21,"gold_loss":0}],"is_beta":false,"boss_relics":[{"not_picked":["Empty Cage","Coffee Dripper","Runic Dome"]}],"items_purged_floors":[],"is_endless":false,"potions_floor_spawned":[5,11,16],"killed_by":"Snecko","ascension_level":1}}