{"host":"kbax6ms1geh14ty6","time":1613987461,"event":{"mods":["Aspiration","BaseMod","BetterRewards","Colored Powertips","Downfall","GifTheSpireLib","Hermit","Hubris","Mimic Mod","Minty Spire (QoL Compilation)","Quick Restart","Rare Cards Sparkle","Replay The Spire","StSLib","Stuff the Spire","The Animator","The Jungle"],"gold_per_floor":[99,111,111,128,27,59,59,92,104,8,38,54,54,54,68,169,169,69,87,106,121,121,148,186,200,234,16,36,36,36,36,50,153,153,53,73,90,90,105,57,57,68,78,95,105,131,31,61,74,74,74,108,0,0,0,0],"floor_reached":57,"language":"ENG","playtime":6814,"items_purged":[],"score":1343,"play_id":"890b2987-945e-4e7b-8885-4b81c7175186","local_time":"20210222035101","is_ascension_mode":false,"campfire_choices":[{"floor":1,"key":"RECALL"},{"data":"Slimebound:Split","floor":18,"key":"SMITH"},{"floor":30,"key":"REST"},{"data":"Slimebound:ViciousTackle","floor":35,"key":"SMITH"},{"floor":47,"key":"REST"},{"floor":54,"key":"REST"}],"circlet_count":0,"master_deck":["Slimebound:Strike_Slimebound","Slimebound:Strike_Slimebound","Slimebound:Strike_Slimebound","Slimebound:Tackle","Slimebound:Defend_Slimebound+1","Slimebound:Defend_Slimebound","Slimebound:Defend_Slimebound","Slimebound:Defend_Slimebound","Slimebound:Split+1","Slimebound:CorrosiveSpit","Slimebound:LivingWall","Looming Evil","Slimebound:LeechingTouch","Slimebound:RollThrough","Dramatic Entrance","Slimebound:SlimeTap","Slimebound:SplitAcid","Slimebound:GoopSpray","Slimebound:Teamwork","expansioncontent:PolyBeam","Slimebound:GoopSpray","Slimebound:Schlurp","Slimebound:MassFeed","Slimebound:FinishingTackle+1","Slimebound:LeadByExample+1","Slimebound:Repurpose","Slimebound:GoopTackle+1","Slimebound:SlimeSpikes","Slimebound:Schlurp+1","Slimebound:SplitBruiser","Slimebound:Equalize+1","Slimebound:SplitBruiser","Slimebound:ViciousTackle+1","Slimebound:WasteNot","Slimebound:SplitMire+1","Slimebound:RejuvenatingLick+1","Slimebound:LevelUp","Slimebound:GoopTackle+1","Slimebound:GoopTackle+1","Impatience","Slimebound:RollThrough+1","Parasite","Slimebound:Dissolve+1","Slimebound:SamplingLick+1","Slimebound:SamplingLick","Slimebound:RallyTheTroops","Slimebound:MegaLick+1","Slimebound:TongueLash","Slimebound:SlimeSpikes+1","Slimebound:ProtectTheBoss","Slimebound:LeechingTouch+1"],"relics":["Slimebound:AbsorbEndCombat","Ring of Misfortune","Ring of Fury","StuffTheSpire:SapphireSignet","StuffTheSpire:GrapeVine","Painkiller Herb","downfall:HeartBlessingRed","aspiration:RitualStick","Peace Pipe","Chameleon Ring","Replay:WaspNest","Slimebound:SelfDamagePreventRelic","MutagenicStrength","StuffTheSpire:RunicHypercube","downfall:HeartBlessingGreen","StuffTheSpire:Barrel","ClockworkSouvenir","Slimebound:MaxSlimesRelic","Shuriken","downfall:HeartBlessingBlue","Pantograph","Replay:Bottled Eggs"],"acts_visited":["Exordium","TheCity","TheBeyond","TheEnding"],"potions_floor_usage":[24,37,52,55,56],"damage_taken":[{"damage":12,"enemies":"Small Slimes","floor":2,"turns":3},{"damage":0,"enemies":"2 Louse","floor":4,"turns":2},{"damage":7,"enemies":"downfall:FleeingMerchant","floor":5,"turns":4},{"damage":29,"enemies":"Gremlin Nob","floor":6,"turns":5},{"damage":18,"enemies":"3 Sentries","floor":8,"turns":8},{"damage":0,"enemies":"Jaw Worm","floor":9,"turns":1},{"damage":0,"enemies":"downfall:FleeingMerchant","floor":10,"turns":4},{"damage":7,"enemies":"Large Slime","floor":12,"turns":4},{"damage":2,"enemies":"2 Fungi Beasts","floor":15,"turns":2},{"damage":27,"enemies":"DF_ARCHETYPE_STREAMLINE","floor":16,"turns":12},{"damage":5,"enemies":"Spheric Guardian","floor":19,"turns":4},{"damage":10,"enemies":"3 Byrds","floor":20,"turns":3},{"damage":16,"enemies":"Snake Plant","floor":21,"turns":2},{"damage":3,"enemies":"Replay:Snechameleon","floor":23,"turns":5},{"damage":0,"enemies":"Cultist and Chosen","floor":24,"turns":3},{"damage":10,"enemies":"Cultist and Chosen","floor":25,"turns":4},{"damage":33,"enemies":"Book of Stabbing","floor":26,"turns":4},{"damage":9,"enemies":"downfall:FleeingMerchant","floor":27,"turns":4},{"damage":2,"enemies":"Snecko","floor":28,"turns":4},{"damage":6,"enemies":"Centurion and Healer","floor":32,"turns":4},{"damage":36,"enemies":"SI_MIRROR_ARCHETYPE","floor":33,"turns":7},{"damage":0,"enemies":"3 Shapes","floor":36,"turns":1},{"damage":6,"enemies":"3 Darklings","floor":37,"turns":4},{"damage":2,"enemies":"Maw","floor":39,"turns":6},{"damage":4,"enemies":"downfall:FleeingMerchant","floor":40,"turns":2},{"damage":35,"enemies":"Spire Growth","floor":42,"turns":4},{"damage":18,"enemies":"Writhing Mass","floor":43,"turns":4},{"damage":9,"enemies":"Jaw Worm Horde","floor":44,"turns":3},{"damage":0,"enemies":"Transient","floor":45,"turns":5},{"damage":19,"enemies":"Reptomancer","floor":46,"turns":3},{"damage":0,"enemies":"Nemesis","floor":48,"turns":3},{"damage":4,"enemies":"Maw","floor":49,"turns":5},{"damage":2,"enemies":"IC_BLOCK_ARCHETYPE","floor":50,"turns":7},{"damage":63,"enemies":"downfall:CharBossMerchant","floor":52,"turns":6},{"damage":55,"enemies":"downfall:NeowBoss","floor":55,"turns":12},{"damage":60,"enemies":"downfall:NeowBossFinal","floor":56,"turns":11}],"seed_played":"1334477466137502290","potions_obtained":[{"floor":2,"key":"Explosive Potion"},{"floor":8,"key":"SteroidPotion"},{"floor":12,"key":"ColorlessPotion"},{"floor":28,"key":"Death Potion"},{"floor":37,"key":"Swift Potion"},{"floor":46,"key":"Regen Potion"}],"is_trial":false,"path_per_floor":["R","M","?","M","$","E","T","E","M","$","?","M","?","?","M","B",null,"T","?","?","?","?","E","MIM","?","E","T","?","?","T","?","?","B",null,"T","?","?","?","?","T","T","?","?","?","?","E","T","E","?","B",null,"E","T","T","B","B",null],"character_chosen":"SLIMEBOUND","items_purchased":["Dramatic Entrance","expansioncontent:PolyBeam","Slimebound:Equalize+1","Slimebound:SelfDamagePreventRelic","StuffTheSpire:Barrel","ClockworkSouvenir","Impatience","Slimebound:ProtectTheBoss","Slimebound:LeechingTouch+1"],"campfire_rested":3,"item_purchase_floors":[5,10,27,27,40,40,40,53,53],"current_hp_per_floor":[71,61,61,63,60,35,35,21,21,27,27,22,22,22,22,3,71,71,68,63,51,36,41,46,42,11,6,14,14,37,62,75,49,80,80,80,74,74,80,76,76,45,31,32,40,35,72,90,90,89,90,40,40,67,55,38],"gold":0,"neow_bonus":"TEN_PERCENT_HP_BONUS","is_daily":false,"chose_seed":false,"campfire_upgraded":2,"win_rate":0.0,"timestamp":1613987461,"path_taken":["R","M","?","M","$","E","T","E","M","$","?","M","?","?","M","BOSS","T","?","?","?","?","E","MIM","?","E","T","?","?","T","?","?","BOSS","T","?","?","?","?","?","T","?","?","?","?","E","T","E","?","BOSS","E","T","T","BOSS","BOSS"],"items_purchased_type":["Card","Card","Card","Relic","Relic","Relic","Card","Card","Card"],"build_version":"2020-12-22","purchased_purges":0,"victory":true,"max_hp_per_floor":[71,71,71,71,71,71,71,71,71,71,71,71,71,71,71,71,71,71,71,74,74,74,74,77,77,77,77,77,77,77,77,80,80,80,80,80,80,80,80,80,80,80,80,80,80,80,90,90,90,90,90,90,90,90,90,90],"card_choices":[{"not_picked":["Slimebound:ComboTackle","Slimebound:SplitLeeching"],"picked":"Slimebound:LivingWall","floor":2},{"not_picked":["Slimebound:Gluttony","Slimebound:FormOfPuddle"],"picked":"Slimebound:LeechingTouch","floor":4},{"not_picked":["Slimebound:GrowthPunch","Slimebound:RallyTheTroops"],"picked":"Slimebound:RollThrough","floor":5},{"not_picked":["Slimebound:LivingWall","Slimebound:FlameTackle"],"picked":"Slimebound:SlimeTap","floor":6},{"not_picked":["Slimebound:SlimeTap","Slimebound:ItLooksTasty"],"picked":"Slimebound:SplitAcid","floor":8},{"not_picked":["Slimebound:Grow","Slimebound:ProtectTheBoss"],"picked":"Slimebound:GoopSpray","floor":9},{"not_picked":["Slimebound:LivingWall","Slimebound:BestDefense"],"picked":"Slimebound:Teamwork","floor":10},{"not_picked":["Slimebound:Replication","Slimebound:ComboTackle"],"picked":"Slimebound:GoopSpray","floor":12},{"not_picked":["Slimebound:HauntingLick","Slimebound:FinishingTackle"],"picked":"Slimebound:Schlurp","floor":15},{"not_picked":["Slimebound:LeechLife","Slimebound:SelfFormingGoo"],"picked":"Slimebound:MassFeed","floor":16},{"not_picked":["Slimebound:RollThrough","Slimebound:AcidTongue"],"picked":"Slimebound:FinishingTackle+1","floor":19},{"not_picked":["Slimebound:ComboTackle","Slimebound:Prepare"],"picked":"Slimebound:LeadByExample+1","floor":20},{"not_picked":["Slimebound:RollThrough","Slimebound:ItLooksTasty"],"picked":"Slimebound:Repurpose","floor":21},{"not_picked":["Slimebound:Grow","Slimebound:HauntingLick+1"],"picked":"Slimebound:GoopTackle","floor":23},{"not_picked":["Slimebound:FlameTackle","Slimebound:ComboTackle"],"picked":"Slimebound:SlimeSpikes","floor":24},{"not_picked":["Slimebound:SelfFormingGoo","Slimebound:FormOfPuddle"],"picked":"Slimebound:Schlurp+1","floor":25},{"not_picked":["Slimebound:GoopTackle+1","Slimebound:SamplingLick"],"picked":"Slimebound:RallyTheTroops","floor":26},{"not_picked":["Slimebound:SamplingLick","Slimebound:ComboTackle"],"picked":"Slimebound:SplitBruiser","floor":27},{"not_picked":["Slimebound:ComboTackle","Slimebound:SlimeSpikes"],"picked":"Slimebound:SplitBruiser","floor":28},{"not_picked":["Slimebound:PressTheAttack+1","Slimebound:SamplingLick+1"],"picked":"Slimebound:ViciousTackle","floor":32},{"not_picked":["Slimebound:OozeBath","Slimebound:Teamwork"],"picked":"Slimebound:WasteNot","floor":33},{"not_picked":["Slimebound:ItLooksTasty+1","Slimebound:ComboTackle"],"picked":"Slimebound:SplitMire+1","floor":36},{"not_picked":["Slimebound:Dissolve","Slimebound:Nibble"],"picked":"Slimebound:RejuvenatingLick+1","floor":37},{"not_picked":["Slimebound:FinishingTackle+1","Slimebound:Schlurp"],"picked":"Slimebound:GoopTackle+1","floor":39},{"not_picked":["Slimebound:SlimeTap","Slimebound:PressTheAttack"],"picked":"Slimebound:GoopTackle","floor":40},{"not_picked":["Slimebound:MassFeed","Slimebound:SlimeSpikes"],"picked":"Slimebound:RollThrough+1","floor":42},{"not_picked":["Slimebound:SlimeSpikes","Slimebound:SelfFormingGoo"],"picked":"Slimebound:Dissolve+1","floor":43},{"not_picked":["Slimebound:PressTheAttack","Slimebound:FinishingTackle+1"],"picked":"Slimebound:SamplingLick+1","floor":44},{"not_picked":["Slimebound:LeechingTouch+1","Slimebound:Grow+1"],"picked":"Slimebound:SamplingLick","floor":45},{"not_picked":["Slimebound:SplitMire+1","Slimebound:ComboTackle"],"picked":"Slimebound:RallyTheTroops","floor":46},{"not_picked":["Slimebound:Repurpose+1","Slimebound:BestDefense"],"picked":"Slimebound:MegaLick+1","floor":48},{"not_picked":["Slimebound:DisruptingSlam","Slimebound:SpikyOuterGoop+1"],"picked":"Slimebound:TongueLash","floor":49},{"not_picked":["Slimebound:SpikyOuterGoop+1","Slimebound:Prepare"],"picked":"Slimebound:SlimeSpikes+1","floor":52}],"player_experience":120299,"relics_obtained":[{"floor":3,"key":"Ring of Misfortune"},{"floor":3,"key":"Ring of Fury"},{"floor":6,"key":"StuffTheSpire:SapphireSignet"},{"floor":8,"key":"StuffTheSpire:GrapeVine"},{"floor":23,"key":"Peace Pipe"},{"floor":24,"key":"Chameleon Ring"},{"floor":26,"key":"Replay:WaspNest"},{"floor":41,"key":"Slimebound:MaxSlimesRelic"},{"floor":46,"key":"Shuriken"},{"floor":48,"key":"Pantograph"},{"floor":52,"key":"Replay:Bottled Eggs"}],"event_choices":[{"damage_healed":0,"gold_gain":0,"player_choice":"Inject Mutagens","damage_taken":0,"relics_obtained":["MutagenicStrength"],"max_hp_gain":0,"max_hp_loss":0,"event_name":"Drug Dealer","floor":29,"gold_loss":0},{"damage_healed":25,"gold_gain":0,"player_choice":"Heal","damage_taken":0,"max_hp_gain":0,"max_hp_loss":0,"event_name":"The Library","floor":31,"gold_loss":0}],"is_beta":false,"boss_relics":[{"not_picked":["aspiration:SilentSkillbook","hubris:TerracottaHorce"],"picked":"Painkiller Herb"},{"not_picked":["Snecko Eye","hubris:Backtick"],"picked":"StuffTheSpire:RunicHypercube"}],"items_purged_floors":[],"is_endless":false,"potions_floor_spawned":[2,8,12,16,21,25,26,28,33,37,39,45,46,48],"ascension_level":0}}