{"host":"lehbxtjrpalkmwwj","time":1613988124,"event":{"mods":["ATMod(°¢èªMod)","Aspiration","BaseMod","Challenge The Spire","Colored Map","Colored Powertips","Conspire","Dota2Spire","Energized Spire","Hunter ÁÔÈË","Minty Spire (QoL Compilation)","Quick Restart","Relic Stats","Reliquary","Replay The Spire","Spicy Shops","StSLib","TestMod","The Cursed","The IronCluck","The Poker Player","Waifu the Spire","Wide Potions","[IsaacMod]ÒÔÈö¼âËþ","¡¾ÒÅÎï¿¨ÅÆ¡¿REMEMod","É³µñ²ÄÖÊ°ümod","óô»ðÖ¸ÄÏ"],"gold_per_floor":[143,143,143,143,163,221,221,249,249,289,289,74,106,117,117,250,250,264,319,319,337,119,193,244,6,33,147,147,209,106,6,6,189,189,246,261,303,303,367,367,367],"floor_reached":40,"language":"ZHS","playtime":1156,"items_purged":["Regret"],"score":942,"play_id":"dba5443c-0e3d-493e-8b6a-7dae8a9dcbba","local_time":"20210222180204","is_ascension_mode":false,"campfire_choices":[{"floor":7.0,"key":"RECALL"},{"data":"AT_FamilyPortrait","floor":11.0,"key":"SMITH"},{"data":"EpicFetus","floor":15.0,"key":"SMITH"},{"floor":28,"key":"DIG"},{"floor":32,"key":"DIG"}],"circlet_count":0,"master_deck":["Strike_Giant+1","Strike_Giant+1","Defend_Giant+1","Defend_Giant+1","Defend_Giant+1","Defend_Giant+1","CultistPetCall","EagleFirst+1","EagleFirst+1","EagleSecond","EpicFetus+1","AT_FamilyPortrait+1","Metamorphosis","Revenge Attack","Injury","Regret","Combo Recycle+1","Revenge Attack+1","Combo Recycle+1","Struggle Attack+1","Time Travel","Combo Defend","Pummel Giant+1","EagleSecond+1","GhostForm_Giant","Clumsy","conspire:SpireCoStock","conspire:SpireCoStock","ReplayTheSpireMod:IOU","Beast Master","CultistPetCall+1","SnakeForm","SpikerPetCall+1","Languid","TakeAction_Giant+1","HealerPetCall+1","Revenge Attack+1","ByrdPetCall+1","Seek Combo+1","Normality"],"relics":["GiantSoulBox","HushsDoor","AT_ATBox","testmod-TestBox","REME_ComplimentaryCards","DeadEye","testmod-Brilliant","NeowsBlessing","Molten Egg 2","AT_BladeRuinedKing","AT_DeathDance","Void","reliquary:SilkGlove","Bottled Lightning","REME_CardOfGreed","aspiration:Lifesprig","Incense Burner","GiantSoulStone","energizedSpire:CursedPentagram","SalivaCoin","Anchor","Leech","Dota2Spire:EchoSabre","Prayer Wheel","Shovel","Gremlin Horn","Dota2Spire:HandOfMidas","YumHeart","Dota2Spire:AghanimScepter","AT_EbonyIvory","reliquary:KinkedSpring"],"acts_visited":["Exordium","TheCity","TheBeyond"],"potions_floor_usage":[39],"damage_taken":[{"damage":0.0,"enemies":"Jaw Worm","floor":1.0,"turns":1.0},{"damage":0.0,"enemies":"Small Slimes","floor":5.0,"turns":1.0},{"damage":0.0,"enemies":"Lagavulin","floor":6.0,"turns":1.0},{"damage":8.0,"enemies":"3 Sentries","floor":8.0,"turns":2.0},{"damage":0.0,"enemies":"Cultist","floor":10.0,"turns":3.0},{"damage":3.0,"enemies":"Gremlin Nob","floor":13.0,"turns":3.0},{"damage":4.0,"enemies":"Blue Slaver","floor":14.0,"turns":2.0},{"damage":10.0,"enemies":"Slime Boss","floor":16.0,"turns":3.0},{"damage":7.0,"enemies":"2 Thieves","floor":18.0,"turns":3.0},{"damage":8.0,"enemies":"Spheric Guardian","floor":21.0,"turns":3.0},{"damage":19.0,"enemies":"Replay:Snechameleon","floor":23.0,"turns":3.0},{"damage":3.0,"enemies":"Cultist and Chosen","floor":24.0,"turns":3.0},{"damage":1,"enemies":"Colosseum Slavers","floor":27,"turns":2},{"damage":3,"enemies":"Colosseum Nobs","floor":27,"turns":2},{"damage":0,"enemies":"conspire:SneckoGhost","floor":29,"turns":2},{"damage":10,"enemies":"Pondfish","floor":33,"turns":4},{"damage":0,"enemies":"3 Shapes","floor":35,"turns":2},{"damage":0,"enemies":"Orb Walker","floor":36,"turns":1},{"damage":0,"enemies":"3 Darklings","floor":37,"turns":1},{"damage":0,"enemies":"Jaw Worm Horde","floor":39,"turns":2},{"damage":0,"enemies":"R_Hoarder","floor":40,"turns":1}],"seed_played":"1459230126802627609","potions_obtained":[{"floor":8.0,"key":"conspire:TimeTravelPotion"},{"floor":10.0,"key":"Adrenaline Potion"},{"floor":13.0,"key":"SneckoOil"},{"floor":21.0,"key":"Dexterity Potion"},{"floor":23.0,"key":"Dota2Spire:HealingSalve"},{"floor":39,"key":"testmod-SpacePotion"}],"is_trial":false,"path_per_floor":["M","?","?","?","M","E","R","E","T","M","R","$","E","M","R","B",null,"M","?","?","M","$","E","M","$","T","?","R","E","$","?","R_BF","B",null,"M","M","M","?","M","E"],"character_chosen":"Giant","items_purchased":["REME_CardOfGreed","aspiration:Lifesprig","SalivaCoin","Leech","Dota2Spire:EchoSabre","Dota2Spire:AghanimScepter"],"campfire_rested":0,"item_purchase_floors":[12,12,22,25,25,30],"current_hp_per_floor":[65,65,50,50,50,55,55,47,47,52,52,52,49,45,45,40,80,73,58,58,56,56,37,45,45,45,44,44,45,45,45,45,43,90,90,90,90,90,90,90,90],"gold":367,"neow_bonus":"THREE_ENEMY_KILL","is_daily":false,"chose_seed":false,"campfire_upgraded":2,"win_rate":0.0,"timestamp":1613988124,"path_taken":["M","?","?","?","M","E","R","E","T","M","R","$","E","M","R","BOSS","M","?","?","M","$","E","M","$","T","?","R","E","$","?","R_BF","BOSS","M","M","M","?","M","E"],"items_purchased_type":["Relic","Relic","Relic","Relic","Relic","Relic"],"build_version":"2020-12-22","purchased_purges":1,"victory":false,"max_hp_per_floor":[65,65,65,65,65,70,70,70,70,75,75,75,75,75,75,80,80,80,80,80,80,80,80,85,85,85,85,85,85,85,85,85,90,90,90,90,90,90,90,90,90],"relic_stats":{"Shovel":2,"Gremlin Horn":[3,3],"counters":[21,44],"Prayer Wheel":4,"obtain_stats":[{"Dota2Spire:EchoSabre":25,"aspiration:Lifesprig":12,"AT_ATBox":0,"reliquary:SilkGlove":8,"Gremlin Horn":27,"Incense Burner":13,"DeadEye":0,"Leech":25,"testmod-Brilliant":0,"energizedSpire:CursedPentagram":17,"Shovel":27,"Prayer Wheel":27,"Void":6,"KeepersGift":0,"Dota2Spire:HandOfMidas":28,"testmod-TestBox":0,"NeowsBlessing":0,"AT_BladeRuinedKing":3,"AT_EbonyIvory":32,"reliquary:KinkedSpring":34,"Anchor":23,"YumHeart":29,"Dota2Spire:AghanimScepter":30,"GiantSoulStone":16,"Molten Egg 2":2,"SalivaCoin":22,"GiantSoulBox":0,"Bottled Lightning":9,"REME_CardOfGreed":12,"AT_DeathDance":4,"HushsDoor":0,"REME_ComplimentaryCards":0},{"Dota2Spire:EchoSabre":12,"aspiration:Lifesprig":5,"AT_ATBox":0,"reliquary:SilkGlove":4,"Gremlin Horn":14,"Incense Burner":6,"DeadEye":0,"Leech":12,"testmod-Brilliant":0,"energizedSpire:CursedPentagram":8,"Shovel":14,"Prayer Wheel":14,"Void":3,"KeepersGift":0,"Dota2Spire:HandOfMidas":14,"testmod-TestBox":0,"NeowsBlessing":0,"AT_BladeRuinedKing":1,"AT_EbonyIvory":15,"reliquary:KinkedSpring":16,"Anchor":11,"YumHeart":15,"Dota2Spire:AghanimScepter":15,"GiantSoulStone":8,"Molten Egg 2":1,"SalivaCoin":10,"GiantSoulBox":0,"Bottled Lightning":4,"REME_CardOfGreed":5,"AT_DeathDance":1,"HushsDoor":0,"REME_ComplimentaryCards":0},{"Dota2Spire:EchoSabre":28,"aspiration:Lifesprig":8,"AT_ATBox":0,"reliquary:SilkGlove":5,"Gremlin Horn":32,"Incense Burner":11,"DeadEye":0,"Leech":28,"testmod-Brilliant":0,"energizedSpire:CursedPentagram":16,"Shovel":32,"Prayer Wheel":31,"Void":3,"KeepersGift":0,"Dota2Spire:HandOfMidas":32,"testmod-TestBox":0,"NeowsBlessing":0,"AT_BladeRuinedKing":1,"AT_EbonyIvory":34,"reliquary:KinkedSpring":38,"Anchor":25,"YumHeart":34,"Dota2Spire:AghanimScepter":34,"GiantSoulStone":16,"Molten Egg 2":1,"SalivaCoin":22,"GiantSoulBox":0,"Bottled Lightning":5,"REME_CardOfGreed":8,"AT_DeathDance":1,"HushsDoor":0,"REME_ComplimentaryCards":0}]},"card_choices":[{"not_picked":[],"picked":"EpicFetus","floor":0.0},{"not_picked":["Combo Connect","TakeAction_Giant"],"picked":"Revenge Attack","floor":1.0},{"not_picked":["Bomb","Commander_Giant"],"picked":"Combo Recycle+1","floor":5.0},{"not_picked":["Trace_Giant","Echo Defend Giant"],"picked":"Revenge Attack+1","floor":6.0},{"not_picked":["AttackPoison_Giant","Mana Growth","Meditate Giant"],"picked":"SKIP","floor":8.0},{"not_picked":["Ready_Giant","Combo Defend"],"picked":"Combo Recycle+1","floor":10.0},{"not_picked":["Death Prophecy","Ready_Giant"],"picked":"Struggle Attack+1","floor":13.0},{"not_picked":["Discover Combo","Trace_Giant","Calmness Giant"],"picked":"SKIP","floor":14.0},{"not_picked":["Unlimited Combo","One Blood"],"picked":"Time Travel","floor":16.0},{"not_picked":["Fanatic Cultist","Bloody Giant"],"picked":"Combo Defend","floor":18.0},{"not_picked":["Fanatic Cultist","HPGrowth_Giant"],"picked":"Pummel Giant+1","floor":21.0},{"not_picked":["Combo Defend","Combo Recycle+1"],"picked":"EagleSecond+1","floor":23.0},{"not_picked":["Drunk Grant","Commander_Giant","Combo Defend+1"],"picked":"SKIP","floor":24},{"not_picked":["ByrdPetCall","Ready_Giant+1"],"picked":"GhostForm_Giant","floor":27},{"not_picked":["Bloody Giant","Rupture Giant","Random Death Rattle"],"picked":"SKIP","floor":29},{"not_picked":["BattleMaster_Giant","Unlimited Combo"],"picked":"Beast Master","floor":33},{"not_picked":["Protect_Giant+1","Combo Recycle+1"],"picked":"CultistPetCall+1","floor":35},{"not_picked":["TakeAction_Giant","Struggle Attack+1"],"picked":"SnakeForm","floor":35},{"not_picked":["Clone Minion+1","Combo Defend"],"picked":"SpikerPetCall+1","floor":36},{"not_picked":["Struggle Attack+1","Trace_Giant"],"picked":"TakeAction_Giant+1","floor":36},{"not_picked":["Combo Defend","Clone Minion"],"picked":"HealerPetCall+1","floor":37},{"not_picked":["TakeAction_Giant","Echo Defend Giant"],"picked":"Revenge Attack+1","floor":37},{"not_picked":["Clone Minion","EagleSecond+1"],"picked":"ByrdPetCall+1","floor":39},{"not_picked":["Bloody Giant","Infinite Combo"],"picked":"Seek Combo+1","floor":39}],"player_experience":205612,"relics_obtained":[{"floor":6.0,"key":"Void"},{"floor":8.0,"key":"reliquary:SilkGlove"},{"floor":9.0,"key":"Bottled Lightning"},{"floor":13.0,"key":"Incense Burner"},{"floor":16.0,"key":"GiantSoulStone"},{"floor":23.0,"key":"Anchor"},{"floor":27,"key":"Shovel"},{"floor":27,"key":"Gremlin Horn"},{"floor":28,"key":"Dota2Spire:HandOfMidas"},{"floor":29,"key":"YumHeart"},{"floor":32,"key":"AT_EbonyIvory"}],"event_choices":[{"damage_healed":0.0,"max_hp_gain":0.0,"max_hp_loss":0.0,"gold_gain":0.0,"event_name":"Big Fish","player_choice":"Box","floor":4.0,"gold_loss":0.0,"damage_taken":0.0,"relics_obtained":["AT_DeathDance"],"cards_obtained":["Regret"]},{"damage_healed":0.0,"max_hp_gain":0.0,"max_hp_loss":0.0,"gold_gain":0.0,"event_name":"Back to Basics","player_choice":"Simplicity","floor":20.0,"gold_loss":0.0,"damage_taken":0.0,"cards_upgraded":["Strike_Giant","Strike_Giant","Defend_Giant","Defend_Giant","Defend_Giant","Defend_Giant","EagleFirst","EagleFirst"]},{"damage_healed":0,"gold_gain":0,"player_choice":"Fight","damage_taken":0,"max_hp_gain":0,"max_hp_loss":0,"event_name":"Colosseum","floor":27,"gold_loss":0},{"damage_healed":0,"gold_gain":0,"player_choice":"Fought Nobs","damage_taken":0,"max_hp_gain":0,"max_hp_loss":0,"event_name":"Colosseum","floor":27,"gold_loss":0},{"damage_healed":0,"gold_gain":0,"player_choice":"Invest 2","damage_taken":0,"max_hp_gain":0,"max_hp_loss":0,"event_name":"conspire:Investor","floor":31,"gold_loss":0},{"damage_healed":0,"gold_gain":0,"player_choice":"Ignored","damage_taken":0,"max_hp_gain":0,"max_hp_loss":0,"event_name":"Tomb of Lord Red Mask","floor":38,"gold_loss":0}],"is_beta":false,"boss_relics":[{"not_picked":["testmod-StringDisintegrator","conspire:SeveredTorchhead"],"picked":"energizedSpire:CursedPentagram"},{"not_picked":[]},{"not_picked":["AT_TrinityForce","aspiration:SecretTechniqueScroll"],"picked":"reliquary:KinkedSpring"},{"not_picked":[]}],"items_purged_floors":[22],"is_endless":false,"potions_floor_spawned":[8,10,13,21,23,29,35,39],"killed_by":"R_Hoarder","ascension_level":0}}