{"host":"or8fr2mp0k3eluj8","time":1613971975,"event":{"mods":["AchievementEnabler","BaseMod","Colored Map","DeckTracker","Keyboard Shortcuts","Minty Spire (QoL Compilation)","StSLib","SuperFastMode","everything is the same but u backflip on backflip"],"gold_per_floor":[110,110,130,130,146,146,185,210,210,210,310,328,371,387,387,518,518,532,532,532,552,552,584,584,614,614,96,107,107,142,161,161,161,161],"floor_reached":33,"language":"KOR","playtime":842,"items_purged":["Strike_G"],"score":376,"play_id":"fedb078e-cc3c-4827-8c70-515280787fab","local_time":"20210222143255","is_ascension_mode":true,"campfire_choices":[{"data":"Poisoned Stab","floor":6,"key":"SMITH"},{"floor":10,"key":"REST"},{"floor":15,"key":"REST"},{"data":"Envenom","floor":24,"key":"SMITH"},{"floor":29,"key":"REST"},{"floor":32,"key":"REST"}],"circlet_count":0,"master_deck":["Strike_G","Strike_G","Strike_G","Strike_G","Defend_G","Defend_G","Defend_G","Defend_G","Defend_G","Survivor","Neutralize","Backflip","Dagger Spray+1","Poisoned Stab+1","Deflect","Cloak And Dagger","Riddle With Holes","Envenom+1","Dagger Spray","Flash of Steel","Escape Plan+1","Blade Dance+1"],"relics":["Ring of the Snake","NeowsBlessing","Bloody Idol","Boot","Omamori","Pocketwatch","Incense Burner","SlaversCollar","MutagenicStrength","CaptainsWheel","Shovel","InkBottle","Membership Card","Thread and Needle","Prayer Wheel","Toy Ornithopter"],"acts_visited":["Exordium","TheCity"],"potions_floor_usage":[7,13,23,23,23,33,33],"damage_taken":[{"damage":0,"enemies":"2 Louse","floor":1,"turns":1},{"damage":0,"enemies":"Small Slimes","floor":3,"turns":1},{"damage":0,"enemies":"Cultist","floor":5,"turns":1},{"damage":26,"enemies":"Lagavulin","floor":7,"turns":8},{"damage":0,"enemies":"Exordium Thugs","floor":12,"turns":2},{"damage":16,"enemies":"Gremlin Nob","floor":13,"turns":3},{"damage":5,"enemies":"Looter","floor":14,"turns":2},{"damage":8,"enemies":"Slime Boss","floor":16,"turns":8},{"damage":30,"enemies":"Spheric Guardian","floor":18,"turns":6},{"damage":13,"enemies":"2 Thieves","floor":21,"turns":4},{"damage":2,"enemies":"Gremlin Leader","floor":23,"turns":6},{"damage":36,"enemies":"Book of Stabbing","floor":25,"turns":6},{"damage":4,"enemies":"Snecko","floor":28,"turns":5},{"damage":14,"enemies":"Gremlin Leader","floor":30,"turns":4},{"damage":12,"enemies":"3 Cultists","floor":31,"turns":4},{"damage":95,"enemies":"Collector","floor":33,"turns":7}],"seed_played":"1671625328636868078","potions_obtained":[{"floor":3,"key":"EssenceOfSteel"},{"floor":7,"key":"Strength Potion"},{"floor":12,"key":"GhostInAJar"},{"floor":14,"key":"Poison Potion"},{"floor":18,"key":"AttackPotion"},{"floor":28,"key":"Energy Potion"},{"floor":31,"key":"Regen Potion"}],"is_trial":false,"path_per_floor":["M","?","M","?","M","R","E","T","T","R","?","M","E","M","R","B",null,"M","?","?","M","?","E","R","E","T","$","M","R","E","M","R","B"],"character_chosen":"THE_SILENT","items_purchased":["Membership Card","Thread and Needle","Prayer Wheel","Flash of Steel"],"campfire_rested":4,"item_purchase_floors":[27,27,27,27],"current_hp_per_floor":[70,53,53,53,53,53,27,27,27,48,48,48,32,27,48,40,70,40,40,40,37,37,40,40,9,9,9,10,31,22,15,36,0,0],"gold":161,"neow_bonus":"THREE_ENEMY_KILL","is_daily":false,"chose_seed":false,"campfire_upgraded":2,"win_rate":0.0,"timestamp":1613971975,"path_taken":["M","?","M","?","?","R","E","?","T","R","?","?","E","M","R","BOSS","M","?","?","M","?","E","R","E","T","$","M","R","E","M","R","BOSS"],"items_purchased_type":["Relic","Relic","Relic","Card"],"build_version":"2020-12-22","purchased_purges":1,"victory":false,"max_hp_per_floor":[70,70,70,70,70,70,70,70,70,70,70,70,70,70,70,70,70,70,70,70,70,70,70,70,70,70,70,70,70,70,70,70,70,70],"card_choices":[{"not_picked":["PiercingWail","Terror"],"picked":"Backflip","floor":1},{"not_picked":["Endless Agony","Flying Knee"],"picked":"Dagger Spray","floor":3},{"not_picked":["Blade Dance","Bane"],"picked":"Poisoned Stab","floor":5},{"not_picked":["Dash","Wraith Form v2"],"picked":"Deflect","floor":7},{"not_picked":["Deflect","Underhanded Strike"],"picked":"Cloak And Dagger","floor":12},{"not_picked":["Catalyst","Leg Sweep"],"picked":"Riddle With Holes","floor":13},{"not_picked":["Flechettes","Blade Dance","Dagger Throw"],"picked":"SKIP","floor":14},{"not_picked":["Night Terror","Unload"],"picked":"Envenom","floor":16},{"not_picked":["Dodge and Roll","Deadly Poison"],"picked":"Dagger Spray","floor":18},{"not_picked":["Flying Knee+1","Predator+1","Quick Slash"],"picked":"SKIP","floor":21},{"not_picked":["Bane+1","Slice","Corpse Explosion"],"picked":"SKIP","floor":23},{"not_picked":["Sucker Punch","Heel Hook","Dagger Throw"],"picked":"SKIP","floor":25},{"not_picked":["Dagger Spray","Prepared"],"picked":"Escape Plan+1","floor":28},{"not_picked":["Quick Slash","Prepared","Dodge and Roll"],"picked":"SKIP","floor":28},{"not_picked":["Quick Slash","Prepared","Dodge and Roll"],"picked":"SKIP","floor":28},{"not_picked":["Dagger Spray","Tools of the Trade","Poisoned Stab"],"picked":"SKIP","floor":30},{"not_picked":["Dagger Throw","PiercingWail+1"],"picked":"Blade Dance+1","floor":31},{"not_picked":["Prepared","Deadly Poison","Concentrate"],"picked":"SKIP","floor":31}],"player_experience":434996,"relics_obtained":[{"floor":7,"key":"Boot"},{"floor":8,"key":"Omamori"},{"floor":9,"key":"Pocketwatch"},{"floor":13,"key":"Incense Burner"},{"floor":23,"key":"CaptainsWheel"},{"floor":25,"key":"Shovel"},{"floor":26,"key":"InkBottle"},{"floor":30,"key":"Toy Ornithopter"}],"event_choices":[{"damage_healed":0,"gold_gain":0,"player_choice":"Take Damage","damage_taken":17,"relics_obtained":["Golden Idol"],"max_hp_gain":0,"max_hp_loss":0,"event_name":"Golden Idol","floor":2,"gold_loss":0},{"damage_healed":0,"gold_gain":0,"player_choice":"Upgraded","damage_taken":0,"max_hp_gain":0,"max_hp_loss":0,"event_name":"Upgrade Shrine","floor":4,"gold_loss":0,"cards_upgraded":["Dagger Spray"]},{"damage_healed":0,"gold_gain":100,"player_choice":"Pray","damage_taken":0,"max_hp_gain":0,"max_hp_loss":0,"event_name":"Golden Shrine","floor":11,"gold_loss":0},{"damage_healed":0,"gold_gain":0,"player_choice":"Inject Mutagens","damage_taken":0,"relics_obtained":["MutagenicStrength"],"max_hp_gain":0,"max_hp_loss":0,"event_name":"Drug Dealer","floor":19,"gold_loss":0},{"damage_healed":0,"gold_gain":0,"player_choice":"Gave Idol","damage_taken":0,"relics_obtained":["Bloody Idol"],"max_hp_gain":0,"max_hp_loss":0,"event_name":"Forgotten Altar","floor":20,"relics_lost":["Golden Idol"],"gold_loss":0},{"damage_healed":0,"gold_gain":0,"player_choice":"0 cards matched","damage_taken":0,"max_hp_gain":0,"max_hp_loss":0,"event_name":"Match and Keep!","floor":22,"gold_loss":0,"cards_obtained":[]}],"is_beta":false,"boss_relics":[{"not_picked":["Coffee Dripper","Busted Crown"],"picked":"SlaversCollar"}],"items_purged_floors":[27],"is_endless":false,"potions_floor_spawned":[3,7,12,14,18,28,31],"killed_by":"Collector","ascension_level":4}}