{"host":"gk9qdtkqd8dwfeg2","time":1613972810,"event":{"mods":["ATMod(∞¢Ë™Mod)","Act Like it!","Aspiration","BaseMod","Colored Powertips","Gensokyo","Minty Spire (QoL Compilation)","Quick Restart","Reimu£®≤©¿ˆ¡È√Œ£©","Remilia£®¿Ÿ√◊¿Ú—«£©","Shop Mod","StSLib","TestMod","The Servant 0.9.4","Waifu the Spire","Youmu£®ªÍ∆«—˝√Œ£©"],"gold_per_floor":[117,27,27,27,41,41,68,85,85,85,85,111,111,111,111,188,188,202,202,214,464,542,570,13,40,40,160,160,193,193,203,203,277,277,289,34,53,53,53,53,90,90,114,146,358,443,443,477,477,477,477,477,477,51,82,82],"floor_reached":57,"language":"ZHS","playtime":2718,"items_purged":["Strike_R"],"score":3204,"play_id":"57c39af7-0bfb-4989-86a0-1f2a503d0e03","local_time":"20210222134650","is_ascension_mode":true,"campfire_choices":[{"data":"AT_FamilyPortrait","floor":6.0,"key":"SMITH"},{"data":"Body Slam","floor":10.0,"key":"SMITH"},{"data":"Blood for Blood","floor":13.0,"key":"SMITH"},{"data":"AT_Dispersion","floor":15.0,"key":"SMITH"},{"floor":28.0,"key":"DIG"},{"floor":30.0,"key":"DIG"},{"floor":32.0,"key":"DIG"},{"floor":40,"key":"DIG"},{"floor":42,"key":"DIG"},{"floor":49,"key":"RECALL"},{"floor":53,"key":"DIG"}],"circlet_count":0,"master_deck":["AscendersBane","Strike_R","Strike_R","Defend_R","Defend_R","Defend_R","Bash","AT_FamilyPortrait+1","Body Slam+1","Clumsy","Blood for Blood+1","Injury","AT_Dispersion+1","Barricade","Shrug It Off+1","AT_GerminateFire","Second Wind","Exhume","Power Through","Corruption","AT_EmpoweredMortalDraw","Shockwave+1","AT_ShrugMaster+1","AT_BodySlamDance+1","Evolve","Power Through"],"relics":["Burning Blood","AT_ATBox","testmod-TestBox","NeowsBlessing","Gensokyo:NagashiBinaDoll","Juzu Bracelet","AT_RabadonDeathcap","aspiration:FrozenJewel","testmod-RainbowHikingShoes","testmod-AssaultLearning","testmod-IndustrialRevolution","aspiration:SecretTechniqueScroll","MerchantsRug","AT_TimeSand","InkBottle","Letter Opener","Du-Vu Doll","Shovel","Bag of Marbles","aspiration:FetidBarrel","Bag of Preparation","Orichalcum","AT_MortalBlade","Medical Kit","Sundial","Gensokyo:EmptyGrave","AT_SunfireAegis","Oddly Smooth Stone","Red Skull","MealTicket","Champion Belt","AT_EbonyIvory","Bottled Lightning","AT_ForceNature","Brimstone","testmod-IntensifyImprint"],"acts_visited":["Exordium","Gensokyo:Gensokyo","Gensokyo:Gensokyoer","TheEnding"],"potions_floor_usage":[44],"damage_taken":[{"damage":0.0,"enemies":"Gensokyo:2_Kodama","floor":1.0,"turns":1.0},{"damage":0.0,"enemies":"Gensokyo:Python","floor":5.0,"turns":2.0},{"damage":3.0,"enemies":"Gensokyo:Cirno","floor":7.0,"turns":2.0},{"damage":9.0,"enemies":"Gensokyo:Gryphon","floor":8.0,"turns":4.0},{"damage":18.0,"enemies":"Gensokyo:Mamizou","floor":12.0,"turns":9.0},{"damage":26.0,"enemies":"Gensokyo:Kokoro","floor":16.0,"turns":9.0},{"damage":17.0,"enemies":"Gensokyo:CosmicMonolith","floor":18.0,"turns":3.0},{"damage":9.0,"enemies":"Gensokyo:AngelMirror","floor":20.0,"turns":3.0},{"damage":5.0,"enemies":"Gensokyo:Koishi","floor":23.0,"turns":5.0},{"damage":1.0,"enemies":"Gensokyo:Tenshi","floor":25.0,"turns":2.0},{"damage":0.0,"enemies":"Gensokyo:Tenshi","floor":27.0,"turns":3.0},{"damage":0.0,"enemies":"Gensokyo:Reisen","floor":29.0,"turns":4.0},{"damage":0.0,"enemies":"Gensokyo:Slime_Group","floor":31.0,"turns":3.0},{"damage":0.0,"enemies":"Gensokyo:Eiki","floor":33.0,"turns":4.0},{"damage":0.0,"enemies":"Gensokyo:AncientGuardian","floor":35.0,"turns":3.0},{"damage":0.0,"enemies":"Gensokyo:3_Bats","floor":37.0,"turns":2.0},{"damage":5,"enemies":"Gensokyo:Dusk_and_Dawn","floor":41,"turns":3},{"damage":15,"enemies":"Gensokyo:Marisa","floor":44,"turns":5},{"damage":1,"enemies":"Gensokyo:3_Boulders","floor":45,"turns":4},{"damage":8,"enemies":"Gensokyo:Sharpion","floor":46,"turns":4},{"damage":0,"enemies":"Gensokyo:Doremy","floor":48,"turns":3},{"damage":0,"enemies":"Gensokyo:Shinki","floor":50,"turns":5},{"damage":0,"enemies":"Gensokyo:Yuyuko","floor":51,"turns":3},{"damage":15,"enemies":"Shield and Spear","floor":55,"turns":3},{"damage":60,"enemies":"The Heart","floor":56,"turns":3}],"seed_played":"6664130516062052015","potions_obtained":[{"floor":1.0,"key":"Weak Potion"},{"floor":12.0,"key":"FairyPotion"},{"floor":27.0,"key":"EntropicBrew"},{"floor":45,"key":"Regen Potion"}],"is_trial":false,"path_per_floor":["M","COS","?","?","M","R","E","M","T","R","?","?","R","?","R","B",null,"M","?","M","?","T","E","$","E","T","?","R","E","R","M","R","B",null,"M","COS","M","?","?","R","M","R","T","E","M","M","?","E","R","B","B",null,"R","$","E","B",null],"character_chosen":"IRONCLAD","items_purchased":["MerchantsRug","AT_TimeSand","Second Wind","AT_ForceNature","Brimstone"],"campfire_rested":0,"item_purchase_floors":[24,24,24,54,54],"current_hp_per_floor":[74,74,74,74,75,75,75,72,72,72,72,60,60,42,42,22,62,51,51,48,48,48,49,49,54,54,60,60,60,60,66,66,69,69,69,69,69,52,52,52,53,63,63,54,59,57,57,63,63,63,63,63,63,63,54,19],"gold":82,"neow_bonus":"THREE_ENEMY_KILL","is_daily":false,"chose_seed":false,"campfire_upgraded":4,"win_rate":0.0,"timestamp":1613972810,"path_taken":["M","COS","?","?","M","R","E","M","T","R","?","?","R","?","R","BOSS","M","?","M","?","?","E","?","E","T","?","R","E","R","M","R","BOSS","M","COS","M","?","?","R","M","R","T","E","M","M","?","E","R","BOSS","BOSS","R","$","E","BOSS"],"items_purchased_type":["Relic","Relic","Card","Relic","Relic"],"build_version":"2020-12-22","purchased_purges":1,"victory":true,"max_hp_per_floor":[75,75,75,75,75,75,75,75,75,75,75,75,75,75,75,75,75,75,75,75,69,69,69,69,69,69,69,69,69,69,69,69,69,69,69,69,69,69,63,63,63,63,63,63,63,63,63,63,63,63,63,63,63,63,63,63],"card_choices":[{"not_picked":["Inflame","Warcry"],"picked":"Body Slam","floor":1.0},{"not_picked":["Headbutt","AT_GerminateFire"],"picked":"Blood for Blood","floor":5.0},{"not_picked":["Heavy Blade","Blood for Blood","Thunderclap"],"picked":"SKIP","floor":7.0},{"not_picked":["AT_IchimonjiDouble","Flex","Warcry"],"picked":"SKIP","floor":8.0},{"not_picked":["Pummel","AT_ShrugMaster"],"picked":"AT_Dispersion","floor":12.0},{"not_picked":["Bludgeon","Feed"],"picked":"Barricade","floor":16.0},{"not_picked":["Intimidate","Carnage","Thunderclap"],"picked":"SKIP","floor":18.0},{"not_picked":["Pommel Strike","Carnage"],"picked":"Shrug It Off+1","floor":20.0},{"not_picked":["Anger","Pummel"],"picked":"AT_GerminateFire","floor":23.0},{"not_picked":["Wild Strike+1","Cleave"],"picked":"Exhume","floor":25.0},{"not_picked":["AT_BodySlamDance","Clothesline"],"picked":"Power Through","floor":27.0},{"not_picked":["Clash","Flame Barrier+1","Sword Boomerang"],"picked":"SKIP","floor":29.0},{"not_picked":["Rampage","AT_GerminateFire","Clothesline"],"picked":"SKIP","floor":31.0},{"not_picked":["Berserk","Bludgeon"],"picked":"Corruption","floor":33.0},{"not_picked":["Shrug It Off+1","Heavy Blade+1","Dropkick"],"picked":"SKIP","floor":35.0},{"not_picked":["AT_IchimonjiDouble","Shrug It Off+1"],"picked":"Shockwave+1","floor":37.0},{"not_picked":["Shrug It Off","Twin Strike"],"picked":"AT_ShrugMaster+1","floor":41},{"not_picked":["Combust","Warcry"],"picked":"AT_BodySlamDance+1","floor":44},{"not_picked":["Perfected Strike+1","Sword Boomerang"],"picked":"Evolve","floor":45},{"not_picked":["Seeing Red","Pommel Strike","Headbutt"],"picked":"SKIP","floor":46},{"not_picked":["Twin Strike","AT_ShrugMaster+1"],"picked":"Power Through","floor":48},{"not_picked":["Flex","Thunderclap+1","Dual Wield"],"picked":"SKIP","floor":55}],"player_experience":808453,"relics_obtained":[{"floor":7.0,"key":"AT_RabadonDeathcap"},{"floor":9.0,"key":"aspiration:FrozenJewel"},{"floor":12.0,"key":"testmod-AssaultLearning"},{"floor":23.0,"key":"Bottled Flame"},{"floor":25.0,"key":"InkBottle"},{"floor":26.0,"key":"Letter Opener"},{"floor":27.0,"key":"Du-Vu Doll"},{"floor":27.0,"key":"Shovel"},{"floor":28.0,"key":"Bag of Marbles"},{"floor":29.0,"key":"aspiration:FetidBarrel"},{"floor":30.0,"key":"Bag of Preparation"},{"floor":32.0,"key":"Orichalcum"},{"floor":40,"key":"AT_SunfireAegis"},{"floor":42,"key":"Oddly Smooth Stone"},{"floor":43,"key":"Red Skull"},{"floor":44,"key":"MealTicket"},{"floor":48,"key":"AT_EbonyIvory"},{"floor":53,"key":"Bottled Lightning"},{"floor":55,"key":"testmod-IntensifyImprint"}],"event_choices":[],"is_beta":false,"boss_relics":[{"not_picked":["testmod-Nine","testmod-HarvestTotem"],"picked":"aspiration:SecretTechniqueScroll"},{"not_picked":["SacredBark","testmod-GoldenSoul"],"picked":"AT_MortalBlade"}],"items_purged_floors":[24],"is_endless":false,"potions_floor_spawned":[1,12,23,27,29,31,33,35,41,45,48],"ascension_level":20}}