{"host":"ptk1shuto3uimndw","time":1613979374,"event":{"mods":["AchievementEnabler","BaseMod","Bestiary","Colored Map","Colored Powertips","Curses Come First","Minty Spire (QoL Compilation)","Quick Restart","Rare Cards Sparkle","Relic Stats","StSLib","Uncapped"],"gold_per_floor":[114,14,31,31,31,65,82,113,140,151,69,101,101,126,126,201,201,214,233,11,30,30,30],"floor_reached":22,"language":"ENG","playtime":663,"items_purged":["Decay"],"score":394,"play_id":"763a0909-75c4-4add-b993-161c1f527b5b","local_time":"20210222083614","is_ascension_mode":true,"campfire_choices":[{"data":"Meditate","floor":15,"key":"SMITH"}],"circlet_count":0,"master_deck":["AscendersBane","Strike_P","Strike_P","Strike_P","Strike_P","Defend_P","Defend_P","Defend_P","Defend_P","Eruption","Vigilance","Conclude","Consecrate","LikeWater","Meditate+1","LikeWater","FearNoEvil","MentalFortress","EmptyBody","Scrawl","FlurryOfBlows","Prostrate"],"relics":["PureWater","NeowsBlessing","Potion Belt","Centennial Puzzle","Bag of Marbles","Orichalcum","Juzu Bracelet","Question Card","Gremlin Horn","Runic Pyramid","Pen Nib"],"acts_visited":["Exordium","TheCity"],"potions_floor_usage":[16],"damage_taken":[{"damage":0.0,"enemies":"Jaw Worm","floor":1.0,"turns":1.0},{"damage":0.0,"enemies":"Cultist","floor":3.0,"turns":1.0},{"damage":0.0,"enemies":"3 Sentries","floor":6.0,"turns":2.0},{"damage":7.0,"enemies":"Small Slimes","floor":7.0,"turns":2.0},{"damage":5.0,"enemies":"Gremlin Nob","floor":8.0,"turns":3.0},{"damage":0.0,"enemies":"2 Fungi Beasts","floor":10.0,"turns":2.0},{"damage":16,"enemies":"3 Sentries","floor":12,"turns":4},{"damage":7,"enemies":"Gremlin Nob","floor":14,"turns":5},{"damage":26,"enemies":"The Guardian","floor":16,"turns":12},{"damage":8,"enemies":"Shell Parasite","floor":18,"turns":3},{"damage":9,"enemies":"Spheric Guardian","floor":19,"turns":4},{"damage":4,"enemies":"3 Cultists","floor":21,"turns":5},{"damage":39,"enemies":"Chosen and Byrds","floor":22,"turns":4}],"seed_played":"-1009976277774065335","potions_obtained":[{"floor":7.0,"key":"BlessingOfTheForge"},{"floor":10.0,"key":"SmokeBomb"},{"floor":14,"key":"Energy Potion"},{"floor":16,"key":"Energy Potion"},{"floor":19,"key":"ColorlessPotion"}],"is_trial":false,"path_per_floor":["M","?","M","$","?","E","M","E","T","M","$","E","T","E","R","B",null,"M","M","$","M","M"],"character_chosen":"WATCHER","items_purchased":["MentalFortress","Pen Nib"],"campfire_rested":0,"item_purchase_floors":[11,20],"current_hp_per_floor":[65,65,65,65,65,65,58,53,53,53,53,37,37,30,30,4,55,47,38,38,34,0,0],"gold":30,"neow_bonus":"THREE_ENEMY_KILL","is_daily":false,"chose_seed":false,"campfire_upgraded":1,"win_rate":0.0,"timestamp":1613979374,"path_taken":["M","?","?","$","?","E","?","E","T","M","$","E","?","E","R","BOSS","M","M","$","M","M"],"items_purchased_type":["Card","Relic"],"build_version":"2020-12-22","purchased_purges":1,"victory":false,"max_hp_per_floor":[72,72,72,72,72,72,72,72,72,72,72,72,72,72,72,72,72,72,72,72,72,72,72],"relic_stats":{"Centennial Puzzle":[27],"Gremlin Horn":[3,3],"counters":[13,48],"Pen Nib":[2],"Juzu Bracelet":0,"Orichalcum":[36],"Question Card":5,"obtain_stats":[{"Potion Belt":2,"Centennial Puzzle":6,"NeowsBlessing":0,"Gremlin Horn":14,"Pen Nib":20,"Bag of Marbles":8,"Juzu Bracelet":12,"PureWater":0,"Orichalcum":9,"Question Card":13,"Runic Pyramid":17},{"Potion Belt":1,"Centennial Puzzle":3,"NeowsBlessing":0,"Gremlin Horn":8,"Pen Nib":11,"Bag of Marbles":5,"Juzu Bracelet":7,"PureWater":0,"Orichalcum":5,"Question Card":7,"Runic Pyramid":9},{"Potion Belt":1,"Centennial Puzzle":4,"NeowsBlessing":0,"Gremlin Horn":20,"Pen Nib":39,"Bag of Marbles":9,"Juzu Bracelet":15,"PureWater":0,"Orichalcum":9,"Question Card":15,"Runic Pyramid":32}]},"card_choices":[{"not_picked":["ClearTheMind","EmptyBody"],"picked":"Conclude","floor":1.0},{"not_picked":["EmptyBody","Halt"],"picked":"Consecrate","floor":3.0},{"not_picked":["Nirvana","JustLucky"],"picked":"LikeWater","floor":6.0},{"not_picked":["CutThroughFate","FlurryOfBlows"],"picked":"Meditate","floor":7.0},{"not_picked":["FearNoEvil","FollowUp"],"picked":"LikeWater","floor":8.0},{"not_picked":["EmptyFist","Indignation"],"picked":"FearNoEvil","floor":10.0},{"not_picked":["EmptyFist","LikeWater"],"picked":"EmptyBody","floor":12},{"not_picked":["Judgement","Worship","FlyingSleeves","Sanctity"],"picked":"SKIP","floor":14},{"not_picked":["Omniscience","DeusExMachina","DevaForm"],"picked":"Scrawl","floor":16},{"not_picked":["CutThroughFate","Evaluate","Crescendo+1"],"picked":"FlurryOfBlows","floor":18},{"not_picked":["Weave+1","Indignation","Evaluate"],"picked":"Prostrate","floor":19},{"not_picked":["Crescendo","Evaluate","CutThroughFate","Weave"],"picked":"SKIP","floor":21}],"player_experience":283582,"relics_obtained":[{"floor":6.0,"key":"Centennial Puzzle"},{"floor":8.0,"key":"Bag of Marbles"},{"floor":9.0,"key":"Orichalcum"},{"floor":12,"key":"Juzu Bracelet"},{"floor":13,"key":"Question Card"},{"floor":14,"key":"Gremlin Horn"}],"event_choices":[{"damage_healed":0.0,"max_hp_gain":0.0,"max_hp_loss":0.0,"gold_gain":0.0,"event_name":"WeMeetAgain","player_choice":"Paid Gold","floor":2.0,"gold_loss":100.0,"damage_taken":0.0,"relics_obtained":["Potion Belt"]},{"damage_healed":0.0,"max_hp_gain":0.0,"max_hp_loss":0.0,"gold_gain":0.0,"event_name":"Wheel of Change","player_choice":"Cursed","floor":5.0,"gold_loss":0.0,"damage_taken":0.0,"cards_obtained":["Decay"]}],"is_beta":false,"boss_relics":[{"not_picked":["SacredBark","Sozu"],"picked":"Runic Pyramid"}],"items_purged_floors":[20],"is_endless":false,"potions_floor_spawned":[7,10,14,16,19,21],"killed_by":"Chosen and Byrds","ascension_level":13}}