{"host":"xt8a2gaayqxupton","time":1613984638,"event":{"mods":["2.2 Compatiblity","Abigail Mod","AchievementEnabler","Act Like it!","Arknights","BaseMod","CapriCore","Chen","Colored Map","Dota2Spire","Gensokyo","GungeonMod","Hallownest","Koishi","KomeijiMod","Lobotomy","Marisa£¨Ùöéë¡¡Øª×âÞÞ£©","Minty Spire (QoL Compilation)","Reimu£¨ÚÏ???£©","StSLib","The Administrix","The Animator","The Bug Knight","The Immortal","Yakumo Yukari mod","Yuyuko"],"gold_per_floor":[119,136,149,20,20,20,20,41,90,90,90,15,331,350,350,452,452,462,208,224,133,133,133],"floor_reached":22,"language":"KOR","playtime":969,"items_purged":["DemoMod:Strike_Huntress","DemoMod:Defend_Huntress"],"score":176,"play_id":"a1d3a0c5-b7e5-424b-bfd4-4b50dedf0654","local_time":"20210222180358","is_ascension_mode":false,"campfire_choices":[{"data":"DemoMod:Polaris","floor":6,"key":"SMITH"},{"floor":11,"key":"REST"},{"floor":15,"key":"REST"}],"circlet_count":0,"master_deck":["DemoMod:Strike_Huntress","DemoMod:Strike_Huntress","DemoMod:Defend_Huntress","DemoMod:Defend_Huntress","DemoMod:Defend_Huntress","DemoMod:Roll","DemoMod:ManualReload","DemoMod:RustySidearm","DemoMod:CrossBow","Discovery","DemoMod:Polaris+1","DemoMod:CombinedRifle","DemoMod:MachoBrace","DemoMod:FightSabre","DemoMod:HighKaliber+1","DemoMod:AbyssalTentacle","DemoMod:Gungine","DemoMod:DoubleVision","DemoMod:HardPowerCard+1","Gensokyo:ScrapIron","Gensokyo:Shovel"],"relics":["DemoMod:Dog","Art of War","Meat on the Bone","Runic Pyramid","DemoMod:HipHolster","DemoMod:WeirdEgg"],"acts_visited":["Gensokyo:Gensokyo","Gensokyo:Gensokyoer"],"potions_floor_usage":[8,22],"damage_taken":[{"damage":0,"enemies":"Gensokyo:3_Fairies","floor":1,"turns":4},{"damage":0,"enemies":"Gensokyo:Python","floor":2,"turns":2},{"damage":5,"enemies":"Gensokyo:2_Kodama","floor":3,"turns":3},{"damage":64,"enemies":"Gensokyo:2_Rabbits","floor":8,"turns":8},{"damage":11,"enemies":"Gensokyo:Python_and_Kodama","floor":13,"turns":4},{"damage":10,"enemies":"Gensokyo:3_Kodama","floor":14,"turns":5},{"damage":37,"enemies":"Gensokyo:Yukari","floor":16,"turns":8},{"damage":33,"enemies":"Gensokyo:AngelMirror","floor":18,"turns":5},{"damage":21,"enemies":"Gensokyo:3_Dogs","floor":20,"turns":7},{"damage":30,"enemies":"Gensokyo:Slime_Group","floor":22,"turns":3}],"seed_played":"77162179865979519","potions_obtained":[{"floor":1,"key":"EssenceOfSteel"},{"floor":18,"key":"GrandPatriotsElixir:ReiMu"}],"is_trial":false,"path_per_floor":["M","M","M","COS","?","R","?","M","T","T","R","$","M","M","R","B",null,"M","$","M","COS","M"],"character_chosen":"HUNTRESS","items_purchased":["DemoMod:WeirdEgg"],"campfire_rested":2,"item_purchase_floors":[19],"current_hp_per_floor":[70,70,65,65,65,65,65,1,1,1,22,22,23,25,46,21,70,37,37,28,28,0,0],"gold":133,"neow_bonus":"RANDOM_COLORLESS","is_daily":false,"chose_seed":false,"campfire_upgraded":1,"win_rate":0.0,"timestamp":1613984638,"path_taken":["M","M","M","COS","?","R","?","M","T","?","R","$","M","M","R","BOSS","M","$","M","COS","M"],"items_purchased_type":["Relic"],"build_version":"2020-12-22","purchased_purges":2,"victory":false,"max_hp_per_floor":[70,70,70,70,70,70,70,70,70,70,70,70,70,70,70,70,70,70,70,70,70,70,70],"card_choices":[{"not_picked":["Good Instincts","Blind"],"picked":"Discovery","floor":0},{"not_picked":["DemoMod:ChanceBullets","DemoMod:BattleInHaste"],"picked":"DemoMod:Polaris","floor":1},{"not_picked":["DemoMod:ChanceBullets","DemoMod:DoubleSwitch","DemoMod:JK47"],"picked":"SKIP","floor":2},{"not_picked":["DemoMod:SkilledReload","DemoMod:PracticeMakesPerfect"],"picked":"DemoMod:CombinedRifle","floor":3},{"not_picked":["DemoMod:Ejector","DemoMod:TableSutra"],"picked":"DemoMod:MachoBrace","floor":7},{"not_picked":["DemoMod:Ejector","DemoMod:AbyssalTentacle"],"picked":"DemoMod:FightSabre","floor":7},{"not_picked":["DemoMod:MegaHand+1","DemoMod:SniperShot+1"],"picked":"DemoMod:HighKaliber+1","floor":8},{"not_picked":["DemoMod:TableSutra","DemoMod:PotionOfGunFriendShip","DemoMod:SpreadAmmo"],"picked":"SKIP","floor":8},{"not_picked":["DemoMod:GunstockTap","DemoMod:MachoBrace"],"picked":"DemoMod:AbyssalTentacle","floor":13},{"not_picked":["DemoMod:JK47","DemoMod:AC15","DemoMod:PotionOfGunFriendShip"],"picked":"SKIP","floor":14},{"not_picked":["DemoMod:BlankBullets","DemoMod:FinishedGun"],"picked":"DemoMod:Gungine","floor":16},{"not_picked":["DemoMod:SAA","DemoMod:JK47"],"picked":"DemoMod:DoubleVision","floor":18},{"not_picked":["DemoMod:SniperShot","DemoMod:GunstockTap"],"picked":"DemoMod:HardPowerCard+1","floor":20}],"player_experience":589183,"relics_obtained":[{"floor":9,"key":"Art of War"},{"floor":10,"key":"Meat on the Bone"}],"event_choices":[],"is_beta":false,"boss_relics":[{"not_picked":["DemoMod:ElasticCartridgeClip","Coffee Dripper"],"picked":"Runic Pyramid"}],"items_purged_floors":[12,19],"is_endless":false,"potions_floor_spawned":[1,18],"killed_by":"Gensokyo:Slime_Group","ascension_level":0}}