{"host":"c64dsqyrqv0ei9yn","time":1613992612,"event":{"mods":["Act Like it!","Arknights","BaseMod","Bestiary","CapriCore","Chen","Colored Map","Colored Powertips","Curses Come First","Hermit","Koishi","LagranYue(ùfäiòNÅEåé)","MarisaÅiñ∂âJÅ@ñÇóùçπÅj","Minty Spire (QoL Compilation)","Prisma Mod","Random Character Button","ReimuÅiîé??öÎÅj","RemiliaÅiÂQïƒ‰ª?Åj","StSLib","The Administrix","The Alterego","The Immortal","The Marked","The Saiyan","The Senshi","The Servant 0.9.4","The Wild Card","TheSwordswoman","Waifu the Spire","WarShipGirlsR/??è≠èóR mod","slay the spire mod where everything is the same but ironclad has a cowboy hat"],"gold_per_floor":[115,2,2,17,31,31,44,79,106,106,133,146,158,158,158,257,257,212,212,212,212,137,137,137,137,137,28,28,28,28,28,28,28,28,28,28,28,28,0,0,0,0,0,0,0,0,0,0,0,0],"floor_reached":51,"language":"ENG","playtime":2971,"items_purged":["Writhe"],"score":685,"play_id":"78ab5d23-b439-44d6-bff8-e1dbdfd44bbc","local_time":"20210222111652","is_ascension_mode":false,"campfire_choices":[{"data":"Devotion","floor":6,"key":"SMITH"},{"floor":15,"key":"REST"},{"data":"WindmillStrike","floor":23,"key":"SMITH"},{"floor":28,"key":"REST"},{"floor":32,"key":"REST"},{"floor":40,"key":"REST"},{"data":"LikeWater","floor":42,"key":"SMITH"},{"data":"Judgement","floor":45,"key":"SMITH"},{"floor":49,"key":"REST"}],"circlet_count":0,"master_deck":["Strike_P","Strike_P","Strike_P","Defend_P","Defend_P","Defend_P+1","Defend_P+1","Eruption","Vigilance","Devotion+1","LikeWater+1","FearNoEvil","WheelKick","Evaluate","WindmillStrike+1","JustLucky","DeceiveReality","Halt","ReachHeaven","Judgement+1","Crescendo+1","Perseverance","LikeWater+1","Devotion+1","Swivel+1","WaveOfTheHand+1","LikeWater+1"],"relics":["PureWater","War Paint","Nunchaku","Pen Nib","Frozen Egg 2","Ectoplasm","alterego_mod:FleetingLove","Strawberry","Meat on the Bone","Sozu","Red Mask","HornCleat"],"acts_visited":["Exordium","TheCity","TheBeyond"],"potions_floor_usage":[16,35,50,50],"damage_taken":[{"damage":0,"enemies":"2 Louse","floor":1,"turns":2},{"damage":0,"enemies":"Small Slimes","floor":4,"turns":4},{"damage":3,"enemies":"Jaw Worm","floor":5,"turns":5},{"damage":22,"enemies":"Exordium Thugs","floor":7,"turns":8},{"damage":12,"enemies":"Lagavulin","floor":8,"turns":6},{"damage":22,"enemies":"3 Sentries","floor":11,"turns":9},{"damage":0,"enemies":"Large Slime","floor":12,"turns":8},{"damage":0,"enemies":"Blue Slaver","floor":13,"turns":4},{"damage":25,"enemies":"The Guardian","floor":16,"turns":7},{"damage":6,"enemies":"2 Thieves","floor":18,"turns":3},{"damage":6,"enemies":"3 Byrds","floor":19,"turns":4},{"damage":11,"enemies":"3 Cultists","floor":20,"turns":7},{"damage":11,"enemies":"Book of Stabbing","floor":24,"turns":6},{"damage":23,"enemies":"Snecko","floor":25,"turns":5},{"damage":3,"enemies":"Centurion and Healer","floor":29,"turns":5},{"damage":5,"enemies":"Chosen and Byrds","floor":30,"turns":5},{"damage":10,"enemies":"Cultist and Chosen","floor":31,"turns":5},{"damage":23,"enemies":"Automaton","floor":33,"turns":9},{"damage":11,"enemies":"3 Shapes","floor":35,"turns":4},{"damage":14,"enemies":"Orb Walker","floor":36,"turns":4},{"damage":35,"enemies":"Jaw Worm Horde","floor":37,"turns":6},{"damage":11,"enemies":"4 Shapes","floor":38,"turns":5},{"damage":6,"enemies":"Transient","floor":46,"turns":5},{"damage":19,"enemies":"3 Darklings","floor":47,"turns":4},{"damage":7,"enemies":"Spire Growth","floor":48,"turns":7},{"damage":33,"enemies":"Donu and Deca","floor":50,"turns":9}],"seed_played":"-2837317499963248465","potions_obtained":[{"floor":1,"key":"SpeedPotion"},{"floor":5,"key":"Ancient Potion"},{"floor":12,"key":"CultistPotion"},{"floor":16,"key":"Ancient Potion"},{"floor":24,"key":"Fire Potion"},{"floor":25,"key":"MagicPotion:ReiMu"}],"is_trial":false,"path_per_floor":["M","$","?","M","M","R","M","E","T","?","E","M","M","T","R","B",null,"M","M","M","?","?","R","E","M","T","$","R","M","M","M","R","B",null,"M","M","M","M","?","R","?","R","T","$","R","M","M","M","R","B",null],"character_chosen":"WATCHER","items_purchased":["FearNoEvil","Perseverance","LikeWater+1"],"campfire_rested":5,"item_purchase_floors":[2,27,27],"current_hp_per_floor":[72,72,72,72,69,69,47,35,35,35,13,13,13,13,34,9,72,66,60,49,49,49,49,45,22,22,22,45,42,49,51,74,51,79,68,54,31,32,32,55,55,55,55,55,55,49,42,47,70,49],"gold":0,"neow_bonus":"THREE_RARE_CARDS","is_daily":false,"chose_seed":false,"campfire_upgraded":4,"win_rate":0.0,"timestamp":1613992612,"path_taken":["M","$","?","M","M","R","M","E","T","?","E","M","M","?","R","BOSS","M","M","M","?","?","R","E","M","T","?","R","M","M","M","R","BOSS","M","M","M","M","?","R","?","R","T","$","R","?","M","?","R","BOSS"],"items_purchased_type":["Card","Card","Card"],"build_version":"2020-12-22","purchased_purges":1,"victory":true,"max_hp_per_floor":[72,72,72,72,72,72,72,72,72,72,72,72,72,72,72,72,72,72,72,72,72,72,72,79,79,79,79,79,79,79,79,79,79,79,79,79,79,79,79,79,79,79,79,79,79,79,79,79,79,79],"card_choices":[{"not_picked":["Blasphemy","DeusExMachina"],"picked":"Devotion","floor":0},{"not_picked":["Collect","WheelKick"],"picked":"LikeWater","floor":1},{"not_picked":["Fasting2","ThirdEye"],"picked":"WheelKick","floor":4},{"not_picked":["FlurryOfBlows","WreathOfFlame"],"picked":"Evaluate","floor":5},{"not_picked":["ThirdEye","Evaluate"],"picked":"WindmillStrike","floor":7},{"not_picked":["TalkToTheHand","FlyingSleeves"],"picked":"JustLucky","floor":8},{"not_picked":["PathToVictory","EmptyMind"],"picked":"DeceiveReality","floor":11},{"not_picked":["Collect","FollowUp"],"picked":"Halt","floor":12},{"not_picked":["BowlingBash","EmptyFist"],"picked":"ReachHeaven","floor":13},{"not_picked":["Omniscience","Establishment+1"],"picked":"Judgement","floor":16},{"not_picked":["EmptyFist","BowlingBash+1"],"picked":"FollowUp","floor":18},{"not_picked":["FlurryOfBlows","JustLucky","BowlingBash"],"picked":"SKIP","floor":19},{"not_picked":["WindmillStrike","LessonLearned"],"picked":"Crescendo+1","floor":20},{"not_picked":["Weave+1","Consecrate","EmptyMind+1"],"picked":"SKIP","floor":24},{"not_picked":["FollowUp","PathToVictory","DeceiveReality"],"picked":"SKIP","floor":25},{"not_picked":["PathToVictory","Weave+1","FearNoEvil"],"picked":"SKIP","floor":29},{"not_picked":["JustLucky","WheelKick","Worship"],"picked":"SKIP","floor":30},{"not_picked":["JustLucky","ThirdEye","FlurryOfBlows+1"],"picked":"SKIP","floor":31},{"not_picked":["ConjureBlade","LessonLearned"],"picked":"Devotion+1","floor":33},{"not_picked":["Crescendo","EmptyFist+1"],"picked":"Swivel+1","floor":35},{"not_picked":["CrushJoints","Perseverance","Swivel"],"picked":"SKIP","floor":36},{"not_picked":["CrushJoints+1","FlurryOfBlows"],"picked":"WaveOfTheHand+1","floor":37},{"not_picked":["Tantrum","TalkToTheHand","DeceiveReality"],"picked":"SKIP","floor":38},{"not_picked":["FlurryOfBlows","InnerPeace+1"],"picked":"LikeWater+1","floor":46},{"not_picked":["Evaluate+1","FearNoEvil","InnerPeace"],"picked":"SKIP","floor":47},{"not_picked":["BowlingBash","Tantrum","Sanctity"],"picked":"SKIP","floor":48}],"player_experience":132291,"relics_obtained":[{"floor":8,"key":"War Paint"},{"floor":9,"key":"Nunchaku"},{"floor":11,"key":"Pen Nib"},{"floor":14,"key":"Frozen Egg 2"},{"floor":24,"key":"Strawberry"},{"floor":26,"key":"Meat on the Bone"},{"floor":43,"key":"HornCleat"}],"event_choices":[{"damage_healed":0,"gold_gain":0,"player_choice":"Ignored","damage_taken":0,"max_hp_gain":0,"max_hp_loss":0,"event_name":"Liars Game","floor":3,"gold_loss":0},{"damage_healed":0,"gold_gain":0,"player_choice":"Fled","damage_taken":0,"max_hp_gain":0,"max_hp_loss":0,"event_name":"Scrap Ooze","floor":10,"gold_loss":0},{"damage_healed":0,"gold_gain":0,"player_choice":"Choice 1","damage_taken":0,"relics_obtained":["alterego_mod:FleetingLove"],"max_hp_gain":0,"max_hp_loss":0,"event_name":"Secret Garden","floor":21,"gold_loss":0},{"cards_removed":["Strike_P"],"damage_healed":0,"gold_gain":0,"player_choice":"Gave Gold","damage_taken":0,"max_hp_gain":0,"max_hp_loss":0,"event_name":"Beggar","floor":22,"gold_loss":75},{"damage_healed":0,"gold_gain":0,"player_choice":"Paid","damage_taken":0,"relics_obtained":["Red Mask"],"max_hp_gain":0,"max_hp_loss":0,"event_name":"Tomb of Lord Red Mask","floor":39,"gold_loss":28},{"cards_removed":["FollowUp"],"damage_healed":0,"gold_gain":0,"player_choice":"Purged","damage_taken":0,"max_hp_gain":0,"max_hp_loss":0,"event_name":"Purifier","floor":41,"gold_loss":0}],"is_beta":false,"boss_relics":[{"not_picked":["RedLine:ReiMu","Cursed Key"],"picked":"Ectoplasm"},{"not_picked":["Tiny House","LagranYue:ContractPerformanceRelic"],"picked":"Sozu"}],"items_purged_floors":[2],"is_endless":false,"potions_floor_spawned":[1,5,12,16,24,25,29,37,38,46],"ascension_level":0}}