{"host":"se54kqb5s2qquozl","time":1613975054,"event":{"mods":["BaseMod","Colored Powertips","Downfall","Hermit","Minty Spire (QoL Compilation)","Replay The Spire","StSLib"],"gold_per_floor":[99,114,133,145,162,187,187,187,36,48,66,131,159,176,194,295,295,295,305,325,345,360,386,457,457,488,507,407,423,423,423,423,9,23,121,121,121,137,149,165,10,10,10,10,21,38,38,73,73,105,119,119],"floor_reached":53,"language":"ENG","playtime":2989,"items_purged":["ReplayTheSpireMod:Restless Dread"],"score":1037,"play_id":"59d45414-8b46-42aa-8245-070c1cefa644","local_time":"20210222002414","is_ascension_mode":true,"campfire_choices":[{"data":"Slimebound:Split","floor":1.0,"key":"SMITH"},{"data":"Slimebound:MassRepurpose","floor":18.0,"key":"SMITH"},{"data":"Slimebound:ForwardTackle","floor":28.0,"key":"SMITH"},{"data":"Slimebound:LeadByExample","floor":30.0,"key":"SMITH"},{"data":"Slimebound:LeadByExample","floor":37.0,"key":"SMITH"},{"data":"Slimebound:LeadByExample","floor":42.0,"key":"SMITH"},{"data":"Slimebound:LeadByExample","floor":47,"key":"SMITH"}],"circlet_count":0,"master_deck":["Slimebound:Strike_Slimebound","Slimebound:Tackle","Slimebound:Defend_Slimebound","Slimebound:Defend_Slimebound","Slimebound:Defend_Slimebound","Slimebound:Split+1","Slimebound:CorrosiveSpit","Slimebound:Dissolve","Slimebound:DisruptingSlam","Slimebound:Prepare","Slimebound:FormOfPuddle","Slimebound:OozeBath","Slimebound:LeechEnergy","Slimebound:SlimeTap","Slimebound:HauntingLick+1","Slimebound:LeechingTouch","Slimebound:Equalize","Slimebound:Equalize","Slimebound:LevelUp","Slimebound:LeadByExample+1","Slimebound:RainOfGoop","Slimebound:Schlurp","Slimebound:MassRepurpose+1","Slimebound:LevelUp","Slimebound:GoopSpray","Slimebound:MinionMaster","Slimebound:SplitMire","Slimebound:LeadByExample+1","Slimebound:SlimeBrawl","Slimebound:Schlurp+1","Slimebound:DouseInSlime","Slimebound:ForwardTackle+1","Slimebound:LeadByExample+1","Slimebound:Prepare","Slimebound:MinionMaster","Slimebound:SplitLeeching+1","Slimebound:SlimeBrawl","Slimebound:LeadByExample+1","Slimebound:WasteNot","Slimebound:LivingWall","Decay","Slimebound:Split","Slimebound:RallyTheTroops","Slimebound:Repurpose","Slimebound:LeadByExample+1"],"relics":["Slimebound:AbsorbEndCombat","Bronze Scales","Eternal Feather","Quantum Egg","Matryoshka","War Paint","Cursed Key","Blood Vial","Slimebound:MaxSlimesRelic","Replay:Bottled Flurry","Potion Belt","downfall:HeartBlessingGreen","Simple Rune","Mercury Hourglass","Painkiller Herb","Iron Hammer","Dream Catcher","Letter Opener","Frozen Egg 2","Pen Nib"],"acts_visited":["Exordium","TheCity","TheBeyond"],"potions_floor_usage":[],"damage_taken":[{"damage":3.0,"enemies":"Cultist","floor":2.0,"turns":4.0},{"damage":12.0,"enemies":"Jaw Worm","floor":3.0,"turns":3.0},{"damage":2.0,"enemies":"Small Slimes","floor":4.0,"turns":3.0},{"damage":6.0,"enemies":"3 Louse","floor":5.0,"turns":3.0},{"damage":17.0,"enemies":"3 Sentries","floor":6.0,"turns":7.0},{"damage":3.0,"enemies":"downfall:FleeingMerchant","floor":9.0,"turns":4.0},{"damage":5.0,"enemies":"Exordium Wildlife","floor":10.0,"turns":3.0},{"damage":10.0,"enemies":"Exordium Thugs","floor":11.0,"turns":2.0},{"damage":10.0,"enemies":"Gremlin Nob","floor":12.0,"turns":4.0},{"damage":13.0,"enemies":"Lagavulin","floor":13.0,"turns":5.0},{"damage":5.0,"enemies":"Gremlin Gang","floor":14.0,"turns":4.0},{"damage":8.0,"enemies":"Red Slaver","floor":15.0,"turns":3.0},{"damage":18.0,"enemies":"DF_ARCHETYPE_STREAMLINE","floor":16.0,"turns":8.0},{"damage":4.0,"enemies":"Shell Parasite","floor":19.0,"turns":3.0},{"damage":8.0,"enemies":"Spheric Guardian","floor":20.0,"turns":3.0},{"damage":20.0,"enemies":"Shelled Parasite and Fungi","floor":21.0,"turns":4.0},{"damage":10.0,"enemies":"Sentry and Sphere","floor":22.0,"turns":6.0},{"damage":0.0,"enemies":"Book of Stabbing","floor":23.0,"turns":4.0},{"damage":0.0,"enemies":"Replay:Snechameleon","floor":26.0,"turns":4.0},{"damage":3.0,"enemies":"Snake Plant","floor":27.0,"turns":4.0},{"damage":4.0,"enemies":"Centurion and Healer","floor":29.0,"turns":4.0},{"damage":12.0,"enemies":"downfall:FleeingMerchant","floor":33.0,"turns":4.0},{"damage":10.0,"enemies":"Shelled Parasite and Fungi","floor":34.0,"turns":4.0},{"damage":16.0,"enemies":"SI_MIRROR_ARCHETYPE","floor":35.0,"turns":8.0},{"damage":3.0,"enemies":"Orb Walker","floor":38.0,"turns":4.0},{"damage":0.0,"enemies":"3 Shapes","floor":39.0,"turns":4.0},{"damage":14.0,"enemies":"Sphere and 2 Shapes","floor":40.0,"turns":4.0},{"damage":11.0,"enemies":"downfall:FleeingMerchant","floor":41.0,"turns":4.0},{"damage":19,"enemies":"Spire Growth","floor":45,"turns":5},{"damage":0,"enemies":"Maw","floor":46,"turns":6},{"damage":0,"enemies":"Reptomancer","floor":48,"turns":5},{"damage":0,"enemies":"Nemesis","floor":50,"turns":5},{"damage":0,"enemies":"3 Darklings","floor":51,"turns":3},{"damage":62,"enemies":"WA_ARCHETYPE_DIVINITY","floor":52,"turns":9}],"seed_played":"-2475260704737529344","potions_obtained":[{"floor":3.0,"key":"Dexterity Potion"},{"floor":4.0,"key":"AttackPotion"},{"floor":5.0,"key":"Explosive Potion"},{"floor":12.0,"key":"Swift Potion"},{"floor":26.0,"key":"Slimebound:SlimyTonguePotion"},{"floor":29.0,"key":"Slimebound:SlimedPotion"},{"floor":46,"key":"PowerPotion"}],"is_trial":false,"path_per_floor":["R","M","M","M","M","E","T","?","$","M","M","?","E","M","M","B",null,"R","M","M","M","M","E","T","?","E","M","R","M","R","PTL","PTL","$","M","B",null,"T","?","?","?","T","T","T","?","?","?","T","E","?","E","?","B",null],"character_chosen":"SLIMEBOUND","items_purchased":["Slimebound:Equalize","Slimebound:LevelUp","Simple Rune","Mercury Hourglass","Iron Hammer","Slimebound:LivingWall"],"campfire_rested":0,"item_purchase_floors":[9,9,33,33,41,41],"current_hp_per_floor":[65,62,54,56,54,41,41,41,46,53,55,59,52,65,59,65,65,65,65,59,54,54,65,65,65,65,65,65,65,65,65,65,57,65,63,65,65,65,65,53,50,65,65,65,48,65,65,65,65,65,65,15],"gold":119,"neow_bonus":"RANDOM_COMMON_RELIC","is_daily":false,"chose_seed":false,"campfire_upgraded":7,"win_rate":0.0,"timestamp":1613975054,"path_taken":["R","M","M","?","M","E","T","?","?","M","M","?","E","?","M","BOSS","R","M","M","M","?","E","T","?","E","M","R","M","R","PTL","PTL","$","M","BOSS","T","?","?","?","T","T","T","?","?","?","T","E","?","E","?","BOSS"],"items_purchased_type":["Card","Card","Relic","Relic","Relic","Card"],"build_version":"2020-12-22","purchased_purges":1,"victory":true,"max_hp_per_floor":[65,65,65,65,65,65,65,65,65,65,65,65,65,65,65,65,65,65,65,65,65,65,65,65,65,65,65,65,65,65,65,65,65,65,65,65,65,65,65,65,65,65,65,65,65,65,65,65,65,65,65,65],"card_choices":[{"not_picked":["Slimebound:ComboTackle","Slimebound:RainOfGoop"],"picked":"Slimebound:Dissolve","floor":2.0},{"not_picked":["Slimebound:DivideAndConquer","Slimebound:ServeAndProtect"],"picked":"Slimebound:DisruptingSlam","floor":3.0},{"not_picked":["Slimebound:GoopTackle","Slimebound:MegaLick"],"picked":"Slimebound:Prepare","floor":4.0},{"not_picked":["Slimebound:HauntingLick","Slimebound:LeechingTouch"],"picked":"Slimebound:FormOfPuddle","floor":5.0},{"not_picked":["Slimebound:SplitBruiser","Slimebound:PressTheAttack"],"picked":"Slimebound:OozeBath","floor":6.0},{"not_picked":["Slimebound:GoopSpray","Slimebound:FormOfPuddle"],"picked":"Slimebound:LeechingTouch","floor":9.0},{"not_picked":["Slimebound:BestDefense","Slimebound:ServeAndProtect"],"picked":"Slimebound:LeadByExample","floor":10.0},{"not_picked":["Slimebound:PressTheAttack","Slimebound:RollThrough"],"picked":"Slimebound:RainOfGoop","floor":11.0},{"not_picked":["Slimebound:SplitBruiser","Slimebound:HauntingLick"],"picked":"Slimebound:Schlurp","floor":12.0},{"not_picked":["Slimebound:SplitBruiser","Slimebound:SamplingLick"],"picked":"Slimebound:MassRepurpose","floor":13.0},{"not_picked":["Slimebound:SplitAcid","Slimebound:SlimeTap"],"picked":"Slimebound:LevelUp","floor":14.0},{"not_picked":["Slimebound:ComboTackle","Slimebound:Equalize"],"picked":"Slimebound:GoopSpray","floor":15.0},{"not_picked":["Slimebound:FirmFortitude","Slimebound:RallyTheTroops"],"picked":"Slimebound:MinionMaster","floor":16.0},{"not_picked":["Slimebound:FinishingTackle","Slimebound:DisruptingSlam"],"picked":"Slimebound:SplitMire","floor":19.0},{"not_picked":["Slimebound:ViciousTackle","Slimebound:SplitBruiser"],"picked":"Slimebound:LeadByExample","floor":20.0},{"not_picked":["Slimebound:ComboTackle","Slimebound:BestDefense","Slimebound:FlameTackle"],"picked":"SKIP","floor":21.0},{"not_picked":["Slimebound:SamplingLick","Slimebound:Chomp"],"picked":"Slimebound:SlimeBrawl","floor":22.0},{"not_picked":["Slimebound:SplitAcid","Slimebound:Chomp+1"],"picked":"Slimebound:Schlurp","floor":23.0},{"not_picked":["Slimebound:ItLooksTasty","Slimebound:DisruptingSlam"],"picked":"Slimebound:DouseInSlime","floor":26.0},{"not_picked":["Slimebound:RollThrough","Slimebound:LeechEnergy"],"picked":"Slimebound:ForwardTackle","floor":27.0},{"not_picked":["Slimebound:HauntingLick","Slimebound:FinishingTackle","Slimebound:GoopTackle"],"picked":"SKIP","floor":29.0},{"not_picked":["Slimebound:SlimeBarrage","Slimebound:LevelUp"],"picked":"Slimebound:LeadByExample","floor":33.0},{"not_picked":["Slimebound:SamplingLick","Slimebound:Replication"],"picked":"Slimebound:Prepare","floor":34.0},{"not_picked":["Slimebound:Overexert","Slimebound:RallyTheTroops"],"picked":"Slimebound:MinionMaster","floor":35.0},{"not_picked":["Slimebound:ItLooksTasty+1","Slimebound:Replication+1"],"picked":"Slimebound:SplitLeeching+1","floor":38.0},{"not_picked":["Slimebound:ItLooksTasty+1","Slimebound:RollThrough+1"],"picked":"Slimebound:SlimeBrawl","floor":39.0},{"not_picked":["Slimebound:SlimeSpikes","Slimebound:SplitMire+1"],"picked":"Slimebound:LeadByExample","floor":40.0},{"not_picked":["Slimebound:ItLooksTasty+1","Slimebound:DisruptingSlam"],"picked":"Slimebound:WasteNot","floor":41.0},{"not_picked":["Slimebound:MegaLick","Slimebound:Chomp+1","Slimebound:DisruptingSlam"],"picked":"SKIP","floor":45},{"not_picked":["Slimebound:PressTheAttack+1","Slimebound:SplitAcid+1"],"picked":"Slimebound:Repurpose","floor":46},{"not_picked":["Slimebound:SplitMire","Slimebound:Gluttony+1"],"picked":"Slimebound:LeadByExample+1","floor":48},{"not_picked":["Slimebound:GrowthPunch+1","Slimebound:Grow+1","Slimebound:LeechingTouch"],"picked":"SKIP","floor":50},{"not_picked":["Slimebound:SlimeTap","Slimebound:HauntingLick+1","Slimebound:Grow+1"],"picked":"SKIP","floor":51}],"player_experience":90379,"relics_obtained":[{"floor":6.0,"key":"Eternal Feather"},{"floor":7.0,"key":"Quantum Egg"},{"floor":12.0,"key":"Matryoshka"},{"floor":13.0,"key":"War Paint"},{"floor":23.0,"key":"Blood Vial"},{"floor":24.0,"key":"Slimebound:MaxSlimesRelic"},{"floor":24.0,"key":"Replay:Bottled Flurry"},{"floor":26.0,"key":"Potion Belt"},{"floor":43.0,"key":"Dream Catcher"},{"floor":43.0,"key":"Letter Opener"},{"floor":48,"key":"Frozen Egg 2"},{"floor":50,"key":"Pen Nib"}],"event_choices":[{"damage_healed":0.0,"max_hp_gain":0.0,"max_hp_loss":0.0,"gold_gain":0.0,"event_name":"Accursed Blacksmith","player_choice":"Forge","floor":25.0,"gold_loss":0.0,"damage_taken":0.0,"cards_upgraded":["Slimebound:Schlurp"]}],"is_beta":false,"boss_relics":[{"not_picked":["Sozu","Slimebound:TarBlob"],"picked":"Cursed Key"},{"not_picked":["Empty Cage","Snecko Eye"],"picked":"Painkiller Herb"}],"items_purged_floors":[41],"is_endless":false,"potions_floor_spawned":[3,4,5,10,12,21,26,29,34,35,39,46,48],"ascension_level":2}}