{"host":"a1eatafr7pisesky","time":1613993805,"event":{"mods":["AchievementEnabler","BaseMod","Colored Map","Keyboard Shortcuts","Minty Spire (QoL Compilation)","Say the Spire","StSLib","SuperFastMode","everything is the same but u backflip on backflip"],"gold_per_floor":[211,229,154,154,154,154,188,22,22,22,40,71,71,71,71],"floor_reached":14,"language":"KOR","playtime":176,"items_purged":["Strike_G"],"score":173,"play_id":"3e7b9776-8794-44ed-9255-77187eaf49d4","local_time":"20210222203645","is_ascension_mode":true,"campfire_choices":[{"data":"Dagger Spray","floor":6.0,"key":"SMITH"},{"floor":10,"key":"REST"},{"floor":13,"key":"REST"}],"circlet_count":0,"master_deck":["AscendersBane","Strike_G","Strike_G","Strike_G","Defend_G","Defend_G","Defend_G","Defend_G","Survivor","Neutralize","Dagger Spray","Dagger Spray+1","Terror"],"relics":["Ring of the Snake","Nunchaku","Bag of Preparation","Tough Bandages","WingedGreaves"],"acts_visited":["Exordium"],"potions_floor_usage":[7,12],"damage_taken":[{"damage":2.0,"enemies":"Cultist","floor":1.0,"turns":5.0},{"damage":11.0,"enemies":"Jaw Worm","floor":2.0,"turns":4.0},{"damage":22,"enemies":"Lagavulin","floor":7,"turns":6},{"damage":0,"enemies":"2 Louse","floor":11,"turns":1},{"damage":18,"enemies":"Gremlin Nob","floor":12,"turns":4},{"damage":37,"enemies":"Lagavulin","floor":14,"turns":5}],"seed_played":"3853663823569013024","potions_obtained":[{"floor":2.0,"key":"BlessingOfTheForge"},{"floor":7,"key":"CultistPotion"}],"is_trial":false,"path_per_floor":["M","M","$","?","?","R","E","$","T","R","M","E","R","E"],"character_chosen":"THE_SILENT","items_purchased":["Bag of Preparation"],"campfire_rested":2,"item_purchase_floors":[8],"current_hp_per_floor":[57,46,46,46,39,39,17,17,17,36,36,18,37,0,0],"gold":71,"neow_bonus":"HUNDRED_GOLD","is_daily":false,"chose_seed":false,"campfire_upgraded":1,"win_rate":0.0,"timestamp":1613993805,"path_taken":["M","?","$","?","?","R","E","$","T","R","M","E","R","E"],"items_purchased_type":["Relic"],"build_version":"2020-12-22","purchased_purges":1,"victory":false,"max_hp_per_floor":[66,66,66,66,66,66,66,66,66,66,66,66,66,66,66],"card_choices":[{"not_picked":["Slice","Noxious Fumes"],"picked":"Dagger Spray","floor":1.0},{"not_picked":["Endless Agony","Outmaneuver"],"picked":"Dagger Spray","floor":2.0},{"not_picked":["Acrobatics","Bullet Time"],"picked":"Terror","floor":7},{"not_picked":["Distraction","Quick Slash","Dagger Throw"],"picked":"SKIP","floor":11},{"not_picked":["Blade Dance","Bane","Heel Hook"],"picked":"SKIP","floor":12}],"player_experience":485642,"relics_obtained":[{"floor":7,"key":"Nunchaku"},{"floor":9,"key":"Tough Bandages"},{"floor":12,"key":"WingedGreaves"}],"event_choices":[{"cards_removed":["Strike_G"],"damage_healed":0.0,"max_hp_gain":0.0,"max_hp_loss":0.0,"gold_gain":0.0,"event_name":"Living Wall","player_choice":"Forget","floor":4.0,"gold_loss":0.0,"damage_taken":0.0},{"cards_removed":["Defend_G"],"damage_healed":0.0,"max_hp_gain":0.0,"max_hp_loss":0.0,"gold_gain":0.0,"event_name":"Golden Wing","player_choice":"Card Removal","floor":5.0,"gold_loss":0.0,"damage_taken":7.0}],"is_beta":false,"boss_relics":[],"items_purged_floors":[3],"is_endless":false,"potions_floor_spawned":[2,7],"killed_by":"Lagavulin","ascension_level":16}}