{"host":"gl5rgsfncjl28cj1","time":1613980611,"event":{"mods":["Act Like it!","BaseMod","Colored Map","Highlight Path","Minty Spire (QoL Compilation)","Permanent Neow","Ruina","StSLib"],"gold_per_floor":[216,29,39,50,50,50,85,95,95,105,123,123,158,175,175,276,276,288,288,203,67,82,112,112,132,132,158,61,80,5,16,16,115,115,134,46,62,82,82,82,98,26,49,49,78,96,131,131,131,131],"floor_reached":51,"language":"KOR","playtime":2529,"items_purged":["Defend_G","Strike_G","Strike_G","Strike_G","Strike_G"],"score":934,"play_id":"740dc080-5966-4ca9-9b15-f76c4c507ae3","local_time":"20210222165651","is_ascension_mode":false,"campfire_choices":[{"data":"Neutralize","floor":6,"key":"SMITH"},{"data":"Acrobatics","floor":12,"key":"SMITH"},{"data":"Deadly Poison","floor":15,"key":"SMITH"},{"data":"Apotheosis","floor":24,"key":"SMITH"},{"data":"Bullet Time","floor":32,"key":"SMITH"},{"data":"Tactician","floor":40,"key":"SMITH"},{"data":"Burst","floor":44,"key":"SMITH"},{"data":"Poisoned Stab","floor":49,"key":"SMITH"}],"circlet_count":0,"master_deck":["Defend_G","Defend_G","Defend_G","Survivor","Neutralize+1","Backflip","Dash+1","Deadly Poison+1","Poisoned Stab+1","Catalyst+1","Acrobatics+1","Bullet Time+1","Grand Finale","Escape Plan+1","Apotheosis+1","Blur+1","Well Laid Plans+1","Catalyst","Burst+1","Footwork+1","Tactician+1","Acrobatics+1","Calculated Gamble+1","Master of Strategy"],"relics":["Ring of the Serpent","Membership Card","Gambling Chip","Ninja Scroll","HornCleat","Empty Cage","Mummified Hand","Vajra","StrikeDummy","CaptainsWheel","Frozen Eye","War Paint","Question Card","Art of War"],"acts_visited":["Exordium","TheCity","TheBeyond"],"potions_floor_usage":[13,16,29],"damage_taken":[{"damage":0,"enemies":"2 Louse","floor":1,"turns":2},{"damage":3,"enemies":"Jaw Worm","floor":3,"turns":3},{"damage":0,"enemies":"Small Slimes","floor":4,"turns":4},{"damage":14,"enemies":"Gremlin Nob","floor":7,"turns":5},{"damage":0,"enemies":"3 Louse","floor":8,"turns":3},{"damage":0,"enemies":"Blue Slaver","floor":10,"turns":2},{"damage":0,"enemies":"Lots of Slimes","floor":11,"turns":4},{"damage":0,"enemies":"Lagavulin","floor":13,"turns":6},{"damage":0,"enemies":"3 Louse","floor":14,"turns":2},{"damage":23,"enemies":"Hexaghost","floor":16,"turns":11},{"damage":3,"enemies":"2 Thieves","floor":18,"turns":4},{"damage":0,"enemies":"Spheric Guardian","floor":22,"turns":2},{"damage":3,"enemies":"Gremlin Leader","floor":23,"turns":5},{"damage":0,"enemies":"Centurion and Healer","floor":25,"turns":5},{"damage":0,"enemies":"Book of Stabbing","floor":27,"turns":4},{"damage":5,"enemies":"Snake Plant","floor":29,"turns":3},{"damage":0,"enemies":"Snecko","floor":31,"turns":4},{"damage":0,"enemies":"Collector","floor":33,"turns":5},{"damage":2,"enemies":"3 Darklings","floor":35,"turns":5},{"damage":0,"enemies":"Orb Walker","floor":37,"turns":3},{"damage":0,"enemies":"Jaw Worm Horde","floor":38,"turns":5},{"damage":0,"enemies":"Spire Growth","floor":41,"turns":4},{"damage":0,"enemies":"Reptomancer","floor":45,"turns":3},{"damage":0,"enemies":"3 Darklings","floor":46,"turns":5},{"damage":0,"enemies":"Giant Head","floor":47,"turns":4},{"damage":25,"enemies":"Time Eater","floor":50,"turns":5}],"seed_played":"8819026873601394474","potions_obtained":[{"floor":3,"key":"CultistPotion"},{"floor":7,"key":"EssenceOfSteel"},{"floor":8,"key":"Swift Potion"},{"floor":13,"key":"ColorlessPotion"},{"floor":18,"key":"SteroidPotion"},{"floor":33,"key":"AttackPotion"},{"floor":46,"key":"PowerPotion"}],"is_trial":false,"path_per_floor":["M","$","M","M","?","R","E","M","T","M","M","R","E","M","R","B",null,"M","?","?","$","M","E","R","M","T","E","$","M","$","M","R","B",null,"M","$","M","M","$","R","M","$","T","R","E","M","E","?","R","B",null],"character_chosen":"THE_SILENT","items_purchased":["Membership Card","Apotheosis","Catalyst","Frozen Eye"],"campfire_rested":0,"item_purchase_floors":[2,21,28,42],"current_hp_per_floor":[70,70,67,67,67,67,53,53,53,53,53,53,53,53,53,30,70,67,67,67,67,67,64,64,64,64,64,64,59,59,59,59,59,70,68,68,68,68,68,68,68,68,68,68,68,68,68,68,68,43],"gold":131,"neow_bonus":"HUNDRED_GOLD","is_daily":false,"chose_seed":false,"campfire_upgraded":8,"win_rate":0.0,"timestamp":1613980611,"path_taken":["M","$","M","M","?","R","E","M","T","M","M","R","E","M","R","BOSS","M","?","?","$","M","E","R","M","T","E","$","M","?","M","R","BOSS","M","$","M","M","$","R","M","$","T","R","E","M","E","?","R","BOSS"],"items_purchased_type":["Relic","Card","Card","Relic"],"build_version":"2020-12-22","purchased_purges":5,"victory":true,"max_hp_per_floor":[70,70,70,70,70,70,70,70,70,70,70,70,70,70,70,70,70,70,70,70,70,70,70,70,70,70,70,70,70,70,70,70,70,70,70,70,70,70,70,70,70,70,70,70,70,70,70,70,70,70],"card_choices":[{"not_picked":["Slice","Quick Slash"],"picked":"Backflip","floor":1},{"not_picked":["Sucker Punch","Well Laid Plans"],"picked":"Dash","floor":3},{"not_picked":["Distraction","Outmaneuver","Quick Slash"],"picked":"SKIP","floor":4},{"not_picked":["Backflip","Predator"],"picked":"Deadly Poison","floor":7},{"not_picked":["PiercingWail","Storm of Steel"],"picked":"Poisoned Stab","floor":8},{"not_picked":["Backflip","Riddle With Holes"],"picked":"Catalyst","floor":10},{"not_picked":["Quick Slash","Cloak And Dagger"],"picked":"Acrobatics","floor":11},{"not_picked":["Backstab","Underhanded Strike"],"picked":"Bullet Time","floor":13},{"not_picked":["Backflip","Underhanded Strike","Slice"],"picked":"SKIP","floor":14},{"not_picked":["Wraith Form v2","Night Terror"],"picked":"Grand Finale","floor":16},{"not_picked":["Caltrops","Dodge and Roll"],"picked":"Escape Plan+1","floor":18},{"not_picked":["Cloak And Dagger","Slice","Underhanded Strike+1"],"picked":"SKIP","floor":22},{"not_picked":["Unload","Flying Knee","Quick Slash"],"picked":"SKIP","floor":23},{"not_picked":["Sucker Punch","Dagger Spray+1"],"picked":"Blur","floor":25},{"not_picked":["Dash+1","Blade Dance"],"picked":"Well Laid Plans+1","floor":27},{"not_picked":["Sucker Punch","Expertise","Terror"],"picked":"SKIP","floor":29},{"not_picked":["Accuracy","Slice","Blade Dance+1"],"picked":"SKIP","floor":31},{"not_picked":["Storm of Steel","Night Terror"],"picked":"Burst","floor":33},{"not_picked":["Underhanded Strike","Bane"],"picked":"Footwork+1","floor":35},{"not_picked":["Backflip+1","Deflect"],"picked":"Tactician","floor":37},{"not_picked":["Flechettes+1","Dash+1"],"picked":"Acrobatics+1","floor":38},{"not_picked":["Setup","Leg Sweep","Catalyst"],"picked":"SKIP","floor":41},{"not_picked":["PiercingWail+1","Dagger Spray","Poisoned Stab+1"],"picked":"SKIP","floor":45},{"not_picked":["Deadly Poison","Footwork+1","Envenom"],"picked":"Calculated Gamble+1","floor":46},{"not_picked":["Outmaneuver+1","Flying Knee","Skewer","Envenom"],"picked":"SKIP","floor":47},{"not_picked":["Deep Breath","Panacea","The Bomb"],"picked":"Master of Strategy","floor":48}],"player_experience":1046686,"relics_obtained":[{"floor":7,"key":"Gambling Chip"},{"floor":9,"key":"Ninja Scroll"},{"floor":13,"key":"HornCleat"},{"floor":23,"key":"Vajra"},{"floor":26,"key":"StrikeDummy"},{"floor":27,"key":"CaptainsWheel"},{"floor":43,"key":"War Paint"},{"floor":45,"key":"Question Card"},{"floor":47,"key":"Art of War"}],"event_choices":[{"damage_healed":0,"gold_gain":0,"player_choice":"Grow","damage_taken":0,"max_hp_gain":0,"max_hp_loss":0,"event_name":"Living Wall","floor":5,"gold_loss":0,"cards_upgraded":["Dash"]},{"damage_healed":0,"gold_gain":0,"player_choice":"Ignored","damage_taken":0,"max_hp_gain":0,"max_hp_loss":0,"event_name":"Ghosts","floor":19,"gold_loss":0},{"damage_healed":0,"gold_gain":0,"player_choice":"Obtained Relic","damage_taken":0,"relics_obtained":["Mummified Hand"],"max_hp_gain":0,"max_hp_loss":0,"event_name":"Addict","floor":20,"gold_loss":85},{"damage_healed":0,"gold_gain":0,"player_choice":"Memory 1","damage_taken":0,"max_hp_gain":0,"max_hp_loss":0,"event_name":"SensoryStone","floor":48,"gold_loss":0}],"is_beta":false,"boss_relics":[{"not_picked":["Astrolabe","Runic Dome"],"picked":"Empty Cage"},{"not_picked":["Snecko Eye","Busted Crown"],"picked":"Ring of the Serpent"}],"items_purged_floors":[2,21,28,30,36],"is_endless":false,"potions_floor_spawned":[3,7,8,13,18,25,33,38,46],"ascension_level":0}}