{"host":"o9lehcdjc4u6j9un","time":1613990356,"event":{"mods":["Aspiration","BaseMod","Better-Laid Plans","Bossed Relics","Colored Map","Downfall","Gremlin Mod","Hermit","Koishi","Marisa£®ÏF”Í°°ƒß¿Ì…≥£©","Minty Spire (QoL Compilation)","Reimu£®≤©¿ˆ¡È√Œ£©","Remilia£®¿Ÿ√◊¿Ú—«£©","Robot Space Explorer","StSLib","The Alterego","The Hierophant","The Jungle","The Marked","The Runesmith","The Senshi","The Servant 0.9.4","Yakumo Yukari mod","Youmu£®ªÍ∆«—˝√Œ£©","≤–¡Ù÷ÆŒÔ"],"gold_per_floor":[115,190,210,56,73,105,105,140,192,225,240,258,258,3,3,101,101,116,132,57,17,17,48,48,61,61,61,38,38,55,55,55,156,156,172,182,182,182,195,195,252,252,275,293,343,343,373,388,388,388,388,388,0,32,32],"floor_reached":56,"language":"ZHS","playtime":2142,"items_purged":["Strike_G"],"score":1473,"play_id":"118afc88-fad7-4fdd-8615-acd01bf454ab","local_time":"20210222183916","is_ascension_mode":true,"campfire_choices":[{"data":"Neutralize","floor":7.0,"key":"SMITH"},{"data":"Deadly Poison","floor":13.0,"key":"SMITH"},{"data":"Poisoned Stab","floor":15.0,"key":"SMITH"},{"data":"ZunPunch:ReiMu","floor":27.0,"key":"SMITH"},{"data":"Corpse Explosion","floor":29.0,"key":"SMITH"},{"data":"J.A.X.","floor":32,"key":"SMITH"},{"data":"The Bomb","floor":40,"key":"SMITH"},{"data":"Adrenaline","floor":42,"key":"SMITH"},{"data":"Sucker Punch","floor":46,"key":"SMITH"},{"floor":49,"key":"RECALL"},{"data":"Blade Dance","floor":52,"key":"SMITH"}],"circlet_count":0,"master_deck":["Strike_G","Strike_G","Strike_G","Strike_G","Defend_G","Defend_G","Defend_G","Defend_G","Defend_G","Survivor","Neutralize+1","Poisoned Stab+1","Sucker Punch+1","Slice","Deadly Poison+1","Blade Dance+1","Die Die Die+1","Backflip","Corpse Explosion+1","Leg Sweep+1","Predator+1","ZunPunch:ReiMu+1","downfall:Bewildered","Poisoned Stab+1","J.A.X.+1","Outmaneuver","Dagger Spray+1","Bane+1","Adrenaline+1","Bane+1","Dash+1","HandOfGreed+1","Flash of Steel+1","The Bomb+1","Slice+1","Noxious Fumes+1","Finisher+1","Dagger Throw+1","Acrobatics+1","Flying Knee+1","Slice+1"],"relics":["Ring of the Snake","PlaceholderMod:DeVermisMysteriis","Centennial Puzzle","aspiration:VileToxins","RuthlessExorcism:ReiMu","Molten Egg 2","Gremlin Horn","SlaversCollar","sneckomod:BabySnecko","CrazyTorch:ReiMu","Ice Cream","alterego_mod:SomeoneToFightFor","WristBlade","Blood Vial","aspiration:HatOfInfinitePower","Strawberry","FossilizedHelix","Pen Nib"],"acts_visited":["Exordium","TheCity","TheBeyond","TheEnding"],"potions_floor_usage":[48,50,50,50,55],"damage_taken":[{"damage":2.0,"enemies":"2 Louse","floor":1.0,"turns":4.0},{"damage":0.0,"enemies":"Cultist","floor":3.0,"turns":4.0},{"damage":0.0,"enemies":"Small Slimes","floor":5.0,"turns":3.0},{"damage":19.0,"enemies":"Gremlin Nob","floor":6.0,"turns":5.0},{"damage":12.0,"enemies":"Lagavulin","floor":8.0,"turns":5.0},{"damage":1.0,"enemies":"Gremlin Nob","floor":10.0,"turns":3.0},{"damage":0.0,"enemies":"Looter","floor":11.0,"turns":2.0},{"damage":4.0,"enemies":"Exordium Wildlife","floor":12.0,"turns":2.0},{"damage":0.0,"enemies":"Slime Boss","floor":16.0,"turns":6.0},{"damage":2.0,"enemies":"3 Byrds","floor":18.0,"turns":3.0},{"damage":6.0,"enemies":"2 Thieves","floor":19.0,"turns":4.0},{"damage":0.0,"enemies":"Slavers","floor":23.0,"turns":1.0},{"damage":15.0,"enemies":"Snecko","floor":25.0,"turns":4.0},{"damage":1.0,"enemies":"Centurion and Healer","floor":30.0,"turns":3.0},{"damage":15,"enemies":"Automaton","floor":33,"turns":6},{"damage":6,"enemies":"3 Shapes","floor":35,"turns":2},{"damage":5,"enemies":"Orb Walker","floor":36,"turns":2},{"damage":3,"enemies":"3 Darklings","floor":39,"turns":1},{"damage":3,"enemies":"Nemesis","floor":41,"turns":1},{"damage":12,"enemies":"Spire Growth","floor":44,"turns":3},{"damage":3,"enemies":"Mind Bloom Boss Battle","floor":45,"turns":1},{"damage":0,"enemies":"Reptomancer","floor":47,"turns":1},{"damage":10,"enemies":"Jaw Worm Horde","floor":48,"turns":2},{"damage":46,"enemies":"Time Eater","floor":50,"turns":5},{"damage":2,"enemies":"Shield and Spear","floor":54,"turns":2},{"damage":65,"enemies":"The Heart","floor":55,"turns":6}],"seed_played":"8368106013250561098","potions_obtained":[{"floor":3.0,"key":"Guardian:BlockOnCardUsePotion"},{"floor":8.0,"key":"Poison Potion"},{"floor":10.0,"key":"Fire Potion"},{"floor":16.0,"key":"champ:CounterPotion"},{"floor":19.0,"key":"PowerPotion"},{"floor":44,"key":"CunningPotion"},{"floor":48,"key":"SkillPotion"}],"is_trial":false,"path_per_floor":["M","?","M","$","M","E","R","E","T","E","M","M","R","$","R","B",null,"M","M","$","?","?","E","?","M","T","R","$","R","M","?","R","B",null,"M","M","?","?","M","R","E","R","T","M","?","R","E","M","R","B",null,"R","$","E","B",null],"character_chosen":"THE_SILENT","items_purchased":["PlaceholderMod:DeVermisMysteriis","Gremlin Horn","Dagger Spray+1","FossilizedHelix","Fire Potion","Flying Knee+1"],"campfire_rested":0,"item_purchase_floors":[4,14,28,53,53,53],"current_hp_per_floor":[75,68,68,68,68,49,49,37,37,36,36,32,32,32,32,32,77,75,69,69,69,69,69,69,54,54,54,54,54,53,53,53,59,77,71,66,56,56,74,74,71,71,71,61,67,67,76,84,84,45,84,84,84,82,19],"gold":32,"neow_bonus":"TEN_PERCENT_HP_BONUS","is_daily":false,"chose_seed":false,"campfire_upgraded":10,"win_rate":0.0,"timestamp":1613990356,"path_taken":["M","?","M","$","M","E","R","E","T","E","?","M","R","$","R","BOSS","M","M","$","?","?","E","?","M","T","R","?","R","?","?","R","BOSS","M","M","?","?","M","R","E","R","T","M","?","R","E","M","R","BOSS","R","$","E","BOSS"],"items_purchased_type":["Relic","Relic","Card","Relic","Potion","Card"],"build_version":"2020-12-22","purchased_purges":1,"victory":true,"max_hp_per_floor":[77,77,77,77,77,77,77,77,77,77,77,77,77,77,77,77,77,77,77,77,77,77,77,77,77,77,77,77,77,77,77,77,77,77,77,77,77,77,77,77,77,77,77,77,77,77,84,84,84,84,84,84,84,84,84],"card_choices":[{"not_picked":["Bane","Dagger Throw"],"picked":"Poisoned Stab","floor":1.0},{"not_picked":["Blur","Blade Dance"],"picked":"Sucker Punch","floor":3.0},{"not_picked":["Quick Slash","Choke"],"picked":"Slice","floor":5.0},{"not_picked":["Cloak And Dagger","Calculated Gamble"],"picked":"Deadly Poison","floor":6.0},{"not_picked":["Eviscerate","Calculated Gamble"],"picked":"Blade Dance","floor":8.0},{"not_picked":["Bouncing Flask","All Out Attack+1"],"picked":"Die Die Die+1","floor":10.0},{"not_picked":["Eviscerate+1","PiercingWail"],"picked":"Accuracy","floor":11.0},{"not_picked":["Quick Slash+1","Terror"],"picked":"Backflip","floor":12.0},{"not_picked":["Adrenaline","Storm of Steel"],"picked":"Corpse Explosion","floor":16.0},{"not_picked":["Choke+1","PiercingWail"],"picked":"Leg Sweep+1","floor":18.0},{"not_picked":["Backflip","Masterful Stab+1"],"picked":"Predator+1","floor":19.0},{"not_picked":["Catalyst","Crippling Poison"],"picked":"Poisoned Stab+1","floor":23.0},{"not_picked":["Well Laid Plans","Skewer+1"],"picked":"Outmaneuver","floor":25.0},{"not_picked":["Tactician+1","Slice+1"],"picked":"Bane+1","floor":30.0},{"not_picked":["Malaise","Wraith Form v2"],"picked":"Adrenaline","floor":33},{"not_picked":["Blur+1","Sucker Punch+1"],"picked":"Bane+1","floor":35},{"not_picked":["Well Laid Plans","PiercingWail"],"picked":"Dash+1","floor":36},{"not_picked":["Chrysalis","Transmutation"],"picked":"HandOfGreed+1","floor":37},{"not_picked":["Sadistic Nature","Mind Blast+1"],"picked":"Flash of Steel+1","floor":37},{"not_picked":["Dark Shackles","Purity"],"picked":"The Bomb","floor":37},{"not_picked":["Reflex+1","Dagger Throw+1","Flying Knee+1"],"picked":"SKIP","floor":39},{"not_picked":["Deadly Poison+1","Noxious Fumes"],"picked":"Slice+1","floor":41},{"not_picked":["Tactician+1","Deadly Poison"],"picked":"Noxious Fumes+1","floor":44},{"not_picked":["Choke+1","Dodge and Roll+1"],"picked":"Finisher+1","floor":45},{"not_picked":["Outmaneuver","Well Laid Plans+1"],"picked":"Dagger Throw+1","floor":47},{"not_picked":["Accuracy+1","Predator+1"],"picked":"Acrobatics+1","floor":48},{"not_picked":["Corpse Explosion","Poisoned Stab+1"],"picked":"Slice+1","floor":54}],"player_experience":445344,"relics_obtained":[{"floor":6.0,"key":"Centennial Puzzle"},{"floor":8.0,"key":"aspiration:VileToxins"},{"floor":9.0,"key":"RuthlessExorcism:ReiMu"},{"floor":10.0,"key":"Molten Egg 2"},{"floor":23.0,"key":"CrazyTorch:ReiMu"},{"floor":26.0,"key":"Ice Cream"},{"floor":41,"key":"Blood Vial"},{"floor":45,"key":"aspiration:HatOfInfinitePower"},{"floor":47,"key":"Strawberry"},{"floor":54,"key":"Pen Nib"}],"event_choices":[{"damage_healed":0.0,"max_hp_gain":0.0,"max_hp_loss":0.0,"gold_gain":75.0,"event_name":"FaceTrader","player_choice":"Touch","floor":2.0,"gold_loss":0.0,"damage_taken":7.0},{"damage_healed":0.0,"max_hp_gain":0.0,"max_hp_loss":0.0,"gold_gain":0.0,"event_name":"ZunEvent","player_choice":"Ωª≥ˆ…Òæ∆","floor":21.0,"relics_lost":["ZunR:ReiMu"],"gold_loss":0.0,"damage_taken":0.0,"cards_obtained":["ZunPunch:ReiMu"]},{"damage_healed":0.0,"max_hp_gain":0.0,"max_hp_loss":0.0,"gold_gain":0.0,"event_name":"Drug Dealer","player_choice":"Obtain J.A.X.","floor":24.0,"gold_loss":0.0,"damage_taken":0.0,"cards_obtained":["J.A.X."]},{"damage_healed":0,"gold_gain":0,"player_choice":"Choice 2","damage_taken":0,"relics_obtained":["alterego_mod:SomeoneToFightFor"],"max_hp_gain":0,"max_hp_loss":0,"event_name":"∞Æµƒ…Ò •ª®‘∞","floor":31,"gold_loss":0},{"damage_healed":0,"gold_gain":0,"player_choice":"Memory 3","damage_taken":10,"max_hp_gain":0,"max_hp_loss":0,"event_name":"SensoryStone","floor":37,"gold_loss":0},{"cards_removed":["Accuracy"],"damage_healed":0,"gold_gain":0,"player_choice":"Removed Power","damage_taken":0,"max_hp_gain":0,"max_hp_loss":0,"event_name":"Falling","floor":38,"gold_loss":0},{"damage_healed":0,"gold_gain":0,"player_choice":"Fight","damage_taken":0,"max_hp_gain":0,"max_hp_loss":0,"event_name":"MindBloom","floor":45,"gold_loss":0}],"is_beta":false,"boss_relics":[{"not_picked":["Sozu","Fusion Hammer"],"picked":"SlaversCollar"},{"not_picked":["Cursed Key","aspiration:PoetsPen_weak"],"picked":"WristBlade"}],"items_purged_floors":[20],"is_endless":false,"potions_floor_spawned":[3,8,10,16,19,25,30,39,44,47,48],"ascension_level":1}}