{"host":"wk46m6kgjezp23jj","time":1613953507,"event":{"mods":["AchievementEnabler","BaseMod","Beaked The Cultist","Bestiary","Colored Map","Colored Powertips","Downfall","Hermit","Minty Spire (QoL Compilation)","Replay The Spire","StSLib","The Bladedancer","The Construct","The Cursed"],"gold_per_floor":[114,114,133,133,153,153,0,19,19,38,56,56,67,80,255,350,350,361,361,423,473,473],"floor_reached":21,"language":"ENG","playtime":1399,"items_purged":[],"score":175,"play_id":"55b44624-2e04-49ea-a322-d6045a1ac3be","local_time":"20210221192507","is_ascension_mode":false,"campfire_choices":[{"floor":12,"key":"REST"}],"circlet_count":0,"master_deck":["Strike_B","Strike_B","Strike_B","Strike_B","Defend_B","Defend_B","Defend_B","Defend_B","Zap+1","Dualcast+1","Slimebound:Split","Chrysalis","Sweeping Beam","Beam Cell","Sunder+1","Gash","BasicCrystalCard","Beam Cell","Lockon","Undo","Defragment","Hologram","Doubt","Buffer","Conserve Battery"],"relics":["Cracked Core","Geode","Replay:Bronze Core","SsserpentHead"],"acts_visited":["Exordium","TheCity"],"potions_floor_usage":[16,16,16],"damage_taken":[{"damage":11,"enemies":"Jaw Worm","floor":1,"turns":3},{"damage":0,"enemies":"2 Louse","floor":3,"turns":2},{"damage":0,"enemies":"Small Slimes","floor":5,"turns":2},{"damage":8,"enemies":"Red Slaver","floor":8,"turns":3},{"damage":14,"enemies":"Blue Slaver","floor":10,"turns":3},{"damage":4,"enemies":"Gremlin Gang","floor":11,"turns":2},{"damage":13,"enemies":"Exordium Thugs","floor":13,"turns":3},{"damage":0,"enemies":"Lots of Slimes","floor":14,"turns":2},{"damage":25,"enemies":"Fading Forest","floor":16,"turns":11},{"damage":16,"enemies":"3 Byrds","floor":18,"turns":5},{"damage":25,"enemies":"Spheric Guardian","floor":20,"turns":7},{"damage":40,"enemies":"Masked Bandits","floor":21,"turns":3}],"seed_played":"-2325856917723510183","potions_obtained":[{"floor":3,"key":"Explosive Potion"},{"floor":5,"key":"EssenceOfSteel"},{"floor":13,"key":"Strength Potion"},{"floor":18,"key":"GamblersBrew"}],"is_trial":false,"path_per_floor":["M","?","M","?","M","?","$","M","T","M","M","R","M","M","R_BF","B",null,"M","?","M","?"],"character_chosen":"DEFECT","items_purchased":["Gash","BasicCrystalCard","Beam Cell"],"campfire_rested":1,"item_purchase_floors":[7,7,7],"current_hp_per_floor":[64,49,49,49,49,49,49,41,41,27,23,45,32,32,32,17,75,59,59,34,0,0],"gold":473,"neow_bonus":"RANDOM_COLORLESS_2","is_daily":false,"chose_seed":false,"campfire_upgraded":0,"win_rate":0.0,"timestamp":1613953507,"path_taken":["M","?","M","?","M","?","$","M","T","M","?","R","M","M","R_BF","BOSS","M","?","?","?"],"items_purchased_type":["Card","Card","Card"],"build_version":"2020-12-22","purchased_purges":0,"victory":false,"max_hp_per_floor":[75,75,75,75,75,75,75,75,75,75,75,75,75,75,75,75,75,75,75,75,75,75],"card_choices":[{"not_picked":["Sadistic Nature","HandOfGreed"],"picked":"Chrysalis","floor":0},{"not_picked":["Beam Cell","Go for the Eyes"],"picked":"Sweeping Beam","floor":1},{"not_picked":["Scrape","Barrage"],"picked":"Beam Cell","floor":3},{"not_picked":["Turbo","Static Discharge","ReplaySort"],"picked":"SKIP","floor":5},{"not_picked":["Hologram","Storm"],"picked":"Lockon","floor":8},{"not_picked":["Conserve Battery","Coolheaded"],"picked":"Undo","floor":10},{"not_picked":["ReplaySort","Consume"],"picked":"Defragment","floor":11},{"not_picked":["Turbo","Aggregate"],"picked":"Hologram","floor":13},{"not_picked":["ReplayTheSpireMod:GoodbyeWorld","Blizzard","Cold Snap"],"picked":"SKIP","floor":14},{"not_picked":["Amplify","Mirror Shield"],"picked":"Buffer","floor":16},{"not_picked":["Steam","Panic Button","Cold Snap"],"picked":"SKIP","floor":18},{"not_picked":["Sunder","Panic Button"],"picked":"Conserve Battery","floor":20}],"player_experience":39747,"relics_obtained":[{"floor":9,"key":"Geode"}],"event_choices":[{"damage_healed":0,"gold_gain":0,"player_choice":"Entered Light","damage_taken":15,"max_hp_gain":0,"max_hp_loss":0,"event_name":"Shining Light","floor":2,"gold_loss":0,"cards_upgraded":["Zap","Dualcast"]},{"damage_healed":0,"gold_gain":0,"cards_transformed":["blademaster:Defend"],"player_choice":"Change","damage_taken":0,"max_hp_gain":0,"max_hp_loss":0,"event_name":"Living Wall","floor":4,"gold_loss":0,"cards_obtained":["Sunder"]},{"damage_healed":0,"gold_gain":0,"player_choice":"Forge","damage_taken":0,"max_hp_gain":0,"max_hp_loss":0,"event_name":"Accursed Blacksmith","floor":6,"gold_loss":0,"cards_upgraded":["Sunder"]},{"damage_healed":0,"gold_gain":175,"player_choice":"AGREE","damage_taken":0,"max_hp_gain":0,"max_hp_loss":0,"event_name":"Liars Game","floor":15,"gold_loss":0,"cards_obtained":["Doubt"]},{"damage_healed":0,"gold_gain":0,"player_choice":"Trade","damage_taken":0,"relics_obtained":["SsserpentHead"],"max_hp_gain":0,"max_hp_loss":0,"event_name":"FaceTrader","floor":19,"gold_loss":0},{"damage_healed":0,"gold_gain":0,"player_choice":"Fought Bandits","damage_taken":0,"max_hp_gain":0,"max_hp_loss":0,"event_name":"Masked Bandits","floor":21,"gold_loss":0}],"is_beta":false,"boss_relics":[{"not_picked":["Cursed Key","SacredBark"],"picked":"Replay:Bronze Core"}],"items_purged_floors":[],"is_endless":false,"potions_floor_spawned":[3,5,13,14,18],"killed_by":"Masked Bandits","ascension_level":0}}