{"host":"zomvc55eewbqxhwb","time":1613999272,"event":{"mods":["ATMod(阿瑾Mod)","Act Like it!","BaseMod","Conspire","Minty Spire (QoL Compilation)","MostiFishMod","Pale of the Ancients","Relic Stats","Replay The Spire","RumiaBox-露米娅的神秘盒子","Shop Mod","StSLib","TestMod","[IsaacMod]以撒尖塔","【功能Mod】混沌之环修复补丁","【遗物卡牌】REMEMod"],"gold_per_floor":[117,200,213,213,138,153,553,13,-64,-30,2,2,30,30,30,63,79,88,169,220,270,320,362,362,362,556,556,521,521,521,564,267,117,218,319,374,414,515,568,568,568,633,548,242,279,320,320,370,491,548,548,548,644,644,775,775,397,438,475,517,607,658,708,844,884,992,992,1014,598,726,779,833,938,813,871,871,901,1021,1064,1123,1123,386,386,386,449,569,569,419,419,491],"floor_reached":91,"language":"ZHS","playtime":4378,"items_purged":["Strike_G","Strike_G","Amnesia","Defend_G+1","Defend_G+1","Defend_G+1","Tactician+1","Hidden Blade+1","Skewer+1","AT_MyraUnstableElement+1","Voices","Voices"],"score":4136,"play_id":"cc3a487f-24ff-4d85-b150-0f064edf7d6f","local_time":"20210222210752","daily_mods":["Heirloom","Flight"],"is_ascension_mode":true,"campfire_choices":[{"floor":12.0,"key":"REST"},{"floor":24.0,"key":"RECALL"},{"data":"Reflex","floor":25.0,"key":"SMITH"},{"floor":84,"key":"REST"}],"circlet_count":0,"master_deck":["AT_WindFlip+1","Dagger Spray+1","Sneak Up+1","Well Laid Plans+1","Hidden Blade+1","Escape Plan+1","Reflex+1","AT_KingSlayer+1","Night Terror+1","MostiFishMod:PerfectParry+1","Acrobatics+1","Acrobatics+1","Concentrate+1","Terror+1","MostiFishMod:Dislodge+1","Adrenaline+1","Prepared+1","Calculated Gamble+1","Adrenaline+1","Purity+1","REME_MagicPocketWatch+1","ReplayReversal+1"],"relics":["Ring of the Snake","DaveBox","HushsDoor","AT_ATBox","ArrowTower","testmod-BouquetWithThorns","DeadEye","DSteel32","SynthV:TestCard","Baka2","ReplayTheSpireMod:Ninjato","testmod-Charity","Art of War","AT_BellDemon","MagicDraw2","conspire:Flyswatter","Letter Opener","Molten Egg 2","Replay:Baseball","Replay:WaspNest","AT_MibuBalloonWealth","Toy Ornithopter","GodSword6","DianDianMeat","Replay:Ringing Soul","testmod-IntensifyImprint","Replay:Bottled Snecko","conspire:DecoderRing","MealTicket","Void","AT_ChloranthyRing","BlankCard","Kintsugi","GuppysHead","Replay:Mystery Machine","Bag of Preparation","Civilization","Turnip","Ornamental Fan","Bronze Scales","Paper Crane","SteamSale","Blue Doll","Eternal Feather","Potion Belt","testmod-RealStoneCalender","SalivaCoin","Snack Pack","testmod-Antiphasic","Juzu Bracelet","testmod-TurbochargingSystem","Chameleon Ring","Chaos","AT_ImmortalShieldbow","StrikeDummy","Divine Protection","SlaversCollar","testmod-HeartOfStrike","Bag of Marbles","Red Skull","testmod-IndustrialRevolution","testmod-Maize","Pondfish Scales","AT_RedNoBalance","BelialBook","GuppysCollar","GuppysHairball","Frozen Eye","SumBook","MagicDraw1","testmod-LifeArmor","Boot","BionicSphere","testmod-GoldenSoul","AT_DeathDance","testmod-NegativeEmotionEnhancer","D4","conspire:RoyalGoblet","conspire:DeflatedDodgeball","REME_HourglassOfDeath","MoreBug","Snake Skull","Tiny House","Ring of Chaos","Bottled Flame","Solar Panel","ChaoDraw","Replay:Antivirus Software","paleoftheancients:Timepiece","paleoftheancients:KeyRelic","Anchor","CultistMask","conspire:Boomerang","Torii","paleoftheancients:SoulOfTheGuardian","REME_LowDesire","OrangePellets","PrismaticShard","DeathBook","Sundial","AT_Manta"],"acts_visited":["Exordium","TheCity","TheBeyond","paleoftheancients:PaleOfTheAncients"],"potions_floor_usage":[90,90],"damage_taken":[{"damage":0.0,"enemies":"Small Slimes","floor":1.0,"turns":2.0},{"damage":0.0,"enemies":"Cultist","floor":3.0,"turns":2.0},{"damage":0.0,"enemies":"2 Louse","floor":6.0,"turns":1.0},{"damage":0.0,"enemies":"Lots of Slimes","floor":9.0,"turns":2.0},{"damage":8.0,"enemies":"3 Sentries","floor":10.0,"turns":4.0},{"damage":36.0,"enemies":"Gremlin Nob","floor":11.0,"turns":4.0},{"damage":5.0,"enemies":"3 Sentries","floor":13.0,"turns":3.0},{"damage":1.0,"enemies":"3 Louse","floor":14.0,"turns":2.0},{"damage":0.0,"enemies":"Gremlin Nob","floor":16.0,"turns":2.0},{"damage":0.0,"enemies":"2 Fungi Beasts","floor":17.0,"turns":2.0},{"damage":9.0,"enemies":"conspire:2 RoseBushes","floor":18.0,"turns":2.0},{"damage":2.0,"enemies":"Gremlin Nob","floor":19.0,"turns":2.0},{"damage":0.0,"enemies":"Lagavulin","floor":20.0,"turns":4.0},{"damage":5.0,"enemies":"Gremlin Nob","floor":21.0,"turns":2.0},{"damage":2.0,"enemies":"Lagavulin","floor":22.0,"turns":2.0},{"damage":0.0,"enemies":"Looter","floor":23.0,"turns":1.0},{"damage":0.0,"enemies":"Fading Forest","floor":26.0,"turns":6.0},{"damage":0.0,"enemies":"2 Thieves","floor":28.0,"turns":1.0},{"damage":0.0,"enemies":"Chosen","floor":31.0,"turns":2.0},{"damage":12.0,"enemies":"Gremlin Leader","floor":34.0,"turns":1.0},{"damage":0.0,"enemies":"Slavers","floor":35.0,"turns":1.0},{"damage":0.0,"enemies":"conspire:SneckoGhost","floor":36.0,"turns":2.0},{"damage":0.0,"enemies":"Snecko","floor":37.0,"turns":1.0},{"damage":0.0,"enemies":"Gremlin Leader","floor":38.0,"turns":1.0},{"damage":1.0,"enemies":"Book of Stabbing","floor":39.0,"turns":2.0},{"damage":2.0,"enemies":"conspire:MimicChest","floor":42.0,"turns":3.0},{"damage":0.0,"enemies":"Snake Plant","floor":45.0,"turns":1.0},{"damage":0.0,"enemies":"conspire:HollyBat","floor":46.0,"turns":4.0},{"damage":0.0,"enemies":"Replay:Snechameleon","floor":48.0,"turns":1.0},{"damage":0.0,"enemies":"conspire:Head Lice","floor":49.0,"turns":1.0},{"damage":0.0,"enemies":"Replay:Snechameleon","floor":50.0,"turns":1.0},{"damage":0.0,"enemies":"Automaton","floor":53.0,"turns":1.0},{"damage":0.0,"enemies":"3 Darklings","floor":55.0,"turns":1.0},{"damage":0.0,"enemies":"Orb Walker","floor":58.0,"turns":1.0},{"damage":0.0,"enemies":"Transient","floor":59.0,"turns":1.0},{"damage":0.0,"enemies":"Sphere and 2 Shapes","floor":61.0,"turns":1.0},{"damage":0.0,"enemies":"Giant Head","floor":62.0,"turns":1.0},{"damage":0.0,"enemies":"R_Hoarder","floor":63.0,"turns":1.0},{"damage":0.0,"enemies":"3 Darklings","floor":64.0,"turns":1.0},{"damage":0.0,"enemies":"Transient","floor":65.0,"turns":2.0},{"damage":0.0,"enemies":"4 Shapes","floor":66.0,"turns":1.0},{"damage":0.0,"enemies":"Nemesis","floor":70.0,"turns":1.0},{"damage":0.0,"enemies":"R_Hoarder","floor":71.0,"turns":1.0},{"damage":0.0,"enemies":"Nemesis","floor":72.0,"turns":1.0},{"damage":0.0,"enemies":"Giant Head","floor":75.0,"turns":1.0},{"damage":22.0,"enemies":"Replay:Hell Engine","floor":77.0,"turns":1.0},{"damage":0.0,"enemies":"Awakened One","floor":78.0,"turns":2.0},{"damage":0.0,"enemies":"Awakened One","floor":79.0,"turns":1.0},{"damage":0.0,"enemies":"Awakened One","floor":80.0,"turns":1.0},{"damage":0,"enemies":"Awakened One","floor":85,"turns":1},{"damage":0,"enemies":"Awakened One","floor":86,"turns":1},{"damage":0,"enemies":"Delirium","floor":90,"turns":1}],"seed_played":"-6825620434205178250","potions_obtained":[{"floor":3.0,"key":"FearPotion"},{"floor":10.0,"key":"BlessingOfTheForge"},{"floor":13.0,"key":"Block Potion"},{"floor":14.0,"key":"REME_GoldPotion"},{"floor":17.0,"key":"LifebloodPotion"},{"floor":20.0,"key":"AttackPotion"},{"floor":26.0,"key":"GhostInAJar"},{"floor":35.0,"key":"REME_GoldPotion"},{"floor":37.0,"key":"conspire:TimeTravelPotion"},{"floor":42.0,"key":"Fire Potion"},{"floor":46.0,"key":"Swift Potion"},{"floor":51.0,"key":"Swift Potion"},{"floor":51.0,"key":"LiquidBronze"},{"floor":52.0,"key":"Milkshake"},{"floor":52.0,"key":"Energy Potion"},{"floor":62.0,"key":"DistilledChaos"},{"floor":75.0,"key":"Adrenaline Potion"},{"floor":87,"key":"SteroidPotion"}],"is_trial":true,"path_per_floor":["M","?","M","?","$","M","?","$","M","E","E","R","E","M","T","E","M","M","?","E","E","E","M","R","R","B",null,"M","?","?","M","$","$","E","E","E","M","E","E","T","T","?","?","$","M","M","?","E","E","E","R","R","B",null,"M","?","$","M","M","?","M","E","E","M","M","M","T","T","$","E","E","E","?","$","E","R","B","B","M","M","?","$","T","R","M","M","R","$","?","B",null],"character_chosen":"THE_SILENT","items_purchased":["ReplayTheSpireMod:Ninjato","testmod-Charity","Night Terror","CultistPotion","SneckoOil","testmod-EscapePotion","GuppysHead","Civilization","Chaos","AT_ImmortalShieldbow","BelialBook","GuppysCollar","GuppysHairball","Replay:BasicMightCard","SumBook","MagicDraw1","REME_HourglassOfDeath","MoreBug","Purity+1","REME_LowDesire"],"campfire_rested":2,"item_purchase_floors":[8,8,27,27,27,27,27,32,44,44,54,54,54,54,57,57,69,69,82,82],"current_hp_per_floor":[59,44,44,40,40,40,40,40,41,43,19,42,29,37,37,38,39,31,32,38,45,51,53,53,53,76,120,134,134,146,149,156,156,149,175,196,203,212,217,217,217,227,227,239,246,253,190,212,222,229,229,229,252,227,124,124,157,165,191,98,127,81,88,100,108,119,119,120,120,134,182,190,177,192,200,223,217,245,256,312,312,338,338,338,374,413,413,413,413,422],"gold":491,"neow_bonus":"","is_daily":false,"chose_seed":false,"campfire_upgraded":1,"win_rate":0.0,"timestamp":1613999272,"path_taken":["M","?","M","?","$","M","?","?","M","E","E","R","E","M","T","E","M","M","?","E","E","E","M","R","R","BOSS","M","?","?","?","$","$","E","E","E","M","E","E","T","T","?","?","$","M","M","?","E","E","E","R","R","BOSS","M","?","$","M","M","?","M","E","E","M","M","M","T","T","$","E","E","E","?","$","E","R","BOSS","BOSS","M","M","?","$","T","R","M","M","R","$","?","BOSS"],"items_purchased_type":["Relic","Relic","Card","Potion","Potion","Potion","Relic","Relic","Card","Relic","Relic","Relic","Relic","Card","Relic","Relic","Relic","Relic","Card","Relic"],"build_version":"2020-12-22","purchased_purges":12,"victory":true,"max_hp_per_floor":[66,66,66,66,66,66,66,66,67,77,78,78,87,96,96,97,98,99,102,108,115,123,125,125,125,138,128,142,142,154,156,156,156,161,182,203,210,219,229,229,229,239,239,239,246,253,190,212,222,229,229,229,252,227,238,238,256,263,289,291,320,81,88,100,108,119,119,120,120,134,182,190,192,192,200,223,237,248,256,312,312,338,338,338,374,413,413,413,413,422],"relic_stats":{"Torii":0,"counters":[52,86],"Eternal Feather":0,"Snake Skull":[0],"Bag of Preparation":[64],"Juzu Bracelet":2,"Letter Opener":[2189],"Boot":[124],"OrangePellets":[1],"Ornamental Fan":[100],"Sundial":[12],"Bronze Scales":[21],"MealTicket":49,"Turnip":[14],"Art of War":[6],"obtain_stats":[{"testmod-HeartOfStrike":48,"AT_ATBox":0,"testmod-LifeArmor":58,"testmod-GoldenSoul":62,"testmod-NegativeEmotionEnhancer":63,"DeadEye":0,"Boot":59,"MagicDraw2":13,"MagicDraw1":57,"Replay:Ringing Soul":20,"Baka2":3,"Sundial":85,"MealTicket":22,"KeepersGift":0,"DianDianMeat":20,"testmod-IntensifyImprint":21,"testmod-Maize":53,"testmod-TestBox":0,"AT_Manta":86,"BelialBook":54,"Eternal Feather":38,"Tingsha":62,"Paper Crane":36,"SteamSale":36,"SlaversCollar":48,"BionicSphere":61,"CultistMask":78,"Kintsugi":27,"HushsDoor":0,"StrikeDummy":45,"GuppysCollar":54,"conspire:Flyswatter":13,"AT_BellDemon":11,"Solar Panel":72,"DaveBox":0,"Torii":80,"Blue Doll":37,"Bag of Preparation":31,"Civilization":32,"DeathBook":85,"REME_LowDesire":82,"Ring of the Snake":0,"AT_ChloranthyRing":26,"Potion Belt":38,"testmod-TurbochargingSystem":42,"ChaoDraw":72,"AT_ImmortalShieldbow":44,"D4":64,"Ornamental Fan":35,"Turnip":34,"Art of War":10,"conspire:DeflatedDodgeball":67,"Toy Ornithopter":19,"REME_ComplimentaryCards":0,"Chaos":44,"Divine Protection":46,"Tiny House":70,"conspire:RoyalGoblet":66,"AT_MibuBalloonWealth":18,"conspire:DecoderRing":22,"Void":23,"AT_RedNoBalance":55,"DSteel32":0,"MoreBug":69,"paleoftheancients:KeyRelic":78,"AT_SilverBalance":54,"Ring of Chaos":71,"conspire:Boomerang":79,"Letter Opener":14,"War Paint":34,"paleoftheancients:Timepiece":78,"testmod-RealStoneCalender":39,"OrangePellets":82,"Replay:Baseball":16,"Bottled Flame":71,"REME_HourglassOfDeath":69,"Bronze Scales":35,"Molten Egg 2":16,"GodSword6":19,"AT_DeathDance":63,"ArrowTower":0,"Snake Skull":70,"Juzu Bracelet":42,"Replay:Mystery Machine":28,"testmod-BouquetWithThorns":0,"PrismaticShard":83,"testmod-Charity":8,"Frozen Eye":55,"Chameleon Ring":43,"paleoftheancients:SoulOfTheGuardian":80,"Replay:Bottled Snecko":21,"Replay:Antivirus Software":75,"Replay:Drink Me":47,"Red Skull":50,"SumBook":57,"ReplayTheSpireMod:Ninjato":8,"Replay:WaspNest":17,"Baka":1,"testmod-IndustrialRevolution":50,"testmod-Antiphasic":41,"Pondfish Scales":53,"Anchor":78,"SynthV:TestCard":1,"SalivaCoin":39,"Snack Pack":40,"Bag of Marbles":49,"GuppysHead":27,"GuppysHairball":54,"BlankCard":26},{"testmod-HeartOfStrike":29,"AT_ATBox":0,"testmod-LifeArmor":34,"testmod-GoldenSoul":37,"testmod-NegativeEmotionEnhancer":38,"DeadEye":0,"Boot":35,"MagicDraw2":7,"MagicDraw1":33,"Replay:Ringing Soul":13,"Baka2":2,"Sundial":50,"MealTicket":15,"KeepersGift":0,"DianDianMeat":13,"testmod-IntensifyImprint":14,"testmod-Maize":32,"testmod-TestBox":0,"AT_Manta":51,"BelialBook":32,"Eternal Feather":24,"Tingsha":37,"Paper Crane":22,"SteamSale":22,"SlaversCollar":29,"BionicSphere":36,"CultistMask":47,"Kintsugi":17,"HushsDoor":0,"StrikeDummy":27,"GuppysCollar":32,"conspire:Flyswatter":7,"AT_BellDemon":6,"Solar Panel":44,"DaveBox":0,"Torii":49,"Blue Doll":23,"Bag of Preparation":19,"Civilization":19,"DeathBook":50,"REME_LowDesire":49,"Ring of the Snake":0,"AT_ChloranthyRing":17,"Potion Belt":24,"testmod-TurbochargingSystem":26,"ChaoDraw":44,"AT_ImmortalShieldbow":26,"D4":39,"Ornamental Fan":21,"Turnip":20,"Art of War":5,"conspire:DeflatedDodgeball":41,"Toy Ornithopter":12,"REME_ComplimentaryCards":0,"Chaos":26,"Divine Protection":28,"Tiny House":42,"conspire:RoyalGoblet":41,"AT_MibuBalloonWealth":11,"conspire:DecoderRing":15,"Void":16,"AT_RedNoBalance":33,"DSteel32":0,"MoreBug":41,"paleoftheancients:KeyRelic":47,"AT_SilverBalance":32,"Ring of Chaos":43,"conspire:Boomerang":48,"Letter Opener":8,"War Paint":20,"paleoftheancients:Timepiece":47,"testmod-RealStoneCalender":25,"OrangePellets":49,"Replay:Baseball":9,"Bottled Flame":43,"REME_HourglassOfDeath":41,"Bronze Scales":21,"Molten Egg 2":9,"GodSword6":12,"AT_DeathDance":38,"ArrowTower":0,"Snake Skull":42,"Juzu Bracelet":26,"Replay:Mystery Machine":18,"testmod-BouquetWithThorns":0,"PrismaticShard":49,"testmod-Charity":3,"Frozen Eye":33,"Chameleon Ring":26,"paleoftheancients:SoulOfTheGuardian":49,"Replay:Bottled Snecko":14,"Replay:Antivirus Software":45,"Replay:Drink Me":28,"Red Skull":31,"SumBook":33,"ReplayTheSpireMod:Ninjato":3,"Replay:WaspNest":10,"Baka":1,"testmod-IndustrialRevolution":31,"testmod-Antiphasic":25,"Pondfish Scales":32,"Anchor":47,"SynthV:TestCard":1,"SalivaCoin":25,"Snack Pack":25,"Bag of Marbles":30,"GuppysHead":17,"GuppysHairball":32,"BlankCard":17},{"testmod-HeartOfStrike":61,"AT_ATBox":0,"testmod-LifeArmor":66,"testmod-GoldenSoul":69,"testmod-NegativeEmotionEnhancer":70,"DeadEye":0,"Boot":67,"MagicDraw2":16,"MagicDraw1":65,"Replay:Ringing Soul":30,"Baka2":4,"Sundial":84,"MealTicket":34,"KeepersGift":0,"DianDianMeat":30,"testmod-IntensifyImprint":32,"testmod-Maize":64,"testmod-TestBox":0,"AT_Manta":85,"BelialBook":64,"Eternal Feather":50,"Tingsha":69,"Paper Crane":48,"SteamSale":48,"SlaversCollar":61,"BionicSphere":68,"CultistMask":81,"Kintsugi":41,"HushsDoor":0,"StrikeDummy":56,"GuppysCollar":64,"conspire:Flyswatter":16,"AT_BellDemon":13,"Solar Panel":77,"DaveBox":0,"Torii":83,"Blue Doll":49,"Bag of Preparation":44,"Civilization":44,"DeathBook":84,"REME_LowDesire":83,"Ring of the Snake":0,"AT_ChloranthyRing":41,"Potion Belt":50,"testmod-TurbochargingSystem":55,"ChaoDraw":77,"AT_ImmortalShieldbow":55,"D4":71,"Ornamental Fan":46,"Turnip":45,"Art of War":10,"conspire:DeflatedDodgeball":74,"Toy Ornithopter":26,"REME_ComplimentaryCards":0,"Chaos":55,"Divine Protection":60,"Tiny House":75,"conspire:RoyalGoblet":74,"AT_MibuBalloonWealth":24,"conspire:DecoderRing":34,"Void":35,"AT_RedNoBalance":64,"DSteel32":0,"MoreBug":74,"paleoftheancients:KeyRelic":81,"AT_SilverBalance":64,"Ring of Chaos":76,"conspire:Boomerang":82,"Letter Opener":18,"War Paint":45,"paleoftheancients:Timepiece":81,"testmod-RealStoneCalender":52,"OrangePellets":83,"Replay:Baseball":20,"Bottled Flame":76,"REME_HourglassOfDeath":74,"Bronze Scales":46,"Molten Egg 2":20,"GodSword6":26,"AT_DeathDance":70,"ArrowTower":0,"Snake Skull":75,"Juzu Bracelet":55,"Replay:Mystery Machine":42,"testmod-BouquetWithThorns":0,"PrismaticShard":83,"testmod-Charity":5,"Frozen Eye":65,"Chameleon Ring":55,"paleoftheancients:SoulOfTheGuardian":83,"Replay:Bottled Snecko":32,"Replay:Antivirus Software":78,"Replay:Drink Me":60,"Red Skull":63,"SumBook":65,"ReplayTheSpireMod:Ninjato":5,"Replay:WaspNest":22,"Baka":2,"testmod-IndustrialRevolution":63,"testmod-Antiphasic":52,"Pondfish Scales":64,"Anchor":81,"SynthV:TestCard":2,"SalivaCoin":52,"Snack Pack":52,"Bag of Marbles":62,"GuppysHead":41,"GuppysHairball":64,"BlankCard":41}],"Toy Ornithopter":20,"Ring of the Snake":[95]},"card_choices":[{"not_picked":["REME_ShadowStrike","Bane"],"picked":"Dagger Spray","floor":1.0},{"not_picked":["Dagger Spray","Endless Agony","AT_KneejerkReflex","Dagger Throw"],"picked":"Sneak Up","floor":3.0},{"not_picked":["Sucker Punch","Cloak And Dagger","Deflect","Dagger Throw"],"picked":"Tactician","floor":6.0},{"not_picked":["Flying Knee","Caltrops","Slice","Dagger Spray","Blade Dance"],"picked":"SKIP","floor":9.0},{"not_picked":["MostiFishMod:Neurotoxin","Cloak And Dagger","Draining Mist","AT_WindFlip"],"picked":"Well Laid Plans","floor":10.0},{"not_picked":["ReplayTheSpireMod:The Works","Poisoned Stab","Flying Knee","PiercingWail"],"picked":"MostiFishMod:InvigoratingSolution","floor":11.0},{"not_picked":["PiercingWail","AT_ShadowStep","MostiFishMod:ShivMaster","Setup"],"picked":"Hidden Blade","floor":13.0},{"not_picked":["Slice","Flying Knee","Deflect","Bane","Poisoned Stab"],"picked":"SKIP","floor":14.0},{"not_picked":["Tools of the Trade","Sucker Punch+1","Cloak And Dagger","Leg Sweep","Flechettes+1"],"picked":"SKIP","floor":16.0},{"not_picked":["AT_KneejerkReflex","Dodge and Roll","Draining Mist","Dagger Throw+1","ReplayTheSpireMod:Scrap Shanks"],"picked":"SKIP","floor":17.0},{"not_picked":["Cloak And Dagger","AT_WindFlip+1","Choke+1","ReplayTheSpireMod:Tripwire"],"picked":"Escape Plan","floor":18.0},{"not_picked":["MostiFishMod:PerfectParry","Distraction","Quick Slash+1","AT_ArcaneSupremacy"],"picked":"Acrobatics","floor":20.0},{"not_picked":["Glass Knife+1","Infinite Blades","Sucker Punch+1","AT_WindRun"],"picked":"MostiFishMod:FullyArmed","floor":21.0},{"not_picked":["Flying Knee+1","Blade Dance","Endless Agony+1","Dagger Throw+1","Tactician"],"picked":"SKIP","floor":21.0},{"not_picked":["AT_TinkerSharpsword","Hidden Blade","Heel Hook+1","Choke+1","Backflip"],"picked":"SKIP","floor":21.0},{"not_picked":["Cloak And Dagger","Well Laid Plans","Slice+1","Dagger Spray+1","MostiFishMod:VineMother"],"picked":"SKIP","floor":21.0},{"not_picked":["Hidden Blade","AT_WomanClash","Terror","REME_GreenPollution"],"picked":"Reflex","floor":22.0},{"not_picked":["Sneak Up","Glass Knife+1","Bane+1","Deadly Poison","Blade Dance"],"picked":"SKIP","floor":23.0},{"not_picked":["Malaise","After Image","Replay:Bag of Tricks","Glass Knife+1"],"picked":"AT_KingSlayer+1","floor":26.0},{"not_picked":["Catalyst+1","Outmaneuver","Accuracy","Flying Knee+1"],"picked":"MostiFishMod:PerfectParry","floor":28.0},{"not_picked":["ReplayTheSpireMod:The Works","Footwork","MostiFishMod:PerfectParry","Cloak And Dagger","REME_ShadowStrike+1"],"picked":"SKIP","floor":31.0},{"not_picked":["AT_WindFlip+1","Eviscerate+1","Fluid Movement","MostiFishMod:Wind","Quick Slash+1"],"picked":"SKIP","floor":34.0},{"not_picked":["Hidden Blade","AT_FocusSwordFire","Terror","MostiFishMod:VineMother"],"picked":"Acrobatics","floor":35.0},{"not_picked":["Cloak And Dagger","Replay:Bag of Tricks","Outmaneuver","AT_WindFlip+1"],"picked":"Concentrate","floor":36.0},{"not_picked":["MostiFishMod:FrostNova","MostiFishMod:PerfectParry","Dodge and Roll","MostiFishMod:PreservedThorns+1","Sucker Punch+1"],"picked":"SKIP","floor":36.0},{"not_picked":["Dagger Throw+1","AT_EssenceShift","Predator+1","MostiFishMod:PoisonShield","Dagger Spray+1"],"picked":"SKIP","floor":36.0},{"not_picked":["AT_WindFlip+1","MostiFishMod:PerfectParry","Slice+1","Sucker Punch+1","Doppelganger"],"picked":"SKIP","floor":36.0},{"not_picked":["Reflex","Cloak And Dagger","Fluid Movement","Dagger Spray+1","Hidden Blade"],"picked":"SKIP","floor":37.0},{"not_picked":["conspire:PoisonWeapons","Deadly Poison","Tactician","MostiFishMod:PerfectParry","Poisoned Stab+1"],"picked":"SKIP","floor":38.0},{"not_picked":["Dagger Spray+1","All Out Attack+1","Replay:Poison Smokescreen","Dagger Throw+1","ReplayTheSpireMod:Shiv Toss"],"picked":"SKIP","floor":39.0},{"not_picked":["All Out Attack+1","Quick Slash+1","PiercingWail","Endless Agony+1","Riddle With Holes+1"],"picked":"SKIP","floor":45.0},{"not_picked":["Phantasmal Killer","conspire:PoisonWeapons","MostiFishMod:InvigoratingSolution","Poisoned Stab+1","Outmaneuver"],"picked":"SKIP","floor":46.0},{"not_picked":["Tactician","REME_ShadowForm","Backflip","AT_TwilightShroud"],"picked":"Terror+1","floor":48.0},{"not_picked":["Riddle With Holes+1","Accuracy","AT_WindRun","AT_ThistleTea","Underhanded Strike+1"],"picked":"SKIP","floor":49.0},{"not_picked":["Cloak And Dagger","Draining Mist","Quick Slash+1","Predator+1","Deadly Poison"],"picked":"SKIP","floor":50.0},{"not_picked":["MostiFishMod:Wind","MostiFishMod:Confrontation","Venomology","MostiFishMod:Neurotoxin"],"picked":"MostiFishMod:Dislodge","floor":53.0},{"not_picked":["Dagger Throw+1","Sneak Up","PiercingWail","Bane+1","MostiFishMod:PerfectParry+1"],"picked":"SKIP","floor":55.0},{"not_picked":["PiercingWail","Deflect","MostiFishMod:PerfectParry+1","MostiFishMod:PreservedThorns+1","Accuracy"],"picked":"SKIP","floor":58.0},{"not_picked":["Dagger Spray+1","Deflect","Footwork","Backflip"],"picked":"Prepared","floor":59.0},{"not_picked":["AT_WindFlip+1","Dagger Spray+1","PiercingWail","MostiFishMod:ShivMaster","Choke+1"],"picked":"SKIP","floor":61.0},{"not_picked":["Hidden Blade","Quick Slash+1","ReplayTheSpireMod:Speed Training","Eviscerate+1","Cloak And Dagger"],"picked":"SKIP","floor":62.0},{"not_picked":["Prepared+1","MostiFishMod:SpreadingSpore","Acrobatics","AT_WindFlip+1","Flechettes+1"],"picked":"SKIP","floor":63.0},{"not_picked":["Draining Mist","Acrobatics+1","Tactician","Distraction","Backflip+1"],"picked":"SKIP","floor":64.0},{"not_picked":["AT_WindFlip+1","Infinite Blades","Replay:Poison Smokescreen","Deflect","AT_ShadowStep"],"picked":"SKIP","floor":65.0},{"not_picked":["Heel Hook+1","Backstab+1","Dagger Spray+1","Deadly Poison","Sucker Punch+1"],"picked":"SKIP","floor":66.0},{"not_picked":["Dagger Throw+1","AT_Desolate+1","MostiFishMod:FrostNova","Dagger Spray+1"],"picked":"Calculated Gamble","floor":71.0},{"not_picked":["Toxin Wave","Poisoned Stab+1","Dagger Throw+1","Calculated Gamble","Riddle With Holes+1"],"picked":"SKIP","floor":72.0},{"not_picked":["Quick Slash+1","Eviscerate+1","AT_TwilightShroud","Poisoned Stab+1","Blade Dance"],"picked":"SKIP","floor":75.0},{"not_picked":["Prepared","Terror+1","Flying Knee+1","AT_ArcaneSupremacy+1","AT_WindFlip+1"],"picked":"SKIP","floor":79.0},{"not_picked":["Slice+1","Masterful Stab+1","Sucker Punch+1","Underhanded Strike+1","Quick Slash+1"],"picked":"SKIP","floor":80.0},{"not_picked":["MostiFishMod:Mania","Turbo+1","Backflip+1","FlyingSleeves+1","testmod-Bloodthirsty"],"picked":"REME_MagicPocketWatch","floor":85},{"not_picked":["Finisher+1","Panic Button","AT_DarkMatter","FlyingSleeves+1","testmod-SunMoon+1"],"picked":"ReplayReversal+1","floor":86}],"player_experience":2634024,"relics_obtained":[{"floor":1.0,"key":"Baka"},{"floor":1.0,"key":"SynthV:TestCard"},{"floor":3.0,"key":"Baka2"},{"floor":10.0,"key":"Art of War"},{"floor":11.0,"key":"AT_BellDemon"},{"floor":13.0,"key":"MagicDraw2"},{"floor":13.0,"key":"conspire:Flyswatter"},{"floor":14.0,"key":"Letter Opener"},{"floor":16.0,"key":"Molten Egg 2"},{"floor":16.0,"key":"Replay:Baseball"},{"floor":17.0,"key":"Replay:WaspNest"},{"floor":18.0,"key":"AT_MibuBalloonWealth"},{"floor":19.0,"key":"Toy Ornithopter"},{"floor":19.0,"key":"GodSword6"},{"floor":20.0,"key":"DianDianMeat"},{"floor":20.0,"key":"Replay:Ringing Soul"},{"floor":21.0,"key":"testmod-IntensifyImprint"},{"floor":21.0,"key":"Replay:Bottled Snecko"},{"floor":22.0,"key":"conspire:DecoderRing"},{"floor":22.0,"key":"MealTicket"},{"floor":23.0,"key":"Void"},{"floor":26.0,"key":"AT_ChloranthyRing"},{"floor":26.0,"key":"BlankCard"},{"floor":28.0,"key":"Replay:Mystery Machine"},{"floor":31.0,"key":"Bag of Preparation"},{"floor":34.0,"key":"Turnip"},{"floor":34.0,"key":"War Paint"},{"floor":35.0,"key":"Ornamental Fan"},{"floor":35.0,"key":"Bronze Scales"},{"floor":36.0,"key":"Paper Crane"},{"floor":36.0,"key":"SteamSale"},{"floor":37.0,"key":"Blue Doll"},{"floor":38.0,"key":"Eternal Feather"},{"floor":38.0,"key":"Potion Belt"},{"floor":39.0,"key":"testmod-RealStoneCalender"},{"floor":39.0,"key":"SalivaCoin"},{"floor":40.0,"key":"Snack Pack"},{"floor":41.0,"key":"testmod-Antiphasic"},{"floor":42.0,"key":"Juzu Bracelet"},{"floor":42.0,"key":"testmod-TurbochargingSystem"},{"floor":45.0,"key":"StrikeDummy"},{"floor":46.0,"key":"Divine Protection"},{"floor":48.0,"key":"SlaversCollar"},{"floor":48.0,"key":"testmod-HeartOfStrike"},{"floor":49.0,"key":"Bag of Marbles"},{"floor":50.0,"key":"Red Skull"},{"floor":50.0,"key":"testmod-IndustrialRevolution"},{"floor":53.0,"key":"testmod-Maize"},{"floor":53.0,"key":"Pondfish Scales"},{"floor":55.0,"key":"Frozen Eye"},{"floor":58.0,"key":"testmod-LifeArmor"},{"floor":59.0,"key":"Boot"},{"floor":61.0,"key":"BionicSphere"},{"floor":62.0,"key":"Tingsha"},{"floor":62.0,"key":"testmod-GoldenSoul"},{"floor":63.0,"key":"AT_DeathDance"},{"floor":63.0,"key":"testmod-NegativeEmotionEnhancer"},{"floor":64.0,"key":"D4"},{"floor":66.0,"key":"conspire:RoyalGoblet"},{"floor":67.0,"key":"conspire:DeflatedDodgeball"},{"floor":70.0,"key":"Snake Skull"},{"floor":70.0,"key":"Tiny House"},{"floor":71.0,"key":"Ring of Chaos"},{"floor":71.0,"key":"Bottled Flame"},{"floor":72.0,"key":"Solar Panel"},{"floor":72.0,"key":"ChaoDraw"},{"floor":75.0,"key":"Replay:Antivirus Software"},{"floor":79.0,"key":"conspire:Boomerang"},{"floor":80.0,"key":"Torii"},{"floor":80.0,"key":"paleoftheancients:SoulOfTheGuardian"},{"floor":82,"key":"OrangePellets"},{"floor":83,"key":"PrismaticShard"},{"floor":85,"key":"DeathBook"},{"floor":85,"key":"paleoftheancients:SoulOfTheVixen"},{"floor":85,"key":"Sundial"},{"floor":86,"key":"AT_Manta"},{"floor":86,"key":"paleoftheancients:SoulOfTheHexaghost"}],"event_choices":[{"damage_healed":0.0,"max_hp_gain":0.0,"max_hp_loss":0.0,"gold_gain":0.0,"event_name":"conspire:Investor","player_choice":"Leave","floor":4.0,"gold_loss":0.0,"damage_taken":0.0},{"damage_healed":0.0,"max_hp_gain":0.0,"max_hp_loss":0.0,"gold_gain":400.0,"event_name":"恩洛斯的盘子","player_choice":"Sell","floor":7.0,"relics_lost":["testmod-TestBox"],"gold_loss":0.0,"damage_taken":0.0},{"damage_healed":0.0,"max_hp_gain":0.0,"max_hp_loss":0.0,"gold_gain":30.0,"event_name":"Dead Adventurer","player_choice":"Searched \u00272\u0027 times","floor":19.0,"gold_loss":0.0,"damage_taken":0.0},{"damage_healed":0.0,"max_hp_gain":0.0,"max_hp_loss":0.0,"gold_gain":0.0,"event_name":"The Library","player_choice":"Read","floor":30.0,"gold_loss":0.0,"damage_taken":0.0,"cards_obtained":["Acrobatics"]},{"damage_healed":0.0,"max_hp_gain":0.0,"max_hp_loss":0.0,"gold_gain":0.0,"event_name":"Addict","player_choice":"Obtained Relic","floor":43.0,"gold_loss":85.0,"damage_taken":0.0,"relics_obtained":["Chameleon Ring"]},{"damage_healed":0.0,"max_hp_gain":0.0,"max_hp_loss":0.0,"gold_gain":0.0,"event_name":"给自己的盒子","player_choice":"Swap Relic","floor":47.0,"relics_lost":["Replay:Drink Me"],"gold_loss":0.0,"damage_taken":0.0,"relics_obtained":["Replay:Drink Me"]},{"cards_removed":["Replay:BasicMightCard"],"damage_healed":0.0,"max_hp_gain":0.0,"max_hp_loss":0.0,"gold_gain":0.0,"event_name":"Falling","player_choice":"Removed Power","floor":56.0,"gold_loss":0.0,"damage_taken":0.0},{"damage_healed":0.0,"max_hp_gain":0.0,"max_hp_loss":0.0,"gold_gain":0.0,"event_name":"Duplicator","player_choice":"Copied","floor":76.0,"gold_loss":0.0,"damage_taken":0.0,"cards_obtained":["Adrenaline"]}],"is_beta":false,"boss_relics":[{"not_picked":["SoulBox","ExusiaiGun"],"picked":"Kintsugi"},{"not_picked":[]},{"not_picked":["YumHeart","TuHaoJin"],"picked":"AT_SilverBalance"},{"not_picked":[]}],"items_purged_floors":[5,8,27,32,33,44,54,57,69,74,82,88],"is_endless":false,"potions_floor_spawned":[3,10,11,13,14,17,20,26,28,34,35,37,42,46,48,59,62,63,64,66,75,79,86],"ascension_level":20}}