{"host":"bavnrlhi49015oee","time":1613989466,"event":{"mods":["BaseMod","Colored Powertips","Lobotomy","LobotomyExtend","Minty Spire (QoL Compilation)","Quick Restart","Ryuuou¡˙Õı","StSLib","Uncapped"],"gold_per_floor":[115,135,98,98,114,114,114,128,128,148,148,112,112,112,112,209,209,229,229,240,240,252,252,4,4,82,82,82,102,102,120,120,218,218,231,231,242,255,255,255,290,290,315,315,390,418,13,24,24,24],"floor_reached":51,"language":"ZHS","playtime":2089,"items_purged":["Porccubus"],"score":918,"play_id":"b1f0f8cd-e115-4a13-8e36-f67d70ffc333","local_time":"20210222182426","is_ascension_mode":false,"campfire_choices":[{"floor":49,"key":"REST"}],"circlet_count":0,"master_deck":["SpecialBullet","SpecialBullet","SpecialBullet","SpecialBullet","SpecialBullet","SpecialBullet","SpecialBullet","SpecialBullet","DisciplinaryCode","InformationCode","SecurityCode","Discovery","Spore","ShyLook","WristCuter","Harvest","Diffraction","GreedKing","Gaze","SpiderBud","RapturousDream","Lamp+4","SpecialBullet","GoldRush","SpecialBullet","UniverseFragment","Penitence","SpecialBullet","LongBird","Lantern+1","QueenOfHatred","SpecialBullet","BigBird","Pinks","CurseOfTheBell","SpecialBullet","BlueStar","SpecialBullet","SpecialBullet","Flash of Steel","WelfareCode","Horn+1","CENSORED_ego+1","SpecialBullet"],"relics":["CogitoBucket","LetterFromLob","White Beast Statue","Black Star","AspirationHeart","Enchiridion","Singing Bowl","Mummified Hand","Calling Bell","Tiny Chest","Toxic Egg 2","Ice Cream","BehaviorAdjustment","TungstenRod","Mercury Hourglass","Ancient Tea Set","Blue Candle","Potion Belt","Pen Nib","Meat on the Bone","LuminousBracelet"],"acts_visited":["Exordium","TheCity","TheBeyond"],"potions_floor_usage":[18,18,33,33,33,41,41,46,48,50],"damage_taken":[{"damage":11,"enemies":"Jaw Worm","floor":1,"turns":2},{"damage":0,"enemies":"Cultist","floor":2,"turns":2},{"damage":0,"enemies":"2 Louse","floor":5,"turns":1},{"damage":9,"enemies":"Exordium Thugs","floor":8,"turns":4},{"damage":2,"enemies":"Large Slime","floor":10,"turns":4},{"damage":38,"enemies":"Slime Boss","floor":16,"turns":9},{"damage":8,"enemies":"3 Byrds","floor":18,"turns":3},{"damage":5,"enemies":"Spheric Guardian","floor":20,"turns":3},{"damage":24,"enemies":"3 Cultists","floor":22,"turns":5},{"damage":41,"enemies":"Snake Plant","floor":29,"turns":3},{"damage":28,"enemies":"Shelled Parasite and Fungi","floor":31,"turns":2},{"damage":37,"enemies":"Collector","floor":33,"turns":6},{"damage":38,"enemies":"3 Darklings","floor":35,"turns":3},{"damage":17,"enemies":"Orb Walker","floor":37,"turns":2},{"damage":9,"enemies":"Sphere and 2 Shapes","floor":38,"turns":3},{"damage":89,"enemies":"Reptomancer","floor":41,"turns":3},{"damage":16,"enemies":"Giant Head","floor":46,"turns":5},{"damage":21,"enemies":"Spire Growth","floor":48,"turns":11},{"damage":89,"enemies":"Donu and Deca","floor":50,"turns":7},{"damage":38,"enemies":"Malkuth","floor":51,"turns":8},{"damage":87,"enemies":"Netzach","floor":51,"turns":9}],"seed_played":"-640508964801012930","potions_obtained":[{"floor":1,"key":"Ancient Potion"},{"floor":10,"key":"SteroidPotion"},{"floor":16,"key":"EssenceOfSteel"},{"floor":18,"key":"SpeedPotion"},{"floor":20,"key":"CultistPotion"},{"floor":22,"key":"LiquidMemories"},{"floor":29,"key":"ColorlessPotion"},{"floor":33,"key":"BlessingOfTheForge"},{"floor":35,"key":"SneckoOil"},{"floor":36,"key":"Fire Potion"},{"floor":41,"key":"AttackPotion"},{"floor":46,"key":"Weak Potion"},{"floor":48,"key":"Dexterity Potion"}],"is_trial":false,"path_per_floor":["M","M","$","?","M","R","?","M","T","M","R","$","?","$","R","B",null,"M","?","M","?","M","R","$","?","T","?","R","M","?","M","R","B",null,"M","?","M","M","?","R","E","R","T","R","T","E","$","M","R","B",null],"character_chosen":"Angela","items_purchased":["Harvest","Lamp","Singing Bowl","Meat on the Bone","CENSORED_ego+1"],"campfire_rested":1,"item_purchase_floors":[3,12,24,47,47],"current_hp_per_floor":[67,70,70,70,70,70,70,70,70,70,70,70,75,75,75,55,79,93,93,97,81,75,75,75,75,75,101,101,82,82,78,78,79,113,99,99,102,113,107,107,42,42,42,42,42,52,52,86,129,96],"gold":24,"neow_bonus":"RANDOM_COLORLESS","is_daily":false,"chose_seed":false,"campfire_upgraded":0,"win_rate":0.0,"timestamp":1613989466,"path_taken":["M","M","$","?","?","R","?","M","T","M","R","?","?","?","R","BOSS","M","?","M","?","M","R","$","?","T","?","R","?","?","M","R","BOSS","M","?","M","?","?","R","E","R","T","R","?","E","$","M","R","BOSS"],"items_purchased_type":["Card","Card","Relic","Relic","Card"],"build_version":"2020-12-22","purchased_purges":1,"victory":true,"max_hp_per_floor":[70,70,70,70,70,70,70,70,70,70,70,70,75,75,75,79,79,93,93,97,97,101,101,101,101,101,101,101,107,107,109,109,113,113,119,119,121,123,127,127,127,127,127,127,127,129,129,146,146,146],"card_choices":[{"not_picked":["Purity","Panacea"],"picked":"Discovery","floor":0},{"not_picked":["VoidDream","MHz"],"picked":"Wellcheers","floor":1},{"not_picked":["Tough"],"picked":"Spore","floor":1},{"not_picked":["Mercenary","CherryBlossoms"],"picked":"ShyLook","floor":2},{"not_picked":["CherryBlossom"],"picked":"WristCuter","floor":2},{"not_picked":["BeautyBeast","SpiderBud"],"picked":"WallGazer","floor":5},{"not_picked":["ScreamingWedge"],"picked":"Diffraction","floor":5},{"not_picked":["Murderer","MeatLantern"],"picked":"GreedKing","floor":8},{"not_picked":["RapturousDream"],"picked":"Gaze","floor":8},{"not_picked":["WallGazer","FairyFestival"],"picked":"SpiderBud","floor":10},{"not_picked":["Hypocrisy"],"picked":"RapturousDream","floor":10},{"not_picked":["HeroicMonk","Scarecrow"],"picked":"SnowQueen","floor":16},{"not_picked":["DaCapo"],"picked":"GoldRush","floor":16},{"not_picked":["VoidDream","BeautyBeast"],"picked":"UniverseFragment","floor":18},{"not_picked":["Adoration"],"picked":"Penitence","floor":18},{"not_picked":["Variant","FairyFestival"],"picked":"Porccubus","floor":20},{"not_picked":["Loneliness","RapturousDream"],"picked":"SKIP","floor":20},{"not_picked":["Loneliness","RapturousDream"],"picked":"SKIP","floor":20},{"not_picked":["Wellcheers","MeatLantern"],"picked":"LongBird","floor":22},{"not_picked":["BearPaw+1"],"picked":"Lantern+1","floor":22},{"not_picked":["Variant","Rudolta"],"picked":"QueenOfHatred","floor":29},{"not_picked":["ShedSkin+1","Hornet+1"],"picked":"Singing Bowl","floor":29},{"not_picked":["Beak","Penitence+1"],"picked":"Singing Bowl","floor":31},{"not_picked":["GalaxyChild","LaLuna"],"picked":"BigBird","floor":33},{"not_picked":["Adoration"],"picked":"Pinks","floor":33},{"not_picked":["BigBadWolf","Rudolta"],"picked":"BlueStar","floor":35},{"not_picked":["Spore+1","Christmas+1"],"picked":"Singing Bowl","floor":35},{"not_picked":["Loneliness+1","RedEyes+1"],"picked":"Singing Bowl","floor":37},{"not_picked":["WristCuter+1","Reverberation"],"picked":"Singing Bowl","floor":38},{"not_picked":["Finesse+1","Trip+1"],"picked":"Singing Bowl","floor":39},{"not_picked":["Sadistic Nature","Impatience+1"],"picked":"Singing Bowl","floor":39},{"not_picked":["Thinking Ahead+1"],"picked":"Flash of Steel","floor":39},{"not_picked":["Regret_ego+1"],"picked":"Horn+1","floor":41},{"not_picked":["Loneliness+1","Gaze+1"],"picked":"Singing Bowl","floor":46},{"not_picked":["FourthMatchFlame+1","Penitence+1"],"picked":"Singing Bowl","floor":48}],"player_experience":130566,"relics_obtained":[{"floor":1,"key":"LetterFromLob"},{"floor":9,"key":"White Beast Statue"},{"floor":21,"key":"Enchiridion"},{"floor":26,"key":"Mummified Hand"},{"floor":34,"key":"Tiny Chest"},{"floor":34,"key":"Toxic Egg 2"},{"floor":34,"key":"Ice Cream"},{"floor":41,"key":"TungstenRod"},{"floor":41,"key":"Mercury Hourglass"},{"floor":43,"key":"Ancient Tea Set"},{"floor":45,"key":"Blue Candle"},{"floor":46,"key":"Potion Belt"},{"floor":46,"key":"Pen Nib"}],"event_choices":[{"cards_removed":["Wellcheers"],"damage_healed":5,"gold_gain":0,"player_choice":"Offered Common","damage_taken":0,"max_hp_gain":0,"max_hp_loss":0,"event_name":"Bonfire Elementals","floor":4,"gold_loss":0},{"cards_removed":["Wellcheers"],"damage_healed":5,"gold_gain":0,"player_choice":"Offered Special","damage_taken":0,"max_hp_gain":0,"max_hp_loss":0,"event_name":"Bonfire Elementals","floor":4,"gold_loss":0},{"cards_removed":["WallGazer"],"damage_healed":0,"gold_gain":0,"player_choice":"Purged","damage_taken":0,"max_hp_gain":0,"max_hp_loss":0,"event_name":"Purifier","floor":7,"gold_loss":0},{"damage_healed":0,"gold_gain":0,"player_choice":"Donut","damage_taken":0,"max_hp_gain":5,"max_hp_loss":0,"event_name":"Big Fish","floor":13,"gold_loss":0},{"cards_removed":["SnowQueen"],"damage_healed":0,"gold_gain":0,"player_choice":"Elegance","damage_taken":0,"max_hp_gain":0,"max_hp_loss":0,"event_name":"Back to Basics","floor":19,"gold_loss":0},{"damage_healed":0,"gold_gain":0,"player_choice":"Obtained Book","damage_taken":16,"max_hp_gain":0,"max_hp_loss":0,"event_name":"Cursed Tome","floor":21,"gold_loss":0},{"damage_healed":0,"gold_gain":0,"player_choice":"Ignored","damage_taken":0,"max_hp_gain":0,"max_hp_loss":0,"event_name":"Ghosts","floor":25,"gold_loss":0},{"damage_healed":33,"gold_gain":0,"player_choice":"Heal","damage_taken":0,"max_hp_gain":0,"max_hp_loss":0,"event_name":"The Library","floor":27,"gold_loss":0},{"damage_healed":0,"gold_gain":0,"player_choice":"Ignored","damage_taken":0,"max_hp_gain":0,"max_hp_loss":0,"event_name":"Vampires","floor":30,"gold_loss":0},{"damage_healed":0,"gold_gain":0,"player_choice":"Got Potions","damage_taken":0,"max_hp_gain":0,"max_hp_loss":0,"event_name":"Lab","floor":36,"gold_loss":0},{"damage_healed":0,"gold_gain":0,"player_choice":"Memory 3","damage_taken":10,"max_hp_gain":0,"max_hp_loss":0,"event_name":"SensoryStone","floor":39,"gold_loss":0}],"is_beta":false,"boss_relics":[{"not_picked":["SlaversCollar","Velvet Choker"],"picked":"Black Star"},{"not_picked":["Empty Cage","Snecko Eye"],"picked":"Calling Bell"}],"items_purged_floors":[47],"is_endless":false,"potions_floor_spawned":[1,10,16,18,20,22,29,31,33,35,37,38,41,46,48,51,51],"ascension_level":0}}