{"host":"a9gsz7kv8aebwp1f","time":1613996682,"event":{"mods":["AchievementEnabler","BaseMod","Minty Spire (QoL Compilation)"],"gold_per_floor":[111,111,111,130,140,140,154,154,154,154,170,170,199,199,199,299,299,312,312,330,330,3,3,15,15,15],"floor_reached":25,"language":"KOR","playtime":723,"items_purged":[],"score":350,"play_id":"1f63c001-59c0-4dda-a6f8-b105790260c1","local_time":"20210222212442","is_ascension_mode":true,"campfire_choices":[{"data":"Chaos","floor":6,"key":"SMITH"},{"floor":10,"key":"DIG"},{"floor":12,"key":"REST"},{"floor":15,"key":"DIG"},{"floor":23,"key":"REST"}],"circlet_count":0,"master_deck":["AscendersBane","Strike_B","Strike_B","Strike_B+1","Strike_B","Defend_B","Defend_B","Defend_B+1","Defend_B","Zap","Dualcast+1","Blizzard","Chaos+1","Coolheaded","Coolheaded","Stack","Coolheaded","Electrodynamics","Coolheaded","Decay","Undo","Chill","Blizzard"],"relics":["Cracked Core","NeowsBlessing","Shovel","Unceasing Top","Kunai","Akabeko","SlaversCollar","Matryoshka"],"acts_visited":["Exordium","TheCity"],"potions_floor_usage":[16,21,25],"damage_taken":[{"damage":0,"enemies":"Small Slimes","floor":1,"turns":1},{"damage":0,"enemies":"2 Louse","floor":4,"turns":1},{"damage":0,"enemies":"Cultist","floor":5,"turns":1},{"damage":0,"enemies":"Exordium Wildlife","floor":7,"turns":3},{"damage":12,"enemies":"Looter","floor":11,"turns":4},{"damage":22,"enemies":"3 Sentries","floor":13,"turns":9},{"damage":33,"enemies":"Hexaghost","floor":16,"turns":13},{"damage":0,"enemies":"3 Byrds","floor":18,"turns":2},{"damage":35,"enemies":"2 Thieves","floor":20,"turns":3},{"damage":15,"enemies":"Centurion and Healer","floor":21,"turns":2},{"damage":24,"enemies":"Snake Plant","floor":24,"turns":7},{"damage":12,"enemies":"Sentry and Sphere","floor":25,"turns":5}],"seed_played":"-4524986759808573921","potions_obtained":[{"floor":3,"key":"SmokeBomb"},{"floor":3,"key":"ColorlessPotion"},{"floor":7,"key":"PowerPotion"},{"floor":24,"key":"Dexterity Potion"}],"is_trial":false,"path_per_floor":["M","?","?","M","M","R","M","?","T","R","M","R","E","?","R","B",null,"M","?","M","M","$","R","M","M"],"character_chosen":"DEFECT","items_purchased":["Chill","Matryoshka"],"campfire_rested":2,"item_purchase_floors":[22,22],"current_hp_per_floor":[68,53,53,53,53,53,53,53,53,53,41,63,41,41,41,8,58,58,58,23,8,8,30,6,0,0],"gold":15,"neow_bonus":"THREE_ENEMY_KILL","is_daily":false,"chose_seed":false,"campfire_upgraded":1,"win_rate":0.0,"timestamp":1613996682,"path_taken":["M","?","?","?","M","R","M","?","T","R","M","R","E","?","R","BOSS","M","?","M","M","?","R","M","?"],"items_purchased_type":["Card","Relic"],"build_version":"2020-12-22","purchased_purges":0,"victory":false,"max_hp_per_floor":[75,75,75,75,75,75,75,75,75,75,75,75,75,75,75,75,75,75,75,75,75,75,75,75,75,75],"card_choices":[{"not_picked":["Ball Lightning","Compile Driver"],"picked":"Blizzard","floor":1},{"not_picked":["Rebound","Redo"],"picked":"Chaos","floor":4},{"not_picked":["Leap","Ball Lightning"],"picked":"Coolheaded","floor":5},{"not_picked":["Steam Power","Cold Snap"],"picked":"Coolheaded","floor":7},{"not_picked":["Beam Cell","Barrage"],"picked":"Stack","floor":11},{"not_picked":["Consume","Go for the Eyes"],"picked":"Coolheaded","floor":13},{"not_picked":["Core Surge","Seek"],"picked":"Electrodynamics","floor":16},{"not_picked":["Storm","Beam Cell+1"],"picked":"Coolheaded","floor":18},{"not_picked":["Hologram","Genetic Algorithm"],"picked":"Undo","floor":20},{"not_picked":["Steam","Capacitor"],"picked":"Blizzard","floor":24}],"player_experience":475360,"relics_obtained":[{"floor":9,"key":"Shovel"},{"floor":10,"key":"Unceasing Top"},{"floor":13,"key":"Kunai"},{"floor":15,"key":"Akabeko"}],"event_choices":[{"damage_healed":0,"gold_gain":0,"player_choice":"Entered Light","damage_taken":15,"max_hp_gain":0,"max_hp_loss":0,"event_name":"Shining Light","floor":2,"gold_loss":0,"cards_upgraded":["Defend_B","Strike_B"]},{"damage_healed":0,"gold_gain":0,"player_choice":"Got Potions","damage_taken":0,"max_hp_gain":0,"max_hp_loss":0,"event_name":"Lab","floor":3,"gold_loss":0},{"damage_healed":0,"gold_gain":0,"player_choice":"Ignored","damage_taken":0,"max_hp_gain":0,"max_hp_loss":0,"event_name":"Golden Wing","floor":8,"gold_loss":0},{"damage_healed":0,"gold_gain":0,"player_choice":"Forge","damage_taken":0,"max_hp_gain":0,"max_hp_loss":0,"event_name":"Accursed Blacksmith","floor":14,"gold_loss":0,"cards_upgraded":["Dualcast"]},{"damage_healed":0,"gold_gain":0,"player_choice":"Cursed","damage_taken":0,"max_hp_gain":0,"max_hp_loss":0,"event_name":"Wheel of Change","floor":19,"gold_loss":0,"cards_obtained":["Decay"]}],"is_beta":false,"boss_relics":[{"not_picked":["Sozu","Busted Crown"],"picked":"SlaversCollar"}],"items_purged_floors":[],"is_endless":false,"potions_floor_spawned":[7,11,21,24],"killed_by":"Sentry and Sphere","ascension_level":12}}