{"host":"2haferq23ht5nrlk","time":1613997665,"event":{"mods":["ATMod(阿瑾Mod)","Act Like it!","Arknights","Aspiration","BaseMod","BetterRewards","Colored Powertips","Conspire","Dota2Spire","KomeijiMod","Lobotomy","LobotomyExtend","Minty Spire (QoL Compilation)","Quick Restart","Relic Filter Mod","Relic Stats","Reliquary","Replay The Spire","Spicy Shops","StSLib","TestMod","The Cursed","UnlockEverythingMod","【遗物卡牌】REMEMod"],"gold_per_floor":[117,117,117,117,134,162,162,162,162,189,189,209,209,220,220,320,320,325,325],"floor_reached":18,"language":"ZHS","playtime":851,"items_purged":[],"score":176,"play_id":"01451081-a76a-4e6c-ac74-32a3fbcbc315","local_time":"20210222204105","is_ascension_mode":true,"campfire_choices":[{"floor":7,"key":"REST"},{"floor":11,"key":"REST"},{"data":"ReplayTheSpireMod:Uncanny Aura","floor":15,"key":"SMITH"}],"circlet_count":0,"master_deck":["ats:Strike C","ats:Strike G","ats:Strike S","ats:Strike V","ats:Armor Crushing Shot","ats:Defend","ats:Defend","ats:Defend","ats:Emotion Absorption","AT_MachinaRedman","AT_TinkerSharpsword","Scorched","ats:Cat Scratch","Secret Weapon","testmod-VirtualReality","ReplayTheSpireMod:Uncanny Aura+1","ats:Explosion Area Strengthen","Mercenary","OSAHOGD","ats:Flexible Camouflage","ats:Sword Rain","ShyLook","MHz","ats:Hammer On","Amnesia","SilentOrchestra","ats:Explosion Area Strengthen","Murderer","ats:Shadow Assault"],"relics":["ats:Sanity","REME_ComplimentaryCards","testmod-TestBox","CogitoBucket","testmod-IWantAll","LetterFromLob","ReplayTheSpireMod:ShopPack","WingedGreaves","ats:Originium","reliquary:IridiumChain","conspire:Flyswatter","ats:Berate","BackwardClock","testmod-DeterminationOfClimber","Heaven_r"],"acts_visited":["Exordium","TheCity"],"potions_floor_usage":[10,16],"damage_taken":[{"damage":0,"enemies":"Cultist","floor":1,"turns":1},{"damage":6,"enemies":"Jaw Worm","floor":5,"turns":2},{"damage":56,"enemies":"Lagavulin","floor":6,"turns":8},{"damage":9,"enemies":"3 Sentries","floor":10,"turns":2},{"damage":0,"enemies":"2 Louse","floor":12,"turns":1},{"damage":0,"enemies":"Lots of Slimes","floor":14,"turns":1},{"damage":13,"enemies":"Fading Forest","floor":16,"turns":11},{"damage":15,"enemies":"Chosen","floor":18,"turns":2}],"seed_played":"-5434500385882542898","potions_obtained":[{"floor":5,"key":"CultistPotion"},{"floor":6,"key":"GamblersBrew"}],"is_trial":false,"path_per_floor":["M","?","?","T","M","E","R","?","T","E","R","M","?","M","R","B",null,"M"],"character_chosen":"DOCTOR_CLASS","items_purchased":[],"campfire_rested":2,"item_purchase_floors":[],"current_hp_per_floor":[72,72,65,65,59,3,24,24,24,15,36,36,72,72,72,59,72,0,0],"gold":325,"neow_bonus":"","is_daily":false,"chose_seed":false,"campfire_upgraded":1,"win_rate":0.0,"timestamp":1613997665,"path_taken":["M","?","?","?","M","E","R","?","T","E","R","?","?","M","R","BOSS","M"],"items_purchased_type":[],"build_version":"2020-12-22","purchased_purges":0,"victory":false,"max_hp_per_floor":[72,72,72,72,72,72,72,72,72,72,72,72,72,72,72,72,72,72,72],"relic_stats":{"counters":[9,29],"obtain_stats":[{"BackwardClock":14,"AT_ATBox":0,"testmod-TestBox":0,"testmod-IWantAll":0,"reliquary:IridiumChain":6,"Heaven_r":18,"CogitoBucket":0,"ats:Originium":6,"ats:Berate":10,"WingedGreaves":3,"LetterFromLob":1,"testmod-DeterminationOfClimber":17,"ats:Sanity":0,"REME_ComplimentaryCards":0,"ReplayTheSpireMod:ShopPack":2,"conspire:Flyswatter":9},{"BackwardClock":7,"AT_ATBox":0,"testmod-TestBox":0,"testmod-IWantAll":0,"reliquary:IridiumChain":3,"Heaven_r":9,"CogitoBucket":0,"ats:Originium":3,"ats:Berate":4,"WingedGreaves":1,"LetterFromLob":1,"testmod-DeterminationOfClimber":8,"ats:Sanity":0,"REME_ComplimentaryCards":0,"ReplayTheSpireMod:ShopPack":1,"conspire:Flyswatter":3},{"BackwardClock":16,"AT_ATBox":0,"testmod-TestBox":0,"testmod-IWantAll":0,"reliquary:IridiumChain":11,"Heaven_r":29,"CogitoBucket":0,"ats:Originium":11,"ats:Berate":13,"WingedGreaves":1,"LetterFromLob":1,"testmod-DeterminationOfClimber":27,"ats:Sanity":0,"REME_ComplimentaryCards":0,"ReplayTheSpireMod:ShopPack":1,"conspire:Flyswatter":11}]},"card_choices":[{"not_picked":["FieryBird","MeatLantern"],"picked":"Scorched","floor":1},{"not_picked":["ats:Burning Ground","ats:Wolf Pack"],"picked":"ats:Cat Scratch","floor":1},{"not_picked":["ReplayTheSpireMod:Necrogeddon","testmod-Reproduce"],"picked":"Secret Weapon","floor":2},{"not_picked":["Dramatic Entrance","testmod-SelfRegulatingSystem"],"picked":"testmod-VirtualReality","floor":2},{"not_picked":["Jack Of All Trades","REME_MawOfCthun"],"picked":"ReplayTheSpireMod:Uncanny Aura","floor":2},{"not_picked":["ats:Curse Doll","ats:Guardian Obelisk"],"picked":"ats:Explosion Area Strengthen","floor":5},{"not_picked":["Murderer","SpiderBud"],"picked":"Mercenary","floor":5},{"not_picked":["WallGazer","MeatLantern"],"picked":"OSAHOGD","floor":6},{"not_picked":["ats:Shell Defense","ats:Soul Absorption"],"picked":"ats:Flexible Camouflage","floor":6},{"not_picked":["ats:Thorns","ats:Poison Spread"],"picked":"ats:Sword Rain","floor":10},{"not_picked":["Rudolta","RedShoes"],"picked":"ShyLook","floor":10},{"not_picked":["FairyFestival","CherryBlossoms"],"picked":"MHz","floor":12},{"not_picked":["ats:Very Hot Blade","ats:Soul Absorption"],"picked":"ats:Hammer On","floor":12},{"not_picked":["MeatLantern","BlackSwan"],"picked":"SilentOrchestra","floor":14},{"not_picked":["ats:Consecutive Shot Auto","ats:Flexible Camouflage"],"picked":"ats:Explosion Area Strengthen","floor":14},{"not_picked":["SingingMachine","FairyFestival"],"picked":"Murderer","floor":16},{"not_picked":["ats:Echo Reverb","ats:Wolf Pack"],"picked":"ats:Shadow Assault","floor":16}],"player_experience":31482,"relics_obtained":[{"floor":1,"key":"LetterFromLob"},{"floor":6,"key":"ats:Originium"},{"floor":6,"key":"reliquary:IridiumChain"},{"floor":9,"key":"conspire:Flyswatter"},{"floor":10,"key":"ats:Originium"},{"floor":10,"key":"ats:Berate"}],"event_choices":[{"damage_healed":0,"gold_gain":0,"player_choice":"Swap Relic","damage_taken":0,"relics_obtained":["ReplayTheSpireMod:ShopPack"],"max_hp_gain":0,"max_hp_loss":0,"event_name":"给自己的盒子","floor":2,"relics_lost":["AT_ATBox"],"gold_loss":0},{"damage_healed":0,"gold_gain":0,"player_choice":"Success","damage_taken":7,"relics_obtained":["WingedGreaves"],"max_hp_gain":0,"max_hp_loss":0,"event_name":"Scrap Ooze","floor":3,"gold_loss":0},{"cards_removed":["ats:Defend"],"damage_healed":0,"gold_gain":0,"player_choice":"Purged","damage_taken":0,"max_hp_gain":0,"max_hp_loss":0,"event_name":"Purifier","floor":8,"gold_loss":0}],"is_beta":false,"boss_relics":[{"not_picked":["Pandora\u0027s Box","Replay:Bronze Core"],"picked":"testmod-DeterminationOfClimber"}],"items_purged_floors":[],"is_endless":false,"potions_floor_spawned":[5,6],"killed_by":"Chosen","ascension_level":1}}