{"host":"7jl4uf745pjtflnx","time":1613982585,"event":{"mods":["BaseMod","BetterRewards","Hubris","Minty Spire (QoL Compilation)","Reliquary","Replay The Spire","StSLib","SuperFastMode","The Construct"],"gold_per_floor":[115,128,138,155,155,155,4,37,63,75,91,17,31,44,44,139,139,153,153,63,15,27,27,27],"floor_reached":23,"language":"ENG","playtime":704,"items_purged":["Vigilance"],"score":230,"play_id":"98168f8f-3f61-4ab5-8dd4-19bc1d91230b","local_time":"20210222032945","is_ascension_mode":true,"campfire_choices":[{"data":"Bash","floor":6,"key":"SMITH"},{"data":"Reaper","floor":15,"key":"SMITH"}],"circlet_count":0,"master_deck":["Strike_R","Strike_R","Strike_R","Strike_R","Strike_R","Defend_R","Defend_R","Defend_R","Defend_R","Bash+1","Cleave","Armaments","Disarm+1","ReplayTheSpireMod:Stacked","Reaper+1","Seeing Red","Evolve","Flex","hubris:StunningStrike","Rage+1","Shrug It Off"],"relics":["Burning Blood","Pantograph","ReplayTheSpireMod:DimensionalGlitch"],"acts_visited":["Exordium","TheCity"],"potions_floor_usage":[16,16],"damage_taken":[{"damage":4,"enemies":"2 Louse","floor":1,"turns":3},{"damage":6,"enemies":"Cultist","floor":2,"turns":3},{"damage":10,"enemies":"Small Slimes","floor":3,"turns":4},{"damage":6,"enemies":"Red Slaver","floor":4,"turns":5},{"damage":23,"enemies":"3 Sentries","floor":8,"turns":10},{"damage":8,"enemies":"3 Louse","floor":10,"turns":3},{"damage":0,"enemies":"Large Slime","floor":11,"turns":6},{"damage":13,"enemies":"Red Slaver","floor":13,"turns":6},{"damage":2,"enemies":"Gremlin Gang","floor":14,"turns":6},{"damage":43,"enemies":"Hexaghost","floor":16,"turns":13},{"damage":16,"enemies":"Shell Parasite","floor":18,"turns":9},{"damage":42,"enemies":"Spheric Guardian","floor":22,"turns":10},{"damage":0,"enemies":"Book of Stabbing","floor":23,"turns":1}],"seed_played":"21456936456152746","potions_obtained":[{"floor":2,"key":"BloodPotion"},{"floor":3,"key":"Ancient Potion"},{"floor":5,"key":"Dexterity Potion"},{"floor":11,"key":"Strength Potion"},{"floor":18,"key":"BloodPotion"}],"is_trial":false,"path_per_floor":["M","M","M","M","?","R","$","E","T","M","M","$","M","M","R","B",null,"M","?","?","$","M","E"],"character_chosen":"IRONCLAD","items_purchased":["ReplayTheSpireMod:Stacked","Evolve","Block Potion"],"campfire_rested":0,"item_purchase_floors":[7,12,21],"current_hp_per_floor":[96,96,92,92,92,92,92,75,75,85,96,96,95,96,96,69,96,83,64,64,64,28,28,28],"gold":27,"neow_bonus":"TWENTY_PERCENT_HP_BONUS","is_daily":false,"chose_seed":false,"campfire_upgraded":2,"win_rate":0.0,"timestamp":1613982585,"path_taken":["M","M","M","M","?","R","$","E","T","M","?","$","M","M","R","BOSS","M","?","?","$","M","E"],"items_purchased_type":["Card","Card","Potion"],"build_version":"2020-12-22","purchased_purges":1,"victory":false,"max_hp_per_floor":[96,96,96,96,96,96,96,96,96,96,96,96,96,96,96,96,96,96,101,101,101,101,101,101],"card_choices":[{"not_picked":["ReplayTheSpireMod:Strike From Hell","Wild Strike"],"picked":"Cleave","floor":1},{"not_picked":["Clash","Replay:Undeath\u0027s Touch"],"picked":"Armaments","floor":2},{"not_picked":["Replay:Undeath\u0027s Touch","Clash","ReplayTheSpireMod:LeadingStrike"],"picked":"SKIP","floor":3},{"not_picked":["Dark Embrace","Twin Strike"],"picked":"Disarm","floor":4},{"not_picked":["Disarm","Clothesline"],"picked":"Reaper","floor":8},{"not_picked":["ReplayTheSpireMod:Strike From Hell","Shockwave","Run Through"],"picked":"SKIP","floor":10},{"not_picked":["Clothesline","Havoc"],"picked":"Seeing Red","floor":11},{"not_picked":["Uppercut","Blood for Blood"],"picked":"Flex","floor":13},{"not_picked":["Massacre","Cleave","hubris:SharpeningStone"],"picked":"SKIP","floor":14},{"not_picked":["Fiend Fire","Corruption"],"picked":"hubris:StunningStrike","floor":16},{"not_picked":["Pommel Strike","Cleave"],"picked":"Rage+1","floor":18},{"not_picked":["Twin Strike+1","ReplayReversal"],"picked":"Shrug It Off","floor":22}],"player_experience":841304,"relics_obtained":[{"floor":8,"key":"Pantograph"}],"event_choices":[{"damage_healed":0,"gold_gain":0,"player_choice":"Got Potions","damage_taken":0,"max_hp_gain":0,"max_hp_loss":0,"event_name":"Lab","floor":5,"gold_loss":0},{"damage_healed":0,"gold_gain":0,"player_choice":"Shed Blood","damage_taken":24,"max_hp_gain":5,"max_hp_loss":0,"event_name":"Forgotten Altar","floor":19,"gold_loss":0},{"cards_removed":["Strike_P"],"damage_healed":0,"gold_gain":0,"player_choice":"Upgrade and Remove","damage_taken":0,"max_hp_gain":0,"max_hp_loss":0,"event_name":"Designer","floor":20,"gold_loss":90,"cards_upgraded":["Disarm"]}],"is_beta":false,"boss_relics":[{"not_picked":["Snecko Eye","Painkiller Herb"],"picked":"ReplayTheSpireMod:DimensionalGlitch"}],"items_purged_floors":[7],"is_endless":false,"potions_floor_spawned":[2,3,10,11,13,14,18],"killed_by":"Book of Stabbing","ascension_level":1}}