{"host":"w71ztq0fmb7m1c2b","time":1613999033,"event":{"mods":["BaseMod","Colored Map","Colored Powertips","Downfall","Hermit","Minty Spire (QoL Compilation)","Robot Space Explorer","StSLib","The Cursed","The Servant 0.9.4"],"gold_per_floor":[112,126,39,39,102,132,132,150,221,234,244,263,263,280,280,385,385,366,393,393,405,405,405,405],"floor_reached":23,"language":"ENG","playtime":1279,"items_purged":[],"score":218,"play_id":"ca98665a-633e-42d3-842e-9a164b6c6467","local_time":"20210222140353","is_ascension_mode":false,"campfire_choices":[{"floor":7,"key":"REST"},{"data":"TheCursedMod:CircleOfFlame","floor":15,"key":"SMITH"}],"circlet_count":0,"master_deck":["TheCursedMod:Strike_TheCursed","TheCursedMod:Strike_TheCursed","TheCursedMod:Strike_TheCursed","TheCursedMod:Strike_TheCursed","TheCursedMod:Defend_TheCursed","TheCursedMod:Defend_TheCursed","TheCursedMod:Defend_TheCursed","TheCursedMod:Defend_TheCursed","TheCursedMod:CursedWand","TheCursedMod:CleanUpWorkshop","TheCursedMod:Dregs","TheCursedMod:CircleOfFlame+1","TheCursedMod:TroublousMinions","TheCursedMod:CursedAmulet","TheCursedMod:CursedStaff","TheCursedMod:RapidMovement","TheCursedMod:Grudge","TheCursedMod:WearCloak","TheCursedMod:ShockAndAwe+1","TheCursedMod:CursedStaff+1","TheCursedMod:TacticalStrike+1","Regret","TheCursedMod:CursedShiv+1","TheCursedMod:VoidForm","TheCursedMod:CircleOfFlame","TheCursedMod:Stretching+1","TheCursedMod:SpitefulStrike+1","RitualDagger+1"],"relics":["TheCursedMod:BlackMagicAdvanced","NeowsBlessing","Dream Catcher","Molten Egg 2","Strawberry","Red Mask"],"acts_visited":["Exordium","TheCity"],"potions_floor_usage":[16,18,21,23],"damage_taken":[{"damage":0,"enemies":"Cultist","floor":1,"turns":1},{"damage":0,"enemies":"Small Slimes","floor":2,"turns":1},{"damage":0,"enemies":"Lagavulin","floor":6,"turns":1},{"damage":4,"enemies":"Jaw Worm","floor":8,"turns":3},{"damage":0,"enemies":"2 Fungi Beasts","floor":10,"turns":3},{"damage":0,"enemies":"Blue Slaver","floor":11,"turns":2},{"damage":0,"enemies":"Exordium Thugs","floor":12,"turns":4},{"damage":0,"enemies":"Looter","floor":14,"turns":2},{"damage":35,"enemies":"Slime Boss","floor":16,"turns":9},{"damage":21,"enemies":"2 Thieves","floor":18,"turns":4},{"damage":16,"enemies":"Masked Bandits","floor":19,"turns":3},{"damage":24,"enemies":"Chosen","floor":21,"turns":6},{"damage":32,"enemies":"Gremlin Leader","floor":23,"turns":5}],"seed_played":"-7185443448370065396","potions_obtained":[{"floor":6,"key":"Guardian:BlockOnCardUsePotion"},{"floor":8,"key":"Dexterity Potion"},{"floor":12,"key":"DistilledChaos"},{"floor":16,"key":"sneckomod:MuddlingPotion"},{"floor":19,"key":"Regen Potion"}],"is_trial":false,"path_per_floor":["M","M","$","$","?","E","R","M","T","M","M","M","?","M","R","B",null,"M","?","?","M","?","E"],"character_chosen":"THE_CURSED","items_purchased":["TheCursedMod:CursedAmulet","TheCursedMod:CursedStaff"],"campfire_rested":1,"item_purchase_floors":[3,3],"current_hp_per_floor":[75,75,75,75,75,75,75,71,71,71,71,71,78,78,78,43,82,61,45,45,36,30,0,0],"gold":405,"neow_bonus":"THREE_ENEMY_KILL","is_daily":false,"chose_seed":false,"campfire_upgraded":1,"win_rate":0.0,"timestamp":1613999033,"path_taken":["M","?","?","$","?","E","R","M","T","M","M","M","?","M","R","BOSS","M","?","?","?","?","E"],"items_purchased_type":["Card","Card"],"build_version":"2020-12-22","purchased_purges":0,"victory":false,"max_hp_per_floor":[75,75,75,75,75,75,75,75,75,75,75,75,82,82,82,82,82,82,82,82,82,82,82,82],"card_choices":[{"not_picked":["TheCursedMod:SpitefulStrike","TheCursedMod:AbyssShockwave"],"picked":"TheCursedMod:CircleOfFlame","floor":1},{"not_picked":["TheCursedMod:CircleOfCorruption","TheCursedMod:Grudge"],"picked":"TheCursedMod:TroublousMinions","floor":2},{"not_picked":["TheCursedMod:PrepareRite","TheCursedMod:FleshFromBone"],"picked":"TheCursedMod:RapidMovement","floor":6},{"not_picked":["TheCursedMod:Torture","TheCursedMod:Obscuration"],"picked":"TheCursedMod:Grudge","floor":7},{"not_picked":["TheCursedMod:FleshFromBone","TheCursedMod:BlessingInDisguise"],"picked":"TheCursedMod:WearCloak","floor":8},{"not_picked":["TheCursedMod:VitalStrike+1","TheCursedMod:Grudge"],"picked":"TheCursedMod:ShockAndAwe+1","floor":10},{"not_picked":["TheCursedMod:Mangle+1","TheCursedMod:Obscuration"],"picked":"TheCursedMod:CursedStaff+1","floor":11},{"not_picked":["TheCursedMod:Stigma+1","TheCursedMod:WearCloak"],"picked":"TheCursedMod:TacticalStrike+1","floor":12},{"not_picked":["TheCursedMod:CircleOfAmplification","TheCursedMod:RapidMovement"],"picked":"TheCursedMod:CursedShiv+1","floor":14},{"not_picked":["TheCursedMod:StunningStrike+1","TheCursedMod:DemonicPact"],"picked":"TheCursedMod:VoidForm","floor":16},{"not_picked":["TheCursedMod:VitalStrike+1","TheCursedMod:SmokeScreen"],"picked":"TheCursedMod:CircleOfFlame","floor":18},{"not_picked":["TheCursedMod:WearCloak","TheCursedMod:HellsGateOpen+1"],"picked":"TheCursedMod:Stretching+1","floor":19},{"not_picked":["TheCursedMod:ForbiddenAlchemy","TheCursedMod:Torture+1"],"picked":"TheCursedMod:SpitefulStrike+1","floor":21}],"player_experience":227441,"relics_obtained":[{"floor":6,"key":"Dream Catcher"},{"floor":9,"key":"Molten Egg 2"},{"floor":19,"key":"Red Mask"}],"event_choices":[{"damage_healed":0,"gold_gain":63,"player_choice":"Gained Gold","damage_taken":0,"max_hp_gain":0,"max_hp_loss":0,"event_name":"Golden Wing","floor":5,"gold_loss":0},{"damage_healed":0,"gold_gain":0,"player_choice":"Box","damage_taken":0,"relics_obtained":["Strawberry"],"max_hp_gain":0,"max_hp_loss":0,"event_name":"Big Fish","floor":13,"gold_loss":0,"cards_obtained":["Regret"]},{"damage_healed":0,"gold_gain":0,"player_choice":"Fought Bandits","damage_taken":0,"max_hp_gain":0,"max_hp_loss":0,"event_name":"Masked Bandits","floor":19,"gold_loss":0},{"damage_healed":0,"gold_gain":0,"player_choice":"Bought 0 Potions","damage_taken":0,"max_hp_gain":0,"max_hp_loss":0,"event_name":"The Woman in Blue","floor":20,"gold_loss":0},{"damage_healed":0,"gold_gain":0,"player_choice":"Joined the Cult","damage_taken":6,"max_hp_gain":0,"max_hp_loss":0,"event_name":"Nest","floor":22,"gold_loss":0,"cards_obtained":["RitualDagger"]}],"is_beta":false,"boss_relics":[{"not_picked":["Black Star","Sozu"],"picked":"TheCursedMod:BlackMagicAdvanced"}],"items_purged_floors":[],"is_endless":false,"potions_floor_spawned":[6,8,12,16,19],"killed_by":"Gremlin Leader","ascension_level":0}}