{"host":"61r95uy0hn86b9iu","time":1613958867,"event":{"mods":["AchievementEnabler","BaseMod","Better Vampires","BetterRewards","Colored Powertips","Hubris","Minty Spire (QoL Compilation)","Shop Mod","StSLib"],"gold_per_floor":[112,112,112,112,125,125,152,152,152,152,152,184,194,159,159,238,238,254,254,254,272,272,272,272,272],"floor_reached":24,"language":"ENG","playtime":536,"items_purged":["Decay"],"score":683,"play_id":"14b8a40e-74ac-4d17-9096-8711457ca0ed","local_time":"20210221195427","is_ascension_mode":true,"campfire_choices":[{"floor":6.0,"key":"REST"},{"data":"Redo","floor":8.0,"key":"SMITH"},{"data":"Dualcast","floor":10.0,"key":"SMITH"},{"floor":15.0,"key":"REST"},{"floor":23.0,"key":"REST"}],"circlet_count":0,"master_deck":["AscendersBane","Strike_B","Strike_B","Strike_B","Strike_B","Defend_B","Defend_B","Defend_B","Defend_B","Zap","Dualcast+1","Redo+1","Coolheaded","Seek","hubris:PowerSurge","Consume","Reboot","Defragment","Leap"],"relics":["Cracked Core","hubris:Zylophone","Medical Kit","PreservedInsect","White Beast Statue","Letter Opener","Matryoshka","SacredBark","hubris:Icosahedron"],"acts_visited":["Exordium","TheCity"],"potions_floor_usage":[],"damage_taken":[{"damage":4.0,"enemies":"2 Louse","floor":1.0,"turns":3.0},{"damage":14.0,"enemies":"Jaw Worm","floor":5.0,"turns":4.0},{"damage":11.0,"enemies":"Gremlin Nob","floor":7.0,"turns":3.0},{"damage":18.0,"enemies":"Lagavulin","floor":12.0,"turns":4.0},{"damage":0.0,"enemies":"Cultist","floor":13.0,"turns":2.0},{"damage":0.0,"enemies":"Slime Boss","floor":16.0,"turns":6.0},{"damage":41.0,"enemies":"3 Byrds","floor":18.0,"turns":3.0},{"damage":1.0,"enemies":"Spheric Guardian","floor":21.0,"turns":3.0},{"damage":58,"enemies":"Book of Stabbing","floor":24,"turns":6}],"seed_played":"6991556410338091874","potions_obtained":[{"floor":5.0,"key":"LiquidMemories"},{"floor":7.0,"key":"Block Potion"},{"floor":12.0,"key":"PotionOfCapacity"},{"floor":13.0,"key":"LiquidMemories"},{"floor":16.0,"key":"LiquidMemories"},{"floor":18.0,"key":"SkillPotion"},{"floor":21.0,"key":"Fruit Juice"}],"is_trial":false,"path_per_floor":["M","?","?","?","M","R","E","R","T","R","$","E","M","?","R","B",null,"M","?","?","M","$","R","E"],"character_chosen":"DEFECT","items_purchased":["Medical Kit","Redo"],"campfire_rested":3,"item_purchase_floors":[0,0],"current_hp_per_floor":[53,53,53,53,39,60,49,49,49,49,49,31,31,48,69,69,71,30,30,30,39,34,58,0,0],"gold":272,"neow_bonus":"","is_daily":false,"chose_seed":false,"campfire_upgraded":2,"win_rate":0.0,"timestamp":1613958867,"path_taken":["M","?","?","?","?","R","E","R","T","R","$","E","M","?","R","BOSS","M","?","?","M","?","R","E"],"items_purchased_type":["Relic","Card"],"build_version":"2020-12-22","purchased_purges":1,"victory":false,"max_hp_per_floor":[71,71,71,71,71,71,71,71,71,71,71,71,71,71,71,71,71,71,71,71,81,81,81,81,81],"card_choices":[{"not_picked":["Sweeping Beam","Ball Lightning"],"picked":"Coolheaded","floor":1.0},{"not_picked":["Force Field","Recycle","BootSequence"],"picked":"SKIP","floor":5.0},{"not_picked":["Cold Snap","Sweeping Beam"],"picked":"Seek","floor":7.0},{"not_picked":["Streamline","Redo"],"picked":"hubris:PowerSurge","floor":12.0},{"not_picked":["Genetic Algorithm","Redo"],"picked":"Consume","floor":13.0},{"not_picked":["Machine Learning","Meteor Strike"],"picked":"Reboot","floor":16.0},{"not_picked":["Undo","Steam"],"picked":"Defragment","floor":18.0},{"not_picked":["Rebound","Gash"],"picked":"Leap","floor":21.0}],"player_experience":3374893,"relics_obtained":[{"floor":7.0,"key":"White Beast Statue"},{"floor":9.0,"key":"Letter Opener"},{"floor":12.0,"key":"Matryoshka"}],"event_choices":[{"damage_healed":0.0,"max_hp_gain":0.0,"max_hp_loss":0.0,"gold_gain":0.0,"event_name":"Big Fish","player_choice":"Box","floor":2.0,"gold_loss":0.0,"damage_taken":0.0,"relics_obtained":["PreservedInsect"],"cards_obtained":["Regret"]},{"damage_healed":0.0,"max_hp_gain":0.0,"max_hp_loss":0.0,"gold_gain":0.0,"event_name":"Shining Light","player_choice":"Ignored","floor":3.0,"gold_loss":0.0,"damage_taken":0.0},{"cards_removed":["Regret"],"damage_healed":0.0,"max_hp_gain":0.0,"max_hp_loss":0.0,"gold_gain":0.0,"event_name":"Living Wall","player_choice":"Forget","floor":4.0,"gold_loss":0.0,"damage_taken":0.0},{"damage_healed":17.0,"max_hp_gain":0.0,"max_hp_loss":0.0,"gold_gain":0.0,"event_name":"The Cleric","player_choice":"Healed","floor":14.0,"gold_loss":35.0,"damage_taken":0.0},{"damage_healed":0.0,"max_hp_gain":0.0,"max_hp_loss":0.0,"gold_gain":0.0,"event_name":"Forgotten Altar","player_choice":"Smashed Altar","floor":20.0,"gold_loss":0.0,"damage_taken":0.0,"cards_obtained":["Decay"]}],"is_beta":false,"boss_relics":[{"not_picked":["Runic Dome","Sozu"],"picked":"SacredBark"}],"items_purged_floors":[22],"is_endless":false,"potions_floor_spawned":[5,7,12,13,16,18,21],"killed_by":"Book of Stabbing","ascension_level":19}}