{"host":"mlerl2sxhcwd6xvy","time":1613957772,"event":{"mods":["BaseMod","Minty Spire (QoL Compilation)","StSLib","The Marked","The Runesmith"],"gold_per_floor":[117,192,367,367,377,405,405,440,463,473,506,516,283,295,295,400,400,416,434,449,38,38,38,50,81,81,81,106,106,136,54,54,54,54],"floor_reached":33,"language":"ENG","playtime":1830,"items_purged":["Strike_B","Doubt"],"score":392,"play_id":"5d18db09-a49e-408e-b2c5-3d927b416089","local_time":"20210221203612","is_ascension_mode":true,"campfire_choices":[{"data":"Fission","floor":7,"key":"SMITH"},{"floor":15,"key":"REST"},{"data":"Hologram","floor":23,"key":"SMITH"},{"data":"Ball Lightning","floor":27,"key":"SMITH"},{"floor":32,"key":"REST"}],"circlet_count":0,"master_deck":["Strike_B","Strike_B","Defend_B","Defend_B","Defend_B+1","Defend_B","Zap+1","Dualcast","Ball Lightning","Fission+1","Compile Driver","Conserve Battery","Coolheaded","Sweeping Beam","Skim","Genetic Algorithm","Ball Lightning+1","Hologram+1","Trip","Electrodynamics","Sunder+1","Self Repair","Redo+1","Turbo","Loop"],"relics":["Cracked Core","NeowsBlessing","Centennial Puzzle","Ancient Tea Set","War Paint","Vajra","Inserter","Strange Spoon","Runesmith:AutoHammer","Happy Flower","Gremlin Horn","Tiny Chest","Art of War"],"acts_visited":["Exordium","TheCity"],"potions_floor_usage":[16,25,25,28,30],"damage_taken":[{"damage":0,"enemies":"Small Slimes","floor":1,"turns":1},{"damage":0,"enemies":"2 Louse","floor":5,"turns":1},{"damage":0,"enemies":"3 Sentries","floor":6,"turns":1},{"damage":14,"enemies":"Gremlin Nob","floor":8,"turns":3},{"damage":0,"enemies":"Cultist","floor":10,"turns":4},{"damage":4,"enemies":"3 Sentries","floor":11,"turns":5},{"damage":9,"enemies":"Lots of Slimes","floor":12,"turns":2},{"damage":0,"enemies":"Gremlin Gang","floor":14,"turns":3},{"damage":19,"enemies":"Hexaghost","floor":16,"turns":6},{"damage":5,"enemies":"Chosen","floor":18,"turns":4},{"damage":5,"enemies":"Shell Parasite","floor":19,"turns":3},{"damage":22,"enemies":"Snecko","floor":20,"turns":4},{"damage":11,"enemies":"Shelled Parasite and Fungi","floor":24,"turns":2},{"damage":0,"enemies":"Slavers","floor":25,"turns":2},{"damage":29,"enemies":"Gremlin Leader","floor":28,"turns":4},{"damage":22,"enemies":"Slavers","floor":30,"turns":2},{"damage":32,"enemies":"Automaton","floor":33,"turns":6}],"seed_played":"5015880793257242437","potions_obtained":[{"floor":8,"key":"Swift Potion"},{"floor":10,"key":"FearPotion"},{"floor":11,"key":"Energy Potion"},{"floor":14,"key":"FocusPotion"},{"floor":18,"key":"SneckoOil"},{"floor":25,"key":"PowerPotion"},{"floor":28,"key":"EssenceOfSteel"}],"is_trial":false,"path_per_floor":["M","?","?","?","M","E","R","E","T","M","E","M","$","M","R","B",null,"M","M","M","$","?","R","M","E","T","R","E","?","E","$","R","B"],"character_chosen":"DEFECT","items_purchased":["Ball Lightning","Hologram","Trip","Strange Spoon","Runesmith:AutoHammer","Loop"],"campfire_rested":2,"item_purchase_floors":[13,13,13,21,21,31],"current_hp_per_floor":[75,64,64,64,64,64,64,50,50,50,46,37,37,37,59,40,75,70,65,43,43,43,43,39,46,46,46,24,24,2,2,24,0,0],"gold":54,"neow_bonus":"THREE_ENEMY_KILL","is_daily":false,"chose_seed":false,"campfire_upgraded":3,"win_rate":0.0,"timestamp":1613957772,"path_taken":["M","?","?","?","M","E","R","E","T","?","E","M","$","M","R","BOSS","M","?","?","?","?","R","M","E","T","R","E","?","E","$","R","BOSS"],"items_purchased_type":["Card","Card","Card","Relic","Relic","Card"],"build_version":"2020-12-22","purchased_purges":2,"victory":false,"max_hp_per_floor":[75,75,75,75,75,75,75,75,75,75,75,75,75,75,75,75,75,75,75,75,75,75,75,75,75,75,75,75,75,75,75,75,75,75],"card_choices":[{"not_picked":["Conserve Battery","FTL"],"picked":"Ball Lightning","floor":1},{"not_picked":["Blizzard","Steam"],"picked":"Compile Driver","floor":5},{"not_picked":["Sweeping Beam","Stack"],"picked":"Conserve Battery","floor":6},{"not_picked":["Leap","Aggregate"],"picked":"Coolheaded","floor":8},{"not_picked":["Barrage","Aggregate"],"picked":"Sweeping Beam","floor":10},{"not_picked":["Rebound","Go for the Eyes"],"picked":"Skim","floor":11},{"not_picked":["Go for the Eyes","Meteor Strike"],"picked":"Genetic Algorithm","floor":12},{"not_picked":["Reprogram","White Noise","Stack"],"picked":"SKIP","floor":14},{"not_picked":["Multi-Cast","Meteor Strike"],"picked":"Electrodynamics","floor":16},{"not_picked":["Sweeping Beam","Steam+1"],"picked":"Sunder+1","floor":18},{"not_picked":["Stack","Blizzard","Redo"],"picked":"SKIP","floor":19},{"not_picked":["Sunder+1","Leap"],"picked":"Self Repair","floor":20},{"not_picked":["Gash","Capacitor"],"picked":"Redo+1","floor":24},{"not_picked":["Rebound+1","Thunder Strike"],"picked":"Turbo","floor":25},{"not_picked":["Static Discharge+1","Sweeping Beam+1","Redo"],"picked":"SKIP","floor":28},{"not_picked":["Biased Cognition","Rebound+1","Go for the Eyes"],"picked":"SKIP","floor":30}],"player_experience":217630,"relics_obtained":[{"floor":6,"key":"Centennial Puzzle"},{"floor":8,"key":"Ancient Tea Set"},{"floor":9,"key":"War Paint"},{"floor":11,"key":"Vajra"},{"floor":25,"key":"Happy Flower"},{"floor":26,"key":"Gremlin Horn"},{"floor":28,"key":"Tiny Chest"},{"floor":30,"key":"Art of War"}],"event_choices":[{"damage_healed":0,"gold_gain":75,"player_choice":"Gather Gold","damage_taken":11,"max_hp_gain":0,"max_hp_loss":0,"event_name":"World of Goop","floor":2,"gold_loss":0},{"damage_healed":0,"gold_gain":175,"player_choice":"AGREE","damage_taken":0,"max_hp_gain":0,"max_hp_loss":0,"event_name":"Liars Game","floor":3,"gold_loss":0,"cards_obtained":["Doubt"]},{"damage_healed":0,"gold_gain":0,"cards_transformed":["Strike_B"],"player_choice":"Transformed","damage_taken":0,"max_hp_gain":0,"max_hp_loss":0,"event_name":"Transmorgrifier","floor":4,"gold_loss":0,"cards_obtained":["Fission"]},{"damage_healed":0,"gold_gain":0,"player_choice":"Ignored","damage_taken":0,"max_hp_gain":0,"max_hp_loss":0,"event_name":"Vampires","floor":29,"gold_loss":0}],"is_beta":false,"boss_relics":[{"not_picked":["Runic Dome","Velvet Choker"],"picked":"Inserter"}],"items_purged_floors":[13,21],"is_endless":false,"potions_floor_spawned":[8,10,11,14,18,25,28],"killed_by":"Automaton","ascension_level":1}}