{"host":"f5gffvlv6a66yqkd","time":1613980615,"event":{"mods":["2.2 Compatiblity","BaseMod","Colored Map","Custom Start","DeckTracker","Keyboard Shortcuts","Minty Spire (QoL Compilation)","Permanent Neow","Quick Restart","Relic Stats","StSLib","SuperFastMode"],"gold_per_floor":[114,34,46,46,65,65,93,93,117,149,149,149,74,91,91,166,166,184,197,214,214,234,234,269,269,296,312,80,80,99,113,113,190,190,203,221,146,163,179,179,193,193,193,93,116,134,134,134],"floor_reached":47,"language":"KOR","playtime":1141,"items_purged":["Strike_B","Defend_B"],"score":918,"play_id":"152487e4-22e3-4b8f-881a-78c493a3f6b5","local_time":"20210222165655","is_ascension_mode":true,"campfire_choices":[{"data":"Darkness","floor":6.0,"key":"SMITH"},{"floor":8.0,"key":"REST"},{"data":"Dualcast","floor":11.0,"key":"SMITH"},{"data":"Redo","floor":15.0,"key":"SMITH"},{"data":"Biased Cognition","floor":23.0,"key":"SMITH"},{"floor":25.0,"key":"REST"},{"floor":32.0,"key":"REST"},{"floor":40.0,"key":"REST"},{"floor":42.0,"key":"RECALL"}],"circlet_count":0,"master_deck":["AscendersBane","Defend_B+1","Defend_B+1","Zap","Dualcast+1","Cold Snap","Rip and Tear","Darkness+1","FTL","Rebound","Coolheaded+1","Redo+1","Biased Cognition+1","BootSequence","Turbo","Conserve Battery","White Noise","Core Surge","Finesse","Lockon","Core Surge","Redo+1","Double Energy","Double Energy","Heatsinks+1","Compile Driver+1","White Noise"],"relics":["Cracked Core","War Paint","DataDisk","Boot","Nunchaku","Art of War","SacredBark","White Beast Statue","Regal Pillow","Fusion Hammer","Bronze Scales"],"acts_visited":["Exordium","TheCity","TheBeyond"],"potions_floor_usage":[46],"damage_taken":[{"damage":7.0,"enemies":"Small Slimes","floor":1.0,"turns":4.0},{"damage":2.0,"enemies":"Jaw Worm","floor":3.0,"turns":3.0},{"damage":0.0,"enemies":"Cultist","floor":5.0,"turns":3.0},{"damage":11.0,"enemies":"Gremlin Nob","floor":7.0,"turns":3.0},{"damage":22.0,"enemies":"Lagavulin","floor":10.0,"turns":6.0},{"damage":0.0,"enemies":"2 Fungi Beasts","floor":14.0,"turns":3.0},{"damage":6.0,"enemies":"Hexaghost","floor":16.0,"turns":9.0},{"damage":6.0,"enemies":"3 Byrds","floor":18.0,"turns":3.0},{"damage":12.0,"enemies":"2 Thieves","floor":19.0,"turns":3.0},{"damage":20.0,"enemies":"Snake Plant","floor":20.0,"turns":3.0},{"damage":8.0,"enemies":"3 Cultists","floor":22.0,"turns":5.0},{"damage":7.0,"enemies":"Book of Stabbing","floor":24.0,"turns":7.0},{"damage":0.0,"enemies":"Sentry and Sphere","floor":27.0,"turns":3.0},{"damage":21.0,"enemies":"Snake Plant","floor":30.0,"turns":4.0},{"damage":9.0,"enemies":"Snecko","floor":31.0,"turns":4.0},{"damage":44.0,"enemies":"Collector","floor":33.0,"turns":8.0},{"damage":15.0,"enemies":"3 Shapes","floor":35.0,"turns":6.0},{"damage":25.0,"enemies":"3 Darklings","floor":36.0,"turns":9.0},{"damage":0.0,"enemies":"4 Shapes","floor":38.0,"turns":2.0},{"damage":2.0,"enemies":"Spire Growth","floor":39.0,"turns":4.0},{"damage":16.0,"enemies":"Jaw Worm Horde","floor":41.0,"turns":5.0},{"damage":42,"enemies":"3 Darklings","floor":46,"turns":5},{"damage":0,"enemies":"Nemesis","floor":47,"turns":1}],"seed_played":"975038569921608646","potions_obtained":[{"floor":3.0,"key":"ColorlessPotion"},{"floor":5.0,"key":"Explosive Potion"},{"floor":14.0,"key":"Fruit Juice"},{"floor":22.0,"key":"Weak Potion"},{"floor":24.0,"key":"DistilledChaos"},{"floor":27.0,"key":"Energy Potion"},{"floor":31.0,"key":"EssenceOfSteel"},{"floor":33.0,"key":"DuplicationPotion"},{"floor":35.0,"key":"AttackPotion"},{"floor":36.0,"key":"PowerPotion"},{"floor":39.0,"key":"Energy Potion"},{"floor":46,"key":"SteroidPotion"}],"is_trial":false,"path_per_floor":["M","$","M","?","M","R","E","R","T","E","R","?","?","M","R","B",null,"M","M","M","?","M","R","E","R","T","M","$","?","M","M","R","B",null,"M","M","?","M","M","R","M","R","T","$","T","M","E"],"character_chosen":"DEFECT","items_purchased":["Rip and Tear","Finesse","PowerPotion"],"campfire_rested":4,"item_purchase_floors":[2,28,28],"current_hp_per_floor":[57,57,55,37,37,37,26,47,47,25,25,25,25,25,25,19,58,52,40,20,20,12,22,15,39,39,39,39,39,18,9,48,4,62,47,22,22,22,20,59,43,43,43,43,43,1,1,1],"gold":134,"neow_bonus":"RANDOM_COMMON_RELIC","is_daily":false,"chose_seed":false,"campfire_upgraded":4,"win_rate":0.0,"timestamp":1613980615,"path_taken":["M","$","M","?","M","R","E","R","T","E","R","?","?","?","R","BOSS","M","?","M","?","M","R","E","R","T","M","?","?","M","M","R","BOSS","M","M","?","M","M","R","M","R","T","$","?","M","E"],"items_purchased_type":["Card","Card","Potion"],"build_version":"2020-12-22","purchased_purges":2,"victory":false,"max_hp_per_floor":[71,71,71,71,71,71,71,71,71,71,71,71,71,71,71,71,71,71,71,71,71,71,81,81,81,81,81,81,81,81,81,81,81,81,81,81,81,81,81,81,81,81,81,81,81,81,81,81],"relic_stats":{"Nunchaku":[12],"Regal Pillow":30,"counters":[23,103],"Bronze Scales":[18],"Art of War":[12],"War Paint":["Defend_B","Defend_B"],"Boot":[25],"obtain_stats":[{"DataDisk":4,"Nunchaku":9,"Regal Pillow":26,"SacredBark":17,"Bronze Scales":45,"Fusion Hammer":34,"Art of War":10,"War Paint":0,"Cracked Core":0,"Boot":7,"White Beast Statue":24},{"DataDisk":2,"Nunchaku":4,"Regal Pillow":12,"SacredBark":7,"Bronze Scales":21,"Fusion Hammer":16,"Art of War":5,"War Paint":0,"Cracked Core":0,"Boot":4,"White Beast Statue":12},{"DataDisk":7,"Nunchaku":13,"Regal Pillow":52,"SacredBark":31,"Bronze Scales":97,"Fusion Hammer":71,"Art of War":19,"War Paint":0,"Cracked Core":0,"Boot":13,"White Beast Statue":52}]},"card_choices":[{"not_picked":["Barrage","Loop"],"picked":"Cold Snap","floor":1.0},{"not_picked":["Hologram","Leap"],"picked":"Darkness","floor":3.0},{"not_picked":["Hologram","Turbo"],"picked":"FTL","floor":5.0},{"not_picked":["Force Field","Go for the Eyes"],"picked":"Rebound","floor":7.0},{"not_picked":["Rebound","Melter"],"picked":"Coolheaded","floor":10.0},{"not_picked":["Beam Cell","Streamline"],"picked":"Redo","floor":14.0},{"not_picked":["Thunder Strike","Electrodynamics"],"picked":"Biased Cognition","floor":16.0},{"not_picked":["Sweeping Beam","FTL"],"picked":"BootSequence","floor":18.0},{"not_picked":["Blizzard","Genetic Algorithm"],"picked":"Turbo","floor":19.0},{"not_picked":["Coolheaded","Consume"],"picked":"Conserve Battery","floor":20.0},{"not_picked":["Fusion","Redo","Aggregate"],"picked":"SKIP","floor":22.0},{"not_picked":["Barrage+1","Capacitor"],"picked":"White Noise","floor":24.0},{"not_picked":["Leap","Turbo"],"picked":"Core Surge","floor":27.0},{"not_picked":["Hologram","Ball Lightning"],"picked":"Lockon","floor":30.0},{"not_picked":["Beam Cell","Conserve Battery","Self Repair"],"picked":"SKIP","floor":31.0},{"not_picked":["Amplify","Machine Learning"],"picked":"Core Surge","floor":33.0},{"not_picked":["Stack","Steam+1"],"picked":"Redo+1","floor":35.0},{"not_picked":["Hologram","Sweeping Beam","Streamline"],"picked":"SKIP","floor":36.0},{"not_picked":["Barrage","Steam"],"picked":"Heatsinks+1","floor":38.0},{"not_picked":["Lockon","Turbo"],"picked":"Compile Driver+1","floor":39.0},{"not_picked":["Thunder Strike","Rebound+1"],"picked":"White Noise","floor":41.0},{"not_picked":["Stack","Sweeping Beam","Gash"],"picked":"SKIP","floor":46}],"player_experience":1547582,"relics_obtained":[{"floor":7.0,"key":"Boot"},{"floor":9.0,"key":"Nunchaku"},{"floor":10.0,"key":"Art of War"},{"floor":24.0,"key":"White Beast Statue"},{"floor":26.0,"key":"Regal Pillow"},{"floor":45.0,"key":"Bronze Scales"}],"event_choices":[{"damage_healed":0.0,"max_hp_gain":0.0,"max_hp_loss":0.0,"gold_gain":0.0,"event_name":"Scrap Ooze","player_choice":"Success","floor":4.0,"gold_loss":0.0,"damage_taken":18.0,"relics_obtained":["DataDisk"]},{"damage_healed":0.0,"max_hp_gain":0.0,"max_hp_loss":0.0,"gold_gain":0.0,"event_name":"Dead Adventurer","player_choice":"Searched \u00270\u0027 times","floor":12.0,"gold_loss":0.0,"damage_taken":0.0},{"cards_removed":["Strike_B"],"damage_healed":0.0,"max_hp_gain":0.0,"max_hp_loss":0.0,"gold_gain":0.0,"event_name":"The Cleric","player_choice":"Card Removal","floor":13.0,"gold_loss":75.0,"damage_taken":0.0},{"cards_removed":["Strike_B"],"damage_healed":0.0,"max_hp_gain":0.0,"max_hp_loss":0.0,"gold_gain":0.0,"event_name":"Purifier","player_choice":"Purged","floor":21.0,"gold_loss":0.0,"damage_taken":0.0},{"damage_healed":0.0,"max_hp_gain":0.0,"max_hp_loss":0.0,"gold_gain":0.0,"event_name":"Accursed Blacksmith","player_choice":"Forge","floor":29.0,"gold_loss":0.0,"damage_taken":0.0,"cards_upgraded":["Coolheaded"]},{"damage_healed":0.0,"max_hp_gain":0.0,"max_hp_loss":0.0,"gold_gain":0.0,"cards_transformed":["Defend_B","Strike_B"],"event_name":"Designer","player_choice":"Transformed Cards","floor":37.0,"gold_loss":75.0,"damage_taken":0.0,"cards_obtained":["Double Energy","Double Energy"]}],"is_beta":false,"boss_relics":[{"not_picked":["Runic Pyramid","Black Star"],"picked":"SacredBark"},{"not_picked":["Empty Cage","SlaversCollar"],"picked":"Fusion Hammer"}],"items_purged_floors":[28,44],"is_endless":false,"potions_floor_spawned":[3,5,14,22,24,27,30,31,33,35,36,38,39,41,46],"killed_by":"Nemesis","ascension_level":20}}