{"host":"xo0glkmxta74xh34","time":1613964261,"event":{"mods":["BaseMod","Downfall","Minty Spire (QoL Compilation)","Reliquary","Replay The Spire","StSLib"],"gold_per_floor":[99,112,112,131,151,151,198,28,28,28,13,26,36,48,62,62,62,62],"floor_reached":16,"language":"ENG","playtime":742,"items_purged":[],"score":141,"play_id":"d2280547-977c-48a6-9d39-0a39f7f1f8a8","local_time":"20210221212421","is_ascension_mode":true,"campfire_choices":[{"data":"Guardian:GatlingBeam","floor":1,"key":"SMITH"},{"floor":6,"key":"REST"},{"data":"Guardian:FuturePlans","floor":10,"key":"SMITH"}],"circlet_count":0,"master_deck":["AscendersBane","Guardian:Strike_Guardian","Guardian:Strike_Guardian","Guardian:Strike_Guardian","Guardian:Strike_Guardian","Guardian:Defend_Guardian","Guardian:Defend_Guardian","Guardian:Defend_Guardian","Guardian:Defend_Guardian","Guardian:TwinSlam","Guardian:GatlingBeam+1","Guardian:MultiBeam","Replay:GuardianBash","Guardian:TimeBomb","Guardian:Clone","Guardian:FuturePlans+1","Guardian:WeakpointTargeting","Guardian:Repulse","Guardian:Gem_Purple","Guardian:GemFinder"],"relics":["m_GuardianBlood","reliquary:Aerogel","Tiny Chest","SsserpentHead"],"acts_visited":["Exordium"],"potions_floor_usage":[14,16,16],"damage_taken":[{"damage":3,"enemies":"Jaw Worm","floor":2,"turns":5},{"damage":6,"enemies":"Cultist","floor":4,"turns":4},{"damage":9,"enemies":"Small Slimes","floor":5,"turns":3},{"damage":0,"enemies":"downfall:FleeingMerchant","floor":8,"turns":4},{"damage":15,"enemies":"downfall:FleeingMerchant","floor":11,"turns":4},{"damage":22,"enemies":"Red Slaver","floor":12,"turns":5},{"damage":21,"enemies":"downfall:LooterAlt","floor":13,"turns":4},{"damage":5,"enemies":"2 Fungi Beasts","floor":14,"turns":4},{"damage":25,"enemies":"Exordium Thugs","floor":15,"turns":6},{"damage":22,"enemies":"SI_SHIV_ARCHETYPE","floor":16,"turns":5}],"seed_played":"-6943821156107616917","potions_obtained":[{"floor":5,"key":"Venom Potion"},{"floor":13,"key":"Guardian:BlockOnCardUsePotion"},{"floor":14,"key":"Venom Potion"}],"is_trial":false,"path_per_floor":["R","M","?","M","M","R","T","$","?","R","$","M","M","M","M","B"],"character_chosen":"GUARDIAN","items_purchased":["Tiny Chest"],"campfire_rested":1,"item_purchase_floors":[8],"current_hp_per_floor":[72,69,69,69,66,80,80,80,80,80,71,55,40,41,22,0,0,0],"gold":62,"neow_bonus":"ONE_RANDOM_RARE_CARD","is_daily":false,"chose_seed":false,"campfire_upgraded":2,"win_rate":0.0,"timestamp":1613964261,"path_taken":["R","M","?","M","M","R","T","$","?","R","$","M","M","M","M","BOSS"],"items_purchased_type":["Relic"],"build_version":"2020-12-22","purchased_purges":0,"victory":false,"max_hp_per_floor":[80,80,80,80,80,80,80,80,80,80,80,80,80,80,80,80,80,80],"card_choices":[{"not_picked":["Guardian:PrimingBeam","Guardian:PrismaticBeam"],"picked":"Guardian:MultiBeam","floor":2},{"not_picked":["Guardian:ShieldSpikes","Guardian:TemporalStrike"],"picked":"Guardian:TimeBomb","floor":4},{"not_picked":["Guardian:Gem_Green","Body Slam"],"picked":"Guardian:Clone","floor":5},{"not_picked":["Guardian:Planning","Massacre"],"picked":"Guardian:FuturePlans","floor":8},{"not_picked":["Entrench","Massacre"],"picked":"Guardian:WeakpointTargeting","floor":11},{"not_picked":["Guardian:Gem_Green","Guardian:Reroute"],"picked":"Guardian:Repulse","floor":12},{"not_picked":["Guardian:CrystalBeam","Massacre","Guardian:Gem_Lightblue"],"picked":"SKIP","floor":13},{"not_picked":["Guardian:Gem_Green","Massacre"],"picked":"Guardian:Gem_Purple","floor":14},{"not_picked":["Guardian:PolyBeam","Guardian:SentryBeam"],"picked":"Guardian:GemFinder","floor":15}],"player_experience":535992,"relics_obtained":[{"floor":7,"key":"reliquary:Aerogel"}],"event_choices":[{"damage_healed":0,"gold_gain":0,"player_choice":"Trade","damage_taken":0,"relics_obtained":["SsserpentHead"],"max_hp_gain":0,"max_hp_loss":0,"event_name":"FaceTrader","floor":9,"gold_loss":0}],"is_beta":false,"boss_relics":[],"items_purged_floors":[],"is_endless":false,"potions_floor_spawned":[5,13,14],"killed_by":"SI_SHIV_ARCHETYPE","ascension_level":10}}