{"host":"2lo6hma6kymb0g9i","time":1613978563,"event":{"mods":["BaseMod","Colored Map","DeckTracker","Minty Spire (QoL Compilation)"],"gold_per_floor":[115,115,127,141,66,132,132,145,145,174,174,174,100,114,114,192,192,210,210,485,393,408,408,419,419,443,472,422,447,459,486,486,486,486],"floor_reached":33,"language":"JPN","playtime":2244,"items_purged":["Strike_G","Regret","Strike_G"],"score":826,"play_id":"10487389-9b6c-43b6-95ad-c9006de44444","local_time":"20210222162243","is_ascension_mode":true,"campfire_choices":[{"data":"Predator","floor":7.0,"key":"SMITH"},{"floor":12.0,"key":"REST"},{"data":"Phantasmal Killer","floor":15.0,"key":"SMITH"},{"data":"Dagger Throw","floor":23.0,"key":"SMITH"},{"data":"Acrobatics","floor":25.0,"key":"SMITH"},{"floor":32,"key":"REST"}],"circlet_count":0,"master_deck":["AscendersBane","Defend_G","Defend_G","Defend_G","Defend_G","Defend_G","Survivor","Neutralize","Acrobatics+1","Predator+1","Flying Knee","Caltrops","PiercingWail","Phantasmal Killer+1","Dagger Throw+1","Blade Dance","Malaise","Underhanded Strike","PiercingWail","Escape Plan","Escape Plan","Leg Sweep","Tactician","Accuracy"],"relics":["Ring of the Snake","NeowsBlessing","Smiling Mask","White Beast Statue","Empty Cage","Tiny Chest","Oddly Smooth Stone","Blood Vial","Dream Catcher"],"acts_visited":["Exordium","TheCity"],"potions_floor_usage":[31,33,33],"damage_taken":[{"damage":0.0,"enemies":"2 Louse","floor":1.0,"turns":1.0},{"damage":0.0,"enemies":"Cultist","floor":3.0,"turns":1.0},{"damage":0.0,"enemies":"Jaw Worm","floor":4.0,"turns":1.0},{"damage":39.0,"enemies":"3 Sentries","floor":6.0,"turns":14.0},{"damage":11.0,"enemies":"Blue Slaver","floor":8.0,"turns":4.0},{"damage":0.0,"enemies":"Gremlin Nob","floor":10.0,"turns":2.0},{"damage":0.0,"enemies":"Large Slime","floor":14.0,"turns":4.0},{"damage":6.0,"enemies":"Hexaghost","floor":16.0,"turns":7.0},{"damage":0.0,"enemies":"3 Byrds","floor":18.0,"turns":4.0},{"damage":27.0,"enemies":"Spheric Guardian","floor":22.0,"turns":4.0},{"damage":9.0,"enemies":"Chosen and Byrds","floor":24.0,"turns":5.0},{"damage":0.0,"enemies":"Slavers","floor":27.0,"turns":2.0},{"damage":0.0,"enemies":"Gremlin Leader","floor":29.0,"turns":7.0},{"damage":20.0,"enemies":"Cultist and Chosen","floor":30.0,"turns":10.0},{"damage":0,"enemies":"Book of Stabbing","floor":31,"turns":8},{"damage":30,"enemies":"Collector","floor":33,"turns":3}],"seed_played":"4290471678908878785","potions_obtained":[{"floor":2.0,"key":"DuplicationPotion"},{"floor":2.0,"key":"ColorlessPotion"},{"floor":6.0,"key":"Energy Potion"},{"floor":14.0,"key":"PowerPotion"},{"floor":16.0,"key":"Ancient Potion"},{"floor":18.0,"key":"SteroidPotion"},{"floor":22.0,"key":"SkillPotion"},{"floor":24.0,"key":"Fire Potion"},{"floor":27.0,"key":"EssenceOfSteel"},{"floor":29.0,"key":"Strength Potion"},{"floor":30.0,"key":"DuplicationPotion"},{"floor":31,"key":"Explosive Potion"}],"is_trial":false,"path_per_floor":["M","?","M","M","?","E","R","M","T","E","?","R","$","M","R","B",null,"M","?","?","$","M","R","M","R","T","E","$","E","M","E","R","B"],"character_chosen":"THE_SILENT","items_purchased":["Dagger Throw","Escape Plan"],"campfire_rested":2,"item_purchase_floors":[13,21],"current_hp_per_floor":[59,59,59,59,59,20,20,9,9,9,9,28,28,28,28,22,55,55,55,55,55,28,28,19,19,19,19,19,19,1,3,22,0,0],"gold":486,"neow_bonus":"THREE_ENEMY_KILL","is_daily":false,"chose_seed":false,"campfire_upgraded":4,"win_rate":0.0,"timestamp":1613978563,"path_taken":["M","?","M","?","?","E","R","M","T","E","?","R","$","M","R","BOSS","M","?","?","$","M","R","M","R","T","E","$","E","M","E","R","BOSS"],"items_purchased_type":["Card","Card"],"build_version":"2020-12-22","purchased_purges":3,"victory":false,"max_hp_per_floor":[66,66,66,66,66,66,66,66,66,66,66,66,66,66,66,66,66,66,66,66,66,66,66,66,66,66,66,66,66,66,66,66,66,66],"card_choices":[{"not_picked":["Poisoned Stab","Prepared"],"picked":"Acrobatics","floor":1.0},{"not_picked":["Choke","Eviscerate"],"picked":"Predator","floor":3.0},{"not_picked":["Dash","Deadly Poison"],"picked":"Flying Knee","floor":4.0},{"not_picked":["Deflect","Finisher"],"picked":"Caltrops","floor":6.0},{"not_picked":["Reflex","Backflip"],"picked":"PiercingWail","floor":8.0},{"not_picked":["Riddle With Holes","Blade Dance"],"picked":"Phantasmal Killer","floor":10.0},{"not_picked":["Quick Slash","Infinite Blades"],"picked":"Blade Dance","floor":14.0},{"not_picked":["Night Terror","Tools of the Trade"],"picked":"Malaise","floor":16.0},{"not_picked":["Backflip","Choke"],"picked":"Underhanded Strike","floor":18.0},{"not_picked":["All Out Attack","Predator"],"picked":"Escape Plan","floor":22.0},{"not_picked":["Bouncing Flask","Riddle With Holes+1","Acrobatics"],"picked":"SKIP","floor":24.0},{"not_picked":["Escape Plan","Flying Knee"],"picked":"Leg Sweep","floor":27.0},{"not_picked":["Well Laid Plans","Bane","Deadly Poison"],"picked":"SKIP","floor":29.0},{"not_picked":["Blur","Prepared","Quick Slash"],"picked":"SKIP","floor":30.0},{"not_picked":["Noxious Fumes","Expertise"],"picked":"Tactician","floor":31},{"not_picked":["Bane","Sucker Punch"],"picked":"Accuracy","floor":32}],"player_experience":1245035,"relics_obtained":[{"floor":6.0,"key":"Smiling Mask"},{"floor":10.0,"key":"White Beast Statue"},{"floor":26.0,"key":"Tiny Chest"},{"floor":27.0,"key":"Oddly Smooth Stone"},{"floor":29.0,"key":"Blood Vial"},{"floor":31,"key":"Dream Catcher"}],"event_choices":[{"damage_healed":0.0,"max_hp_gain":0.0,"max_hp_loss":0.0,"gold_gain":0.0,"event_name":"Lab","player_choice":"Got Potions","floor":2.0,"gold_loss":0.0,"damage_taken":0.0},{"cards_removed":["Strike_G"],"damage_healed":0.0,"max_hp_gain":0.0,"max_hp_loss":0.0,"gold_gain":0.0,"event_name":"The Cleric","player_choice":"Card Removal","floor":5.0,"gold_loss":75.0,"damage_taken":0.0},{"damage_healed":0.0,"max_hp_gain":0.0,"max_hp_loss":0.0,"gold_gain":0.0,"event_name":"Shining Light","player_choice":"Ignored","floor":11.0,"gold_loss":0.0,"damage_taken":0.0},{"damage_healed":0.0,"max_hp_gain":0.0,"max_hp_loss":0.0,"gold_gain":0.0,"event_name":"The Library","player_choice":"Read","floor":19.0,"gold_loss":0.0,"damage_taken":0.0,"cards_obtained":["PiercingWail"]},{"damage_healed":0.0,"max_hp_gain":0.0,"max_hp_loss":0.0,"gold_gain":275.0,"event_name":"Golden Shrine","player_choice":"Desecrate","floor":20.0,"gold_loss":0.0,"damage_taken":0.0,"cards_obtained":["Regret"]}],"is_beta":false,"boss_relics":[{"not_picked":["Astrolabe","Coffee Dripper"],"picked":"Empty Cage"}],"items_purged_floors":[13,21,28],"is_endless":false,"potions_floor_spawned":[3,6,8,14,16,18,22,24,27,29,30,31],"killed_by":"Collector","ascension_level":20}}