{"host":"oyfp84051kzsuwdh","time":1613963517,"event":{"mods":["AchievementEnabler","BaseMod","Best Route Mod","BetterRewards","Colored Map","Custom Start","Minty Spire (QoL Compilation)","Relic Stats","Slay-I","StSLib"],"gold_per_floor":[113,123,123,138,157,189,114,141,141,66,122,152,152,165,165,242,242,255,205,8,278,294,327,327,357,384,398,398,412,445,463,463,463,463],"floor_reached":33,"language":"ENG","playtime":2014,"items_purged":["Strike_G"],"score":945,"play_id":"bd5b713c-e03f-485b-89d1-eb6fb8b3f7fe","local_time":"20210221211157","is_ascension_mode":true,"campfire_choices":[{"data":"1","floor":15.0,"key":"LIFT"},{"floor":24.0,"key":"REST"},{"floor":28.0,"key":"REST"},{"floor":32.0,"key":"REST"}],"circlet_count":0,"master_deck":["AscendersBane","Strike_G","Strike_G+1","Strike_G+1","Defend_G","Defend_G","Defend_G","Defend_G+1","Defend_G+1","Survivor","Neutralize","Bullet Time","Well Laid Plans","Backstab","Deadly Poison","Concentrate+1","Blade Dance","Predator","Dash+1","Poisoned Stab","Acrobatics","Outmaneuver","PiercingWail","Dagger Spray","Die Die Die","Noxious Fumes","Blur","Writhe","Die Die Die","Noxious Fumes","Footwork"],"relics":["Ring of the Snake","Tingsha","HornCleat","Girya","Orichalcum","Anchor","Mercury Hourglass","Torii","Orrery","Whetstone","Turnip","Ginger","Du-Vu Doll","Blue Candle","Cursed Key","ClockworkSouvenir","Potion Belt","StrikeDummy","Dream Catcher","TungstenRod"],"acts_visited":["Exordium","TheCity"],"potions_floor_usage":[33,33],"damage_taken":[{"damage":0.0,"enemies":"Cultist","floor":1.0,"turns":2.0},{"damage":0.0,"enemies":"2 Louse","floor":2.0,"turns":2.0},{"damage":0.0,"enemies":"Jaw Worm","floor":4.0,"turns":2.0},{"damage":0.0,"enemies":"Large Slime","floor":5.0,"turns":4.0},{"damage":1.0,"enemies":"3 Sentries","floor":6.0,"turns":6.0},{"damage":0.0,"enemies":"Gremlin Nob","floor":8.0,"turns":3.0},{"damage":0.0,"enemies":"3 Sentries","floor":12.0,"turns":6.0},{"damage":0.0,"enemies":"Looter","floor":14.0,"turns":2.0},{"damage":0.0,"enemies":"Hexaghost","floor":16.0,"turns":9.0},{"damage":1.0,"enemies":"Shell Parasite","floor":18.0,"turns":4.0},{"damage":0.0,"enemies":"Spheric Guardian","floor":22.0,"turns":2.0},{"damage":1.0,"enemies":"Slavers","floor":23.0,"turns":3.0},{"damage":9.0,"enemies":"Gremlin Leader","floor":25.0,"turns":5.0},{"damage":1.0,"enemies":"Snecko","floor":27.0,"turns":3.0},{"damage":0.0,"enemies":"Cultist and Chosen","floor":29.0,"turns":4.0},{"damage":23.0,"enemies":"Book of Stabbing","floor":30.0,"turns":4.0},{"damage":0.0,"enemies":"Snake Plant","floor":31.0,"turns":2.0},{"damage":74,"enemies":"Champ","floor":33,"turns":11}],"seed_played":"1920689185410454889","potions_obtained":[{"floor":1.0,"key":"Strength Potion"},{"floor":2.0,"key":"Block Potion"},{"floor":23.0,"key":"BlessingOfTheForge"},{"floor":29.0,"key":"Fruit Juice"}],"is_trial":false,"path_per_floor":["M","M","?","M","M","E","?","E","T","$","?","E","?","M","R","B",null,"M","?","$","?","M","E","R","E","T","M","R","M","E","M","R","B"],"character_chosen":"THE_SILENT","items_purchased":["HornCleat","Bullet Time","Orichalcum","Anchor","Well Laid Plans","Backstab","Mercury Hourglass","Deadly Poison","Orrery","Noxious Fumes","ClockworkSouvenir"],"campfire_rested":3,"item_purchase_floors":[0,0,0,0,0,0,0,0,0,20,20],"current_hp_per_floor":[59,59,39,39,39,38,38,38,38,38,38,38,20,20,20,20,55,54,54,54,27,27,26,45,36,36,35,54,54,36,36,57,0,0],"gold":463,"neow_bonus":"","is_daily":false,"chose_seed":false,"campfire_upgraded":0,"win_rate":0.0,"timestamp":1613963517,"path_taken":["M","M","?","M","M","E","?","E","T","$","?","E","?","M","R","BOSS","M","?","?","?","M","E","R","E","T","M","R","?","E","M","R","BOSS"],"items_purchased_type":["Relic","Card","Relic","Relic","Card","Card","Relic","Card","Relic","Card","Relic"],"build_version":"2020-12-22","purchased_purges":1,"victory":false,"max_hp_per_floor":[66,66,66,66,66,66,66,66,66,66,66,66,66,66,66,66,66,66,66,66,66,66,66,66,66,66,66,66,66,71,71,71,71,71],"relic_stats":{"Torii":2,"counters":[187,963],"Blue Candle":[2],"Tingsha":[125],"Whetstone":["Strike_G","Dash"],"Ginger":[9],"Orichalcum":[54],"Cursed Key":1,"Mercury Hourglass":[609],"Dream Catcher":2,"Turnip":[8],"obtain_stats":[{"Ice Cream":19,"TwistedFunnel":0,"Tiny House":17,"Calipers":0,"Gremlin Horn":9,"CeramicFish":3,"Vajra":43,"Spirit Poop":22,"Whetstone":0,"Ginger":9,"Bottled Tornado":48,"Boot":8,"Blood Vial":6,"Lizard Tail":37,"HornCleat":37,"Strawberry":43,"Philosopher\u0027s Stone":17,"Kunai":37,"Toxic Egg 2":9,"Girya":0,"Pear":19,"Happy Flower":13,"Blue Candle":6,"Dead Branch":0,"Tingsha":8,"Eternal Feather":0,"Question Card":8,"WarpedTongs":19,"Du-Vu Doll":12,"Shuriken":6,"Snecko Eye":17,"Molten Egg 2":13,"Black Star":34,"StrikeDummy":25,"Ring of the Serpent":17,"Unceasing Top":9,"Meat on the Bone":0,"Darkstone Periapt":13,"Regal Pillow":30,"Torii":0,"Singing Bowl":24,"SacredBark":34,"Enchiridion":21,"StoneCalendar":0,"Mango":0,"Snake Skull":6,"Incense Burner":7,"Juzu Bracelet":8,"Bag of Preparation":11,"Ancient Tea Set":6,"Cursed Key":17,"ClockworkSouvenir":0,"Dream Catcher":26,"Shovel":11,"Matryoshka":40,"WristBlade":34,"Tiny Chest":5,"InkBottle":42,"Ring of the Snake":0,"Potion Belt":26,"The Specimen":0,"Golden Idol":2,"Thread and Needle":11,"The Courier":9,"Omamori":20,"Orichalcum":9,"Frozen Egg 2":26,"Odd Mushroom":14,"MawBank":30,"White Beast Statue":13,"Mercury Hourglass":45,"CaptainsWheel":11,"Anchor":0,"Ornamental Fan":45,"Orrery":0,"Turnip":8,"Art of War":9,"Bag of Marbles":12,"Toy Ornithopter":6,"TungstenRod":30},{"Ice Cream":81,"TwistedFunnel":141,"Tiny House":10,"Calipers":69,"Gremlin Horn":36,"CeramicFish":1,"Vajra":107,"Spirit Poop":126,"Whetstone":84,"Ginger":175,"Bottled Tornado":166,"Boot":36,"Blood Vial":89,"Lizard Tail":135,"HornCleat":161,"Strawberry":138,"Philosopher\u0027s Stone":65,"Kunai":105,"Toxic Egg 2":75,"Girya":169,"Pear":152,"Happy Flower":121,"Blue Candle":35,"Dead Branch":141,"Tingsha":18,"Eternal Feather":113,"Question Card":119,"WarpedTongs":124,"Du-Vu Doll":176,"Shuriken":29,"Snecko Eye":151,"Molten Egg 2":39,"Black Star":103,"StrikeDummy":182,"Ring of the Serpent":80,"Unceasing Top":119,"Meat on the Bone":113,"Darkstone Periapt":8,"Regal Pillow":157,"Torii":113,"Singing Bowl":154,"SacredBark":159,"Enchiridion":153,"StoneCalendar":15,"Mango":113,"Snake Skull":17,"Incense Burner":49,"Juzu Bracelet":62,"Bag of Preparation":147,"Ancient Tea Set":4,"Cursed Key":40,"ClockworkSouvenir":113,"Dream Catcher":182,"Shovel":38,"Matryoshka":106,"WristBlade":133,"Tiny Chest":23,"InkBottle":138,"Ring of the Snake":0,"Potion Belt":128,"The Specimen":141,"Golden Idol":16,"Thread and Needle":120,"The Courier":90,"Omamori":42,"Orichalcum":4,"Frozen Egg 2":99,"Odd Mushroom":122,"MawBank":101,"White Beast Statue":149,"Mercury Hourglass":109,"CaptainsWheel":92,"Anchor":169,"Ornamental Fan":109,"Orrery":169,"Turnip":175,"Art of War":18,"Bag of Marbles":77,"Toy Ornithopter":74,"TungstenRod":185},{"Ice Cream":432,"TwistedFunnel":781,"Tiny House":45,"Calipers":376,"Gremlin Horn":184,"CeramicFish":4,"Vajra":577,"Spirit Poop":687,"Whetstone":444,"Ginger":908,"Bottled Tornado":873,"Boot":184,"Blood Vial":466,"Lizard Tail":739,"HornCleat":850,"Strawberry":761,"Philosopher\u0027s Stone":360,"Kunai":561,"Toxic Egg 2":405,"Girya":890,"Pear":811,"Happy Flower":657,"Blue Candle":173,"Dead Branch":781,"Tingsha":88,"Eternal Feather":617,"Question Card":648,"WarpedTongs":676,"Du-Vu Doll":914,"Shuriken":140,"Snecko Eye":808,"Molten Egg 2":201,"Black Star":549,"StrikeDummy":939,"Ring of the Serpent":428,"Unceasing Top":648,"Meat on the Bone":617,"Darkstone Periapt":34,"Regal Pillow":831,"Torii":617,"Singing Bowl":821,"SacredBark":844,"Enchiridion":817,"StoneCalendar":73,"Mango":617,"Snake Skull":84,"Incense Burner":265,"Juzu Bracelet":337,"Bag of Preparation":797,"Ancient Tea Set":19,"Cursed Key":218,"ClockworkSouvenir":617,"Dream Catcher":939,"Shovel":193,"Matryoshka":571,"WristBlade":731,"Tiny Chest":107,"InkBottle":761,"Ring of the Snake":0,"Potion Belt":697,"The Specimen":781,"Golden Idol":77,"Thread and Needle":652,"The Courier":471,"Omamori":227,"Orichalcum":19,"Frozen Egg 2":519,"Odd Mushroom":661,"MawBank":531,"White Beast Statue":803,"Mercury Hourglass":590,"CaptainsWheel":479,"Anchor":890,"Ornamental Fan":590,"Orrery":890,"Turnip":908,"Art of War":88,"Bag of Marbles":415,"Toy Ornithopter":398,"TungstenRod":950}],"TungstenRod":7,"Ring of the Snake":[92]},"card_choices":[{"not_picked":["Eviscerate","Flying Knee"],"picked":"Concentrate","floor":0.0},{"not_picked":["Choke","Dodge and Roll"],"picked":"Blade Dance","floor":0.0},{"not_picked":["Concentrate","Terror"],"picked":"Predator","floor":0.0},{"not_picked":["Setup","Slice"],"picked":"Dash","floor":0.0},{"not_picked":["Caltrops","Backstab"],"picked":"Poisoned Stab","floor":0.0},{"not_picked":["Sucker Punch","Underhanded Strike","Well Laid Plans"],"picked":"SKIP","floor":1.0},{"not_picked":["Sucker Punch","A Thousand Cuts","Leg Sweep"],"picked":"SKIP","floor":2.0},{"not_picked":["Prepared","Cloak And Dagger","Acrobatics"],"picked":"SKIP","floor":4.0},{"not_picked":["Prepared","Cloak And Dagger"],"picked":"Acrobatics","floor":4.0},{"not_picked":["Predator","Slice"],"picked":"Outmaneuver","floor":5.0},{"not_picked":["Dagger Throw","Endless Agony"],"picked":"PiercingWail","floor":6.0},{"not_picked":["PiercingWail","Reflex","Slice"],"picked":"SKIP","floor":8.0},{"not_picked":["Dodge and Roll","Reflex"],"picked":"Dagger Spray","floor":12.0},{"not_picked":["Dodge and Roll","Poisoned Stab","Bane"],"picked":"SKIP","floor":14.0},{"not_picked":["Storm of Steel","Glass Knife"],"picked":"Die Die Die","floor":16.0},{"not_picked":["Outmaneuver","Sucker Punch","Slice"],"picked":"SKIP","floor":18.0},{"not_picked":["Dodge and Roll","Flying Knee"],"picked":"Blur","floor":22.0},{"not_picked":["Calculated Gamble","Tactician","Concentrate"],"picked":"SKIP","floor":23.0},{"not_picked":["Dagger Spray","Flechettes","Tactician+1"],"picked":"SKIP","floor":25.0},{"not_picked":["Prepared","Distraction"],"picked":"Die Die Die","floor":27.0},{"not_picked":["Distraction","Well Laid Plans","Terror"],"picked":"SKIP","floor":29.0},{"not_picked":["Crippling Poison","Finisher"],"picked":"Noxious Fumes","floor":30.0},{"not_picked":["Quick Slash","Dagger Throw","Deflect+1"],"picked":"SKIP","floor":31.0},{"not_picked":["Distraction+1","Infinite Blades"],"picked":"Footwork","floor":32.0}],"player_experience":645576,"relics_obtained":[{"floor":6.0,"key":"Whetstone"},{"floor":8.0,"key":"Turnip"},{"floor":9.0,"key":"Ginger"},{"floor":12.0,"key":"Du-Vu Doll"},{"floor":23.0,"key":"Potion Belt"},{"floor":25.0,"key":"StrikeDummy"},{"floor":26.0,"key":"Dream Catcher"},{"floor":30.0,"key":"TungstenRod"}],"event_choices":[{"damage_healed":0.0,"max_hp_gain":0.0,"max_hp_loss":0.0,"gold_gain":0.0,"event_name":"Shining Light","player_choice":"Entered Light","floor":3.0,"gold_loss":0.0,"damage_taken":20.0,"cards_upgraded":["Defend_G","Defend_G"]},{"cards_removed":["Strike_G"],"damage_healed":0.0,"max_hp_gain":0.0,"max_hp_loss":0.0,"gold_gain":0.0,"event_name":"The Cleric","player_choice":"Card Removal","floor":7.0,"gold_loss":75.0,"damage_taken":0.0},{"damage_healed":0.0,"max_hp_gain":0.0,"max_hp_loss":0.0,"gold_gain":56.0,"event_name":"Golden Wing","player_choice":"Gained Gold","floor":11.0,"gold_loss":0.0,"damage_taken":0.0},{"damage_healed":0.0,"max_hp_gain":0.0,"max_hp_loss":0.0,"gold_gain":0.0,"event_name":"Scrap Ooze","player_choice":"Success","floor":13.0,"gold_loss":0.0,"damage_taken":18.0,"relics_obtained":["Blue Candle"]},{"damage_healed":0.0,"max_hp_gain":0.0,"max_hp_loss":0.0,"gold_gain":0.0,"event_name":"Designer","player_choice":"Upgraded Two","floor":19.0,"gold_loss":50.0,"damage_taken":0.0,"cards_upgraded":["Concentrate","Strike_G"]},{"damage_healed":0.0,"max_hp_gain":0.0,"max_hp_loss":0.0,"gold_gain":270.0,"event_name":"Knowing Skull","player_choice":"GOLD GOLD GOLD ","floor":21.0,"potions_obtained":[],"gold_loss":0.0,"damage_taken":27.0,"cards_obtained":[]}],"is_beta":false,"boss_relics":[{"not_picked":["Fusion Hammer","Sozu"],"picked":"Cursed Key"}],"items_purged_floors":[10],"is_endless":false,"potions_floor_spawned":[1,2,8,14,16,22,23,29],"killed_by":"Champ","ascension_level":16}}