{"host":"l017gercouzhorma","time":1613960426,"event":{"mods":["AchievementEnabler","Aspiration","BaseMod","Challenge The Spire","Conspire","Downfall","Halation","Hermit","Hubris","Infinite Spire","Jorbs\u0027s Wanderer Trilogy","Mad Scientist","Marisa????????","Mimic Mod","Minty Spire (QoL Compilation)","Random Character Button","Rare Cards Sparkle","Relic Stats","Replay The Spire","Shade Mod","StSLib","The Cursed","The Disciple","The Hierophant","The Jungle","The Runesmith","The Servant 0.9.4"],"gold_per_floor":[117,133,161,21,96,96,137,167,167,167,39,74,74,74],"floor_reached":13,"language":"ENG","playtime":2639,"items_purged":[],"score":94,"play_id":"c42928f5-c67d-448e-be02-b141bdafcad3","local_time":"20210221192026","is_ascension_mode":true,"campfire_choices":[{"data":"OpenUniverse","floor":6,"key":"SMITH"}],"circlet_count":0,"master_deck":["Strike_MRS","Strike_MRS","Strike_MRS","Strike_MRS","Defend_MRS","Defend_MRS","Defend_MRS","Defend_MRS","MasterSpark","UpSweep","WitchLeyline","WitchOfGreed","WitchLeyline","OortCloud","OpenUniverse+1","PropBag","SporeBomb","EnergyFlow+1","DarkMatter","Singularity"],"relics":["MiniHakkero","hubris:OldNail","Smiling Mask"],"acts_visited":["Exordium"],"potions_floor_usage":[7,7,12,12,12,13],"damage_taken":[{"damage":7,"enemies":"Jaw Worm","floor":1,"turns":3},{"damage":9,"enemies":"conspire:RoseBush","floor":2,"turns":2},{"damage":7,"enemies":"Small Slimes","floor":3,"turns":3},{"damage":11,"enemies":"Gremlin Nob","floor":7,"turns":4},{"damage":9,"enemies":"2 Fungi Beasts","floor":8,"turns":4},{"damage":13,"enemies":"Exordium Wildlife","floor":12,"turns":4},{"damage":0,"enemies":"Replay:BlueRogue","floor":13,"turns":3}],"seed_played":"695447551162088087","potions_obtained":[{"floor":3,"key":"Weak Potion"},{"floor":3,"key":"SteroidPotion"},{"floor":7,"key":"sneckomod:MuddlingPotion"},{"floor":7,"key":"Venom Potion"},{"floor":8,"key":"PowerPotion"},{"floor":12,"key":"SkillPotion"}],"is_trial":false,"path_per_floor":["M","M","M","$","?","R","E","M","T","?","$","M","E"],"character_chosen":"MARISA","items_purchased":["OortCloud","OpenUniverse","EnergyFlow+1","DarkMatter"],"campfire_rested":0,"item_purchase_floors":[4,4,11,11],"current_hp_per_floor":[75,66,59,59,48,48,37,28,28,28,28,15,15,15],"gold":74,"neow_bonus":"TEN_PERCENT_HP_BONUS","is_daily":false,"chose_seed":false,"campfire_upgraded":1,"win_rate":0.0,"timestamp":1613960426,"path_taken":["M","M","M","$","?","R","E","M","T","?","$","M","E"],"items_purchased_type":["Card","Card","Card","Card"],"build_version":"2020-12-22","purchased_purges":0,"victory":false,"max_hp_per_floor":[82,82,82,82,82,82,82,82,82,82,82,82,82,82],"relic_stats":{"counters":[7,23],"Smiling Mask":0,"obtain_stats":[{"MiniHakkero":0,"Kunai":8,"Smiling Mask":9,"hubris:OldNail":7},{"MiniHakkero":0,"Kunai":5,"Smiling Mask":5,"hubris:OldNail":4},{"MiniHakkero":0,"Kunai":14,"Smiling Mask":16,"hubris:OldNail":12}]},"card_choices":[{"not_picked":["Acceleration","UnstableBomb"],"picked":"WitchLeyline","floor":1},{"not_picked":["EnergyRecoil","ChargingUp"],"picked":"WitchOfGreed","floor":2},{"not_picked":["AsteroidBelt","MysteriousBeam"],"picked":"WitchLeyline","floor":3},{"not_picked":["IllusionStar","NonDirectionalLaser"],"picked":"PropBag","floor":7},{"not_picked":["LuminesStrike","DoubleSpark"],"picked":"SporeBomb","floor":8},{"not_picked":["MilkyWay","MagicAbsorber"],"picked":"Singularity","floor":12}],"player_experience":867229,"relics_obtained":[{"floor":7,"key":"hubris:OldNail"},{"floor":9,"key":"Smiling Mask"}],"event_choices":[{"damage_healed":0,"gold_gain":75,"player_choice":"Gather Gold","damage_taken":11,"max_hp_gain":0,"max_hp_loss":0,"event_name":"World of Goop","floor":5,"gold_loss":0}],"is_beta":false,"boss_relics":[],"items_purged_floors":[],"is_endless":false,"potions_floor_spawned":[3,7,8],"killed_by":"Replay:BlueRogue","ascension_level":2}}