{"host":"72n3jwtrlpjobydj","time":1613964691,"event":{"mods":["AchievementEnabler","Act Like it!","Arknights","BaseMod","CapriCore","DeckTracker","Hermit","Koishi","Lobotomy","Marisa£¨Ùöéë¡¡Øª×âÞÞ£©","Minty Spire (QoL Compilation)","Permanent Neow","StSLib","SuperFastMode","The Cursed","The Gatherer","The Hierophant","The Immortal"],"gold_per_floor":[217,217,135,145,155,155,187,204,204,204,216,216,141,154,154,255,255,269,287,0,0,0,0,0],"floor_reached":23,"language":"KOR","playtime":546,"items_purged":["ats:Strike V"],"score":191,"play_id":"d29e7ce3-4067-4e5b-bf23-ce151e9c3fa9","local_time":"20210222123131","is_ascension_mode":false,"campfire_choices":[{"floor":6,"key":"REST"},{"floor":12,"key":"REST"},{"floor":15,"key":"REST"}],"circlet_count":0,"master_deck":["ats:Strike C","ats:Strike G","ats:Strike S","ats:Armor Crushing Shot","ats:Defend","ats:Defend","ats:Defend","ats:Emotion Absorption","ats:Mental Burst","Bandage Up","ats:Ignite","ats:Burning Ground+1","ats:Guardian Obelisk","ats:Ignite","ats:Guardian Obelisk"],"relics":["ats:Sanity","ats:Originium","Art of War","Dream Catcher","Philosopher\u0027s Stone","Tiny Chest","MutagenicStrength","Mercury Hourglass"],"acts_visited":["Exordium","TheCity"],"potions_floor_usage":[8,16,16,20,23],"damage_taken":[{"damage":5,"enemies":"Cultist","floor":1,"turns":4},{"damage":15,"enemies":"Small Slimes","floor":4,"turns":3},{"damage":0,"enemies":"2 Louse","floor":5,"turns":2},{"damage":35,"enemies":"3 Sentries","floor":7,"turns":7},{"damage":28,"enemies":"Lots of Slimes","floor":8,"turns":4},{"damage":8,"enemies":"Red Slaver","floor":11,"turns":3},{"damage":11,"enemies":"Blue Slaver","floor":14,"turns":4},{"damage":48,"enemies":"The Guardian","floor":16,"turns":9},{"damage":20,"enemies":"Chosen","floor":18,"turns":5},{"damage":29,"enemies":"2 Thieves","floor":19,"turns":4},{"damage":46,"enemies":"Slavers","floor":23,"turns":2}],"seed_played":"-3222348980482310981","potions_obtained":[{"floor":4,"key":"Strength Potion"},{"floor":7,"key":"PowerPotion"},{"floor":14,"key":"Weak Potion"},{"floor":16,"key":"Swift Potion"},{"floor":19,"key":"Strength Potion"}],"is_trial":false,"path_per_floor":["M","?","$","M","M","R","E","M","T","?","M","R","$","M","R","B",null,"M","M","$","?","?","E"],"character_chosen":"DOCTOR_CLASS","items_purchased":["Bandage Up","ats:Guardian Obelisk","Tiny Chest","Fruit Juice"],"campfire_rested":3,"item_purchase_floors":[3,20,20,20],"current_hp_per_floor":[67,67,67,56,60,72,37,19,19,19,15,36,36,29,50,6,72,56,31,36,36,36,0,0],"gold":0,"neow_bonus":"HUNDRED_GOLD","is_daily":false,"chose_seed":false,"campfire_upgraded":0,"win_rate":0.0,"timestamp":1613964691,"path_taken":["M","?","$","M","M","R","E","?","T","?","M","R","$","M","R","BOSS","M","M","$","?","?","E"],"items_purchased_type":["Card","Card","Relic","Potion"],"build_version":"2020-12-22","purchased_purges":1,"victory":false,"max_hp_per_floor":[72,72,72,72,72,72,72,72,72,72,72,72,72,72,72,72,72,72,72,77,77,77,77,77],"card_choices":[{"not_picked":["ats:Curse Doll","ats:Leaping Hammer"],"picked":"ats:Mental Burst","floor":1},{"not_picked":["ats:LN2 Cannon","ats:Cat Scratch","ats:Powerful Strike"],"picked":"SKIP","floor":4},{"not_picked":["ats:Overload","ats:Powerful Strike","ats:Hook Shot"],"picked":"SKIP","floor":5},{"not_picked":["ats:Collapsing Strike","ats:Support Order"],"picked":"ats:Ignite","floor":7},{"not_picked":["ats:LN2 Cannon","ats:Assault Order"],"picked":"ats:Burning Ground","floor":8},{"not_picked":["ats:Consecutive Shot Auto","ats:Leaping Hammer","ats:Hook Shot"],"picked":"SKIP","floor":11},{"not_picked":["ats:Flame Of Heaven","ats:Flexible Camouflage"],"picked":"ats:Guardian Obelisk","floor":14},{"not_picked":["ats:Beaten Up","ats:Chain Hook"],"picked":"ats:Ignite","floor":18},{"not_picked":["ats:Hook Shot+1","ats:Thermite Blade","ats:Flexible Camouflage+1"],"picked":"SKIP","floor":19}],"player_experience":118330,"relics_obtained":[{"floor":7,"key":"ats:Originium"},{"floor":7,"key":"Art of War"},{"floor":9,"key":"Dream Catcher"}],"event_choices":[{"cards_removed":["ats:Defend"],"damage_healed":0,"gold_gain":0,"player_choice":"Purged","damage_taken":0,"max_hp_gain":0,"max_hp_loss":0,"event_name":"Purifier","floor":2,"gold_loss":0},{"damage_healed":0,"gold_gain":0,"player_choice":"Grow","damage_taken":0,"max_hp_gain":0,"max_hp_loss":0,"event_name":"Living Wall","floor":10,"gold_loss":0,"cards_upgraded":["ats:Burning Ground"]},{"damage_healed":0,"gold_gain":0,"player_choice":"Inject Mutagens","damage_taken":0,"relics_obtained":["MutagenicStrength"],"max_hp_gain":0,"max_hp_loss":0,"event_name":"Drug Dealer","floor":21,"gold_loss":0},{"damage_healed":0,"gold_gain":0,"player_choice":"Gave Potion","damage_taken":0,"relics_obtained":["Mercury Hourglass"],"max_hp_gain":0,"max_hp_loss":0,"event_name":"WeMeetAgain","floor":22,"gold_loss":0}],"is_beta":false,"boss_relics":[{"not_picked":["Runic Pyramid","Coffee Dripper"],"picked":"Philosopher\u0027s Stone"}],"items_purged_floors":[13],"is_endless":false,"potions_floor_spawned":[4,7,14,16,19],"killed_by":"Slavers","ascension_level":0}}