{"host":"4i5my69dv6e41930","time":1613983888,"event":{"mods":["AchievementEnabler","BaseMod","Minty Spire (QoL Compilation)","Relic Stats"],"gold_per_floor":[218,218,236,246,246,246,278,288,288,322,342,342,342,342,342,419,419,429,355,180,163,179,179,37,37,88,88,88],"floor_reached":27,"language":"ENG","playtime":1847,"items_purged":["Strike_R","Strike_R"],"score":398,"play_id":"939d0e14-ab56-483d-b5bd-d6f4fedd262e","local_time":"20210222035128","is_ascension_mode":true,"campfire_choices":[{"data":"Bash","floor":6.0,"key":"SMITH"},{"floor":13.0,"key":"REST"},{"data":"Juggernaut","floor":15.0,"key":"SMITH"},{"data":"Barricade","floor":23,"key":"SMITH"},{"data":"True Grit","floor":25,"key":"SMITH"}],"circlet_count":0,"master_deck":["AscendersBane","Strike_R","Strike_R","Strike_R+1","Defend_R+1","Defend_R","Defend_R","Defend_R","Bash+1","Shrug It Off+1","Clothesline","Rampage","Power Through","Juggernaut+1","Body Slam","Barricade+1","Good Instincts+1","Disarm","True Grit+1","Entrench","Metallicize"],"relics":["Burning Blood","Ancient Tea Set","Bird Faced Urn","The Courier","Omamori","Matryoshka","SlaversCollar","War Paint"],"acts_visited":["Exordium","TheCity"],"potions_floor_usage":[21,22,27,27,27],"damage_taken":[{"damage":0.0,"enemies":"2 Louse","floor":1.0,"turns":4.0},{"damage":2.0,"enemies":"Jaw Worm","floor":3.0,"turns":3.0},{"damage":0.0,"enemies":"Cultist","floor":4.0,"turns":3.0},{"damage":24.0,"enemies":"3 Sentries","floor":7.0,"turns":9.0},{"damage":9.0,"enemies":"Red Slaver","floor":8.0,"turns":4.0},{"damage":7.0,"enemies":"Lagavulin","floor":10.0,"turns":5.0},{"damage":21.0,"enemies":"Lots of Slimes","floor":11.0,"turns":8.0},{"damage":24.0,"enemies":"The Guardian","floor":16.0,"turns":12.0},{"damage":9.0,"enemies":"Chosen","floor":18.0,"turns":5.0},{"damage":6,"enemies":"2 Thieves","floor":21,"turns":4},{"damage":54,"enemies":"Centurion and Healer","floor":22,"turns":11},{"damage":43,"enemies":"Slavers","floor":27,"turns":6}],"seed_played":"-2920074144446422","potions_obtained":[{"floor":1.0,"key":"GamblersBrew"},{"floor":3.0,"key":"Fruit Juice"},{"floor":8.0,"key":"DistilledChaos"},{"floor":14.0,"key":"EntropicBrew"},{"floor":14.0,"key":"CultistPotion"},{"floor":16.0,"key":"EssenceOfSteel"},{"floor":21,"key":"EssenceOfSteel"},{"floor":22,"key":"BloodPotion"}],"is_trial":false,"path_per_floor":["M","?","M","M","?","R","E","M","T","E","M","T","R","?","R","B",null,"M","$","$","M","M","R","$","R","T","E"],"character_chosen":"IRONCLAD","items_purchased":["Good Instincts","Disarm","Block Potion","Metallicize"],"campfire_rested":1,"item_purchase_floors":[19,20,20,24],"current_hp_per_floor":[74,51,55,61,43,43,25,22,22,26,13,13,37,37,37,21,65,64,64,64,66,36,36,36,36,36,0,0],"gold":88,"neow_bonus":"HUNDRED_GOLD","is_daily":false,"chose_seed":false,"campfire_upgraded":4,"win_rate":0.0,"timestamp":1613983888,"path_taken":["M","?","M","M","?","R","E","M","T","E","M","?","R","?","R","BOSS","M","?","$","M","?","R","$","R","T","E"],"items_purchased_type":["Card","Card","Potion","Card"],"build_version":"2020-12-22","purchased_purges":2,"victory":false,"max_hp_per_floor":[75,75,75,75,75,75,75,75,75,80,80,80,80,80,80,80,80,80,80,80,80,80,80,80,80,80,80,80],"relic_stats":{"counters":[12,74],"Bird Faced Urn":[16],"War Paint":["Shrug It Off","Good Instincts"],"obtain_stats":[{"SlaversCollar":17,"Matryoshka":12,"Bird Faced Urn":7,"The Courier":9,"Omamori":10,"War Paint":26,"Ancient Tea Set":5,"Burning Blood":0},{"SlaversCollar":8,"Matryoshka":7,"Bird Faced Urn":4,"The Courier":5,"Omamori":6,"War Paint":11,"Ancient Tea Set":3,"Burning Blood":0},{"SlaversCollar":48,"Matryoshka":36,"Bird Faced Urn":19,"The Courier":23,"Omamori":28,"War Paint":68,"Ancient Tea Set":10,"Burning Blood":0}],"Burning Blood":66},"card_choices":[{"not_picked":["Reckless Charge","Armaments"],"picked":"Shrug It Off","floor":1.0},{"not_picked":["Sword Boomerang","Anger"],"picked":"Clothesline","floor":3.0},{"not_picked":["Barricade","Bloodletting"],"picked":"Rampage","floor":4.0},{"not_picked":["Anger","Headbutt","Second Wind"],"picked":"SKIP","floor":7.0},{"not_picked":["Headbutt","Heavy Blade"],"picked":"Power Through","floor":8.0},{"not_picked":["Shrug It Off","Intimidate"],"picked":"Juggernaut","floor":10.0},{"not_picked":["Clothesline","Perfected Strike"],"picked":"Body Slam","floor":11.0},{"not_picked":["Immolate","Feed"],"picked":"Barricade","floor":16.0},{"not_picked":["Sever Soul","Headbutt","Heavy Blade"],"picked":"SKIP","floor":18.0},{"not_picked":["Intimidate+1","Anger"],"picked":"True Grit","floor":21},{"not_picked":["Seeing Red","Warcry+1"],"picked":"Entrench","floor":22}],"player_experience":112869,"relics_obtained":[{"floor":7.0,"key":"Bird Faced Urn"},{"floor":9.0,"key":"The Courier"},{"floor":10.0,"key":"Omamori"},{"floor":12.0,"key":"Matryoshka"},{"floor":26,"key":"War Paint"}],"event_choices":[{"damage_healed":0.0,"max_hp_gain":0.0,"max_hp_loss":0.0,"gold_gain":0.0,"event_name":"Shining Light","player_choice":"Entered Light","floor":2.0,"gold_loss":0.0,"damage_taken":23.0,"cards_upgraded":["Defend_R","Strike_R"]},{"damage_healed":0.0,"max_hp_gain":0.0,"max_hp_loss":0.0,"gold_gain":0.0,"event_name":"Scrap Ooze","player_choice":"Success","floor":5.0,"gold_loss":0.0,"damage_taken":18.0,"relics_obtained":["Ancient Tea Set"]},{"damage_healed":0.0,"max_hp_gain":0.0,"max_hp_loss":0.0,"gold_gain":0.0,"event_name":"Lab","player_choice":"Got Potions","floor":14.0,"gold_loss":0.0,"damage_taken":0.0}],"is_beta":false,"boss_relics":[{"not_picked":["Black Blood","Runic Pyramid"],"picked":"SlaversCollar"}],"items_purged_floors":[20,24],"is_endless":false,"potions_floor_spawned":[1,3,8,16,21,22],"killed_by":"Slavers","ascension_level":16}}