{"host":"2se5dq1do2gp0x9k","time":1613962080,"event":{"mods":["AchievementEnabler","BaseMod","Block Reminder","Colored Map","Colored Powertips","Minty Spire (QoL Compilation)","Relic Stats","StSLib","SuperFastMode"],"gold_per_floor":[116,126,126,126,139,139,156,181,181,1,1,1],"floor_reached":11,"language":"ENG","playtime":355,"items_purged":[],"score":139,"play_id":"33a3d450-be98-41ec-9ac2-132add66b29b","local_time":"20210221184800","is_ascension_mode":true,"campfire_choices":[{"data":"Eruption","floor":6,"key":"SMITH"}],"circlet_count":0,"master_deck":["AscendersBane","Strike_P","Strike_P","Strike_P","Defend_P","Defend_P","Defend_P","Defend_P","Eruption+1","Vigilance","EmptyFist","Evaluate","SashWhip","FlyingSleeves","Meditate","CutThroughFate","MentalFortress","Halt+1","Collect+1"],"relics":["VioletLotus","Toxic Egg 2","Shovel"],"acts_visited":["Exordium"],"potions_floor_usage":[11],"damage_taken":[{"damage":24,"enemies":"Jaw Worm","floor":1,"turns":7},{"damage":0,"enemies":"Small Slimes","floor":2,"turns":2},{"damage":6,"enemies":"2 Louse","floor":5,"turns":4},{"damage":6,"enemies":"2 Fungi Beasts","floor":7,"turns":3},{"damage":19,"enemies":"Lagavulin","floor":8,"turns":7},{"damage":91,"enemies":"Gremlin Nob","floor":11,"turns":4}],"seed_played":"-3204921134858997644","potions_obtained":[{"floor":8,"key":"Regen Potion"}],"is_trial":false,"path_per_floor":["M","M","?","?","M","R","M","E","T","$","E"],"character_chosen":"WATCHER","items_purchased":["MentalFortress","Halt+1","Collect+1"],"campfire_rested":0,"item_purchase_floors":[10,10,10],"current_hp_per_floor":[37,37,59,59,53,53,47,28,28,28,0,0],"gold":1,"neow_bonus":"BOSS_RELIC","is_daily":false,"chose_seed":false,"campfire_upgraded":1,"win_rate":0.0,"timestamp":1613962080,"path_taken":["M","M","?","?","M","R","M","E","T","$","E"],"items_purchased_type":["Card","Card","Card"],"build_version":"2020-12-22","purchased_purges":0,"victory":false,"max_hp_per_floor":[68,68,68,68,68,68,68,68,68,68,68,68],"relic_stats":{"Shovel":0,"counters":[6,27],"VioletLotus":[7],"obtain_stats":[{"Shovel":9,"VioletLotus":0,"PureWater":0,"Toxic Egg 2":8},{"Shovel":5,"VioletLotus":0,"PureWater":0,"Toxic Egg 2":5},{"Shovel":23,"VioletLotus":0,"PureWater":0,"Toxic Egg 2":23}]},"card_choices":[{"not_picked":["PathToVictory","FollowUp"],"picked":"EmptyFist","floor":1},{"not_picked":["ClearTheMind","Prostrate"],"picked":"Evaluate","floor":2},{"not_picked":["Evaluate","DeceiveReality"],"picked":"FlyingSleeves","floor":5},{"not_picked":["Wireheading","Collect"],"picked":"Meditate","floor":7},{"not_picked":["Consecrate","Swivel+1"],"picked":"CutThroughFate","floor":8}],"player_experience":4111000,"relics_obtained":[{"floor":8,"key":"Toxic Egg 2"},{"floor":9,"key":"Shovel"}],"event_choices":[{"damage_healed":22,"gold_gain":0,"player_choice":"Banana","damage_taken":0,"max_hp_gain":0,"max_hp_loss":0,"event_name":"Big Fish","floor":3,"gold_loss":0},{"damage_healed":0,"gold_gain":0,"cards_transformed":["Strike_P"],"player_choice":"Change","damage_taken":0,"max_hp_gain":0,"max_hp_loss":0,"event_name":"Living Wall","floor":4,"gold_loss":0,"cards_obtained":["SashWhip"]}],"is_beta":false,"boss_relics":[],"items_purged_floors":[],"is_endless":false,"potions_floor_spawned":[8],"killed_by":"Gremlin Nob","ascension_level":18}}