{"host":"13ii7kifcsv20hya","time":1613980718,"event":{"mods":["BaseMod","Minty Spire (QoL Compilation)","Replay The Spire","StSLib"],"gold_per_floor":[109,32,50,83,97,97,124,124,124,158,177,252,252,268,268,364,364,382,237,237,117,132,157,2,34,88,102,102,433,444,444,444],"floor_reached":31,"language":"ENG","playtime":1650,"items_purged":[],"score":318,"play_id":"5124e0a7-7378-4b34-ba51-64e206afcd46","local_time":"20210222085838","is_ascension_mode":true,"campfire_choices":[{"data":"Whirlwind","floor":6,"key":"SMITH"},{"data":"Uppercut","floor":8,"key":"SMITH"},{"data":"Feed","floor":13,"key":"SMITH"},{"data":"Shrug It Off","floor":15,"key":"SMITH"},{"data":"Shockwave","floor":28,"key":"SMITH"}],"circlet_count":0,"master_deck":["Strike_R","Strike_R+1","Strike_R","Strike_R+1","Strike_R","Defend_R","Defend_R","Defend_R","Defend_R","Bash","Inflame","Whirlwind+1","Rampage","Shrug It Off+1","Uppercut+1","Feed+1","Dual Wield","Limit Break","Pot Of Greed","Pot Of Greed","Shockwave+1","Feed","Feed","Impervious"],"relics":["Burning Blood","NeowsBlessing","Peace Pipe","Paper Frog","MealTicket","Darkstone Periapt","Replay:Bronze Core","Grinning Jar","Pen Nib","ClockworkSouvenir","Du-Vu Doll","Whetstone","Old Coin"],"acts_visited":["Exordium","TheCity"],"potions_floor_usage":[7,11,16,18,23,23,27,31,31],"damage_taken":[{"damage":0,"enemies":"Cultist","floor":1,"turns":1},{"damage":0,"enemies":"2 Louse","floor":3,"turns":1},{"damage":0,"enemies":"Small Slimes","floor":5,"turns":1},{"damage":36,"enemies":"Lagavulin","floor":7,"turns":5},{"damage":19,"enemies":"Replay:BlueRogue","floor":10,"turns":4},{"damage":5,"enemies":"Looter","floor":11,"turns":2},{"damage":7,"enemies":"Large Slime","floor":14,"turns":6},{"damage":24,"enemies":"Fading Forest","floor":16,"turns":11},{"damage":25,"enemies":"2 Thieves","floor":18,"turns":5},{"damage":14,"enemies":"Shell Parasite","floor":22,"turns":6},{"damage":42,"enemies":"Book of Stabbing","floor":23,"turns":7},{"damage":4,"enemies":"Replay:Snechameleon","floor":25,"turns":5},{"damage":17,"enemies":"Shelled Parasite and Fungi","floor":27,"turns":5},{"damage":20,"enemies":"Gremlin Leader","floor":29,"turns":5},{"damage":21,"enemies":"Centurion and Healer","floor":30,"turns":6},{"damage":24,"enemies":"Book of Stabbing","floor":31,"turns":3}],"seed_played":"3935663586838718924","potions_obtained":[{"floor":5,"key":"PowerPotion"},{"floor":7,"key":"ColorlessPotion"},{"floor":10,"key":"FearPotion"},{"floor":14,"key":"SteroidPotion"},{"floor":16,"key":"Block Potion"},{"floor":18,"key":"Swift Potion"},{"floor":22,"key":"BlessingOfTheForge"},{"floor":29,"key":"Strength Potion"},{"floor":30,"key":"Toxic Potion"}],"is_trial":false,"path_per_floor":["M","$","M","?","M","R","E","R","T","E","M","?","R","M","R","B",null,"M","$","?","$","M","E","$","E","T","M","R","E","M","E"],"character_chosen":"IRONCLAD","items_purchased":["Whirlwind","Grinning Jar","Feed","ClockworkSouvenir"],"campfire_rested":0,"item_purchase_floors":[2,19,21,24],"current_hp_per_floor":[80,80,80,80,80,80,50,50,50,37,38,27,27,30,30,22,84,65,80,80,84,79,43,58,60,60,49,49,35,24,0,0],"gold":444,"neow_bonus":"THREE_ENEMY_KILL","is_daily":false,"chose_seed":false,"campfire_upgraded":5,"win_rate":0.0,"timestamp":1613980718,"path_taken":["M","$","?","?","M","R","E","R","T","E","M","?","R","M","R","BOSS","M","$","?","$","M","E","$","E","T","M","R","E","M","E"],"items_purchased_type":["Card","Relic","Card","Relic"],"build_version":"2020-12-22","purchased_purges":0,"victory":false,"max_hp_per_floor":[80,80,80,80,80,80,80,80,80,80,80,80,80,84,84,84,84,84,84,84,84,87,87,87,87,87,87,87,87,91,91,91],"card_choices":[{"not_picked":["Replay:Undeath\u0027s Touch","ReplayTheSpireMod:Limb From Limb"],"picked":"Inflame","floor":1},{"not_picked":["Uppercut","Clash","Hemokinesis"],"picked":"SKIP","floor":3},{"not_picked":["Dropkick","Infernal Blade"],"picked":"Rampage","floor":4},{"not_picked":["Heavy Blade","Replay:Undeath\u0027s Touch"],"picked":"Shrug It Off","floor":5},{"not_picked":["Shrug It Off","Massacre"],"picked":"Uppercut","floor":7},{"not_picked":["ReplayTheSpireMod:Muscle Training","Flex","Body Slam"],"picked":"SKIP","floor":10},{"not_picked":["Blood for Blood","Perfected Strike"],"picked":"Feed","floor":11},{"not_picked":["Havoc","Heavy Blade"],"picked":"Dual Wield","floor":14},{"not_picked":["Bludgeon","Feed"],"picked":"Limit Break","floor":16},{"not_picked":["Second Wind","Havoc","Twin Strike"],"picked":"SKIP","floor":18},{"not_picked":["Evolve+1","Flex","ReplayReversal"],"picked":"SKIP","floor":22},{"not_picked":["Evolve","ReplayTheSpireMod:Muscle Training","Infernal Blade+1"],"picked":"SKIP","floor":23},{"not_picked":["ReplayTheSpireMod:LeadingStrike","Demonic Infusion","Shrug It Off"],"picked":"SKIP","floor":25},{"not_picked":["Perfected Strike","Clothesline+1","Pommel Strike"],"picked":"SKIP","floor":27},{"not_picked":["Reckless Charge","Replay:Undeath\u0027s Touch+1"],"picked":"Impervious","floor":29},{"not_picked":["Combust","Feel No Pain","Armaments"],"picked":"SKIP","floor":30}],"player_experience":143124,"relics_obtained":[{"floor":4,"key":"Peace Pipe"},{"floor":7,"key":"Paper Frog"},{"floor":9,"key":"MealTicket"},{"floor":10,"key":"Darkstone Periapt"},{"floor":23,"key":"Pen Nib"},{"floor":25,"key":"Du-Vu Doll"},{"floor":26,"key":"Whetstone"},{"floor":29,"key":"Old Coin"}],"event_choices":[{"damage_healed":0,"gold_gain":75,"player_choice":"Gather Gold","damage_taken":11,"max_hp_gain":0,"max_hp_loss":0,"event_name":"World of Goop","floor":12,"gold_loss":0},{"damage_healed":0,"gold_gain":0,"player_choice":"Read","damage_taken":0,"max_hp_gain":0,"max_hp_loss":0,"event_name":"The Library","floor":20,"gold_loss":0,"cards_obtained":["Shockwave"]}],"is_beta":false,"boss_relics":[{"not_picked":["Kintsugi","Ring of Chaos"],"picked":"Replay:Bronze Core"}],"items_purged_floors":[],"is_endless":false,"potions_floor_spawned":[5,7,10,14,16,18,22,29,30],"killed_by":"Book of Stabbing","ascension_level":1}}