{"host":"h49usdrjeju7gyhi","time":1613965683,"event":{"mods":["Act Like it!","BaseMod","Minty Spire (QoL Compilation)","Ruina","StSLib","The Animator"],"gold_per_floor":[130,0,0,20,34,34,66,82,128,128,128],"floor_reached":10,"language":"ENG","playtime":476,"items_purged":["animator:Strike"],"score":136,"play_id":"f0cab6ea-7280-40fb-a30b-f2c070f16cd4","local_time":"20210221224803","is_ascension_mode":true,"campfire_choices":[{"data":"animator:Souei","floor":6,"key":"SMITH"}],"circlet_count":0,"master_deck":["AscendersBane","animator:Strike_TenSura","animator:Defend_TenSura","animator:Strike","animator:Defend","animator:Defend","animator:Defend","animator:Benimaru","animator:Shuna","animator:Envy","animator:Souei+1","animator:ShinjiMatou","animator:Millim","animator:Shigure"],"relics":["animator:LivingPicture","animator:TheMissingPiece","animator:PurgingStone","Bag of Marbles","Oddly Smooth Stone"],"acts_visited":["Exordium"],"potions_floor_usage":[10],"damage_taken":[{"damage":3.0,"enemies":"Small Slimes","floor":1.0,"turns":4.0},{"damage":0,"enemies":"2 Louse","floor":4,"turns":3},{"damage":4,"enemies":"Jaw Worm","floor":5,"turns":4},{"damage":26,"enemies":"Lagavulin","floor":7,"turns":4},{"damage":1,"enemies":"Large Slime","floor":8,"turns":6},{"damage":15,"enemies":"3 Sentries","floor":10,"turns":4}],"seed_played":"1907442906607679175","potions_obtained":[{"floor":1.0,"key":"FearPotion"}],"is_trial":false,"path_per_floor":["M","$","?","M","M","R","E","M","T","E"],"character_chosen":"THE_ANIMATOR","items_purchased":["PowerPotion"],"campfire_rested":0,"item_purchase_floors":[2],"current_hp_per_floor":[51,51,44,44,40,40,15,14,14,0,0],"gold":128,"neow_bonus":"ONE_RANDOM_RARE_CARD","is_daily":false,"chose_seed":false,"campfire_upgraded":1,"win_rate":0.0,"timestamp":1613965683,"path_taken":["M","$","?","M","M","R","E","M","T","E"],"items_purchased_type":["Potion"],"build_version":"2020-12-22","purchased_purges":1,"victory":false,"max_hp_per_floor":[60,60,60,60,60,60,61,61,61,61,61],"card_choices":[{"not_picked":["animator:Scar","animator:Ain"],"picked":"animator:Souei","floor":1.0},{"not_picked":["animator:Assassin","animator:OrikoMikuni"],"picked":"animator:ShinjiMatou","floor":4},{"not_picked":["animator:Assassin","animator:HiiragiShinya","animator:SayakaMiki"],"picked":"SKIP","floor":5},{"not_picked":["animator:Shuna","animator:Shion"],"picked":"animator:Millim","floor":7},{"not_picked":["animator:PandorasActor","animator:Ain"],"picked":"animator:Shigure","floor":8}],"player_experience":1596351,"relics_obtained":[{"floor":7,"key":"Bag of Marbles"},{"floor":9,"key":"Oddly Smooth Stone"}],"event_choices":[{"cards_removed":["animator:Strike"],"damage_healed":0.0,"max_hp_gain":0.0,"max_hp_loss":0.0,"gold_gain":0.0,"event_name":"Golden Wing","player_choice":"Card Removal","floor":3.0,"gold_loss":0.0,"damage_taken":7.0}],"is_beta":false,"boss_relics":[],"items_purged_floors":[2],"is_endless":false,"potions_floor_spawned":[1,5,7],"killed_by":"3 Sentries","ascension_level":20}}