{"host":"ocllwaoi18j60ltd","time":1613989263,"event":{"mods":["BaseMod","DeckTracker","Minty Spire (QoL Compilation)","Permanent Neow","Quick Restart","StSLib","SuperFastMode"],"gold_per_floor":[119,132,150,150,150,150,181,181,181,47,47,60,101,122,122,122,122],"floor_reached":16,"language":"KOR","playtime":441,"items_purged":["Strike_B"],"score":220,"play_id":"4bc052c2-8e54-4c3c-892e-65a4e1b394af","local_time":"20210222192103","is_ascension_mode":true,"campfire_choices":[{"floor":6,"key":"REST"},{"floor":11,"key":"REST"},{"data":"Defragment","floor":15,"key":"SMITH"}],"circlet_count":0,"master_deck":["AscendersBane","Strike_B","Defend_B","Defend_B","Defend_B","Defend_B","Zap","Dualcast","Consume","Defragment+1","Glacier","Static Discharge","Cold Snap","Coolheaded","Echo Form"],"relics":["Cracked Core","Golden Idol","Lizard Tail","Boot","Shovel","Molten Egg 2"],"acts_visited":["Exordium"],"potions_floor_usage":[7,13,16],"damage_taken":[{"damage":14,"enemies":"Small Slimes","floor":1,"turns":4},{"damage":0,"enemies":"2 Louse","floor":2,"turns":2},{"damage":6,"enemies":"Cultist","floor":3,"turns":4},{"damage":8,"enemies":"3 Sentries","floor":7,"turns":8},{"damage":13,"enemies":"Large Slime","floor":12,"turns":6},{"damage":34,"enemies":"Gremlin Nob","floor":13,"turns":5},{"damage":3,"enemies":"Blue Slaver","floor":14,"turns":5},{"damage":10,"enemies":"The Guardian","floor":16,"turns":15}],"seed_played":"-1019461576953749936","potions_obtained":[{"floor":3,"key":"AttackPotion"},{"floor":12,"key":"PowerPotion"},{"floor":14,"key":"SkillPotion"}],"is_trial":false,"path_per_floor":["M","M","M","?","?","R","E","?","T","$","R","M","E","M","R","B"],"character_chosen":"DEFECT","items_purchased":["Cold Snap"],"campfire_rested":2,"item_purchase_floors":[10],"current_hp_per_floor":[50,50,44,44,9,28,20,20,20,20,39,26,32,29,29,19,19],"gold":122,"neow_bonus":"REMOVE_CARD","is_daily":false,"chose_seed":false,"campfire_upgraded":1,"win_rate":0.0,"timestamp":1613989263,"path_taken":["M","M","M","?","?","R","E","?","T","$","R","?","E","M","R","BOSS"],"items_purchased_type":["Card"],"build_version":"2020-12-22","purchased_purges":1,"victory":false,"max_hp_per_floor":[71,71,71,64,64,64,64,64,64,64,64,64,64,64,64,64,64],"card_choices":[{"not_picked":["Barrage","Redo"],"picked":"Consume","floor":1},{"not_picked":["Chaos","Turbo"],"picked":"Defragment","floor":2},{"not_picked":["Hologram","Rip and Tear"],"picked":"Glacier","floor":3},{"not_picked":["Conserve Battery","Steam"],"picked":"Static Discharge","floor":7},{"not_picked":["Gash","Conserve Battery"],"picked":"Coolheaded","floor":12},{"not_picked":["Darkness","Stack"],"picked":"Echo Form","floor":13},{"not_picked":["Stack","Static Discharge","Conserve Battery"],"picked":"SKIP","floor":14}],"player_experience":858197,"relics_obtained":[{"floor":7,"key":"Boot"},{"floor":9,"key":"Shovel"},{"floor":13,"key":"Molten Egg 2"}],"event_choices":[{"damage_healed":0,"gold_gain":0,"player_choice":"Lose Max HP","damage_taken":0,"relics_obtained":["Golden Idol"],"max_hp_gain":0,"max_hp_loss":7,"event_name":"Golden Idol","floor":4,"gold_loss":0},{"damage_healed":0,"gold_gain":0,"player_choice":"Success","damage_taken":35,"relics_obtained":["Lizard Tail"],"max_hp_gain":0,"max_hp_loss":0,"event_name":"Scrap Ooze","floor":5,"gold_loss":0},{"cards_removed":["Strike_B"],"damage_healed":0,"gold_gain":0,"player_choice":"Purged","damage_taken":0,"max_hp_gain":0,"max_hp_loss":0,"event_name":"Purifier","floor":8,"gold_loss":0}],"is_beta":false,"boss_relics":[],"items_purged_floors":[10],"is_endless":false,"potions_floor_spawned":[3,12,14],"killed_by":"The Guardian","ascension_level":20}}