{"host":"eksvfr80mef7di1h","time":1613982839,"event":{"mods":["AchievementEnabler","BaseMod","Colored Map","Minty Spire (QoL Compilation)","StSLib","SuperFastMode"],"gold_per_floor":[117,117,134,150,325,351,34,34,34,45,65,90,110,126,126,230,230,241,253,14,29,29,58,58,76,102,129,142,142,67,14,14,114,114,131,0,0,11,24,56,56,67,93,125,140,154,189,189,189,189],"floor_reached":51,"language":"ENG","playtime":1323,"items_purged":["Doubt"],"score":941,"play_id":"0d5beae6-0e26-43da-ace4-84d9cdcf57c7","local_time":"20210222093359","is_ascension_mode":false,"campfire_choices":[{"data":"Blade Dance","floor":15,"key":"SMITH"},{"data":"Adrenaline","floor":24,"key":"SMITH"},{"data":"Acrobatics","floor":29,"key":"SMITH"},{"data":"Backflip","floor":32,"key":"SMITH"},{"data":"After Image","floor":41,"key":"SMITH"},{"data":"Envenom","floor":49,"key":"SMITH"}],"circlet_count":0,"master_deck":["Strike_G","Strike_G","Strike_G","Strike_G","Defend_G","Defend_G","Defend_G","Defend_G","Defend_G","Survivor","Neutralize+1","Poisoned Stab","Heel Hook","Blade Dance+1","Dagger Spray","Acrobatics+1","Adrenaline+1","Quick Slash+1","Backflip+1","Flash of Steel","Dagger Throw","Acrobatics+1","Heel Hook+1","Slice","Blur+1","Blade Dance+1","After Image+1","Quick Slash+1","Blade Dance+1","Blade Dance+1","Infinite Blades","Envenom+1","Footwork+1"],"relics":["Philosopher\u0027s Stone","Bottled Lightning","Ornamental Fan","Blood Vial","Shuriken","WristBlade","Anchor","Toxic Egg 2","Happy Flower","Vajra","Coffee Dripper","Red Mask","Art of War","Omamori","Eternal Feather","Juzu Bracelet"],"acts_visited":["Exordium","TheCity","TheBeyond"],"potions_floor_usage":[12,14,14,14,16,16,27,50,50],"damage_taken":[{"damage":3,"enemies":"Small Slimes","floor":1,"turns":5},{"damage":0,"enemies":"2 Louse","floor":3,"turns":2},{"damage":2,"enemies":"Jaw Worm","floor":4,"turns":3},{"damage":20,"enemies":"Gremlin Nob","floor":6,"turns":5},{"damage":0,"enemies":"Red Slaver","floor":10,"turns":2},{"damage":0,"enemies":"Lots of Slimes","floor":11,"turns":3},{"damage":9,"enemies":"3 Sentries","floor":12,"turns":5},{"damage":0,"enemies":"Looter","floor":13,"turns":2},{"damage":0,"enemies":"Large Slime","floor":14,"turns":3},{"damage":1,"enemies":"Hexaghost","floor":16,"turns":6},{"damage":2,"enemies":"3 Byrds","floor":18,"turns":3},{"damage":4,"enemies":"Chosen","floor":19,"turns":2},{"damage":1,"enemies":"3 Cultists","floor":21,"turns":4},{"damage":3,"enemies":"Slavers","floor":23,"turns":4},{"damage":0,"enemies":"Snecko","floor":25,"turns":3},{"damage":0,"enemies":"Gremlin Leader","floor":27,"turns":4},{"damage":0,"enemies":"Centurion and Healer","floor":28,"turns":2},{"damage":19,"enemies":"Automaton","floor":33,"turns":5},{"damage":0,"enemies":"Orb Walker","floor":35,"turns":1},{"damage":0,"enemies":"3 Shapes","floor":38,"turns":2},{"damage":0,"enemies":"Transient","floor":39,"turns":5},{"damage":0,"enemies":"Nemesis","floor":40,"turns":3},{"damage":0,"enemies":"4 Shapes","floor":42,"turns":2},{"damage":0,"enemies":"Reptomancer","floor":44,"turns":2},{"damage":0,"enemies":"3 Darklings","floor":45,"turns":2},{"damage":0,"enemies":"Spire Growth","floor":46,"turns":3},{"damage":0,"enemies":"Nemesis","floor":47,"turns":3},{"damage":53,"enemies":"Time Eater","floor":50,"turns":8}],"seed_played":"1200200085636802776","potions_obtained":[{"floor":1,"key":"Explosive Potion"},{"floor":10,"key":"BlessingOfTheForge"},{"floor":12,"key":"EntropicBrew"},{"floor":14,"key":"Poison Potion"},{"floor":16,"key":"ColorlessPotion"},{"floor":18,"key":"SpeedPotion"},{"floor":28,"key":"Dexterity Potion"},{"floor":39,"key":"Fruit Juice"}],"is_trial":false,"path_per_floor":["M","?","M","M","?","E","$","?","T","M","M","E","M","M","R","B",null,"M","M","$","M","?","E","R","M","T","E","M","R","?","$","R","B",null,"M","?","?","M","M","E","R","M","T","E","M","M","E","?","R","B",null],"character_chosen":"THE_SILENT","items_purchased":["Ornamental Fan","Flash of Steel","Anchor","Blade Dance+1"],"campfire_rested":0,"item_purchase_floors":[7,20,20,31],"current_hp_per_floor":[67,67,67,65,65,45,45,68,68,70,70,61,63,65,65,66,70,68,66,66,67,67,66,66,68,68,70,70,70,70,70,70,51,70,70,70,66,66,66,66,66,66,66,66,66,66,66,66,66,18],"gold":189,"neow_bonus":"BOSS_RELIC","is_daily":false,"chose_seed":false,"campfire_upgraded":6,"win_rate":0.0,"timestamp":1613982839,"path_taken":["M","?","M","M","?","E","$","?","T","M","M","E","M","?","R","BOSS","M","M","$","M","?","E","R","?","T","E","M","R","?","$","R","BOSS","M","?","?","M","M","E","R","M","T","E","M","M","E","?","R","BOSS"],"items_purchased_type":["Relic","Card","Relic","Card"],"build_version":"2020-12-22","purchased_purges":1,"victory":true,"max_hp_per_floor":[70,70,70,70,70,70,70,70,70,70,70,70,70,70,70,70,70,70,70,70,70,70,70,70,70,70,70,70,70,70,70,70,70,70,70,70,66,66,66,66,66,66,66,66,66,66,66,66,66,71],"card_choices":[{"not_picked":["Blur","Calculated Gamble"],"picked":"Poisoned Stab","floor":1},{"not_picked":["Bouncing Flask","Flying Knee"],"picked":"Heel Hook","floor":3},{"not_picked":["Bane","Flying Knee"],"picked":"Blade Dance","floor":4},{"not_picked":["Predator","Deadly Poison"],"picked":"Dagger Spray","floor":6},{"not_picked":["Sucker Punch","Crippling Poison","Distraction"],"picked":"SKIP","floor":10},{"not_picked":["Bane","Heel Hook","Poisoned Stab"],"picked":"SKIP","floor":11},{"not_picked":["PiercingWail","Bane","Poisoned Stab"],"picked":"SKIP","floor":12},{"not_picked":["Bane","Prepared"],"picked":"Acrobatics","floor":13},{"not_picked":["Sucker Punch","Deflect"],"picked":"Adrenaline","floor":14},{"not_picked":["Flying Knee","Sucker Punch"],"picked":"Quick Slash+1","floor":18},{"not_picked":["Slice","Skewer+1"],"picked":"Backflip","floor":19},{"not_picked":["Prepared","Bane"],"picked":"Dagger Throw","floor":21},{"not_picked":["Flying Knee","Reflex+1"],"picked":"Acrobatics+1","floor":23},{"not_picked":["Outmaneuver+1","Flying Knee"],"picked":"Heel Hook+1","floor":25},{"not_picked":["Expertise+1","Doppelganger+1"],"picked":"Slice","floor":27},{"not_picked":["Poisoned Stab+1","Acrobatics+1"],"picked":"Blur+1","floor":28},{"not_picked":["Bullet Time+1","Grand Finale"],"picked":"After Image","floor":33},{"not_picked":["Bane+1","Skewer+1"],"picked":"Quick Slash+1","floor":35},{"not_picked":["Quick Slash","Flechettes+1"],"picked":"Blade Dance+1","floor":38},{"not_picked":["PiercingWail+1","Dagger Throw+1"],"picked":"Blade Dance+1","floor":39},{"not_picked":["Backstab","Deflect+1"],"picked":"Infinite Blades","floor":40},{"not_picked":["PiercingWail+1","Setup+1","Underhanded Strike+1"],"picked":"SKIP","floor":42},{"not_picked":["Riddle With Holes+1","Bane","Caltrops"],"picked":"SKIP","floor":44},{"not_picked":["Calculated Gamble+1","Prepared+1"],"picked":"Envenom","floor":45},{"not_picked":["Prepared+1","Deadly Poison+1"],"picked":"Footwork+1","floor":46},{"not_picked":["Caltrops","Underhanded Strike+1","Deadly Poison+1"],"picked":"SKIP","floor":47}],"player_experience":179248,"relics_obtained":[{"floor":6,"key":"Bottled Lightning"},{"floor":9,"key":"Blood Vial"},{"floor":12,"key":"Shuriken"},{"floor":23,"key":"Toxic Egg 2"},{"floor":26,"key":"Happy Flower"},{"floor":27,"key":"Vajra"},{"floor":40,"key":"Art of War"},{"floor":43,"key":"Omamori"},{"floor":44,"key":"Eternal Feather"},{"floor":47,"key":"Juzu Bracelet"}],"event_choices":[{"damage_healed":0,"gold_gain":0,"player_choice":"Grow","damage_taken":0,"max_hp_gain":0,"max_hp_loss":0,"event_name":"Living Wall","floor":2,"gold_loss":0,"cards_upgraded":["Neutralize"]},{"damage_healed":0,"gold_gain":175,"player_choice":"AGREE","damage_taken":0,"max_hp_gain":0,"max_hp_loss":0,"event_name":"Liars Game","floor":5,"gold_loss":0,"cards_obtained":["Doubt"]},{"damage_healed":23,"gold_gain":0,"player_choice":"Banana","damage_taken":0,"max_hp_gain":0,"max_hp_loss":0,"event_name":"Big Fish","floor":8,"gold_loss":0},{"damage_healed":0,"gold_gain":0,"player_choice":"Ignored","damage_taken":0,"max_hp_gain":0,"max_hp_loss":0,"event_name":"N\u0027loth","floor":22,"gold_loss":0},{"cards_removed":["Strike_G"],"damage_healed":0,"gold_gain":0,"player_choice":"Gave Gold","damage_taken":0,"max_hp_gain":0,"max_hp_loss":0,"event_name":"Beggar","floor":30,"gold_loss":75},{"damage_healed":0,"gold_gain":0,"player_choice":"Paid","damage_taken":0,"relics_obtained":["Red Mask"],"max_hp_gain":0,"max_hp_loss":0,"event_name":"Tomb of Lord Red Mask","floor":36,"gold_loss":131},{"damage_healed":0,"gold_gain":0,"player_choice":"Max HP","damage_taken":0,"max_hp_gain":0,"max_hp_loss":4,"event_name":"Winding Halls","floor":37,"gold_loss":0},{"damage_healed":0,"gold_gain":0,"player_choice":"Memory 1","damage_taken":0,"max_hp_gain":0,"max_hp_loss":0,"event_name":"SensoryStone","floor":48,"gold_loss":0}],"is_beta":false,"boss_relics":[{"not_picked":["Velvet Choker","HoveringKite"],"picked":"WristBlade"},{"not_picked":["Snecko Eye","Black Star"],"picked":"Coffee Dripper"}],"items_purged_floors":[7],"is_endless":false,"potions_floor_spawned":[1,10,12,14,16,18,21,25,28,39,45,46,47],"ascension_level":0}}