{"host":"xp5rvh2jwe2ejyfm","time":1613958741,"event":{"mods":["2.2 Compatiblity","Aspiration","Bard","BaseMod","Beaked The Cultist","Better Altar","Better Match","Better Note","Better Sensory Stone","Better Skull","BetterRewards","Colored Powertips","Conspire","Downfall","GifTheSpireLib","Gremlin Mod","GungeonMod","Hermit","Hubris","Jorbs\u0027s Wanderer Trilogy","Mad Scientist","Minty Spire (QoL Compilation)","Potionbrewer","Quick Restart","Replay The Spire","Robot Space Explorer","Shade Mod","Somnambulant","StSLib","The Bug Knight","The Clintock","The Construct","The Cursed","The Disciple","The Forsaken","The Hierophant","The Marked","The Mystic","The Necromancer","The Runesmith","The Servant 0.9.4","The Valiant","The Witch","TheFirefly","TheVacant","thorton"],"gold_per_floor":[111,11,11,11,26,53,64,76,76,87,87,101,111,136,198,296,296,312,312,12,12,26,26,46,46,46],"floor_reached":25,"language":"ENG","playtime":1041,"items_purged":[],"score":215,"play_id":"95e57135-bec2-4d7b-9d2b-858bb6bd9c7a","local_time":"20210221205221","is_ascension_mode":false,"campfire_choices":[{"floor":11,"key":"REST"},{"floor":23,"key":"REST"}],"circlet_count":0,"master_deck":["MadScienceMod:Strike_MadScience","MadScienceMod:Strike_MadScience","MadScienceMod:Strike_MadScience","MadScienceMod:Strike_MadScience","MadScienceMod:Defend_MadScience","MadScienceMod:Defend_MadScience","MadScienceMod:Defend_MadScience","MadScienceMod:PoweredStrike","MadScienceMod:HideBehindJunk+1","MadScienceMod:AcidSpray","MadScienceMod:OilDrum","MadScienceMod:PowerArmor+1","MadScienceMod:RadioactiveSword","MadScienceMod:AutoStrike","MadScienceMod:SoftenUp","MadScienceMod:RecyclingStation","MadScienceMod:Retarget","MadScienceMod:LightOnFire","MadScienceMod:JunkLaser","MadScienceMod:AutoStrike","MadScienceMod:ExtractOil","MadScienceMod:CloneVats","MadScienceMod:AcidSpray","MadScienceMod:Probe","MadScienceMod:RadioactiveSword+1","MadScienceMod:FragmentationGrenade","MadScienceMod:RadioactiveSword"],"relics":["MadScienceMod:FuelTank","ReplayFunnel","InkBottle","thethorton:BottledFunds","MadScienceMod:PolishingWheel"],"acts_visited":["Exordium","TheCity"],"potions_floor_usage":[6,16,16,25],"damage_taken":[{"damage":6,"enemies":"Jaw Worm","floor":1,"turns":3},{"damage":0,"enemies":"Cultist","floor":5,"turns":5},{"damage":29,"enemies":"Lagavulin","floor":6,"turns":8},{"damage":1,"enemies":"Small Slimes","floor":7,"turns":4},{"damage":3,"enemies":"2 Fungi Beasts","floor":8,"turns":4},{"damage":6,"enemies":"3 Louse","floor":10,"turns":5},{"damage":7,"enemies":"Red Slaver","floor":12,"turns":4},{"damage":0,"enemies":"Large Slime","floor":13,"turns":5},{"damage":24,"enemies":"Gremlin Nob","floor":14,"turns":5},{"damage":25,"enemies":"Fading Forest","floor":16,"turns":11},{"damage":18,"enemies":"Spheric Guardian","floor":18,"turns":8},{"damage":47,"enemies":"3 Byrds","floor":22,"turns":8},{"damage":7,"enemies":"Snecko","floor":24,"turns":6},{"damage":29,"enemies":"Masked Bandits","floor":25,"turns":3}],"seed_played":"-7889810596162794914","potions_obtained":[{"floor":5,"key":"Languid Potion"},{"floor":7,"key":"potionbrewer:BarricadePotion"},{"floor":14,"key":"ColorlessPotion"},{"floor":24,"key":"ColorlessPotion"}],"is_trial":false,"path_per_floor":["M","$","?","$","M","E","M","M","T","M","R","M","M","E","R","B",null,"M","?","$","?","M","R","M","?"],"character_chosen":"MAD_SCIENTIST","items_purchased":["MadScienceMod:PowerArmor+1","MadScienceMod:RadioactiveSword","MadScienceMod:PolishingWheel","MadScienceMod:RadioactiveSword+1"],"campfire_rested":2,"item_purchase_floors":[2,2,20,20],"current_hp_per_floor":[69,69,69,69,69,40,39,36,36,30,52,45,45,21,21,14,75,57,57,57,57,10,32,25,0,0],"gold":46,"neow_bonus":"THREE_CARDS","is_daily":false,"chose_seed":false,"campfire_upgraded":0,"win_rate":0.0,"timestamp":1613958741,"path_taken":["M","$","?","?","?","E","M","?","T","?","R","M","M","E","R","BOSS","M","?","$","?","M","R","M","?"],"items_purchased_type":["Card","Card","Relic","Card"],"build_version":"2020-12-22","purchased_purges":0,"victory":false,"max_hp_per_floor":[75,75,75,75,75,75,75,75,75,75,75,75,75,75,75,75,75,75,75,75,75,75,75,75,75,75],"card_choices":[{"not_picked":["MadScienceMod:FlameThrower","MadScienceMod:SelfDestruct"],"picked":"MadScienceMod:AcidSpray","floor":0},{"not_picked":["MadScienceMod:RadioactiveSword","MadScienceMod:Weaponize"],"picked":"MadScienceMod:OilDrum","floor":1},{"not_picked":["MadScienceMod:AcidSpray","MadScienceMod:TimeDilationField"],"picked":"MadScienceMod:AutoStrike","floor":5},{"not_picked":["MadScienceMod:Jetpack","MadScienceMod:Browse"],"picked":"MadScienceMod:SoftenUp","floor":6},{"not_picked":["MadScienceMod:LightOnFire","MadScienceMod:Retarget"],"picked":"MadScienceMod:RecyclingStation","floor":7},{"not_picked":["MadScienceMod:Tune","MadScienceMod:MechanicalSnecko"],"picked":"MadScienceMod:Retarget","floor":8},{"not_picked":["MadScienceMod:Refuel","MadScienceMod:FlameCannon"],"picked":"MadScienceMod:LightOnFire","floor":10},{"not_picked":["MadScienceMod:FlexibleSpear","MadScienceMod:GatherParts"],"picked":"MadScienceMod:JunkLaser","floor":12},{"not_picked":["MadScienceMod:Lightbulb","MadScienceMod:FlameThrower"],"picked":"MadScienceMod:AutoStrike","floor":13},{"not_picked":["MadScienceMod:RecyclingStation","MadScienceMod:Poke"],"picked":"MadScienceMod:ExtractOil","floor":14},{"not_picked":["MadScienceMod:GlassCannon","MadScienceMod:Jetpack"],"picked":"MadScienceMod:CloneVats","floor":16},{"not_picked":["MadScienceMod:LightOnFire+1","MadScienceMod:Bayonet"],"picked":"MadScienceMod:AcidSpray","floor":18},{"not_picked":["MadScienceMod:TimeDilationField+1","MadScienceMod:BandageBot"],"picked":"MadScienceMod:FragmentationGrenade","floor":22},{"not_picked":["MadScienceMod:Strafe","MadScienceMod:Sprocket"],"picked":"MadScienceMod:RadioactiveSword","floor":24}],"player_experience":560407,"relics_obtained":[{"floor":6,"key":"ReplayFunnel"},{"floor":14,"key":"InkBottle"}],"event_choices":[{"damage_healed":0,"gold_gain":0,"player_choice":"Forge","damage_taken":0,"max_hp_gain":0,"max_hp_loss":0,"event_name":"Accursed Blacksmith","floor":3,"gold_loss":0,"cards_upgraded":["MadScienceMod:HideBehindJunk"]},{"damage_healed":0,"gold_gain":0,"cards_transformed":["MadScienceMod:Defend_MadScience"],"player_choice":"Transformed","damage_taken":0,"max_hp_gain":0,"max_hp_loss":0,"event_name":"Transmorgrifier","floor":19,"gold_loss":0,"cards_obtained":["MadScienceMod:Probe"]},{"damage_healed":0,"gold_gain":0,"player_choice":"Ignored","damage_taken":0,"max_hp_gain":0,"max_hp_loss":0,"event_name":"betterNote:BetterNote","floor":21,"gold_loss":0,"cards_obtained":["hermit:Headshot"]},{"damage_healed":0,"gold_gain":0,"player_choice":"Fought Bandits","damage_taken":0,"max_hp_gain":0,"max_hp_loss":0,"event_name":"Masked Bandits","floor":25,"gold_loss":0}],"is_beta":false,"boss_relics":[{"not_picked":["Black Star","aspiration:MobileForge"],"picked":"thethorton:BottledFunds"}],"items_purged_floors":[],"is_endless":false,"potions_floor_spawned":[5,7,14,24],"killed_by":"Masked Bandits","ascension_level":0}}