{"host":"birdoosa9v9yfc1w","time":1613962933,"event":{"mods":["2.2 Compatiblity","BaseMod","Bestiary","Bossed Relics","Colored Map","Colored Powertips","Dark Map","Halation","Highlight Path","Hyrulean Relics","Minty Spire (QoL Compilation)","Relic Filter","SacredBarkPlus","StSLib","Thrall Mod"],"gold_per_floor":[118,39,39,52,52,82,97,129,175,175,203,203,231,246,246,345,345,365,378,391,405,20,20,53,53,53,68,87,87,117,27,27,127,127,138,153,153,167,186,186,212,229,254,270,270,25,52,77,77,83,83,83,33,68,114],"floor_reached":56,"language":"ENG","playtime":2901,"items_purged":["Defend_Thrall","Writhe"],"score":1543,"play_id":"d216d846-2dd6-455d-ab00-74fe291d8ffb","local_time":"20210221220213","is_ascension_mode":true,"campfire_choices":[{"data":"Hallazeal","floor":10,"key":"SMITH"},{"data":"Therunespear","floor":15,"key":"SMITH"},{"floor":23,"key":"RECALL"},{"floor":25,"key":"REST"},{"data":"Flametonguetotem","floor":32,"key":"SMITH"},{"data":"Vitalitytotem","floor":40,"key":"SMITH"},{"data":"Frostshock","floor":49,"key":"SMITH"},{"data":"Maelstromportal","floor":52,"key":"SMITH"}],"circlet_count":0,"master_deck":["Strike_Thrall","Strike_Thrall","Strike_Thrall+1","Strike_Thrall","Strike_Thrall","Defend_Thrall","Defend_Thrall","Defend_Thrall","Defend_Thrall","Lightningbolt","Thecoin","Therunespear+1","Vitalitytotem+1","Beakeredlightning","Hallazeal+1","Earthshock+1","Frostshock+1","Frostshock+1","Maelstromportal+1","Airelemental+1","Manatidetotem+1","Manatidetotem+1","Flametonguetotem+1","Doomhammer+1","Parasite"],"relics":["Totem","halation:RedSoulGem","Omegamind","Gremlin Horn","MealTicket","Odd Mushroom","Ice Cream","Pen Nib","Boot","Singing Bowl","Blood Vial","Cursed Key","halation:Toothbrush","Bag of Marbles","Happy Flower","halation:IllGainedPizza","Shuriken"],"acts_visited":["Exordium","TheCity","TheBeyond","TheEnding"],"potions_floor_usage":[8,22,24,24,41,55,55,55],"damage_taken":[{"damage":0,"enemies":"2 Louse","floor":1,"turns":2},{"damage":0,"enemies":"Small Slimes","floor":4,"turns":3},{"damage":10,"enemies":"3 Sentries","floor":6,"turns":4},{"damage":2,"enemies":"Jaw Worm","floor":7,"turns":2},{"damage":4,"enemies":"Gremlin Nob","floor":8,"turns":3},{"damage":20,"enemies":"3 Sentries","floor":11,"turns":3},{"damage":7,"enemies":"The Mushroom Lair","floor":13,"turns":2},{"damage":5,"enemies":"3 Louse","floor":14,"turns":3},{"damage":41,"enemies":"Hexaghost","floor":16,"turns":4},{"damage":26,"enemies":"2 Thieves","floor":18,"turns":2},{"damage":18,"enemies":"3 Byrds","floor":19,"turns":3},{"damage":24,"enemies":"Snake Plant","floor":20,"turns":2},{"damage":39,"enemies":"Shelled Parasite and Fungi","floor":21,"turns":3},{"damage":54,"enemies":"Slavers","floor":24,"turns":3},{"damage":43,"enemies":"Centurion and Healer","floor":27,"turns":3},{"damage":21,"enemies":"Chosen and Byrds","floor":28,"turns":4},{"damage":43,"enemies":"Book of Stabbing","floor":30,"turns":4},{"damage":54,"enemies":"Collector","floor":33,"turns":6},{"damage":20,"enemies":"Orb Walker","floor":35,"turns":3},{"damage":38,"enemies":"3 Darklings","floor":36,"turns":3},{"damage":38,"enemies":"Spire Growth","floor":38,"turns":4},{"damage":0,"enemies":"Sphere and 2 Shapes","floor":39,"turns":2},{"damage":62,"enemies":"Nemesis","floor":41,"turns":3},{"damage":40,"enemies":"Writhing Mass","floor":42,"turns":6},{"damage":20,"enemies":"Transient","floor":44,"turns":5},{"damage":13,"enemies":"Reptomancer","floor":47,"turns":2},{"damage":56,"enemies":"4 Shapes","floor":48,"turns":4},{"damage":84,"enemies":"Donu and Deca","floor":50,"turns":5},{"damage":33,"enemies":"Shield and Spear","floor":54,"turns":2},{"damage":76,"enemies":"The Heart","floor":55,"turns":4}],"seed_played":"-8364066732908918068","potions_obtained":[{"floor":1,"key":"Block Potion"},{"floor":7,"key":"Explosive Potion"},{"floor":13,"key":"Dexterity Potion"},{"floor":14,"key":"Weak Potion"},{"floor":20,"key":"Energy Potion"},{"floor":27,"key":"PowerPotion"},{"floor":33,"key":"Dexterity Potion"},{"floor":35,"key":"Regen Potion"},{"floor":44,"key":"ColorlessPotion"}],"is_trial":false,"path_per_floor":["M","$","?","M","?","E","M","E","T","R","E","?","?","M","R","B",null,"M","M","M","M","$","R","E","R","T","M","M","?","E","?","R","B",null,"M","M","?","M","M","R","E","M","T","M","?","$","E","M","R","B",null,"R","$","E","B",null],"character_chosen":"THRALL","items_purchased":["Vitalitytotem","Fruit Juice","Pen Nib","Manatidetotem","Happy Flower","SteroidPotion"],"campfire_rested":1,"item_purchase_floors":[2,22,22,22,46,53],"current_hp_per_floor":[49,49,49,49,49,44,44,42,42,42,70,56,51,62,62,23,58,39,70,46,49,69,69,23,45,45,77,77,77,79,79,79,81,81,83,85,85,87,87,87,40,91,91,93,88,91,87,95,95,95,95,95,95,73,96],"gold":114,"neow_bonus":"THREE_RARE_CARDS","is_daily":false,"chose_seed":false,"campfire_upgraded":6,"win_rate":0.0,"timestamp":1613962933,"path_taken":["M","$","?","M","?","E","?","E","T","R","E","?","?","M","R","BOSS","M","M","M","M","$","R","E","R","T","M","M","?","E","?","R","BOSS","M","?","?","M","?","R","E","M","T","M","?","?","E","?","R","BOSS","R","$","E","BOSS"],"items_purchased_type":["Card","Potion","Relic","Card","Relic","Potion"],"build_version":"2020-12-22","purchased_purges":2,"victory":true,"max_hp_per_floor":[70,70,70,70,70,70,70,70,70,70,70,70,70,70,70,70,70,70,70,70,70,75,75,75,75,75,77,77,77,79,79,79,81,81,83,85,85,87,87,87,89,91,91,93,88,91,93,95,95,95,95,95,95,97,97],"card_choices":[{"not_picked":["Lavaburst","Whiteeyes"],"picked":"Therunespear","floor":0},{"not_picked":["Zap","Elementaryreaction"],"picked":"Earthelemental","floor":1},{"not_picked":["Witchsapprentice","Lightningbolt"],"picked":"Beakeredlightning","floor":4},{"not_picked":["Lavaburst","Rumblingelemental"],"picked":"Hallazeal","floor":6},{"not_picked":["Fireguard","Witchsapprentice"],"picked":"Earthshock","floor":7},{"not_picked":["Rockbiter","Menacingnimbus"],"picked":"Frostshock","floor":8},{"not_picked":["Totemicsmash","Eureka"],"picked":"Frostshock","floor":11},{"not_picked":["Cryostasis","Healingrain"],"picked":"Maelstromportal","floor":13},{"not_picked":["Tidalsurge","Farsight","Wartbringer"],"picked":"SKIP","floor":14},{"not_picked":["Totemicsmash","Zap"],"picked":"Airelemental+1","floor":18},{"not_picked":["Reincarnate","Zap","Likkim"],"picked":"SKIP","floor":19},{"not_picked":["Rockbiter+1","Witchsapprentice","Dustdevil"],"picked":"SKIP","floor":20},{"not_picked":["Rockbiter+1","Witchsapprentice","Dustdevil"],"picked":"SKIP","floor":20},{"not_picked":["Avalanche+1","Forkedlightning"],"picked":"Manatidetotem+1","floor":21},{"not_picked":["Fireguard+1","Therunespear","Volcano"],"picked":"SKIP","floor":24},{"not_picked":["Witchsapprentice","Dustdevil","Fireguard+1"],"picked":"Singing Bowl","floor":27},{"not_picked":["Frostshock","Fireguard"],"picked":"Flametonguetotem","floor":28},{"not_picked":["Jinyu","Totemicsmash","Lightningbolt"],"picked":"Singing Bowl","floor":30},{"not_picked":["Therunespear","Shudderwock","Unstable"],"picked":"Singing Bowl","floor":33},{"not_picked":["Dunemaul+1","Blazing+1","Jinyu"],"picked":"Singing Bowl","floor":35},{"not_picked":["Volcano+1","Zap","Menacingnimbus"],"picked":"Singing Bowl","floor":36},{"not_picked":["Fireguard+1","Thecoin","Fireelemental+1"],"picked":"Singing Bowl","floor":38},{"not_picked":["Tidalsurge","Thecoin"],"picked":"Doomhammer+1","floor":39},{"not_picked":["Earthelemental","Frostshock+1","Therunespear"],"picked":"Singing Bowl","floor":41},{"not_picked":["Cryostasis+1","Jadelightning","Earthelemental"],"picked":"Singing Bowl","floor":42},{"not_picked":["Forkedlightning+1","Earthshock","Avalanche+1"],"picked":"Singing Bowl","floor":44},{"not_picked":["Frostshock+1","Thingfrombelow+1","Volcano+1"],"picked":"Singing Bowl","floor":47},{"not_picked":["Healingwave+1","Forkedlightning+1","Fireelemental+1"],"picked":"Singing Bowl","floor":48},{"not_picked":["Reincarnate+1","Drakkaridefender","Likkim+1"],"picked":"Singing Bowl","floor":54}],"player_experience":636513,"relics_obtained":[{"floor":6,"key":"Omegamind"},{"floor":8,"key":"Gremlin Horn"},{"floor":11,"key":"MealTicket"},{"floor":13,"key":"Odd Mushroom"},{"floor":24,"key":"Boot"},{"floor":26,"key":"Singing Bowl"},{"floor":30,"key":"Blood Vial"},{"floor":41,"key":"halation:Toothbrush"},{"floor":43,"key":"Bag of Marbles"},{"floor":47,"key":"halation:IllGainedPizza"},{"floor":54,"key":"Shuriken"}],"event_choices":[{"damage_healed":0,"gold_gain":0,"player_choice":"Ignored","damage_taken":0,"max_hp_gain":0,"max_hp_loss":0,"event_name":"Liars Game","floor":3,"gold_loss":0},{"damage_healed":0,"gold_gain":0,"player_choice":"Entered Light","damage_taken":14,"max_hp_gain":0,"max_hp_loss":0,"event_name":"Shining Light","floor":12,"gold_loss":0,"cards_upgraded":["Frostshock","Earthshock"]},{"damage_healed":0,"gold_gain":0,"player_choice":"Fought Mushrooms","damage_taken":0,"max_hp_gain":0,"max_hp_loss":0,"event_name":"Mushrooms","floor":13,"gold_loss":0},{"damage_healed":0,"gold_gain":0,"player_choice":"Ignored","damage_taken":0,"max_hp_gain":0,"max_hp_loss":0,"event_name":"Vampires","floor":29,"gold_loss":0},{"cards_removed":["Earthelemental"],"damage_healed":0,"gold_gain":0,"player_choice":"Upgrade and Remove","damage_taken":0,"max_hp_gain":0,"max_hp_loss":0,"event_name":"Designer","floor":31,"gold_loss":90,"cards_upgraded":["Strike_Thrall"]},{"damage_healed":0,"gold_gain":0,"player_choice":"Forge","damage_taken":0,"max_hp_gain":0,"max_hp_loss":0,"event_name":"Accursed Blacksmith","floor":37,"gold_loss":0,"cards_upgraded":["Manatidetotem"]},{"damage_healed":0,"gold_gain":0,"player_choice":"Max HP","damage_taken":0,"max_hp_gain":0,"max_hp_loss":5,"event_name":"Winding Halls","floor":45,"gold_loss":0}],"is_beta":false,"boss_relics":[{"not_picked":["Calling Bell","Velvet Choker"],"picked":"Ice Cream"},{"not_picked":["Empty Cage","Totemicslam"],"picked":"Cursed Key"}],"items_purged_floors":[22,46],"is_endless":false,"potions_floor_spawned":[1,7,13,14,16,20,27,33,35,44,47,48],"ascension_level":5}}