{"host":"sxaoifcprvg3ww0o","time":1613977127,"event":{"mods":["ATMod(∞¢Ë™Mod)","Act Like it!","Arknights","BaseMod","Downfall","Gensokyo","GifTheSpireLib","Hermit","KinomotoSakuraMod(ƒæ÷Æ±æ”£)","Marisa£®ÏF”Í°°ƒß¿Ì…≥£©","Minty Spire (QoL Compilation)","Prisma Mod","Quick Restart","Reimu£®≤©¿ˆ¡È√Œ£©","Reliquary","Remilia£®¿Ÿ√◊¿Ú—«£©","Replay The Spire","StSLib","The Alterego","The Senshi","Waifu the Spire","Yakumo Yukari mod","Youmu£®ªÍ∆«—˝√Œ£©","Yuyuko","°æ“≈ŒÔø®≈∆°øREMEMod"],"gold_per_floor":[14,14,29,45,61,61,74,104,130,1,14,14,14,14,14,88,88,103,126,126,126],"floor_reached":20,"language":"ZHS","playtime":1077,"items_purged":[],"score":338,"play_id":"4f787694-a555-47f1-beca-bdc1ed801bac","local_time":"20210222145847","is_ascension_mode":true,"campfire_choices":[{"data":"AT_EmpoweredMortalDraw","floor":6,"key":"SMITH"},{"floor":12,"key":"REST"},{"floor":15,"key":"REST"}],"circlet_count":0,"master_deck":["AscendersBane","Strike_P","Strike_P","Strike_P","Strike_P","Defend_P","Defend_P","Defend_P","Defend_P","Eruption","Vigilance","Dream of Spring","Crescendo","Clumsy","Wireheading","EmptyBody","AT_RealColorLess","Devotion","Gensokyo:BlemishedSteel","DevaForm"],"relics":["PureWater","REME_ComplimentaryCards","AT_ATBox","Replay:Towering Pillar of Hats","Gensokyo:NagashiBinaDoll","reliquary:TuningFork","Gensokyo:OccultBall","SacredBark","AT_ArchangelStaff","ScarletDevilRocket"],"acts_visited":["Exordium","TheCity"],"potions_floor_usage":[16,16],"damage_taken":[{"damage":6.0,"enemies":"Gensokyo:3_Fairies","floor":1.0,"turns":4.0},{"damage":0.0,"enemies":"Gensokyo:2_Kodama","floor":3.0,"turns":1.0},{"damage":6,"enemies":"Gensokyo:Gryphon","floor":4,"turns":3},{"damage":3,"enemies":"Gensokyo:2_Rabbits","floor":5,"turns":3},{"damage":5,"enemies":"Gensokyo:Kitsune","floor":7,"turns":2},{"damage":15,"enemies":"Gensokyo:Mamizou","floor":8,"turns":7},{"damage":16,"enemies":"Gensokyo:LivingMonolith","floor":11,"turns":4},{"damage":47,"enemies":"Gensokyo:Kokoro","floor":16,"turns":8},{"damage":36,"enemies":"Shell Parasite","floor":18,"turns":7},{"damage":16,"enemies":"3 Byrds","floor":20,"turns":3}],"seed_played":"6537346191986345669","potions_obtained":[{"floor":4,"key":"GamblersBrew"},{"floor":7,"key":"Ambrosia"},{"floor":11,"key":"MagicPotion:ReiMu"},{"floor":18,"key":"Venom Potion"}],"is_trial":false,"path_per_floor":["M","?","M","M","M","R","M","E","T","COS","M","R","?","?","R","B",null,"M","T","M"],"character_chosen":"WATCHER","items_purchased":[],"campfire_rested":2,"item_purchase_floors":[],"current_hp_per_floor":[55,55,55,49,46,46,41,26,26,26,10,30,30,30,50,3,52,16,16,0,0],"gold":126,"neow_bonus":"ONE_RARE_RELIC","is_daily":false,"chose_seed":false,"campfire_upgraded":1,"win_rate":0.0,"timestamp":1613977127,"path_taken":["M","?","M","?","M","R","M","E","T","COS","M","R","?","?","R","BOSS","M","?","?"],"items_purchased_type":[],"build_version":"2020-12-22","purchased_purges":0,"victory":false,"max_hp_per_floor":[68,68,68,68,68,68,68,68,68,68,68,68,68,68,68,68,68,68,68,68,68],"card_choices":[{"not_picked":["Halt","Fasting2"],"picked":"Crescendo","floor":1.0},{"not_picked":["REME_MusicOfDeath","Replay:Anticipation"],"picked":"Wireheading","floor":3.0},{"not_picked":["EmptyMind","Replay:BluntJabs","REME_Repentance"],"picked":"SKIP","floor":4},{"not_picked":["Halt","WindmillStrike"],"picked":"EmptyBody","floor":5},{"not_picked":["Replay:DivineShield","Replay:AtTheReady"],"picked":"AT_RealColorLess","floor":7},{"not_picked":["Crescendo","ClearTheMind"],"picked":"Devotion","floor":8},{"not_picked":["Replay:ManipulateFuture","EmptyBody","Weave"],"picked":"SKIP","floor":11},{"not_picked":["Replay:AllIn","Alpha"],"picked":"DevaForm","floor":16},{"not_picked":["BowlingBash","ClearTheMind","JustLucky"],"picked":"SKIP","floor":18}],"player_experience":601191,"relics_obtained":[{"floor":8,"key":"reliquary:TuningFork"},{"floor":16,"key":"Gensokyo:OccultBall"},{"floor":19,"key":"ScarletDevilRocket"}],"event_choices":[],"is_beta":false,"boss_relics":[{"not_picked":["Kintsugi","reliquary:KinkedSpring"],"picked":"SacredBark"}],"items_purged_floors":[],"is_endless":false,"potions_floor_spawned":[4,7,8,11,18],"killed_by":"3 Byrds","ascension_level":20}}