{"host":"doky","time":1613986601,"event":{"mods":["100% Spire Juice","Act Like it!","BaseMod","Gensokyo","KinomotoSakuraMod(ƒæ÷Æ±æ”£)","Marisa£®ÏF”Í°°ƒß¿Ì…≥£©","Minty Spire (QoL Compilation)","Railgun Mod","Reimu£®≤©¿ˆ¡È√Œ£©","Remilia£®¿Ÿ√◊¿Ú—«£©","StSLib","The Alterego","Yakumo Yukari mod","Youmu£®ªÍ∆«—˝√Œ£©","Yuri Mod"],"gold_per_floor":[114,114,11,26,38,272,292,292,317,329,89,1,1,21,21,21,21],"floor_reached":16,"language":"ZHS","playtime":1447,"items_purged":[],"score":137,"play_id":"841cd345-3ef4-45ae-a9fb-6bb8b98dbb00","local_time":"20210222173641","is_ascension_mode":false,"campfire_choices":[{"floor":11,"key":"REST"},{"floor":15,"key":"REST"}],"circlet_count":0,"master_deck":["Moonworks:Strike","Moonworks:Strike","Moonworks:Strike","Moonworks:Defend","Moonworks:Defend","Moonworks:Defend","Moonworks:Ambush","Moonworks:LongDistanceShot","Moonworks:FullSpeedAlicianrone","Moonworks:IntelligenceOfficer","Moonworks:BackdoorTrade","Clumsy","Moonworks:SakisCookie","Moonworks:CloudOfSeagulls+1","Moonworks:LulusLuckyEgg","Moonworks:StiffCrystal","Moonworks:SweetBattle","Pain","Moonworks:LuckyCharm","Moonworks:FinalSurgery"],"relics":["Moonworks:BrokenBomb","Moonworks:Homemark","Gensokyo:NagashiBinaDoll","Regal Pillow","Ancient Tea Set","Gensokyo:LunaticRedEyes","MealTicket"],"acts_visited":["Exordium"],"potions_floor_usage":[5,7],"damage_taken":[{"damage":0,"enemies":"Gensokyo:Python","floor":1,"turns":2},{"damage":2,"enemies":"Gensokyo:Gryphon","floor":4,"turns":3},{"damage":2,"enemies":"Gensokyo:3_Fairies","floor":5,"turns":7},{"damage":0,"enemies":"Gensokyo:Mamizou","floor":6,"turns":7},{"damage":19,"enemies":"Gensokyo:3_Kodama","floor":7,"turns":5},{"damage":7,"enemies":"Gensokyo:Kitsune","floor":10,"turns":3},{"damage":47,"enemies":"Gensokyo:Cirno","floor":12,"turns":9},{"damage":5,"enemies":"Gensokyo:Gryphon_and_Rabbit","floor":14,"turns":5},{"damage":40,"enemies":"Gensokyo:Kokoro","floor":16,"turns":10}],"seed_played":"5007583721324455272","potions_obtained":[{"floor":1,"key":"GamblersBrew"},{"floor":4,"key":"SkillPotion"},{"floor":10,"key":"MagicPotion:ReiMu"}],"is_trial":false,"path_per_floor":["M","?","COS","M","M","E","M","?","T","M","R","E","$","M","R","B"],"character_chosen":"THE_STARBREAKER","items_purchased":[],"campfire_rested":2,"item_purchase_floors":[],"current_hp_per_floor":[42,42,42,40,38,38,21,21,21,18,51,4,19,14,47,11,11],"gold":21,"neow_bonus":"TRANSFORM_TWO_CARDS","is_daily":false,"chose_seed":false,"campfire_upgraded":0,"win_rate":0.0,"timestamp":1613986601,"path_taken":["M","?","COS","?","M","E","M","?","T","M","R","E","?","M","R","BOSS"],"items_purchased_type":[],"build_version":"2020-12-18","purchased_purges":0,"victory":false,"max_hp_per_floor":[60,60,60,60,60,60,60,60,60,60,60,60,60,60,60,60,60],"card_choices":[{"not_picked":["Moonworks:MixPhenomenon","Moonworks:NicePresent"],"picked":"Moonworks:BackdoorTrade","floor":1},{"not_picked":["Moonworks:NicePresent","Moonworks:x16BigRocket"],"picked":"Moonworks:SakisCookie","floor":4},{"not_picked":["Moonworks:UnpaidWork+1","Moonworks:NicePresent+1"],"picked":"Moonworks:CloudOfSeagulls+1","floor":5},{"not_picked":["Moonworks:NicePresent","Moonworks:CloudOfSeagulls"],"picked":"Moonworks:LulusLuckyEgg","floor":5},{"not_picked":["Moonworks:Assault","Moonworks:DeployBits"],"picked":"Moonworks:StiffCrystal","floor":6},{"not_picked":["Moonworks:LeapThroughSpace","Moonworks:SakisCookie"],"picked":"Moonworks:SweetBattle","floor":7},{"not_picked":["Moonworks:SakisCookie","Moonworks:CloudOfSeagulls"],"picked":"Moonworks:LuckyCharm","floor":10},{"not_picked":["Moonworks:ExtendedPhotonRifle","Moonworks:SinkOrSwim"],"picked":"Moonworks:FinalSurgery","floor":12},{"not_picked":["Moonworks:ImOnFire","Moonworks:ScrambledEve","Moonworks:JonathanRush"],"picked":"SKIP","floor":14}],"player_experience":412790,"relics_obtained":[{"floor":6,"key":"Ancient Tea Set"},{"floor":12,"key":"MealTicket"}],"event_choices":[],"is_beta":true,"boss_relics":[],"items_purged_floors":[],"is_endless":false,"potions_floor_spawned":[1,4,10],"killed_by":"Gensokyo:Kokoro","ascension_level":0}}