{"host":"6152go0anyt7mc9e","time":1613966750,"event":{"mods":["BaseMod","Colored Map","Minty Spire (QoL Compilation)","StSLib"],"gold_per_floor":[114,189,189,189,114,144,144,159,159,174,189,219,219,219,219,344,344,359,374,389,429,429,459,459,474,474,474,374,389,419,434,434,543,543,558,573,573,448,488,488,518,118,118,118,148,0,0,15,15,15],"floor_reached":51,"language":"ZHT","playtime":2831,"items_purged":["Meteor Strike","Berserk","Thunder Strike","Multi-Cast"],"score":980,"play_id":"14d901be-edff-4723-8d1c-faa1e841837e","local_time":"20210222120550","daily_mods":["Shiny","Diverse","Binary"],"is_ascension_mode":false,"campfire_choices":[{"data":"After Image","floor":7.0,"key":"SMITH"},{"data":"Omniscience","floor":13.0,"key":"SMITH"},{"data":"Bullet Time","floor":15.0,"key":"SMITH"},{"data":"Scrawl","floor":27,"key":"SMITH"},{"data":"Machine Learning","floor":32,"key":"SMITH"},{"data":"Juggernaut","floor":40,"key":"SMITH"},{"data":"Seek","floor":47,"key":"SMITH"},{"data":"Seek","floor":49,"key":"SMITH"}],"circlet_count":0,"master_deck":["Judgement","ConjureBlade","MasterReality","Brilliance","Devotion","Blasphemy","Ragnarok","LessonLearned","Scrawl+1","Vault+1","Alpha","Wish","Omniscience+1","Establishment","SpiritShield","DevaForm","DeusExMachina","Hyperbeam","Biased Cognition","Machine Learning+1","Electrodynamics","Buffer","Rainbow","Seek+1","Echo Form","All For One","Reboot+1","Amplify","Creative AI","Fission","Core Surge","Venomology","Corpse Explosion","Malaise","Phantasmal Killer","Die Die Die","Adrenaline","Envenom","Doppelganger","Burst","Wraith Form v2","Tools of the Trade","Night Terror","Unload","After Image+1","Bullet Time+1","Storm of Steel","Glass Knife","A Thousand Cuts","Double Tap","Demon Form","Bludgeon","Feed","Limit Break","Corruption","Barricade","Fiend Fire","Impervious","Juggernaut+1","Brutality","Reaper","Exhume","Offering","Immolate","Seek+1"],"relics":["Cracked Core","Singing Bowl","Bag of Preparation","Mummified Hand","CeramicFish","Philosopher\u0027s Stone","Pen Nib","Orichalcum","MutagenicStrength","Bird Faced Urn","Eternal Feather","Nuclear Battery","Girya","Frozen Egg 2","Ancient Tea Set","Letter Opener","Red Mask"],"acts_visited":["Exordium","TheCity","TheBeyond"],"potions_floor_usage":[18,23,23,33,50],"damage_taken":[{"damage":2.0,"enemies":"2 Louse","floor":1.0,"turns":3.0},{"damage":8.0,"enemies":"Gremlin Nob","floor":6.0,"turns":4.0},{"damage":0.0,"enemies":"Small Slimes","floor":8.0,"turns":1.0},{"damage":4.0,"enemies":"Jaw Worm","floor":10.0,"turns":3.0},{"damage":0.0,"enemies":"2 Fungi Beasts","floor":11.0,"turns":2.0},{"damage":6.0,"enemies":"Lagavulin","floor":12.0,"turns":7.0},{"damage":0.0,"enemies":"Slime Boss","floor":16.0,"turns":6.0},{"damage":0,"enemies":"2 Thieves","floor":18,"turns":2},{"damage":0,"enemies":"Spheric Guardian","floor":19,"turns":1},{"damage":0,"enemies":"Centurion and Healer","floor":20,"turns":3},{"damage":7,"enemies":"Chosen and Byrds","floor":21,"turns":7},{"damage":17,"enemies":"Gremlin Leader","floor":23,"turns":4},{"damage":0,"enemies":"Snake Plant","floor":25,"turns":2},{"damage":0,"enemies":"Shelled Parasite and Fungi","floor":29,"turns":1},{"damage":2,"enemies":"Book of Stabbing","floor":30,"turns":3},{"damage":0,"enemies":"Centurion and Healer","floor":31,"turns":2},{"damage":18,"enemies":"Automaton","floor":33,"turns":5},{"damage":0,"enemies":"3 Darklings","floor":35,"turns":1},{"damage":1,"enemies":"3 Shapes","floor":36,"turns":2},{"damage":0,"enemies":"Transient","floor":39,"turns":5},{"damage":6,"enemies":"Giant Head","floor":41,"turns":5},{"damage":0,"enemies":"Reptomancer","floor":45,"turns":2},{"damage":0,"enemies":"Sphere and 2 Shapes","floor":48,"turns":1},{"damage":9,"enemies":"Time Eater","floor":50,"turns":6}],"seed_played":"-9004314451342404475","potions_obtained":[{"floor":8.0,"key":"Weak Potion"},{"floor":10.0,"key":"Swift Potion"},{"floor":16,"key":"Energy Potion"},{"floor":21,"key":"EssenceOfSteel"},{"floor":23,"key":"DistilledChaos"},{"floor":29,"key":"ColorlessPotion"},{"floor":31,"key":"GamblersBrew"},{"floor":37,"key":"GamblersBrew"},{"floor":39,"key":"SkillPotion"}],"is_trial":false,"path_per_floor":["M","?","?","?","$","E","R","M","T","M","M","E","R","?","R","B",null,"M","M","M","M","?","E","?","M","T","R","$","M","E","M","R","B",null,"M","M","?","$","M","R","E","$","T","$","E","?","R","M","R","B",null],"character_chosen":"DEFECT","items_purchased":["Frozen Egg 2"],"campfire_rested":0,"item_purchase_floors":[42],"current_hp_per_floor":[73,62,67,64,64,62,62,64,64,65,70,74,74,106,106,108,108,110,112,114,109,109,94,94,96,96,96,96,104,118,126,126,117,126,128,129,129,129,132,132,137,137,137,137,139,139,139,141,141,139],"gold":15,"neow_bonus":"","is_daily":true,"chose_seed":false,"campfire_upgraded":8,"win_rate":0.0,"timestamp":1613966750,"path_taken":["M","?","?","?","$","E","R","M","T","M","?","E","R","?","R","BOSS","BOSS","M","M","?","M","?","E","?","M","T","R","$","M","E","M","R","BOSS","M","M","?","$","M","R","E","$","T","?","E","?","R","M","R","BOSS"],"items_purchased_type":["Relic"],"build_version":"2020-12-22","purchased_purges":4,"victory":true,"max_hp_per_floor":[75,75,80,80,80,82,82,84,84,89,94,96,96,106,106,108,108,110,112,114,116,116,118,118,120,120,120,120,122,124,126,126,126,126,128,130,130,130,132,132,137,137,137,137,139,139,139,141,141,141],"card_choices":[{"not_picked":["Underhanded Strike","Backflip"],"picked":"SKIP","floor":1.0},{"not_picked":["Escape Plan","Flechettes"],"picked":"Singing Bowl","floor":6.0},{"not_picked":["Crippling Poison","Wireheading"],"picked":"Singing Bowl","floor":8.0},{"not_picked":["CutThroughFate","Go for the Eyes"],"picked":"Singing Bowl","floor":10.0},{"not_picked":["Iron Wave","Redo"],"picked":"Singing Bowl","floor":11.0},{"not_picked":["FlyingSleeves","Glacier"],"picked":"Singing Bowl","floor":12.0},{"not_picked":["Exhume","Night Terror"],"picked":"Singing Bowl","floor":16},{"not_picked":["Crescendo","ReachHeaven+1"],"picked":"Singing Bowl","floor":18},{"not_picked":["Havoc","PiercingWail+1"],"picked":"Singing Bowl","floor":19},{"not_picked":["Streamline","Study"],"picked":"Singing Bowl","floor":20},{"not_picked":["Bane","PiercingWail"],"picked":"Singing Bowl","floor":21},{"not_picked":["Hologram","FlyingSleeves+1"],"picked":"Singing Bowl","floor":23},{"not_picked":["Headbutt","Finisher"],"picked":"Singing Bowl","floor":25},{"not_picked":["Leap","EmptyBody"],"picked":"Singing Bowl","floor":29},{"not_picked":["Brutality","Flex"],"picked":"Singing Bowl","floor":30},{"not_picked":["Cloak And Dagger+1","Cold Snap"],"picked":"Singing Bowl","floor":31},{"not_picked":["Venomology"],"picked":"Seek","floor":33},{"not_picked":["Headbutt+1","Conclude"],"picked":"Singing Bowl","floor":35},{"not_picked":["Sentinel+1","Accuracy"],"picked":"Singing Bowl","floor":36},{"not_picked":["Twin Strike+1","Compile Driver+1"],"picked":"Singing Bowl","floor":39},{"not_picked":["Steam","JustLucky+1"],"picked":"Singing Bowl","floor":41},{"not_picked":["FollowUp","Distraction"],"picked":"Singing Bowl","floor":45},{"not_picked":["Skim","EmptyBody"],"picked":"Singing Bowl","floor":48}],"player_experience":1554629,"relics_obtained":[{"floor":6.0,"key":"Bag of Preparation"},{"floor":9.0,"key":"Mummified Hand"},{"floor":12.0,"key":"CeramicFish"},{"floor":23,"key":"Orichalcum"},{"floor":26,"key":"Bird Faced Urn"},{"floor":30,"key":"Eternal Feather"},{"floor":41,"key":"Girya"},{"floor":43,"key":"Ancient Tea Set"},{"floor":45,"key":"Letter Opener"}],"event_choices":[{"damage_healed":0.0,"max_hp_gain":0.0,"max_hp_loss":0.0,"gold_gain":75.0,"event_name":"World of Goop","player_choice":"Gather Gold","floor":2.0,"gold_loss":0.0,"damage_taken":11.0},{"damage_healed":0.0,"max_hp_gain":5.0,"max_hp_loss":0.0,"gold_gain":0.0,"event_name":"Big Fish","player_choice":"Donut","floor":3.0,"gold_loss":0.0,"damage_taken":0.0},{"damage_healed":0.0,"max_hp_gain":0.0,"max_hp_loss":0.0,"gold_gain":0.0,"event_name":"Scrap Ooze","player_choice":"Success","floor":4.0,"gold_loss":0.0,"damage_taken":3.0,"relics_obtained":["Singing Bowl"]},{"cards_removed":["Grand Finale"],"damage_healed":22.0,"max_hp_gain":10.0,"max_hp_loss":0.0,"gold_gain":0.0,"event_name":"Bonfire Elementals","player_choice":"Offered Rare","floor":14.0,"gold_loss":0.0,"damage_taken":0.0},{"damage_healed":0,"gold_gain":0,"player_choice":"Opened","damage_taken":0,"relics_obtained":["Pen Nib"],"max_hp_gain":0,"max_hp_loss":0,"event_name":"The Mausoleum","floor":22,"gold_loss":0},{"damage_healed":0,"gold_gain":0,"player_choice":"Inject Mutagens","damage_taken":0,"relics_obtained":["MutagenicStrength"],"max_hp_gain":0,"max_hp_loss":0,"event_name":"Drug Dealer","floor":24,"gold_loss":0},{"damage_healed":0,"gold_gain":0,"player_choice":"Got Potions","damage_taken":0,"max_hp_gain":0,"max_hp_loss":0,"event_name":"Lab","floor":37,"gold_loss":0},{"damage_healed":0,"gold_gain":0,"player_choice":"Paid","damage_taken":0,"relics_obtained":["Red Mask"],"max_hp_gain":0,"max_hp_loss":0,"event_name":"Tomb of Lord Red Mask","floor":46,"gold_loss":148}],"is_beta":false,"boss_relics":[{"not_picked":["Velvet Choker","SacredBark"],"picked":"Philosopher\u0027s Stone"},{"not_picked":["Sozu","Busted Crown"],"picked":"Nuclear Battery"}],"items_purged_floors":[5,28,38,42],"is_endless":false,"potions_floor_spawned":[8,10,11,16,18,21,23,29,31,39,41,48],"ascension_level":0}}