{"host":"4fh9yvpwiit32sut","time":1613965739,"event":{"mods":["BaseMod","Better Note","Better Sensory Stone","Better Vampires","Block Reminder","Colored Map","Colored Powertips","Highlight Path","Minty Spire (QoL Compilation)","Quick Restart","Relic Sorter","Replay The Spire","StSLib"],"gold_per_floor":[111,127,141,111,124,124,1,1,1,101,121,141,169,184,184,288,288,304,4,14,29,29,29,62,62,62,82,107,126,126,126,152,173,173,284,284,308,396,467,56,82,82,111,111,134,175,175,200,218,246,246,246,246],"floor_reached":52,"language":"ENG","playtime":23550,"items_purged":["Strike_G","Strike_G","Defend_G"],"score":560,"play_id":"b6d704e0-49ce-4048-b23c-35f484a345bf","local_time":"20210221224859","is_ascension_mode":false,"campfire_choices":[{"data":"Neutralize","floor":6,"key":"SMITH"},{"data":"Well Laid Plans","floor":8,"key":"SMITH"},{"data":"Envenom","floor":23,"key":"SMITH"},{"data":"ReplayTheSpireMod:Exploit Weakness","floor":25,"key":"SMITH"},{"data":"Calculated Gamble","floor":34,"key":"SMITH"},{"data":"Cloak And Dagger","floor":42,"key":"SMITH"},{"data":"Backflip","floor":47,"key":"SMITH"},{"data":"Survivor","floor":51,"key":"SMITH"}],"circlet_count":0,"master_deck":["Strike_G","Strike_G","Strike_G","Defend_G","Defend_G","Defend_G","Defend_G","Survivor+1","Neutralize+1","Heel Hook","All Out Attack","Cloak And Dagger+1","Well Laid Plans+1","Flying Knee+1","Sucker Punch","Sucker Punch","Envenom+1","ReplayTheSpireMod:Exploit Weakness+1","Crippling Poison","Bane+1","Good Instincts","Backflip+1","Blur+1","Deflect+1","Blur+1","Slice+1","Poisoned Stab","Calculated Gamble+1","Sucker Punch","ReplayTheSpireMod:Necrosis","Dodge and Roll","Fluid Movement+1","ReplayTheSpireMod:The Works","Prepared+1","Backflip+1","Dagger Spray+1","Flash of Steel","Panache","Backstab+1"],"relics":["Ring of the Snake","NeowsBlessing","HornCleat","Blue Candle","Honey Jar","Girya","CeramicFish","Coffee Dripper","MawBank","CaptainsWheel","TwistedFunnel","Omamori","ReplayFunnel","Strawberry"],"acts_visited":["Exordium","TheCity","TheBeyond"],"potions_floor_usage":[5,5,11,12,12,14,20,24,27,29,35,35,48,52],"damage_taken":[{"damage":0,"enemies":"Small Slimes","floor":1,"turns":1},{"damage":0,"enemies":"Cultist","floor":2,"turns":1},{"damage":0,"enemies":"Jaw Worm","floor":3,"turns":1},{"damage":1,"enemies":"Gremlin Gang","floor":5,"turns":3},{"damage":0,"enemies":"Exordium Wildlife","floor":11,"turns":3},{"damage":1,"enemies":"Exordium Thugs","floor":12,"turns":4},{"damage":18,"enemies":"Replay:BlueRogue","floor":13,"turns":6},{"damage":0,"enemies":"Lots of Slimes","floor":14,"turns":4},{"damage":31,"enemies":"The Guardian","floor":16,"turns":15},{"damage":5,"enemies":"Shell Parasite","floor":18,"turns":6},{"damage":0,"enemies":"3 Byrds","floor":20,"turns":5},{"damage":0,"enemies":"Shelled Parasite and Fungi","floor":21,"turns":8},{"damage":16,"enemies":"Book of Stabbing","floor":24,"turns":6},{"damage":0,"enemies":"Cultist and Chosen","floor":27,"turns":8},{"damage":6,"enemies":"Snecko","floor":28,"turns":7},{"damage":6,"enemies":"Centurion and Healer","floor":29,"turns":8},{"damage":0,"enemies":"Snake Plant","floor":32,"turns":5},{"damage":0,"enemies":"3 Cultists","floor":33,"turns":5},{"damage":22,"enemies":"Champ","floor":35,"turns":16},{"damage":6,"enemies":"3 Darklings","floor":37,"turns":9},{"damage":2,"enemies":"Mind Bloom Boss Battle","floor":39,"turns":9},{"damage":0,"enemies":"Orb Walker","floor":41,"turns":4},{"damage":20,"enemies":"Jaw Worm Horde","floor":43,"turns":6},{"damage":21,"enemies":"Reptomancer","floor":46,"turns":9},{"damage":0,"enemies":"4 Shapes","floor":48,"turns":3},{"damage":0,"enemies":"3 Darklings","floor":50,"turns":4},{"damage":16,"enemies":"Time Eater","floor":52,"turns":10}],"seed_played":"-4432309874981602491","potions_obtained":[{"floor":1,"key":"Cursed Concoction"},{"floor":4,"key":"DuplicationPotion"},{"floor":4,"key":"Ancient Potion"},{"floor":5,"key":"Adrenaline Potion"},{"floor":11,"key":"BlessingOfTheForge"},{"floor":13,"key":"Fire Potion"},{"floor":16,"key":"FearPotion"},{"floor":18,"key":"Fire Potion"},{"floor":24,"key":"ColorlessPotion"},{"floor":27,"key":"Milkshake"},{"floor":28,"key":"Fruit Juice"},{"floor":33,"key":"Elixir"},{"floor":37,"key":"Elixir"},{"floor":46,"key":"Explosive Potion"},{"floor":48,"key":"Venom Potion"}],"is_trial":false,"path_per_floor":["M","M","M","?","M","R","$","R","T","?","M","M","E","M","R_BF","B",null,"M","$","M","M","?","R","E","R","T","M","M","M","PTL","PTL","M","M","R","B",null,"M","?","?","$","M","R","M","$","T","E","R","M","?","M","R","B"],"character_chosen":"THE_SILENT","items_purchased":["Fire Potion","Crippling Poison","Bane+1","Good Instincts","TwistedFunnel","Omamori"],"campfire_rested":0,"item_purchase_floors":[7,19,19,19,40,40],"current_hp_per_floor":[70,70,70,70,69,69,69,69,69,69,69,68,50,50,70,39,70,65,65,65,65,65,65,49,49,49,49,43,42,42,42,42,42,42,20,75,69,51,49,49,49,49,29,29,29,15,15,15,15,15,15,0,0],"gold":246,"neow_bonus":"THREE_ENEMY_KILL","is_daily":false,"chose_seed":false,"campfire_upgraded":8,"win_rate":0.0,"timestamp":1613965739,"path_taken":["M","M","M","?","?","R","$","R","T","?","M","M","E","M","R_BF","BOSS","M","$","M","?","?","R","E","R","T","M","M","M","PTL","PTL","?","M","R","BOSS","M","?","?","$","M","R","M","$","T","E","R","M","?","M","R","BOSS"],"items_purchased_type":["Potion","Card","Card","Card","Relic","Relic"],"build_version":"2020-12-22","purchased_purges":3,"victory":false,"max_hp_per_floor":[70,70,70,70,70,70,70,70,70,70,70,70,70,70,70,70,70,70,70,70,70,70,70,70,70,70,70,70,75,75,75,75,75,75,75,75,75,75,75,75,75,75,75,75,75,82,82,82,82,82,82,82,82],"card_choices":[{"not_picked":["Expertise","Deflect"],"picked":"Heel Hook","floor":1},{"not_picked":["Skewer","Prepared"],"picked":"All Out Attack","floor":2},{"not_picked":["Prepared","Skewer"],"picked":"Cloak And Dagger","floor":3},{"not_picked":["Outmaneuver","Concentrate"],"picked":"Well Laid Plans","floor":5},{"not_picked":["Skewer","ReplayTheSpireMod:Scrap Shanks"],"picked":"Flying Knee","floor":11},{"not_picked":["ReplayTheSpireMod:Scrap Shanks","Bane"],"picked":"Sucker Punch","floor":12},{"not_picked":["Bullet Time","Toxin Wave"],"picked":"Sucker Punch","floor":13},{"not_picked":["Masterful Stab","Deadly Poison","Choke"],"picked":"SKIP","floor":14},{"not_picked":["Glass Knife","Bullet Time"],"picked":"Envenom","floor":16},{"not_picked":["ReplayTheSpireMod:Shiv Toss","Dodge and Roll","Cloak And Dagger+1"],"picked":"ReplayTheSpireMod:Exploit Weakness","floor":18},{"not_picked":["Blade Dance","Deadly Poison","Prepared"],"picked":"Backflip+1","floor":20},{"not_picked":["PiercingWail+1","Underhanded Strike+1","Poisoned Stab"],"picked":"Blur+1","floor":21},{"not_picked":["Cloak And Dagger+1","Choke+1","Dagger Spray"],"picked":"Deflect+1","floor":24},{"not_picked":["Accuracy","Dagger Throw","Flying Knee"],"picked":"Blur+1","floor":27},{"not_picked":["Acrobatics","Concentrate","Poisoned Stab"],"picked":"Slice+1","floor":28},{"not_picked":["Malaise","Blade Dance","ReplayTheSpireMod:Scrap Shanks"],"picked":"Poisoned Stab","floor":29},{"not_picked":["Bane","PiercingWail","Poisoned Stab"],"picked":"Calculated Gamble","floor":32},{"not_picked":["Flying Knee+1","PiercingWail","Dodge and Roll+1"],"picked":"Sucker Punch","floor":33},{"not_picked":["Phantasmal Killer","Grand Finale","Night Terror"],"picked":"ReplayTheSpireMod:Necrosis","floor":35},{"not_picked":["Accuracy+1","Blade Dance","Prepared"],"picked":"Dodge and Roll","floor":37},{"not_picked":["Calculated Gamble+1","Quick Slash+1","Bouncing Flask"],"picked":"Fluid Movement+1","floor":39},{"not_picked":["Dagger Spray+1","Footwork+1","Slice+1"],"picked":"ReplayTheSpireMod:The Works","floor":41},{"not_picked":["Deadly Poison","Skewer+1","Bane"],"picked":"Prepared+1","floor":43},{"not_picked":["Deadly Poison+1","Sucker Punch+1","Bullet Time"],"picked":"Backflip","floor":46},{"not_picked":["Accuracy+1","Dodge and Roll+1","Quick Slash+1"],"picked":"Dagger Spray+1","floor":48},{"not_picked":["Mind Blast","Deep Breath","ReplayTheSpireMod:Necrogeddon"],"picked":"Flash of Steel","floor":49},{"not_picked":["PanicButton","Replay:Sssssssssshield","ReplayTheSpireMod:Uncanny Aura"],"picked":"Panache","floor":49},{"not_picked":["Underhanded Strike+1","Dagger Spray","Dodge and Roll"],"picked":"Backstab+1","floor":50}],"player_experience":1171364,"relics_obtained":[{"floor":9,"key":"HornCleat"},{"floor":13,"key":"Blue Candle"},{"floor":24,"key":"Girya"},{"floor":26,"key":"CeramicFish"},{"floor":38,"key":"MawBank"},{"floor":39,"key":"CaptainsWheel"},{"floor":45,"key":"ReplayFunnel"},{"floor":46,"key":"Strawberry"}],"event_choices":[{"damage_healed":0,"gold_gain":0,"player_choice":"Bought 2 Potions","damage_taken":0,"max_hp_gain":0,"max_hp_loss":0,"event_name":"The Woman in Blue","floor":4,"gold_loss":0},{"damage_healed":0,"gold_gain":100,"player_choice":"Pray","damage_taken":0,"max_hp_gain":0,"max_hp_loss":0,"event_name":"Golden Shrine","floor":10,"gold_loss":0},{"cards_removed":["Blur"],"damage_healed":0,"gold_gain":0,"player_choice":"Give","damage_taken":0,"max_hp_gain":0,"max_hp_loss":0,"event_name":"betterNote:BetterNote","floor":22,"gold_loss":0,"cards_obtained":["None"]},{"damage_healed":0,"gold_gain":0,"player_choice":"Fight","damage_taken":0,"max_hp_gain":0,"max_hp_loss":0,"event_name":"MindBloom","floor":39,"gold_loss":0},{"damage_healed":0,"gold_gain":3,"player_choice":"1","damage_taken":0,"max_hp_gain":0,"max_hp_loss":0,"event_name":"betterStone:BetterStone","floor":49,"gold_loss":0}],"is_beta":false,"boss_relics":[{"not_picked":["ChewingGum","Pandora\u0027s Box"],"picked":"Honey Jar"},{"not_picked":["Fusion Hammer","Snecko Eye"],"picked":"Coffee Dripper"}],"items_purged_floors":[7,19,40],"is_endless":false,"potions_floor_spawned":[1,5,11,13,16,18,24,27,28,33,37,46,48],"killed_by":"Time Eater","ascension_level":0}}