{"host":"sxnl403xm2xmiyj1","time":1613987654,"event":{"mods":["BaseMod","Colored Map","Keyboard Shortcuts","Koishi","Lobotomy","Minty Spire (QoL Compilation)","Quick Restart","StSLib","SuperFastMode"],"gold_per_floor":[119,119,119,119,119,119,134,163,163,11,30,47,47,57,57,152,152,166,1,17,27,27,27],"floor_reached":22,"language":"KOR","playtime":706,"items_purged":["SpecialBullet"],"score":377,"play_id":"b85011bf-da6e-4f0f-910a-04f9444e95a5","local_time":"20210222185414","is_ascension_mode":true,"campfire_choices":[],"circlet_count":0,"master_deck":["AscendersBane","SpecialBullet","SpecialBullet","SpecialBullet","SpecialBullet","SpecialBullet","SpecialBullet","InformationCode","SecurityCode","DisciplinaryCode","QueenOfHatred","BlackSwan","ScreamingWedge","OldLady","Regret_ego","SpiderBud","OSAHOGD","RecordCode","ParadiseLost","CurseOfTheBell","TrainingCode","LittleHelper","Soda","ShedSkin","GreenStem+1","RapturousDream+1","Soda","DespairKnight","WallGazer","Soda+1"],"relics":["CogitoBucket","RabbitCall","NeowsBlessing","Dream Catcher","Singing Bowl","Eternal Feather","Calling Bell","Akabeko","The Courier","Gambling Chip","Orrery"],"acts_visited":["Exordium","TheCity"],"potions_floor_usage":[22,22],"damage_taken":[{"damage":0.0,"enemies":"Cultist","floor":1.0,"turns":1.0},{"damage":0.0,"enemies":"2 Louse","floor":7.0,"turns":1.0},{"damage":0.0,"enemies":"Lagavulin","floor":8.0,"turns":1.0},{"damage":4.0,"enemies":"Small Slimes","floor":11.0,"turns":3.0},{"damage":26.0,"enemies":"Blue Slaver","floor":12.0,"turns":3.0},{"damage":52.0,"enemies":"Red Slaver","floor":14.0,"turns":6.0},{"damage":57.0,"enemies":"Slime Boss","floor":16.0,"turns":10.0},{"damage":11.0,"enemies":"2 Thieves","floor":18.0,"turns":2.0},{"damage":23.0,"enemies":"Spheric Guardian","floor":20.0,"turns":9.0},{"damage":104.0,"enemies":"Shelled Parasite and Fungi","floor":21.0,"turns":11.0},{"damage":43,"enemies":"Centurion and Healer","floor":22,"turns":3}],"seed_played":"6710486125855936617","potions_obtained":[{"floor":12.0,"key":"Block Potion"},{"floor":14.0,"key":"Dexterity Potion"},{"floor":20.0,"key":"Dexterity Potion"}],"is_trial":false,"path_per_floor":["M","?","?","?","?","R","M","E","T","$","M","M","R","M","R","B",null,"M","$","M","M","M"],"character_chosen":"Angela","items_purchased":["ScreamingWedge","Soda","Orrery"],"campfire_rested":0,"item_purchase_floors":[10,19,19],"current_hp_per_floor":[70,63,38,38,38,38,52,68,68,68,72,60,69,49,58,39,73,82,84,98,37,0,0],"gold":27,"neow_bonus":"THREE_ENEMY_KILL","is_daily":false,"chose_seed":false,"campfire_upgraded":0,"win_rate":0.0,"timestamp":1613987654,"path_taken":["M","?","?","?","?","R","M","E","T","$","M","M","R","M","R","BOSS","M","$","M","M","M"],"items_purchased_type":["Card","Card","Relic"],"build_version":"2020-12-22","purchased_purges":1,"victory":false,"max_hp_per_floor":[70,70,70,70,70,70,70,72,72,72,72,78,78,84,84,84,84,90,92,98,102,102,102],"card_choices":[{"not_picked":["MHz","BeautyBeast"],"picked":"QueenOfHatred","floor":1.0},{"not_picked":["Spore","Tough"],"picked":"SKIP","floor":1.0},{"not_picked":["Christmas","Wingbeat"],"picked":"SKIP","floor":7.0},{"not_picked":["OSAHOGD","SpiderBud"],"picked":"BlackSwan","floor":8.0},{"not_picked":["Penitence","Discord"],"picked":"Singing Bowl","floor":8.0},{"not_picked":["Woodsman","Mercenary"],"picked":"OldLady","floor":11.0},{"not_picked":["Penitence"],"picked":"Regret_ego","floor":11.0},{"not_picked":["BigBadWolf","HappyTeddy"],"picked":"SpiderBud","floor":12.0},{"not_picked":["Wingbeat","Logging"],"picked":"Singing Bowl","floor":12.0},{"not_picked":["HappyTeddy","Bloodbath"],"picked":"OSAHOGD","floor":14.0},{"not_picked":["LifeForTheDareDevil","TodaysExpression"],"picked":"Singing Bowl","floor":14.0},{"not_picked":["SoundOfStar"],"picked":"ParadiseLost","floor":16.0},{"not_picked":["RedShoes","SingingMachine"],"picked":"LittleHelper","floor":18.0},{"not_picked":["Horn","Logging"],"picked":"Singing Bowl","floor":18.0},{"not_picked":["SomewhereSpear"],"picked":"ShedSkin","floor":19.0},{"not_picked":["Penitence"],"picked":"GreenStem+1","floor":19.0},{"not_picked":["TodaysExpression"],"picked":"RapturousDream+1","floor":19.0},{"not_picked":["Tough"],"picked":"Soda","floor":19.0},{"not_picked":["Reverberation+1","Spore"],"picked":"Singing Bowl","floor":19.0},{"not_picked":["SilentOrchestra","Alriune"],"picked":"DespairKnight","floor":20.0},{"not_picked":["Christmas","TodaysExpression"],"picked":"Singing Bowl","floor":20.0},{"not_picked":["MeltingLove","Yin"],"picked":"WallGazer","floor":21.0},{"not_picked":["BearPaw"],"picked":"Soda+1","floor":21.0}],"player_experience":355689,"relics_obtained":[{"floor":8.0,"key":"Singing Bowl"},{"floor":9.0,"key":"Eternal Feather"},{"floor":17.0,"key":"Akabeko"},{"floor":17.0,"key":"The Courier"},{"floor":17.0,"key":"Gambling Chip"}],"event_choices":[{"cards_removed":["SpecialBullet"],"damage_healed":0.0,"max_hp_gain":0.0,"max_hp_loss":0.0,"gold_gain":0.0,"event_name":"Golden Wing","player_choice":"Card Removal","floor":2.0,"gold_loss":0.0,"damage_taken":7.0},{"damage_healed":0.0,"max_hp_gain":0.0,"max_hp_loss":0.0,"gold_gain":0.0,"event_name":"Scrap Ooze","player_choice":"Success","floor":3.0,"gold_loss":0.0,"damage_taken":25.0,"relics_obtained":["Dream Catcher"]},{"damage_healed":0.0,"max_hp_gain":0.0,"max_hp_loss":0.0,"gold_gain":0.0,"event_name":"Shining Light","player_choice":"Ignored","floor":4.0,"gold_loss":0.0,"damage_taken":0.0},{"damage_healed":0.0,"max_hp_gain":0.0,"max_hp_loss":0.0,"gold_gain":0.0,"event_name":"Golden Idol","player_choice":"Ignored","floor":5.0,"gold_loss":0.0,"damage_taken":0.0}],"is_beta":false,"boss_relics":[{"not_picked":["Astrolabe","Fusion Hammer"],"picked":"Calling Bell"}],"items_purged_floors":[10],"is_endless":false,"potions_floor_spawned":[12,14,20,21],"killed_by":"Centurion and Healer","ascension_level":11}}