{"host":"4h8o09gisu0rxdvb","time":1613959283,"event":{"mods":["Act Like it!","BaseMod","Better Third Choice","Minty Spire (QoL Compilation)","Reliquary","Ruina","Shapeshifter Mod","StSLib"],"gold_per_floor":[118,135,135,135,152,152,2,28,79,79,108,128,98,122,122,225,225,235,247,72,82,101,130,130,130],"floor_reached":24,"language":"ENG","playtime":2269,"items_purged":["StSShapeShifter:ShapeShifter_Strike"],"score":251,"play_id":"1e30ac49-7e6f-4f80-997b-f4d8d4c19d94","local_time":"20210221210123","is_ascension_mode":false,"campfire_choices":[{"data":"StSShapeShifter:Garden","floor":6,"key":"SMITH"},{"data":"StSShapeShifter:Ensconce","floor":15,"key":"SMITH"}],"circlet_count":0,"master_deck":["StSShapeShifter:ShapeShifter_Strike","StSShapeShifter:ShapeShifter_Strike","StSShapeShifter:ShapeShifter_Strike","StSShapeShifter:ShapeShifter_Defend","StSShapeShifter:ShapeShifter_Defend","StSShapeShifter:ShapeShifter_Defend","StSShapeShifter:ShapeShifter_Defend","StSShapeShifter:ShapeShifter_Defend","StSShapeShifter:Tortoise_Form","StSShapeShifter:Lynx_Form","StSShapeShifter:BladeOfGrass","StSShapeShifter:BurstingSpore","StSShapeShifter:Garden+1","StSShapeShifter:Ensconce+1","StSShapeShifter:PowerShifter","StSShapeShifter:TopazSkin","StSShapeShifter:PorcupineForm","StSShapeShifter:RitualOfTheElders","StSShapeShifter:DeerForm","StSShapeShifter:RatForm","StSShapeShifter:PoisonIvy","StSShapeShifter:ReplenishingNectar+1","StSShapeShifter:WaspSwarmForm"],"relics":["StSShapeShifter:AnimalHeart","StSShapeShifter:TheShapeShiftersMagnolia","reliquary:PorcupineQuills","Eternal Feather","reliquary:SilkGlove","Vajra","Bronze Scales","reliquary:RoseTintedGlasses","reliquary:TuningFork","SlaversCollar","Lee\u0027s Waffle","Tiny Chest"],"acts_visited":["Exordium","Exordium"],"potions_floor_usage":[8,16,18,18,21,24],"damage_taken":[{"damage":6,"enemies":"Jaw Worm","floor":1,"turns":5},{"damage":0,"enemies":"2 Louse","floor":2,"turns":3},{"damage":0,"enemies":"Cultist","floor":5,"turns":3},{"damage":24,"enemies":"Gremlin Nob","floor":8,"turns":4},{"damage":8,"enemies":"3 Sentries","floor":11,"turns":8},{"damage":12,"enemies":"Exordium Thugs","floor":12,"turns":4},{"damage":0,"enemies":"Looter","floor":13,"turns":4},{"damage":13,"enemies":"Hexaghost","floor":16,"turns":8},{"damage":35,"enemies":"ruina:3_Bats","floor":18,"turns":5},{"damage":34,"enemies":"ruina:Nosferatu","floor":19,"turns":7},{"damage":29,"enemies":"ruina:3_Scarecrows","floor":21,"turns":6},{"damage":14,"enemies":"ruina:KnightOfDespair","floor":22,"turns":6},{"damage":54,"enemies":"ruina:RoadHome","floor":23,"turns":7},{"damage":7,"enemies":"ruina:QueenOfHate","floor":24,"turns":1}],"seed_played":"-2868206506665447147","potions_obtained":[{"floor":2,"key":"Ancient Potion"},{"floor":5,"key":"Fire Potion"},{"floor":11,"key":"Dexterity Potion"},{"floor":12,"key":"SneckoOil"},{"floor":16,"key":"ColorlessPotion"},{"floor":19,"key":"Weak Potion"},{"floor":23,"key":"Block Potion"}],"is_trial":false,"path_per_floor":["M","M","?","?","M","R","$","E","T","?","E","M","M","T","R","B",null,"M","M","$","M","M","E","M"],"character_chosen":"SHAPESHIFTER","items_purchased":["StSShapeShifter:Ensconce","Lee\u0027s Waffle","StSShapeShifter:PoisonIvy"],"campfire_rested":0,"item_purchase_floors":[7,20,20],"current_hp_per_floor":[79,79,73,73,73,82,82,58,58,58,50,38,38,38,47,34,85,52,20,96,67,55,4,0,0],"gold":130,"neow_bonus":"TEN_PERCENT_HP_BONUS","is_daily":false,"chose_seed":false,"campfire_upgraded":2,"win_rate":0.0,"timestamp":1613959283,"path_taken":["M","M","?","?","?","R","?","E","T","?","E","M","M","?","R","BOSS","M","M","$","M","M","E","M"],"items_purchased_type":["Card","Relic","Card"],"build_version":"2020-12-22","purchased_purges":1,"victory":false,"max_hp_per_floor":[85,85,85,85,85,85,85,85,85,85,85,85,85,85,85,85,85,87,89,96,96,98,100,100,100],"card_choices":[{"not_picked":["StSShapeShifter:ThornToss","StSShapeShifter:Roar"],"picked":"StSShapeShifter:BladeOfGrass","floor":1},{"not_picked":["StSShapeShifter:PoisonIvy","StSShapeShifter:Bonk"],"picked":"StSShapeShifter:BurstingSpore","floor":2},{"not_picked":["StSShapeShifter:DeepWound","StSShapeShifter:VineHandcuffs"],"picked":"StSShapeShifter:Garden","floor":5},{"not_picked":["StSShapeShifter:FallingLeaves","StSShapeShifter:Rest"],"picked":"StSShapeShifter:PowerShifter","floor":8},{"not_picked":["StSShapeShifter:Sapling","StSShapeShifter:Earthquake","StSShapeShifter:ShiftingStrike"],"picked":"SKIP","floor":11},{"not_picked":["StSShapeShifter:OakBlade","StSShapeShifter:DiverseSpirit","StSShapeShifter:BladeOfGrass"],"picked":"SKIP","floor":12},{"not_picked":["StSShapeShifter:Bonk","StSShapeShifter:Rest"],"picked":"StSShapeShifter:PorcupineForm","floor":13},{"not_picked":["StSShapeShifter:Forgiveness","StSShapeShifter:MysticalSeed"],"picked":"StSShapeShifter:RitualOfTheElders","floor":16},{"not_picked":["StSShapeShifter:BarkSkin","StSShapeShifter:OakBlade+1"],"picked":"StSShapeShifter:DeerForm","floor":18},{"not_picked":["StSShapeShifter:FlowerShield+1","StSShapeShifter:Maul+1"],"picked":"StSShapeShifter:RatForm","floor":19},{"not_picked":["StSShapeShifter:Sapling","StSShapeShifter:Consume","StSShapeShifter:ThornToss"],"picked":"SKIP","floor":21},{"not_picked":["StSShapeShifter:Efflorescence","StSShapeShifter:BladeOfGrass+1"],"picked":"StSShapeShifter:ReplenishingNectar+1","floor":22},{"not_picked":["StSShapeShifter:SquirrelForm+1","StSShapeShifter:AdaptiveStrikes"],"picked":"StSShapeShifter:WaspSwarmForm","floor":23}],"player_experience":379007,"relics_obtained":[{"floor":8,"key":"Vajra"},{"floor":9,"key":"Bronze Scales"},{"floor":11,"key":"reliquary:RoseTintedGlasses"},{"floor":14,"key":"reliquary:TuningFork"},{"floor":23,"key":"Tiny Chest"}],"event_choices":[{"damage_healed":0,"gold_gain":1,"player_choice":"Relic Relic ","damage_taken":6,"max_hp_gain":0,"max_hp_loss":0,"event_name":"betterThird:BetterScrap","floor":3,"gold_loss":0,"cards_obtained":["Omniscience"]},{"damage_healed":0,"gold_gain":0,"player_choice":"Gave Potion","damage_taken":0,"relics_obtained":["reliquary:SilkGlove"],"max_hp_gain":0,"max_hp_loss":0,"event_name":"WeMeetAgain","floor":4,"gold_loss":0},{"damage_healed":0,"gold_gain":0,"cards_transformed":["StSShapeShifter:ShapeShifter_Strike"],"player_choice":"Change","damage_taken":0,"max_hp_gain":0,"max_hp_loss":0,"event_name":"Living Wall","floor":10,"gold_loss":0,"cards_obtained":["StSShapeShifter:TopazSkin"]}],"is_beta":false,"boss_relics":[{"not_picked":["Snecko Eye","Runic Pyramid"],"picked":"SlaversCollar"}],"items_purged_floors":[7],"is_endless":false,"potions_floor_spawned":[2,5,11,12,16,19,23],"killed_by":"ruina:QueenOfHate","ascension_level":0}}