{"host":"cfv8orgc8997ql4r","time":1613963457,"event":{"mods":["AchievementEnabler","BaseMod","DeckTracker","Keyboard Shortcuts","Minty Spire (QoL Compilation)"],"gold_per_floor":[117,67,67,14,14,14,47,47,116,131,131,146,146,171,171,274,274,291,10,20,20,20,20,31,31,31,31,31,31,31,41,41,144,144,156,156,156,156,1,1,1,1,1,1,21,0,0,0,0,0],"floor_reached":51,"language":"KOR","playtime":870,"items_purged":["Pain"],"score":843,"play_id":"a31d1b10-b816-42b2-829d-ad311aeb4aba","local_time":"20210222121057","is_ascension_mode":true,"campfire_choices":[{"data":"Zap","floor":6.0,"key":"SMITH"},{"data":"Ball Lightning","floor":11.0,"key":"SMITH"},{"data":"Chaos","floor":15.0,"key":"SMITH"},{"data":"Dualcast","floor":23.0,"key":"SMITH"},{"data":"Consume","floor":25.0,"key":"SMITH"},{"data":"Cold Snap","floor":27.0,"key":"SMITH"},{"data":"Ball Lightning","floor":29.0,"key":"SMITH"},{"floor":32.0,"key":"REST"},{"data":"Reboot","floor":40,"key":"SMITH"},{"data":"Buffer","floor":42,"key":"SMITH"},{"data":"Steam Power","floor":44,"key":"SMITH"},{"floor":49,"key":"REST"}],"circlet_count":0,"master_deck":["Strike_B","Strike_B","Strike_B","Defend_B","Defend_B","Defend_B","Zap+1","Dualcast+1","Turbo","Ball Lightning+1","Beam Cell","Ball Lightning+1","Steam Power+1","Chaos+1","Buffer+1","Sweeping Beam","Cold Snap+1","Shame","Consume+1","Thunder Strike+1","Madness","Madness","Reboot+1","Chill"],"relics":["Cracked Core","NeowsBlessing","Bottled Flame","Pen Nib","Shuriken","WarpedTongs","Incense Burner","Inserter","DataDisk","Gremlin Horn","Molten Egg 2","Philosopher\u0027s Stone","Pantograph","HornCleat","Red Mask"],"acts_visited":["Exordium","TheCity","TheBeyond"],"potions_floor_usage":[50,50],"damage_taken":[{"damage":0.0,"enemies":"Small Slimes","floor":1.0,"turns":1.0},{"damage":0.0,"enemies":"Gremlin Nob","floor":7.0,"turns":1.0},{"damage":0.0,"enemies":"Jaw Worm","floor":10.0,"turns":1.0},{"damage":0.0,"enemies":"Cultist","floor":12.0,"turns":2.0},{"damage":17.0,"enemies":"Lagavulin","floor":14.0,"turns":3.0},{"damage":2.0,"enemies":"Slime Boss","floor":16.0,"turns":4.0},{"damage":21.0,"enemies":"2 Thieves","floor":18.0,"turns":3.0},{"damage":0.0,"enemies":"Spheric Guardian","floor":20.0,"turns":3.0},{"damage":19.0,"enemies":"Snake Plant","floor":24.0,"turns":3.0},{"damage":43.0,"enemies":"Shelled Parasite and Fungi","floor":31.0,"turns":5.0},{"damage":43.0,"enemies":"Champ","floor":33.0,"turns":9.0},{"damage":26.0,"enemies":"3 Shapes","floor":35.0,"turns":4.0},{"damage":14,"enemies":"3 Darklings","floor":45,"turns":3},{"damage":17,"enemies":"Donu and Deca","floor":50,"turns":7}],"seed_played":"-2310794187282267187","potions_obtained":[{"floor":1.0,"key":"SkillPotion"},{"floor":7.0,"key":"PowerPotion"},{"floor":14.0,"key":"Explosive Potion"},{"floor":24.0,"key":"Swift Potion"},{"floor":33.0,"key":"PowerPotion"}],"is_trial":false,"path_per_floor":["M","?","?","$","T","R","E","?","T","M","R","M","?","E","R","B",null,"M","$","M","$","?","R","M","R","T","R","?","R","$","M","R","B",null,"M","?","T","?","$","R","$","R","T","R","M","?","?","$","R","B",null],"character_chosen":"DEFECT","items_purchased":["Ball Lightning","Cold Snap","DataDisk","Reboot"],"campfire_rested":2,"item_purchase_floors":[4,19,19,39],"current_hp_per_floor":[75,75,68,68,68,68,68,68,68,68,68,68,68,51,51,49,75,54,54,54,54,54,54,35,35,35,35,85,85,85,42,67,24,85,59,48,48,48,48,48,48,48,48,48,34,34,34,34,59,67],"gold":0,"neow_bonus":"THREE_ENEMY_KILL","is_daily":false,"chose_seed":false,"campfire_upgraded":10,"win_rate":0.0,"timestamp":1613963457,"path_taken":["M","?","?","$","?","R","E","?","T","M","R","?","?","E","R","BOSS","M","?","M","$","?","R","M","R","T","R","?","R","$","?","R","BOSS","M","?","?","?","?","R","$","R","T","R","?","?","?","$","R","BOSS"],"items_purchased_type":["Card","Card","Relic","Card"],"build_version":"2020-12-22","purchased_purges":1,"victory":true,"max_hp_per_floor":[75,75,75,75,75,75,75,75,75,75,75,75,75,75,75,75,75,75,75,75,75,75,75,75,75,75,75,85,85,85,85,85,85,85,85,85,85,85,85,85,85,85,85,85,85,85,85,85,85,85],"card_choices":[{"not_picked":["Undo","Streamline"],"picked":"Turbo","floor":1.0},{"not_picked":["FTL","Gash"],"picked":"Beam Cell","floor":7.0},{"not_picked":["Steam","Compile Driver","Go for the Eyes"],"picked":"SKIP","floor":10.0},{"not_picked":["Sweeping Beam","Streamline"],"picked":"Chaos","floor":12.0},{"not_picked":["Sweeping Beam","White Noise"],"picked":"Storm","floor":14.0},{"not_picked":["Machine Learning","Rainbow"],"picked":"Buffer","floor":16.0},{"not_picked":["Beam Cell","Stack"],"picked":"Sweeping Beam","floor":18.0},{"not_picked":["Stack","Leap","Go for the Eyes"],"picked":"SKIP","floor":20.0},{"not_picked":["Blizzard","Multi-Cast"],"picked":"Consume","floor":24.0},{"not_picked":["Lockon+1","Turbo","Conserve Battery"],"picked":"SKIP","floor":31.0},{"not_picked":["Reboot","Multi-Cast"],"picked":"Thunder Strike+1","floor":33.0},{"not_picked":["Turbo+1","Barrage+1","Compile Driver+1"],"picked":"SKIP","floor":35.0},{"not_picked":["Coolheaded+1","Force Field+1"],"picked":"Chill","floor":45}],"player_experience":209489,"relics_obtained":[{"floor":5.0,"key":"Bottled Flame"},{"floor":7.0,"key":"Pen Nib"},{"floor":9.0,"key":"Shuriken"},{"floor":14.0,"key":"Incense Burner"},{"floor":26.0,"key":"Molten Egg 2"},{"floor":37.0,"key":"Pantograph"},{"floor":43,"key":"HornCleat"}],"event_choices":[{"cards_removed":["Defend_B"],"damage_healed":0.0,"max_hp_gain":0.0,"max_hp_loss":0.0,"gold_gain":0.0,"event_name":"The Cleric","player_choice":"Card Removal","floor":2.0,"gold_loss":50.0,"damage_taken":0.0},{"cards_removed":["Strike_B"],"damage_healed":0.0,"max_hp_gain":0.0,"max_hp_loss":0.0,"gold_gain":0.0,"event_name":"Golden Wing","player_choice":"Card Removal","floor":3.0,"gold_loss":0.0,"damage_taken":7.0},{"damage_healed":0.0,"max_hp_gain":0.0,"max_hp_loss":0.0,"gold_gain":0.0,"event_name":"Match and Keep!","player_choice":"3 cards matched","floor":8.0,"gold_loss":0.0,"damage_taken":0.0,"cards_obtained":["Rainbow","Ball Lightning","Steam Power"]},{"damage_healed":0.0,"max_hp_gain":0.0,"max_hp_loss":0.0,"gold_gain":0.0,"event_name":"Accursed Blacksmith","player_choice":"Rummage","floor":13.0,"gold_loss":0.0,"damage_taken":0.0,"relics_obtained":["WarpedTongs"],"cards_obtained":["Pain"]},{"damage_healed":0.0,"max_hp_gain":0.0,"max_hp_loss":0.0,"gold_gain":0.0,"event_name":"Addict","player_choice":"Stole Relic","floor":22.0,"gold_loss":0.0,"damage_taken":0.0,"relics_obtained":["Gremlin Horn"],"cards_obtained":["Shame"]},{"cards_removed":["Rainbow"],"damage_healed":40.0,"max_hp_gain":10.0,"max_hp_loss":0.0,"gold_gain":0.0,"event_name":"Bonfire Elementals","player_choice":"Offered Rare","floor":28.0,"gold_loss":0.0,"damage_taken":0.0},{"damage_healed":0.0,"max_hp_gain":0.0,"max_hp_loss":0.0,"gold_gain":0.0,"event_name":"Winding Halls","player_choice":"Embrace Madness","floor":36.0,"gold_loss":0.0,"damage_taken":11.0,"cards_obtained":["Madness","Madness"]},{"damage_healed":0,"gold_gain":0,"player_choice":"Ignored","damage_taken":0,"max_hp_gain":0,"max_hp_loss":0,"event_name":"Mysterious Sphere","floor":38,"gold_loss":0},{"damage_healed":0,"gold_gain":0,"player_choice":"Paid","damage_taken":0,"relics_obtained":["Red Mask"],"max_hp_gain":0,"max_hp_loss":0,"event_name":"Tomb of Lord Red Mask","floor":46,"gold_loss":21},{"cards_removed":["Storm"],"damage_healed":0,"gold_gain":0,"player_choice":"Removed Power","damage_taken":0,"max_hp_gain":0,"max_hp_loss":0,"event_name":"Falling","floor":47,"gold_loss":0}],"is_beta":false,"boss_relics":[{"not_picked":["SlaversCollar","FrozenCore"],"picked":"Inserter"},{"not_picked":["Runic Dome","Empty Cage"],"picked":"Philosopher\u0027s Stone"}],"items_purged_floors":[19],"is_endless":false,"potions_floor_spawned":[1,7,14,24,33],"ascension_level":3}}