{"host":"gaqyve1328ta0etl","time":1613960946,"event":{"mods":["BaseMod","Colored Map","Colored Powertips","Duelist Mod","Googly Eyes","Hero for Fun","Minty Spire (QoL Compilation)","Shop Mod","StSLib","SuperFastMode","The Hierophant","The Runesmith"],"gold_per_floor":[141,160,160,85,85,85,85,96,174,187,217,217,117,129,129,200,200,220,95,112,124,124,124],"floor_reached":22,"language":"ENG","playtime":582,"items_purged":["theDuelist:Sparks","theDuelist:Sparks","theDuelist:CastleWalls"],"score":472,"play_id":"b60f6fe9-4f5f-48b7-882d-7da6c724d5d0","local_time":"20210221182906","is_ascension_mode":true,"campfire_choices":[{"data":"theDuelist:Nameless:Power:Beatraptor","floor":7,"key":"SMITH"},{"data":"theDuelist:EvilswarmHeliotrope","floor":12,"key":"SMITH"},{"data":"theDuelist:SpiralSpearStrike","floor":15,"key":"SMITH"}],"circlet_count":0,"master_deck":["AscendersBane","theDuelist:BeaverWarrior","theDuelist:BeaverWarrior","theDuelist:CastleWalls","theDuelist:FinalFlame","theDuelist:GiantSoldier","theDuelist:GiantSoldier","theDuelist:ScrapFactory","theDuelist:SpiralSpearStrike+1","theDuelist:Nameless:War:ForbiddenLance","theDuelist:Nameless:Power:Beatraptor+1","theDuelist:EvilswarmHeliotrope+1","theDuelist:RedRisingDragon+1","Finesse","theDuelist:AncientDragon"],"relics":["theDuelist:MillenniumPuzzle","theDuelist:CardPoolRelic","theDuelist:CardPoolBasicRelic","theDuelist:BoosterPackPoolRelic","theDuelist:CardPoolAddRelic","theDuelist:CardPoolMinusRelic","theDuelist:CardPoolSaveRelic","theDuelist:CardPoolOptionsRelic","theDuelist:MillenniumArmor","theDuelist:CursedHealer","Blue Candle","Pear","theDuelist:MillenniumPeriapt","SlaversCollar"],"acts_visited":["Exordium","TheCity"],"potions_floor_usage":[11,16,16,18],"damage_taken":[{"damage":0,"enemies":"2 Louse","floor":1,"turns":2},{"damage":0,"enemies":"Small Slimes","floor":2,"turns":3},{"damage":0,"enemies":"Jaw Worm","floor":8,"turns":3},{"damage":0,"enemies":"Large Slime","floor":10,"turns":4},{"damage":4,"enemies":"3 Sentries","floor":11,"turns":5},{"damage":0,"enemies":"3 Louse","floor":14,"turns":2},{"damage":0,"enemies":"Slime Boss","floor":16,"turns":13},{"damage":9,"enemies":"2 Thieves","floor":18,"turns":3},{"damage":8,"enemies":"Shell Parasite","floor":20,"turns":4},{"damage":48,"enemies":"Shelled Parasite and Fungi","floor":21,"turns":5},{"damage":27,"enemies":"Snecko","floor":22,"turns":3}],"seed_played":"1303816180190817365","potions_obtained":[{"floor":8,"key":"theDuelist:BigTributeBottle"},{"floor":10,"key":"Fire Potion"},{"floor":11,"key":"PowerPotion"},{"floor":14,"key":"theDuelist:StunPotion"},{"floor":16,"key":"PowerPotion"},{"floor":20,"key":"EssenceOfSteel"},{"floor":21,"key":"theDuelist:SealedPackB"}],"is_trial":false,"path_per_floor":["M","M","?","$","?","?","R","M","T","M","E","R","$","M","R","B",null,"M","$","M","M","M"],"character_chosen":"THE_DUELIST","items_purchased":[],"campfire_rested":0,"item_purchase_floors":[],"current_hp_per_floor":[63,63,70,70,72,67,67,67,77,77,73,73,73,73,73,73,80,71,71,63,15,0,0],"gold":124,"neow_bonus":"RANDOM_COMMON_RELIC","is_daily":false,"chose_seed":false,"campfire_upgraded":3,"win_rate":0.0,"timestamp":1613960946,"path_taken":["M","M","?","$","?","?","R","M","T","M","E","R","$","M","R","BOSS","M","$","M","M","M"],"items_purchased_type":[],"build_version":"2020-12-22","purchased_purges":3,"victory":false,"max_hp_per_floor":[70,70,70,70,72,72,72,72,82,82,82,82,82,82,82,82,82,82,82,82,82,82,82],"card_choices":[{"not_picked":["theDuelist:StampingDestruction","theDuelist:MoltenDestruction","theDuelist:AxeDespair","theDuelist:AncientRules"],"picked":"theDuelist:SpiralSpearStrike","floor":1},{"not_picked":["theDuelist:Earthquake","theDuelist:SpiralSpearStrike","theDuelist:CyberRevsystem","theDuelist:EvilMind","theDuelist:SystemDown"],"picked":"SKIP","floor":2},{"not_picked":["theDuelist:BusterBladerDDS","theDuelist:TrihornedDragon","theDuelist:Carboneddon","theDuelist:CyberEltanin","theDuelist:StardustDragon"],"picked":"SKIP","floor":8},{"not_picked":["theDuelist:DummyGolem","theDuelist:EarthEffigy","theDuelist:GemArmadillo","theDuelist:MagicHoleGolem"],"picked":"theDuelist:EvilswarmHeliotrope","floor":10},{"not_picked":["theDuelist:ArtifactSanctum","theDuelist:Berserking","theDuelist:Mountain","theDuelist:Vandalgyon"],"picked":"SKIP","floor":11},{"not_picked":["theDuelist:Berserking","theDuelist:DragonRavine","theDuelist:DragonTreasure","theDuelist:MiraculousDescent","theDuelist:SilverWing"],"picked":"SKIP","floor":14},{"not_picked":["theDuelist:CurseDragon","theDuelist:CloudianGhost","theDuelist:LordD+1","theDuelist:MoltenDestruction"],"picked":"theDuelist:RedRisingDragon+1","floor":18},{"not_picked":["Impatience","Secret Technique","Trip"],"picked":"Finesse","floor":20},{"not_picked":["theDuelist:BlackBrachios","theDuelist:CurseDragon","theDuelist:SuperancientDinobeast","theDuelist:FrostflameDragon"],"picked":"theDuelist:AncientDragon","floor":21}],"player_experience":2237368,"relics_obtained":[{"floor":9,"key":"Pear"},{"floor":11,"key":"theDuelist:MillenniumPeriapt"}],"event_choices":[{"damage_healed":0,"gold_gain":0,"player_choice":"Succumb - +25HP/Cursed Relic","duelist":true,"damage_taken":0,"max_hp_gain":0,"max_hp_loss":0,"event_name":"Tomb of the Nameless","floor":3,"gold_loss":0},{"power_reward":4,"total_magic_score":17,"gold_gain":0,"duelist":true,"damage_taken":0,"relics_obtained":[],"points":19,"war_reward":4,"max_hp_gain":2,"max_hp_loss":0,"spent_points":{"magic":0,"greed":0,"war":4,"power":4,"hunger":4},"event_name":"Nameless Tomb","hunger_reward":4,"floor":5,"gold_loss":0,"cards_obtained":["theDuelist:Nameless:War:ForbiddenLance","theDuelist:Nameless:Power:Beatraptor"]},{"damage_healed":0,"gold_gain":0,"player_choice":"Success","damage_taken":5,"relics_obtained":["Blue Candle"],"max_hp_gain":0,"max_hp_loss":0,"event_name":"Scrap Ooze","floor":6,"gold_loss":0}],"is_beta":false,"boss_relics":[{"not_picked":["Ectoplasm","Runic Dome"],"picked":"SlaversCollar"}],"items_purged_floors":[4,13,19],"is_endless":false,"potions_floor_spawned":[8,10,11,14,16,20,21],"killed_by":"Snecko","ascension_level":20}}