{"host":"sc0o2qwpf9j16a4i","time":1613987876,"event":{"mods":["AchievementEnabler","BaseMod","BetterRewards","Block Reminder","Colored Map","Colored Powertips","Custom Start","Highlight Path","Minty Spire (QoL Compilation)","Relic Stats"],"gold_per_floor":[119,131,190,204,204,236,91,125,201,201,219,251,426,441,441,538,538,548,548,748,759,770,802,818,852,898,911,944,963,996,1008,1008,1107,1107,1123,1123,1123,1146,1160,1169,1204,1213,1213,1249,739,763,807,829,829,829],"floor_reached":51,"language":"ENG","playtime":2265,"items_purged":[],"score":1137,"play_id":"d6738dde-a67d-4df8-abae-44d2486376b8","local_time":"20210222115756","daily_mods":["SealedDeck","Diverse","Night Terrors"],"is_ascension_mode":false,"campfire_choices":[{"data":"Noxious Fumes","floor":15,"key":"SMITH"},{"data":"ThirdEye","floor":32,"key":"SMITH"},{"floor":40,"key":"REST"},{"floor":42,"key":"REST"},{"floor":49,"key":"DIG"}],"circlet_count":0,"master_deck":["Sunder+1","Deflect+1","Thunderclap+1","CarveReality+1","Headbutt+1","Dagger Throw+1","Leap+1","ThirdEye+1","Uppercut+1","CarveReality+1","CutThroughFate+1","Shrug It Off+1","Deflect+1","Protect+1","Uppercut+1","Protect+1","Beam Cell+1","Blood for Blood+1","LessonLearned+1","Skewer+1","Protect+1","Conserve Battery+1","ThirdEye+1","WheelKick+1","Disarm+1","Worship+1","The Bomb+1","PiercingWail","Predator+1","WheelKick+1"],"relics":["Burning Blood","Calipers","DollysMirror","Omamori","Molten Egg 2","FossilizedHelix","Pear","Snecko Eye","Happy Flower","Self Forming Clay","Red Skull","Ancient Tea Set","Dream Catcher","Fusion Hammer","CeramicFish","Boot","Smiling Mask","Shovel","Bronze Scales","War Paint","Kunai"],"acts_visited":["Exordium","TheCity","TheBeyond"],"potions_floor_usage":[6,12,16,24,25,33,33,33,50,50,50],"damage_taken":[{"damage":1,"enemies":"Jaw Worm","floor":1,"turns":3},{"damage":0,"enemies":"Cultist","floor":2,"turns":3},{"damage":0,"enemies":"2 Louse","floor":4,"turns":2},{"damage":1,"enemies":"Gremlin Nob","floor":6,"turns":4},{"damage":13,"enemies":"Lagavulin","floor":8,"turns":5},{"damage":0,"enemies":"2 Fungi Beasts","floor":11,"turns":2},{"damage":1,"enemies":"3 Sentries","floor":12,"turns":5},{"damage":0,"enemies":"Red Slaver","floor":14,"turns":2},{"damage":18,"enemies":"Hexaghost","floor":16,"turns":8},{"damage":0,"enemies":"Shell Parasite","floor":18,"turns":2},{"damage":0,"enemies":"Spheric Guardian","floor":21,"turns":3},{"damage":0,"enemies":"3 Cultists","floor":22,"turns":4},{"damage":0,"enemies":"Book of Stabbing","floor":23,"turns":5},{"damage":0,"enemies":"Sentry and Sphere","floor":24,"turns":5},{"damage":0,"enemies":"Slavers","floor":25,"turns":3},{"damage":0,"enemies":"Snake Plant","floor":27,"turns":3},{"damage":0,"enemies":"Book of Stabbing","floor":28,"turns":5},{"damage":0,"enemies":"Chosen and Byrds","floor":29,"turns":3},{"damage":0,"enemies":"Slavers","floor":30,"turns":5},{"damage":0,"enemies":"3 Cultists","floor":31,"turns":4},{"damage":0,"enemies":"Champ","floor":33,"turns":8},{"damage":0,"enemies":"Orb Walker","floor":35,"turns":1},{"damage":13,"enemies":"3 Shapes","floor":39,"turns":3},{"damage":0,"enemies":"Giant Head","floor":41,"turns":9},{"damage":0,"enemies":"Reptomancer","floor":44,"turns":5},{"damage":0,"enemies":"Transient","floor":46,"turns":5},{"damage":0,"enemies":"Nemesis","floor":47,"turns":5},{"damage":0,"enemies":"Writhing Mass","floor":48,"turns":4},{"damage":0,"enemies":"Awakened One","floor":50,"turns":8}],"seed_played":"-7459496673404100672","potions_obtained":[{"floor":1,"key":"Ancient Potion"},{"floor":4,"key":"EssenceOfSteel"},{"floor":8,"key":"LiquidMemories"},{"floor":11,"key":"GamblersBrew"},{"floor":21,"key":"LiquidMemories"},{"floor":23,"key":"AttackPotion"},{"floor":27,"key":"Explosive Potion"},{"floor":28,"key":"SpeedPotion"},{"floor":29,"key":"EntropicBrew"},{"floor":35,"key":"LiquidMemories"}],"is_trial":true,"path_per_floor":["M","M","?","M","?","E","$","E","T","?","M","E","?","M","R","B",null,"M","?","?","M","M","E","M","E","T","M","E","M","E","M","R","B",null,"M","?","?","T","M","R","E","R","T","E","$","M","E","M","R","B",null],"character_chosen":"IRONCLAD","items_purchased":["DollysMirror","Bronze Scales","The Bomb","HeartOfIron","DuplicationPotion"],"campfire_rested":2,"item_purchase_floors":[7,45,45,45,45],"current_hp_per_floor":[80,80,80,80,80,80,80,73,73,73,79,90,90,90,90,78,90,90,72,72,78,84,90,95,95,95,95,95,95,95,95,95,95,95,95,95,90,90,83,85,85,80,80,80,80,80,80,80,80,80],"gold":829,"neow_bonus":"","is_daily":false,"chose_seed":false,"campfire_upgraded":2,"win_rate":0.0,"timestamp":1613987876,"path_taken":["M","M","?","M","?","E","$","E","T","?","M","E","?","M","R","BOSS","M","?","?","M","?","E","M","E","T","M","E","?","E","M","R","BOSS","M","?","?","?","M","R","E","R","T","E","$","?","E","M","R","BOSS"],"items_purchased_type":["Relic","Relic","Card","Potion","Potion"],"build_version":"2020-12-22","purchased_purges":0,"victory":true,"max_hp_per_floor":[80,80,80,80,80,80,80,80,80,80,80,90,90,90,90,90,90,90,95,95,95,95,95,95,95,95,95,95,95,95,95,95,95,95,95,95,90,90,90,85,85,80,80,80,80,80,80,80,80,80],"relic_stats":{"Happy Flower":[25],"counters":[29,124],"Self Forming Clay":[9],"CeramicFish":63,"War Paint":["The Bomb","Disarm"],"Boot":[18],"Smiling Mask":0,"Burning Blood":51,"Dream Catcher":2,"Shovel":1,"Bronze Scales":[70],"Snecko Eye":[184,171,155,153],"Kunai":[6],"obtain_stats":[{"Calipers":6,"Pear":12,"Happy Flower":23,"Self Forming Clay":25,"CeramicFish":38,"Omamori":8,"War Paint":47,"Ancient Tea Set":28,"Boot":41,"Smiling Mask":43,"Burning Blood":0,"Dream Catcher":30,"Shovel":44,"DollysMirror":7,"Bronze Scales":45,"Snecko Eye":17,"Molten Egg 2":9,"Fusion Hammer":34,"Kunai":49,"FossilizedHelix":10,"Red Skull":26},{"Calipers":4,"Pear":7,"Happy Flower":13,"Self Forming Clay":15,"CeramicFish":22,"Omamori":5,"War Paint":27,"Ancient Tea Set":17,"Boot":24,"Smiling Mask":24,"Burning Blood":0,"Dream Catcher":19,"Shovel":25,"DollysMirror":4,"Bronze Scales":25,"Snecko Eye":9,"Molten Egg 2":5,"Fusion Hammer":21,"Kunai":28,"FossilizedHelix":5,"Red Skull":15},{"Calipers":12,"Pear":24,"Happy Flower":48,"Self Forming Clay":56,"CeramicFish":85,"Omamori":17,"War Paint":112,"Ancient Tea Set":64,"Boot":97,"Smiling Mask":97,"Burning Blood":0,"Dream Catcher":72,"Shovel":102,"DollysMirror":12,"Bronze Scales":102,"Snecko Eye":34,"Molten Egg 2":17,"Fusion Hammer":84,"Kunai":116,"FossilizedHelix":17,"Red Skull":56}]},"card_choices":[{"not_picked":["Crescendo","Reinforced Body"],"picked":"CutThroughFate","floor":1},{"not_picked":["Eviscerate","Blizzard"],"picked":"Shrug It Off","floor":2},{"not_picked":["Perfected Strike","Pray"],"picked":"Deflect","floor":4},{"not_picked":["Crescendo","Cloak And Dagger"],"picked":"Protect","floor":6},{"not_picked":["Rebound","Bouncing Flask"],"picked":"Noxious Fumes","floor":8},{"not_picked":["EmptyFist+1","BowlingBash+1"],"picked":"Protect","floor":11},{"not_picked":["Exhume","CutThroughFate+1"],"picked":"Beam Cell+1","floor":12},{"not_picked":["Sever Soul+1","Expertise"],"picked":"Blood for Blood+1","floor":14},{"not_picked":["Burst","Doppelganger"],"picked":"LessonLearned+1","floor":16},{"not_picked":["InnerPeace","Conserve Battery","Evolve"],"picked":"SKIP","floor":18},{"not_picked":["Thunderclap+1","PathToVictory","Double Energy"],"picked":"SKIP","floor":21},{"not_picked":["Glacier","Poisoned Stab+1","Halt+1"],"picked":"SKIP","floor":22},{"not_picked":["Streamline+1","BowlingBash+1"],"picked":"Skewer+1","floor":23},{"not_picked":["Ball Lightning+1","Wild Strike+1"],"picked":"Protect+1","floor":24},{"not_picked":["Headbutt+1","ConjureBlade","Escape Plan"],"picked":"SKIP","floor":25},{"not_picked":["Melter+1","Havoc","Quick Slash+1"],"picked":"SKIP","floor":27},{"not_picked":["Backflip","Consume+1","Turbo"],"picked":"SKIP","floor":28},{"not_picked":["Flex+1","Turbo+1"],"picked":"Conserve Battery+1","floor":29},{"not_picked":["Grand Finale+1","Leap","JustLucky+1"],"picked":"SKIP","floor":30},{"not_picked":["Acrobatics","Redo","Evolve"],"picked":"SKIP","floor":31},{"not_picked":["Underhanded Strike+1","Perfected Strike+1"],"picked":"ThirdEye+1","floor":35},{"not_picked":["FTL+1","Anger+1","Adaptation"],"picked":"SKIP","floor":39},{"not_picked":["Turbo+1","Clothesline+1"],"picked":"WheelKick+1","floor":40},{"not_picked":["Prepared+1","ForeignInfluence","Unload+1"],"picked":"SKIP","floor":41},{"not_picked":["Accuracy","Backstab+1"],"picked":"Disarm","floor":42},{"not_picked":["Finisher+1","Coolheaded"],"picked":"Worship+1","floor":44},{"not_picked":["CrushJoints+1","Blade Dance+1"],"picked":"PiercingWail","floor":46},{"not_picked":["Consume","Storm of Steel"],"picked":"Predator+1","floor":47},{"not_picked":["FlurryOfBlows+1","Go for the Eyes+1"],"picked":"WheelKick+1","floor":48}],"player_experience":1513225,"relics_obtained":[{"floor":6,"key":"Calipers"},{"floor":8,"key":"Omamori"},{"floor":9,"key":"Molten Egg 2"},{"floor":12,"key":"Pear"},{"floor":23,"key":"Happy Flower"},{"floor":25,"key":"Self Forming Clay"},{"floor":26,"key":"Red Skull"},{"floor":28,"key":"Ancient Tea Set"},{"floor":30,"key":"Dream Catcher"},{"floor":38,"key":"CeramicFish"},{"floor":41,"key":"Boot"},{"floor":43,"key":"Smiling Mask"},{"floor":44,"key":"Shovel"},{"floor":47,"key":"War Paint"},{"floor":49,"key":"Kunai"}],"event_choices":[{"damage_healed":0,"gold_gain":59,"player_choice":"Gained Gold","damage_taken":0,"max_hp_gain":0,"max_hp_loss":0,"event_name":"Golden Wing","floor":3,"gold_loss":0},{"damage_healed":0,"gold_gain":0,"player_choice":"Grow","damage_taken":0,"max_hp_gain":0,"max_hp_loss":0,"event_name":"Living Wall","floor":5,"gold_loss":0,"cards_upgraded":["Uppercut"]},{"damage_healed":0,"gold_gain":0,"player_choice":"Box","damage_taken":0,"relics_obtained":["FossilizedHelix"],"max_hp_gain":0,"max_hp_loss":0,"event_name":"Big Fish","floor":10,"gold_loss":0,"cards_obtained":["Regret"]},{"damage_healed":0,"gold_gain":175,"player_choice":"AGREE","damage_taken":0,"max_hp_gain":0,"max_hp_loss":0,"event_name":"Liars Game","floor":13,"gold_loss":0,"cards_obtained":["Doubt"]},{"damage_healed":0,"gold_gain":0,"player_choice":"Shed Blood","damage_taken":23,"max_hp_gain":5,"max_hp_loss":0,"event_name":"Forgotten Altar","floor":19,"gold_loss":0},{"damage_healed":0,"gold_gain":250,"player_choice":"Bet on Owner","damage_taken":0,"max_hp_gain":0,"max_hp_loss":0,"event_name":"The Joust","floor":20,"gold_loss":50},{"cards_removed":["Noxious Fumes"],"damage_healed":0,"gold_gain":0,"player_choice":"Removed Power","damage_taken":0,"max_hp_gain":0,"max_hp_loss":0,"event_name":"Falling","floor":36,"gold_loss":0},{"damage_healed":0,"gold_gain":0,"player_choice":"Max HP","damage_taken":0,"max_hp_gain":0,"max_hp_loss":5,"event_name":"Winding Halls","floor":37,"gold_loss":0}],"is_beta":false,"boss_relics":[{"not_picked":["Cursed Key","Ectoplasm"],"picked":"Snecko Eye"},{"not_picked":["SacredBark","Philosopher\u0027s Stone"],"picked":"Fusion Hammer"}],"items_purged_floors":[],"is_endless":false,"potions_floor_spawned":[1,4,8,11,21,23,27,28,29,30,35,39,46],"ascension_level":0}}