{"host":"vgpo801u53seft82","time":1613972065,"event":{"mods":["BaseMod","Better Match","Better Skull","Better Third Choice","Colored Powertips","Curses Come First","Downfall","Jorbs\u0027s Wanderer Trilogy","Minty Spire (QoL Compilation)","Quick Restart","StSLib","The Cursed","Together in Spire","everything is the same but u backflip on backflip"],"gold_per_floor":[117,117,137,137,7,39,39,73,120,120,134,145,163,20,20,119,119,138,150,161,178,103,103,21,52,52,52,68,68,68,22,22,127,127,144,193,205,205,205,205,14,14,14,14,25,36,36,36,36,36],"floor_reached":51,"language":"ENG","playtime":2015,"items_purged":[],"score":648,"play_id":"4738c5db-63f2-457f-b05f-2c1c959fd21b","local_time":"20210222003425","is_ascension_mode":false,"campfire_choices":[{"floor":7,"key":"REST"},{"floor":10,"key":"REST"},{"floor":15,"key":"REST"},{"data":"Adaptation","floor":23,"key":"SMITH"},{"floor":29,"key":"REST"},{"data":"Vault","floor":32,"key":"SMITH"},{"floor":40,"key":"REST"},{"data":"Collect","floor":42,"key":"SMITH"},{"floor":49,"key":"REST"}],"circlet_count":0,"master_deck":["Eruption+1","Vigilance+1","Indignation+1","FollowUp+1","Adaptation+1","Omniscience+1","Prostrate+1","Blind+1","Collect+1","Evaluate+1","Prostrate+1","EmptyBody+1","Brilliance+1","Vault+1","EmptyBody+1","Swivel+1","Worship+1","Halt+1","Adaptation+1","Perseverance+1","Tantrum+1","ClearTheMind+1","FearNoEvil+1","FlyingSleeves+1","ClearTheMind+1","CarveReality+1","Good Instincts+1","DevaForm+1","LikeWater+1","Evaluate+1","Establishment+1","EmptyFist+1","Ragnarok+1","SignatureMove+1","Weave+1","Good Instincts+1","FollowUp+1","FlurryOfBlows+1","DeusExMachina+1"],"relics":["PureWater","Mercury Hourglass","PreservedInsect","Pandora\u0027s Box","Boot","White Beast Statue","Nloth\u0027s Gift","SlaversCollar","Mango","The Courier","Mark of the Bloom"],"acts_visited":["Exordium","TheCity","TheBeyond"],"potions_floor_usage":[25,25,33,36,36,45,46,50],"damage_taken":[{"damage":2,"enemies":"Small Slimes","floor":1,"turns":2},{"damage":0,"enemies":"Cultist","floor":3,"turns":2},{"damage":31,"enemies":"Gremlin Nob","floor":6,"turns":4},{"damage":27,"enemies":"Lagavulin","floor":8,"turns":3},{"damage":7,"enemies":"Jaw Worm","floor":11,"turns":2},{"damage":4,"enemies":"Exordium Thugs","floor":12,"turns":3},{"damage":2,"enemies":"Exordium Wildlife","floor":13,"turns":3},{"damage":0,"enemies":"Slime Boss","floor":16,"turns":4},{"damage":1,"enemies":"3 Byrds","floor":18,"turns":4},{"damage":0,"enemies":"Chosen","floor":19,"turns":3},{"damage":16,"enemies":"Snake Plant","floor":20,"turns":3},{"damage":0,"enemies":"Snecko","floor":21,"turns":3},{"damage":0,"enemies":"Gremlin Leader","floor":25,"turns":3},{"damage":0,"enemies":"Cultist and Chosen","floor":28,"turns":3},{"damage":11,"enemies":"Collector","floor":33,"turns":5},{"damage":2,"enemies":"Orb Walker","floor":35,"turns":4},{"damage":33,"enemies":"2 Orb Walkers","floor":36,"turns":5},{"damage":0,"enemies":"3 Shapes","floor":37,"turns":3},{"damage":6,"enemies":"Writhing Mass","floor":45,"turns":3},{"damage":0,"enemies":"3 Darklings","floor":46,"turns":2},{"damage":57,"enemies":"Donu and Deca","floor":50,"turns":5}],"seed_played":"3852606587922135886","potions_obtained":[{"floor":6,"key":"FearPotion"},{"floor":11,"key":"GamblersBrew"},{"floor":12,"key":"champ:CounterPotion"},{"floor":16,"key":"Slimebound:ThreeZeroPotion"},{"floor":21,"key":"BlessingOfTheForge"},{"floor":25,"key":"EssenceOfSteel"},{"floor":27,"key":"sneckomod:MuddlingPotion"},{"floor":33,"key":"DistilledChaos"},{"floor":36,"key":"BlessingOfTheForge"},{"floor":37,"key":"Ancient Potion"},{"floor":45,"key":"SkillPotion"},{"floor":46,"key":"Ambrosia"}],"is_trial":false,"path_per_floor":["M","?","M","?","$","E","R","E","T","R","M","M","M","$","R","B",null,"M","M","M","M","?","R","$","E","T","?","M","R","?","$","R","B",null,"M","?","M","$","?","R","$","R","T","$","M","M","?","?","R","B",null],"character_chosen":"WATCHER","items_purchased":["Prostrate","Blind","Brilliance","Good Instincts","Evaluate","Weave","Good Instincts","FollowUp"],"campfire_rested":6,"item_purchase_floors":[5,5,14,24,31,41,41,41],"current_hp_per_floor":[70,70,70,70,70,39,60,33,33,54,47,43,41,41,62,62,72,71,71,55,55,55,55,55,55,55,55,55,72,72,72,72,61,72,70,51,51,51,51,76,76,76,76,76,70,70,70,70,70,13],"gold":36,"neow_bonus":"THREE_CARDS","is_daily":false,"chose_seed":false,"campfire_upgraded":3,"win_rate":0.0,"timestamp":1613972065,"path_taken":["M","?","?","?","$","E","R","E","T","R","M","M","M","$","R","BOSS","M","M","?","?","?","R","?","E","T","?","?","R","?","?","R","BOSS","M","?","M","$","?","R","$","R","T","?","?","M","?","?","R","BOSS"],"items_purchased_type":["Card","Card","Card","Card","Card","Card","Card","Card"],"build_version":"2020-12-22","purchased_purges":0,"victory":true,"max_hp_per_floor":[72,72,72,72,72,72,72,72,72,72,72,72,72,72,72,72,72,72,72,72,72,72,72,72,72,72,72,72,72,72,72,72,72,72,72,86,86,86,86,86,86,86,86,86,86,86,86,86,86,86],"card_choices":[{"not_picked":["Nirvana","Halt"],"picked":"Indignation","floor":0},{"not_picked":["CutThroughFate","Evaluate"],"picked":"FollowUp","floor":1},{"not_picked":["FearNoEvil","WreathOfFlame"],"picked":"Adaptation","floor":3},{"not_picked":["CutThroughFate","Protect"],"picked":"Collect","floor":6},{"not_picked":["Fasting2","CrushJoints"],"picked":"Evaluate","floor":8},{"not_picked":["Fasting2","PathToVictory"],"picked":"Prostrate","floor":11},{"not_picked":["PathToVictory","FlurryOfBlows"],"picked":"CrushJoints","floor":12},{"not_picked":["FlurryOfBlows","PathToVictory"],"picked":"EmptyBody","floor":13},{"not_picked":["Ragnarok","LessonLearned"],"picked":"Vault","floor":16},{"not_picked":["WaveOfTheHand+1","Protect"],"picked":"ClearTheMind+1","floor":18},{"not_picked":["InnerPeace","Fasting2"],"picked":"FearNoEvil+1","floor":19},{"not_picked":["ClearTheMind","Fasting2"],"picked":"FlyingSleeves","floor":20},{"not_picked":["Swivel","Fasting2+1"],"picked":"ClearTheMind","floor":21},{"not_picked":["WindmillStrike+1","Swivel+1"],"picked":"CarveReality+1","floor":22},{"not_picked":["EmptyBody","ClearTheMind"],"picked":"DevaForm","floor":25},{"not_picked":["SashWhip","FearNoEvil"],"picked":"LikeWater+1","floor":28},{"not_picked":["Omniscience","LessonLearned"],"picked":"Establishment","floor":33},{"not_picked":["Consecrate","SashWhip+1"],"picked":"EmptyFist+1","floor":35},{"not_picked":["Swivel+1","FlurryOfBlows"],"picked":"Ragnarok","floor":36},{"not_picked":["Fasting2+1","JustLucky"],"picked":"SignatureMove","floor":37},{"not_picked":["Prostrate","Study+1"],"picked":"FlurryOfBlows+1","floor":45},{"not_picked":["PathToVictory","LikeWater"],"picked":"DeusExMachina","floor":46}],"player_experience":160901,"relics_obtained":[{"floor":6,"key":"Whetstone"},{"floor":8,"key":"Mercury Hourglass"},{"floor":9,"key":"PreservedInsect"},{"floor":25,"key":"Boot"},{"floor":26,"key":"White Beast Statue"},{"floor":36,"key":"Mango"},{"floor":43,"key":"The Courier"}],"event_choices":[{"damage_healed":0,"gold_gain":0,"player_choice":"Ignored","damage_taken":0,"max_hp_gain":0,"max_hp_loss":0,"event_name":"NoteForYourself","floor":2,"gold_loss":0},{"damage_healed":0,"gold_gain":0,"cards_transformed":["Strike_P"],"player_choice":"Transformed","damage_taken":0,"max_hp_gain":0,"max_hp_loss":0,"event_name":"Transmorgrifier","floor":4,"gold_loss":0,"cards_obtained":["Omniscience"]},{"damage_healed":0,"gold_gain":0,"player_choice":"2","damage_taken":0,"max_hp_gain":0,"max_hp_loss":0,"event_name":"betterMatch:BetterMatch","floor":22,"gold_loss":0,"cards_obtained":["betterMatch:UncommonCard"]},{"damage_healed":0,"gold_gain":0,"player_choice":"Got Potions","damage_taken":0,"max_hp_gain":0,"max_hp_loss":0,"event_name":"Lab","floor":27,"gold_loss":0},{"damage_healed":0,"gold_gain":0,"player_choice":"Traded Relic","damage_taken":0,"relics_obtained":["Nloth\u0027s Gift"],"max_hp_gain":0,"max_hp_loss":0,"event_name":"N\u0027loth","floor":30,"relics_lost":["Whetstone"],"gold_loss":0},{"damage_healed":0,"gold_gain":0,"player_choice":"Fight","damage_taken":0,"max_hp_gain":0,"max_hp_loss":0,"event_name":"Mysterious Sphere","floor":36,"gold_loss":0},{"damage_healed":0,"gold_gain":0,"player_choice":"Ignored","damage_taken":0,"max_hp_gain":0,"max_hp_loss":0,"event_name":"Tomb of Lord Red Mask","floor":39,"gold_loss":0},{"cards_removed":["CrushJoints"],"damage_healed":0,"gold_gain":0,"player_choice":"Removed Attack","damage_taken":0,"max_hp_gain":0,"max_hp_loss":0,"event_name":"Falling","floor":47,"gold_loss":0},{"damage_healed":0,"gold_gain":0,"player_choice":"Upgrade","damage_taken":0,"relics_obtained":["Mark of the Bloom"],"max_hp_gain":0,"max_hp_loss":0,"event_name":"MindBloom","floor":48,"gold_loss":0,"cards_upgraded":["Eruption","Vigilance","Indignation","Adaptation","Omniscience","Prostrate","Blind","Evaluate","Prostrate","EmptyBody","Brilliance","EmptyBody","Swivel","Worship","Halt","Perseverance","Tantrum","FlyingSleeves","ClearTheMind","Good Instincts","DevaForm","Evaluate","Establishment","Ragnarok","SignatureMove","Weave","Good Instincts","FollowUp","DeusExMachina"]}],"is_beta":false,"boss_relics":[{"not_picked":["Busted Crown","Snecko Eye"],"picked":"Pandora\u0027s Box"},{"not_picked":["Empty Cage","Tiny House"],"picked":"SlaversCollar"}],"items_purged_floors":[],"is_endless":false,"potions_floor_spawned":[6,11,12,16,21,25,28,33,35,36,37,45,46],"ascension_level":0}}