{"host":"xsfbp1yx1f2ea5z7","time":1613991135,"event":{"mods":["100% Spire Juice","AchievementEnabler","Act Like it!","Bard","BaseMod","Beaked The Cultist","Better Altar","Better Match","Better Note","Better Sensory Stone","Better Skull","Better Third Choice","BetterRewards","Block Reminder","ChefMod","Colored Map","Colored Powertips","Conspire","DeckTracker","Downfall","GifTheSpireLib","Halation","Hermit","Hubris","Infinite Spire","Jedi Mod","Jorbs\u0027s Wanderer Trilogy","Marked Mod","Mimic Mod","Minty Spire (QoL Compilation)","Replay The Spire","Robot Space Explorer","Shade Mod","Spicy Shops","StSLib","The Blackbeard","The Hierophant","The Jungle","The Marked","The Mystic","The Runesmith","TheBandit","Unceasing Turn Reminder","Wandering Minibosses","everything is the same but u backflip on backflip"],"gold_per_floor":[109,109,307,321,335,335,365,94,94,109,109,109,109,109,141,178,178,178,178],"floor_reached":18,"language":"ENG","playtime":507,"items_purged":["Regret"],"score":118,"play_id":"64b6f554-aa79-4b51-ac54-154b19f479b9","local_time":"20210222185215","is_ascension_mode":false,"campfire_choices":[{"data":"Runesmith:CraftFirestone","floor":6,"key":"SMITH"},{"data":"Runesmith:BackupBattery","floor":13,"key":"SMITH"},{"data":"Runesmith:BackupBattery+1","floor":17,"key":"SMITH"}],"circlet_count":0,"master_deck":["Runesmith:Strike_RS","Runesmith:Strike_RS","Runesmith:Strike_RS","Runesmith:Strike_RS","Runesmith:Defend_RS","Runesmith:Defend_RS","Runesmith:Defend_RS","Runesmith:Defend_RS","Runesmith:CraftFirestone+1","Runesmith:Fortify","Runesmith:RuneHurl","Runesmith:CraftMagma","Runesmith:BackupBattery+2","Runesmith:Augment","Runesmith:GoWithTheFlow","Runesmith:ElementalConversion","Runesmith:Attraction"],"relics":["Runesmith:BrokenRuby","NeowsBlessing","Mirror","Strawberry","ReplayTheSpireMod:Ninjato","Replay:Wax Seal","MealTicket","Mummified Hand"],"acts_visited":["Exordium"],"potions_floor_usage":[7,15],"damage_taken":[{"damage":0,"enemies":"Jaw Worm","floor":1,"turns":1},{"damage":0,"enemies":"2 Louse","floor":4,"turns":1},{"damage":0,"enemies":"Cultist","floor":5,"turns":1},{"damage":17,"enemies":"Gremlin Nob","floor":7,"turns":4},{"damage":0,"enemies":"Red Slaver","floor":10,"turns":3},{"damage":15,"enemies":"3 Sentries","floor":15,"turns":8},{"damage":0,"enemies":"Large Slime","floor":16,"turns":5},{"damage":0,"enemies":"Fading Forest","floor":18,"turns":3}],"seed_played":"-5802611132723497580","potions_obtained":[{"floor":5,"key":"jedi:StrikingPotion"},{"floor":7,"key":"Adrenaline Potion"},{"floor":15,"key":"Milkshake"}],"is_trial":false,"path_per_floor":["M","?","?","M","M","R","E","$","T","M","PTL","PTL","R","?","E","MIM","R","B"],"character_chosen":"RUNESMITH_CLASS","items_purchased":["ReplayTheSpireMod:Ninjato","Replay:Wax Seal"],"campfire_rested":0,"item_purchase_floors":[8,8],"current_hp_per_floor":[70,70,42,42,42,42,32,32,32,32,32,32,32,32,17,17,17,17,17],"gold":178,"neow_bonus":"THREE_ENEMY_KILL","is_daily":false,"chose_seed":false,"campfire_upgraded":3,"win_rate":0.0,"timestamp":1613991135,"path_taken":["M","?","?","?","?","R","E","$","T","M","PTL","PTL","R","?","E","?","R","BOSS"],"items_purchased_type":["Relic","Relic"],"build_version":"2020-12-22","purchased_purges":1,"victory":false,"max_hp_per_floor":[70,70,70,70,70,70,77,77,77,77,77,77,77,77,77,77,77,77,77],"card_choices":[{"not_picked":["Runesmith:StaticCage","Runesmith:CraftSpiculum","Runesmith:HeatExchange"],"picked":"SKIP","floor":1},{"not_picked":["Runesmith:MakeshiftArmor","Runesmith:EarthShield"],"picked":"Runesmith:RuneHurl","floor":3},{"not_picked":["Runesmith:Malloc","Runesmith:HammerThrow"],"picked":"Runesmith:CraftMagma","floor":4},{"not_picked":["Runesmith:Repurpose","Runesmith:HammerThrow"],"picked":"Runesmith:BackupBattery","floor":5},{"not_picked":["Runesmith:ReplicatingBarrier","Runesmith:EarthShield"],"picked":"Runesmith:Augment","floor":7},{"not_picked":["Runesmith:CraftIncendium","Runesmith:HeatedChisel"],"picked":"Runesmith:GoWithTheFlow","floor":10},{"not_picked":["Runesmith:StaticCage","Runesmith:FrozenChisel"],"picked":"Runesmith:ElementalConversion","floor":15},{"not_picked":["Runesmith:ElementalConversion","Runesmith:CraftProtectio"],"picked":"Runesmith:Attraction","floor":16}],"player_experience":112266,"relics_obtained":[{"floor":7,"key":"Strawberry"},{"floor":9,"key":"MealTicket"},{"floor":15,"key":"Mummified Hand"}],"event_choices":[{"damage_healed":0,"gold_gain":0,"player_choice":"Box","damage_taken":0,"relics_obtained":["Mirror"],"max_hp_gain":0,"max_hp_loss":0,"event_name":"Big Fish","floor":2,"gold_loss":0,"cards_obtained":["Regret"]}],"is_beta":false,"boss_relics":[],"items_purged_floors":[8],"is_endless":false,"potions_floor_spawned":[5,7,15],"killed_by":"Fading Forest","ascension_level":0}}