{"host":"rzvepkyh9344fbo1","time":1613966816,"event":{"mods":["AchievementEnabler","Act Like it!","BaseMod","Better Third Choice","Colored Map","Colored Powertips","Curses Come First","Downfall","Evolution","Fox Events","Hermit","Highlight Path","Minty Spire (QoL Compilation)","Replay The Spire","Robot Space Explorer","Shade Mod","Shop Mod","StS++","StSLib","The Cursed","The Marked","The Necromancer"],"gold_per_floor":[17,31,48,64,64,64,99,179,205,205,236,236,252,252,252,252,252],"floor_reached":16,"language":"ENG","playtime":1737,"items_purged":[],"score":127,"play_id":"321f350c-e935-4b8f-9d7f-97260bc599ce","local_time":"20210222150656","is_ascension_mode":true,"campfire_choices":[{"data":"ReplayTheSpireMod:LeadingStrike","floor":6,"key":"SMITH"},{"floor":10,"key":"REST"},{"data":"Feed","floor":12,"key":"SMITH"},{"floor":15,"key":"DIG"}],"circlet_count":0,"master_deck":["Strike_R","Strike_R","Strike_R","Defend_R","Defend_R","Bash","Pommel Strike","Power Through","Fire Breathing","Thunderclap","ReplayTheSpireMod:LeadingStrike+1","Intimidate+1","Feed+1"],"relics":["Burning Blood","EVO:Axolotl","Bag of Preparation","Nunchaku","Omamori"],"acts_visited":["Exordium"],"potions_floor_usage":[11,16],"damage_taken":[{"damage":0,"enemies":"Cultist","floor":1,"turns":3},{"damage":0,"enemies":"Jaw Worm","floor":2,"turns":3},{"damage":3,"enemies":"2 Louse","floor":3,"turns":3},{"damage":14,"enemies":"Large Slime","floor":4,"turns":7},{"damage":62,"enemies":"Lagavulin","floor":7,"turns":9},{"damage":10,"enemies":"3 Sentries","floor":11,"turns":5},{"damage":29,"enemies":"Exordium Thugs","floor":13,"turns":7},{"damage":17,"enemies":"Hexaghost","floor":16,"turns":9}],"seed_played":"3969757249153842896","potions_obtained":[{"floor":2,"key":"sneckomod:MuddlingPotion"},{"floor":3,"key":"SpeedPotion"},{"floor":4,"key":"DistilledChaos"},{"floor":13,"key":"PowerPotion"}],"is_trial":false,"path_per_floor":["M","M","M","M","?","R","E","?","T","R","E","R","M","?","R_BF","B"],"character_chosen":"IRONCLAD","items_purchased":[],"campfire_rested":1,"item_purchase_floors":[],"current_hp_per_floor":[80,80,80,72,72,72,16,16,16,40,36,36,17,17,17,0,0],"gold":252,"neow_bonus":"TRANSFORM_TWO_CARDS","is_daily":false,"chose_seed":false,"campfire_upgraded":2,"win_rate":0.0,"timestamp":1613966816,"path_taken":["M","M","?","M","?","R","E","?","T","R","E","R","M","?","R_BF","BOSS"],"items_purchased_type":[],"build_version":"2020-12-22","purchased_purges":0,"victory":false,"max_hp_per_floor":[80,80,80,80,80,80,80,80,80,80,80,80,84,84,84,84,84],"card_choices":[{"not_picked":["Havoc","ReplayTheSpireMod:Muscle Training"],"picked":"Fire Breathing","floor":1},{"not_picked":["Warcry","Cleave"],"picked":"Thunderclap","floor":2},{"not_picked":["Seeing Red","Heavy Blade","Clothesline"],"picked":"SKIP","floor":3},{"not_picked":["Run Through","StSpp:TheBiggerTheyAre"],"picked":"ReplayTheSpireMod:LeadingStrike","floor":4},{"not_picked":["Seeing Red","Hemokinesis"],"picked":"Feed","floor":7},{"not_picked":["Rage","Twin Strike","StSpp:TheBiggerTheyAre"],"picked":"SKIP","floor":11},{"not_picked":["Massacre","Uppercut","Twin Strike"],"picked":"SKIP","floor":13}],"player_experience":345219,"relics_obtained":[{"floor":7,"key":"Bag of Preparation"},{"floor":11,"key":"Nunchaku"},{"floor":15,"key":"Omamori"}],"event_choices":[{"damage_healed":0,"gold_gain":80,"player_choice":"Gained Gold","damage_taken":0,"max_hp_gain":0,"max_hp_loss":0,"event_name":"Golden Wing","floor":8,"gold_loss":0}],"is_beta":false,"boss_relics":[],"items_purged_floors":[],"is_endless":false,"potions_floor_spawned":[2,3,4,13],"killed_by":"Hexaghost","ascension_level":3}}