{"host":"h18ghvg9w8zr1me3","time":1613976563,"event":{"mods":["Act Like it!","BaseMod","Hallownest","Minty Spire (QoL Compilation)","StSLib"],"gold_per_floor":[18,18,18,18,28,62,62,93,93,104,104,69,69,82,82,178,178,193,118,118,132,148,148,148,148,148,160,171,186,186,196,196,297,297,316,316,316],"floor_reached":36,"language":"ZHS","playtime":1844,"items_purged":[],"score":439,"play_id":"cdf1483e-fc07-4e23-a6f7-a2ec9adf91b4","local_time":"20210222144923","is_ascension_mode":true,"campfire_choices":[{"data":"Bludgeon","floor":7,"key":"SMITH"},{"data":"Sadistic Nature","floor":13,"key":"SMITH"},{"data":"Rage","floor":15,"key":"SMITH"},{"data":"Feed","floor":23,"key":"SMITH"},{"data":"Double Tap","floor":25,"key":"SMITH"},{"data":"Bite","floor":30,"key":"SMITH"},{"floor":32,"key":"REST"}],"circlet_count":0,"master_deck":["Defend_R","Defend_R","Defend_R","Defend_R","Bash","Sadistic Nature+1","Hemokinesis","Seeing Red","Bludgeon+1","Double Tap+1","Perfected Strike","Rage+1","Feed+1","J.A.X.","Armaments","Bite","Bite","Bite","Bite","Bite+1","Armaments+1","Brutality","Reaper"],"relics":["Burning Blood","White Beast Statue","Lizard Tail","StrikeDummy","Runic Cube","SlaversCollar"],"acts_visited":["Exordium","TheCity","TheBeyond"],"potions_floor_usage":[6,6,11,16,16,16,18,21,22,27,27,28,28,33,33,33,36],"damage_taken":[{"damage":13,"enemies":"Jaw Worm","floor":1,"turns":4},{"damage":2,"enemies":"Cultist","floor":5,"turns":3},{"damage":43,"enemies":"3 Sentries","floor":6,"turns":7},{"damage":34,"enemies":"Gremlin Nob","floor":8,"turns":4},{"damage":0,"enemies":"Small Slimes","floor":10,"turns":2},{"damage":0,"enemies":"Exordium Wildlife","floor":11,"turns":1},{"damage":10,"enemies":"Blue Slaver","floor":14,"turns":2},{"damage":53,"enemies":"The Guardian","floor":16,"turns":7},{"damage":23,"enemies":"3 Byrds","floor":18,"turns":8},{"damage":28,"enemies":"Shell Parasite","floor":21,"turns":5},{"damage":27,"enemies":"Snecko","floor":22,"turns":4},{"damage":15,"enemies":"3 Cultists","floor":27,"turns":5},{"damage":41,"enemies":"Shelled Parasite and Fungi","floor":28,"turns":5},{"damage":26,"enemies":"Snake Plant","floor":29,"turns":6},{"damage":17,"enemies":"Snecko","floor":31,"turns":5},{"damage":106,"enemies":"Champ","floor":33,"turns":9},{"damage":77,"enemies":"Orb Walker","floor":35,"turns":6},{"damage":50,"enemies":"3 Shapes","floor":36,"turns":3}],"seed_played":"-3386072258880089199","potions_obtained":[{"floor":2,"key":"BloodPotion"},{"floor":2,"key":"SmokeBomb"},{"floor":2,"key":"Explosive Potion"},{"floor":8,"key":"DuplicationPotion"},{"floor":10,"key":"SteroidPotion"},{"floor":14,"key":"FearPotion"},{"floor":16,"key":"Block Potion"},{"floor":18,"key":"LiquidBronze"},{"floor":21,"key":"SteroidPotion"},{"floor":22,"key":"AttackPotion"},{"floor":27,"key":"EntropicBrew"},{"floor":28,"key":"LiquidBronze"},{"floor":29,"key":"Explosive Potion"},{"floor":31,"key":"AttackPotion"},{"floor":33,"key":"SpeedPotion"},{"floor":35,"key":"Explosive Potion"}],"is_trial":false,"path_per_floor":["M","?","$","?","M","E","R","E","T","M","M","?","R","M","R","B",null,"M","?","?","M","M","R","?","R","T","M","M","M","R","M","R","B",null,"M","M"],"character_chosen":"IRONCLAD","items_purchased":[],"campfire_rested":1,"item_purchase_floors":[],"current_hp_per_floor":[73,73,73,73,77,56,56,28,28,34,40,60,60,56,56,9,80,66,66,66,47,26,26,26,26,26,26,21,27,27,24,44,23,68,23,0,0],"gold":316,"neow_bonus":"RANDOM_COLORLESS_2","is_daily":false,"chose_seed":false,"campfire_upgraded":6,"win_rate":0.0,"timestamp":1613976563,"path_taken":["M","?","?","?","?","E","R","E","T","M","M","?","R","M","R","BOSS","M","?","?","M","M","R","?","R","T","M","M","?","R","M","R","BOSS","M","M"],"items_purchased_type":[],"build_version":"2020-12-22","purchased_purges":0,"victory":false,"max_hp_per_floor":[80,80,80,80,80,80,80,80,80,80,80,80,80,80,80,80,80,83,83,83,86,86,86,60,60,60,60,64,68,68,68,68,68,68,68,68,68],"card_choices":[{"not_picked":["Apotheosis","Transmutation"],"picked":"Sadistic Nature","floor":0},{"not_picked":["Clash","Sword Boomerang"],"picked":"Heavy Blade","floor":1},{"not_picked":["Body Slam","Heavy Blade"],"picked":"Seeing Red","floor":5},{"not_picked":["Fire Breathing","True Grit"],"picked":"Bludgeon","floor":6},{"not_picked":["Uppercut","Dropkick"],"picked":"Double Tap","floor":8},{"not_picked":["Dropkick","True Grit"],"picked":"Perfected Strike","floor":10},{"not_picked":["Wild Strike","Second Wind"],"picked":"Rage","floor":14},{"not_picked":["Barricade","Corruption"],"picked":"Feed","floor":16},{"not_picked":["Flame Barrier","Sword Boomerang","Iron Wave"],"picked":"SKIP","floor":18},{"not_picked":["Cleave","Carnage"],"picked":"Armaments","floor":21},{"not_picked":["Headbutt","Clothesline","True Grit"],"picked":"SKIP","floor":22},{"not_picked":["Heavy Blade","Cleave"],"picked":"Armaments+1","floor":27},{"not_picked":["Cleave","Thunderclap","Pommel Strike"],"picked":"SKIP","floor":28},{"not_picked":["Armaments","Searing Blow"],"picked":"Brutality","floor":29},{"not_picked":["Perfected Strike","Headbutt+1","Armaments"],"picked":"SKIP","floor":31},{"not_picked":["Bludgeon","Juggernaut"],"picked":"Reaper","floor":33},{"not_picked":["Rampage","Warcry","Clothesline+1"],"picked":"SKIP","floor":35}],"player_experience":92809,"relics_obtained":[{"floor":6,"key":"White Beast Statue"},{"floor":8,"key":"Lizard Tail"},{"floor":9,"key":"StrikeDummy"}],"event_choices":[{"damage_healed":0,"gold_gain":0,"player_choice":"Got Potions","damage_taken":0,"max_hp_gain":0,"max_hp_loss":0,"event_name":"Lab","floor":2,"gold_loss":0},{"damage_healed":0,"gold_gain":0,"cards_transformed":["Strike_R"],"player_choice":"Transformed","damage_taken":0,"max_hp_gain":0,"max_hp_loss":0,"event_name":"Transmorgrifier","floor":4,"gold_loss":0,"cards_obtained":["Hemokinesis"]},{"damage_healed":20,"gold_gain":0,"player_choice":"Healed","damage_taken":0,"max_hp_gain":0,"max_hp_loss":0,"event_name":"The Cleric","floor":12,"gold_loss":35},{"cards_removed":["Heavy Blade"],"damage_healed":0,"gold_gain":0,"player_choice":"Gave Gold","damage_taken":0,"max_hp_gain":0,"max_hp_loss":0,"event_name":"Beggar","floor":19,"gold_loss":75},{"damage_healed":0,"gold_gain":0,"player_choice":"Obtain J.A.X.","damage_taken":0,"max_hp_gain":0,"max_hp_loss":0,"event_name":"Drug Dealer","floor":20,"gold_loss":0,"cards_obtained":["J.A.X."]},{"damage_healed":0,"gold_gain":0,"player_choice":"Became a vampire","damage_taken":0,"max_hp_gain":0,"max_hp_loss":26,"event_name":"Vampires","floor":24,"gold_loss":0,"cards_obtained":["Bite","Bite","Bite","Bite","Bite"]}],"is_beta":false,"boss_relics":[{"not_picked":["Runic Dome","Sozu"],"picked":"Runic Cube"},{"not_picked":["Empty Cage","Runic Pyramid"],"picked":"SlaversCollar"}],"items_purged_floors":[],"is_endless":false,"potions_floor_spawned":[8,10,11,14,16,18,21,22,27,28,29,31,33,35],"killed_by":"3 Shapes","ascension_level":2}}