{"host":"m4zn6rtsd36lrr22","time":1613992979,"event":{"mods":["2.2 Compatiblity","Act Like it!","BaseMod","Better Synergies","BetterRewards","CapriCore","Colored Map","Custom Start","FoggyMod","Gensokyo","GungeonMod","HololiveMod","Ironclad Rager","Lobotomy","LobotomyExtend","Luminous","Minty Spire (QoL Compilation)","Permanent Neow","Poor People Problems","Prisma Mod","Quick Restart","Reimu（博丽灵梦）","Relic Filter Mod","Relic Stats","Reliquary","Remilia（蕾米莉亚）","Remove Card Discount Mod","Replay The Spire","RumiaBox-露米娅的神秘盒子","Shop Mod","Spicy Shops","StSLib","The Alterego","The Animator","The Immortal","WarShipGirlsR/战舰少女R mod","Yakumo Yukari mod","noobMod","【功能Mod】混沌之环修复补丁","【遗物卡牌】REMEMod"],"gold_per_floor":[131,131,131,142,242,242,91,91,166,20,20,32,32,59,59,156,156,166,166,156,268,268,268,295,295,319,319,319,319,319,329,329,426,426,437,456,46,46,46,81,7,17,72,72,72,72,72,72,72,72,72],"floor_reached":52,"language":"ZHS","playtime":1537,"items_purged":["animator:Strike","animator:Defend","animator:Tyuule+1","animator:Defend_Katanagatari","animator:Strike_Katanagatari"],"score":911,"play_id":"9fee5dab-e943-4f01-9090-9854910a9533","local_time":"20210222192259","is_ascension_mode":false,"campfire_choices":[{"data":"animator:Biyorigo","floor":13.0,"key":"SMITH"},{"data":"animator:Emonzaemon","floor":15.0,"key":"SMITH"},{"floor":23.0,"key":"DIG"},{"floor":25,"key":"DIG"},{"floor":32,"key":"DIG"},{"floor":49,"key":"DIG"}],"circlet_count":0,"master_deck":["animator:Azekura","animator:Emonzaemon+1","animator:Biyorigo+1","animator:UneriGinkaku+1","animator:ZankiKiguchi","animator:Nanami","animator:Konayuki"],"relics":["animator:LivingPicture","animator:TheMissingPiece","REME_ComplimentaryCards","ice","animator:PurgingStone","LetterFromLob","Gensokyo:Justice","Nunchaku","Mango","reliquary:Vitrine","Orrery","LastBattle","Paper Crane","EasyGame_NEW","Shovel","DemoMod:Antibody","Letter Opener","DemoMod:Bottle","ReplayTheSpireMod:Shallot","Strawberry","reliquary:Stiletto","Boot","reliquary:FingerTrap","animator:OldCoffin","Regal Pillow","TwistedFunnel","animator:Buoy","Charon\u0027s Ashes","reliquary:BoilingFlask"],"acts_visited":["Gensokyo:Gensokyo","Gensokyo:Gensokyoer","Gensokyo:Gensokyoest"],"potions_floor_usage":[],"damage_taken":[{"damage":8.0,"enemies":"Gensokyo:3_Fairies","floor":1.0,"turns":6.0},{"damage":9.0,"enemies":"Gensokyo:Gryphon","floor":4.0,"turns":3.0},{"damage":11.0,"enemies":"Gensokyo:Python","floor":12.0,"turns":3.0},{"damage":7.0,"enemies":"Gensokyo:Cirno","floor":14.0,"turns":5.0},{"damage":36.0,"enemies":"Gensokyo:Kokoro","floor":16.0,"turns":5.0},{"damage":2.0,"enemies":"Gensokyo:2_Gloops","floor":18.0,"turns":3.0},{"damage":22.0,"enemies":"Gensokyo:CosmicMonolith","floor":21.0,"turns":6.0},{"damage":33,"enemies":"Gensokyo:Reisen","floor":24,"turns":4},{"damage":2,"enemies":"Gensokyo:CosmicMonolith","floor":31,"turns":3},{"damage":94,"enemies":"Gensokyo:Kaguya","floor":33,"turns":9},{"damage":35,"enemies":"Gensokyo:AncientGuardian","floor":35,"turns":6},{"damage":9,"enemies":"Gensokyo:3_Bats","floor":36,"turns":4},{"damage":11,"enemies":"Gensokyo:Marisa","floor":40,"turns":5},{"damage":8,"enemies":"Gensokyo:Rafflesia","floor":42,"turns":5},{"damage":10,"enemies":"Gensokyo:Scarlet_Devils","floor":50,"turns":7}],"seed_played":"6821025203370037269","potions_obtained":[{"floor":1.0,"key":"LiquidBronze"},{"floor":4.0,"key":"EssenceOfSteel"},{"floor":14.0,"key":"Energy Potion"},{"floor":24,"key":"PowerPotion"}],"is_trial":false,"path_per_floor":["M","?","?","M","?","?","$","?","T","$","T","M","R","E","R","B",null,"M","?","?","M","?","R","E","R","T","?","?","$","T","M","R","B",null,"M","M","$","?","?","E","$","M","T","?","T","?","?","$","R","B",null,null],"character_chosen":"THE_ANIMATOR","items_purchased":["Nunchaku","Orrery","reliquary:FingerTrap","animator:OldCoffin","TwistedFunnel"],"campfire_rested":0,"item_purchase_floors":[7,10,37,37,41],"current_hp_per_floor":[58,58,32,23,23,23,23,16,16,16,16,6,6,76,76,40,88,86,86,86,64,64,64,33,33,40,40,40,40,40,38,38,33,101,66,57,57,41,41,30,30,22,22,22,22,22,30,30,30,123,123],"gold":72,"neow_bonus":"REMOVE_CARD","is_daily":false,"chose_seed":false,"campfire_upgraded":2,"win_rate":0.0,"timestamp":1613992979,"path_taken":["M","?","?","?","?","?","$","?","T","?","?","?","R","E","R","BOSS","M","?","?","?","?","R","E","R","T","?","?","?","?","?","R","BOSS","M","?","$","?","?","E","?","?","T","?","?","?","?","$","R","BOSS"],"items_purchased_type":["Relic","Relic","Relic","Relic","Relic"],"build_version":"2020-12-22","purchased_purges":5,"victory":true,"max_hp_per_floor":[66,66,66,66,66,66,66,80,80,80,80,81,81,82,82,88,88,88,88,88,88,88,88,89,89,96,96,96,96,96,96,96,101,101,106,110,110,110,110,120,120,122,122,122,122,122,122,122,122,124,124],"relic_stats":{"Nunchaku":[12],"Regal Pillow":0,"Shovel":4,"counters":[15,74],"Charon\u0027s Ashes":[6],"Letter Opener":[30],"Boot":[3],"obtain_stats":[{"TwistedFunnel":41,"Regal Pillow":40,"animator:TheMissingPiece":0,"reliquary:BoilingFlask":49,"Mango":8,"DemoMod:GlassGuonStoneRelic":1,"ice":0,"Gensokyo:Justice":6,"Boot":32,"Nunchaku":7,"Shovel":21,"animator:PurgingStone":0,"Strawberry":26,"reliquary:FingerTrap":37,"reliquary:Vitrine":9,"animator:Buoy":43,"DemoMod:Antibody":21,"Charon\u0027s Ashes":45,"Letter Opener":23,"LastBattle":11,"Paper Crane":14,"ReplayTheSpireMod:Shallot":25,"Orrery":10,"animator:LivingPicture":0,"reliquary:Stiletto":30,"LetterFromLob":1,"DemoMod:Bottle":24,"EasyGame_NEW":17,"animator:OldCoffin":37,"REME_ComplimentaryCards":0},{"TwistedFunnel":13,"Regal Pillow":13,"animator:TheMissingPiece":0,"reliquary:BoilingFlask":14,"Mango":2,"DemoMod:GlassGuonStoneRelic":1,"ice":0,"Gensokyo:Justice":2,"Boot":9,"Nunchaku":2,"Shovel":7,"animator:PurgingStone":0,"Strawberry":8,"reliquary:FingerTrap":12,"reliquary:Vitrine":2,"animator:Buoy":14,"DemoMod:Antibody":7,"Charon\u0027s Ashes":14,"Letter Opener":7,"LastBattle":2,"Paper Crane":4,"ReplayTheSpireMod:Shallot":8,"Orrery":2,"animator:LivingPicture":0,"reliquary:Stiletto":8,"LetterFromLob":1,"DemoMod:Bottle":8,"EasyGame_NEW":5,"animator:OldCoffin":12,"REME_ComplimentaryCards":0},{"TwistedFunnel":62,"Regal Pillow":62,"animator:TheMissingPiece":0,"reliquary:BoilingFlask":67,"Mango":9,"DemoMod:GlassGuonStoneRelic":6,"ice":0,"Gensokyo:Justice":9,"Boot":38,"Nunchaku":9,"Shovel":31,"animator:PurgingStone":0,"Strawberry":35,"reliquary:FingerTrap":57,"reliquary:Vitrine":9,"animator:Buoy":67,"DemoMod:Antibody":31,"Charon\u0027s Ashes":67,"Letter Opener":31,"LastBattle":9,"Paper Crane":17,"ReplayTheSpireMod:Shallot":35,"Orrery":9,"animator:LivingPicture":0,"reliquary:Stiletto":35,"LetterFromLob":6,"DemoMod:Bottle":35,"EasyGame_NEW":22,"animator:OldCoffin":57,"REME_ComplimentaryCards":0}]},"card_choices":[{"not_picked":["animator:Demiurge","animator:Mitsurugi"],"picked":"animator:Biyorigo","floor":1.0},{"not_picked":["animator:Kaijin","animator:RinTohsaka","animator:DolaStephanie"],"picked":"SKIP","floor":4.0},{"not_picked":["animator:Lancer","animator:Cocytus"],"picked":"animator:UneriGinkaku","floor":12.0},{"not_picked":["animator:Yoichi","animator:GazelDwargon","animator:Berserker+1"],"picked":"SKIP","floor":18.0},{"not_picked":["animator:UneriGinkaku+1","animator:Shinoa"],"picked":"animator:ZankiKiguchi","floor":21.0},{"not_picked":["animator:WinryRockbell","animator:Millim"],"picked":"animator:Nanami","floor":24},{"not_picked":["animator:DolaCouronne","animator:Kazuma","animator:Benimaru"],"picked":"SKIP","floor":35},{"not_picked":["animator:PandorasActor+1","animator:ElricEdward+1","animator:Pride"],"picked":"SKIP","floor":36},{"not_picked":["animator:Geryuganshoop","animator:Evileye","animator:YunYun"],"picked":"SKIP","floor":40}],"player_experience":405412,"relics_obtained":[{"floor":1.0,"key":"LetterFromLob"},{"floor":9.0,"key":"reliquary:Vitrine"},{"floor":11.0,"key":"LastBattle"},{"floor":14.0,"key":"Paper Crane"},{"floor":21.0,"key":"Shovel"},{"floor":21.0,"key":"DemoMod:Antibody"},{"floor":23.0,"key":"Letter Opener"},{"floor":24,"key":"DemoMod:Bottle"},{"floor":25,"key":"ReplayTheSpireMod:Shallot"},{"floor":26,"key":"Strawberry"},{"floor":30,"key":"reliquary:Stiletto"},{"floor":32,"key":"Boot"},{"floor":40,"key":"Regal Pillow"},{"floor":43,"key":"animator:Buoy"},{"floor":45,"key":"Charon\u0027s Ashes"},{"floor":49,"key":"reliquary:BoilingFlask"}],"event_choices":[],"is_beta":false,"boss_relics":[{"not_picked":["animator:CrumblingOrb","Philosopher\u0027s Stone"],"picked":"EasyGame_NEW"},{"not_picked":["Mark of Pain","Hololive_Finger","reliquary:RedPaperclip"]}],"items_purged_floors":[7,7,37,37,37],"is_endless":false,"potions_floor_spawned":[1,4,14,24,42],"ascension_level":0}}