{"host":"ydg0vn0pu4pubmdt","time":1613971145,"event":{"mods":["AchievementEnabler","BaseMod","Colored Map","Minty Spire (QoL Compilation)","Quick Restart","SuperFastMode"],"gold_per_floor":[117,42,57,57,32,60,60,90,169,202,202,202,352,402,402,498,498,514,147,147,162,175,175,189,212,212,212,262,262,305,326,326,425,425,446,446,461,485,485,518,518,541,541,562,596,185,185,226,226,226,226],"floor_reached":50,"language":"KOR","playtime":1247,"items_purged":["Strike_P","Defend_P","Defend_P"],"score":1357,"play_id":"fdd22243-30e9-44a0-9118-6851bc304cdb","local_time":"20210222141905","is_ascension_mode":true,"campfire_choices":[{"data":"BattleHymn","floor":7.0,"key":"SMITH"},{"data":"Eruption","floor":12.0,"key":"SMITH"},{"data":"Tantrum","floor":15.0,"key":"SMITH"},{"data":"Vault","floor":23.0,"key":"SMITH"},{"floor":27.0,"key":"REST"},{"data":"MentalFortress","floor":32.0,"key":"SMITH"},{"floor":41.0,"key":"REST"},{"floor":47.0,"key":"REST"},{"floor":49,"key":"RECALL"}],"circlet_count":0,"master_deck":["AscendersBane","Defend_P","Defend_P","Eruption+1","Vigilance","BattleHymn+1","Tantrum+1","EmptyBody","Vault+1","InnerPeace","FearNoEvil","EmptyBody","Tantrum","MentalFortress+1","Scrawl","FlurryOfBlows+1","Evaluate+1"],"relics":["PureWater","NeowsBlessing","Lantern","StrikeDummy","Question Card","Lizard Tail","Golden Idol","Empty Cage","White Beast Statue","Letter Opener","Orichalcum","Black Star","Thread and Needle","Singing Bowl","Boot","Akabeko","Bottled Tornado","Ornamental Fan","Molten Egg 2","Pear"],"acts_visited":["Exordium","TheCity","TheBeyond"],"potions_floor_usage":[48],"damage_taken":[{"damage":0.0,"enemies":"Jaw Worm","floor":1.0,"turns":1.0},{"damage":0.0,"enemies":"Cultist","floor":3.0,"turns":1.0},{"damage":0.0,"enemies":"3 Sentries","floor":6.0,"turns":2.0},{"damage":13.0,"enemies":"Lagavulin","floor":8.0,"turns":5.0},{"damage":16.0,"enemies":"Gremlin Nob","floor":10.0,"turns":3.0},{"damage":0.0,"enemies":"Slime Boss","floor":16.0,"turns":4.0},{"damage":16.0,"enemies":"2 Thieves","floor":18.0,"turns":5.0},{"damage":0.0,"enemies":"Chosen","floor":21.0,"turns":4.0},{"damage":17.0,"enemies":"Snake Plant","floor":22.0,"turns":4.0},{"damage":4.0,"enemies":"Centurion and Healer","floor":24.0,"turns":4.0},{"damage":0.0,"enemies":"Shelled Parasite and Fungi","floor":25.0,"turns":3.0},{"damage":17.0,"enemies":"Book of Stabbing","floor":30.0,"turns":4.0},{"damage":0.0,"enemies":"Cultist and Chosen","floor":31.0,"turns":4.0},{"damage":2.0,"enemies":"Collector","floor":33.0,"turns":6.0},{"damage":15.0,"enemies":"3 Darklings","floor":35.0,"turns":6.0},{"damage":0.0,"enemies":"Orb Walker","floor":37.0,"turns":4.0},{"damage":0.0,"enemies":"Jaw Worm Horde","floor":38.0,"turns":5.0},{"damage":29.0,"enemies":"Nemesis","floor":40.0,"turns":8.0},{"damage":1.0,"enemies":"Sphere and 2 Shapes","floor":42.0,"turns":4.0},{"damage":0.0,"enemies":"Transient","floor":44.0,"turns":7.0},{"damage":148.0,"enemies":"Giant Head","floor":45.0,"turns":9.0},{"damage":0,"enemies":"Reptomancer","floor":48,"turns":4},{"damage":1,"enemies":"Donu and Deca","floor":50,"turns":6}],"seed_played":"4785741086126489969","potions_obtained":[{"floor":1.0,"key":"Energy Potion"},{"floor":10.0,"key":"AttackPotion"},{"floor":21.0,"key":"SkillPotion"},{"floor":24.0,"key":"CultistPotion"},{"floor":25.0,"key":"FearPotion"},{"floor":30.0,"key":"BottledMiracle"},{"floor":33.0,"key":"Explosive Potion"},{"floor":38.0,"key":"FearPotion"},{"floor":40.0,"key":"Explosive Potion"},{"floor":42.0,"key":"Explosive Potion"},{"floor":44.0,"key":"SteroidPotion"},{"floor":48,"key":"Explosive Potion"}],"is_trial":false,"path_per_floor":["M","$","M","?","$","E","R","E","T","E","?","R","?","?","R","B",null,"M","$","?","M","M","R","M","M","T","R","?","?","E","M","R","B",null,"M","?","M","M","?","E","R","M","T","M","E","$","R","E","R","B"],"character_chosen":"WATCHER","items_purchased":["EmptyBody","White Beast Statue","Ornamental Fan"],"campfire_rested":3,"item_purchase_floors":[5,19,46],"current_hp_per_floor":[61,61,61,61,61,61,61,48,48,32,32,32,32,32,32,32,55,39,39,39,39,22,22,18,18,18,36,36,36,19,19,19,17,51,36,36,36,36,36,7,25,26,26,28,4,4,23,35,35,34,34],"gold":226,"neow_bonus":"THREE_ENEMY_KILL","is_daily":false,"chose_seed":false,"campfire_upgraded":5,"win_rate":0.0,"timestamp":1613971145,"path_taken":["M","$","M","?","?","E","R","E","T","E","?","R","?","?","R","BOSS","M","$","?","M","M","R","M","M","T","R","?","?","E","M","R","BOSS","M","?","M","M","?","E","R","M","T","?","E","?","R","E","R","BOSS"],"items_purchased_type":["Card","Relic","Relic"],"build_version":"2020-12-22","purchased_purges":3,"victory":false,"max_hp_per_floor":[68,68,68,68,68,68,68,68,68,68,62,62,62,62,62,62,62,62,62,62,62,62,62,62,62,62,62,62,62,62,62,62,62,62,62,62,62,62,62,62,62,64,64,66,66,66,66,78,78,78,78],"card_choices":[{"not_picked":["Evaluate","ThirdEye"],"picked":"BattleHymn","floor":1.0},{"not_picked":["Consecrate","ForeignInfluence"],"picked":"Tantrum","floor":3.0},{"not_picked":["Prostrate","BowlingBash","Evaluate"],"picked":"SKIP","floor":6.0},{"not_picked":["TalkToTheHand","BattleHymn","CutThroughFate"],"picked":"SKIP","floor":8.0},{"not_picked":["Perseverance","WreathOfFlame","Blasphemy","Swivel"],"picked":"SKIP","floor":10.0},{"not_picked":["Ragnarok","Wish","Alpha"],"picked":"Vault","floor":16.0},{"not_picked":["ThirdEye","ClearTheMind","PathToVictory"],"picked":"InnerPeace","floor":18.0},{"not_picked":["Halt","PathToVictory","Evaluate","Wireheading"],"picked":"SKIP","floor":21.0},{"not_picked":["Evaluate","Halt","ThirdEye","PathToVictory+1"],"picked":"SKIP","floor":22.0},{"not_picked":["Wireheading","FlurryOfBlows","ThirdEye"],"picked":"FearNoEvil","floor":24.0},{"not_picked":["Nirvana+1","DevaForm","Prostrate"],"picked":"EmptyBody","floor":25.0},{"not_picked":["Worship","FearNoEvil+1","Evaluate+1","EmptyBody+1"],"picked":"SKIP","floor":30.0},{"not_picked":["Halt+1","Fasting2","WaveOfTheHand"],"picked":"MentalFortress","floor":31.0},{"not_picked":["MasterReality","Devotion","Ragnarok"],"picked":"Scrawl","floor":33.0},{"not_picked":["BattleHymn","BowlingBash","Prostrate","Crescendo"],"picked":"SKIP","floor":35.0},{"not_picked":["Wallop","CrushJoints+1","Fasting2","ReachHeaven"],"picked":"SKIP","floor":37.0},{"not_picked":["ThirdEye","SignatureMove","FlyingSleeves+1","Conclude+1"],"picked":"SKIP","floor":38.0},{"not_picked":["Fasting2","ThirdEye+1","Conclude+1"],"picked":"FlurryOfBlows+1","floor":40.0},{"not_picked":["WindmillStrike","PathToVictory","DeceiveReality","EmptyFist+1"],"picked":"Singing Bowl","floor":42.0},{"not_picked":["FlurryOfBlows","FearNoEvil","JustLucky","CrushJoints"],"picked":"Singing Bowl","floor":44.0},{"not_picked":["Crescendo","Judgement","WaveOfTheHand"],"picked":"Evaluate+1","floor":45.0},{"not_picked":["Crescendo","Vengeance","Wallop+1","DeceiveReality"],"picked":"Singing Bowl","floor":48}],"player_experience":624675,"relics_obtained":[{"floor":6.0,"key":"Lantern"},{"floor":8.0,"key":"StrikeDummy"},{"floor":9.0,"key":"Question Card"},{"floor":10.0,"key":"Lizard Tail"},{"floor":26.0,"key":"Letter Opener"},{"floor":30.0,"key":"Orichalcum"},{"floor":40.0,"key":"Singing Bowl"},{"floor":40.0,"key":"Boot"},{"floor":45.0,"key":"Akabeko"},{"floor":45.0,"key":"Bottled Tornado"},{"floor":48,"key":"Molten Egg 2"},{"floor":48,"key":"Pear"}],"event_choices":[{"cards_removed":["Strike_P"],"damage_healed":0.0,"max_hp_gain":0.0,"max_hp_loss":0.0,"gold_gain":0.0,"event_name":"Bonfire Elementals","player_choice":"Offered Basic","floor":4.0,"gold_loss":0.0,"damage_taken":0.0},{"damage_healed":0.0,"max_hp_gain":0.0,"max_hp_loss":6.0,"gold_gain":0.0,"event_name":"Golden Idol","player_choice":"Lose Max HP","floor":11.0,"gold_loss":0.0,"damage_taken":0.0,"relics_obtained":["Golden Idol"]},{"damage_healed":0.0,"max_hp_gain":0.0,"max_hp_loss":0.0,"gold_gain":150.0,"event_name":"Liars Game","player_choice":"AGREE","floor":13.0,"gold_loss":0.0,"damage_taken":0.0,"cards_obtained":["Doubt"]},{"damage_healed":0.0,"max_hp_gain":0.0,"max_hp_loss":0.0,"gold_gain":50.0,"event_name":"Golden Shrine","player_choice":"Pray","floor":14.0,"gold_loss":0.0,"damage_taken":0.0},{"damage_healed":0.0,"max_hp_gain":0.0,"max_hp_loss":0.0,"gold_gain":0.0,"event_name":"The Mausoleum","player_choice":"Ignored","floor":20.0,"gold_loss":0.0,"damage_taken":0.0},{"damage_healed":0.0,"max_hp_gain":0.0,"max_hp_loss":0.0,"gold_gain":50.0,"event_name":"Nest","player_choice":"Stole From Cult","floor":28.0,"gold_loss":0.0,"damage_taken":0.0},{"damage_healed":0.0,"max_hp_gain":0.0,"max_hp_loss":0.0,"gold_gain":0.0,"cards_transformed":["Strike_P"],"event_name":"Transmorgrifier","player_choice":"Transformed","floor":29.0,"gold_loss":0.0,"damage_taken":0.0,"cards_obtained":["Tantrum"]},{"damage_healed":0.0,"max_hp_gain":0.0,"max_hp_loss":0.0,"gold_gain":0.0,"event_name":"Tomb of Lord Red Mask","player_choice":"Ignored","floor":36.0,"gold_loss":0.0,"damage_taken":0.0},{"damage_healed":0.0,"max_hp_gain":0.0,"max_hp_loss":0.0,"gold_gain":0.0,"event_name":"WeMeetAgain","player_choice":"Gave Potion","floor":39.0,"gold_loss":0.0,"damage_taken":0.0,"relics_obtained":["Thread and Needle"]}],"is_beta":false,"boss_relics":[{"not_picked":["Astrolabe","Runic Pyramid"],"picked":"Empty Cage"},{"not_picked":["Snecko Eye","Fusion Hammer"],"picked":"Black Star"}],"items_purged_floors":[2,19,46],"is_endless":false,"potions_floor_spawned":[1,10,16,21,22,24,25,30,31,33,35,37,38,40,42,44,45,48],"killed_by":"Donu and Deca","ascension_level":20}}