{"host":"mpvt08kax8preffg","time":1613957672,"event":{"mods":["AchievementEnabler","BaseMod","Bestiary","Colored Map","Highlight Path","Minty Spire (QoL Compilation)","Replay The Spire","Shapeshifter Mod","StSLib"],"gold_per_floor":[114,114,189,189,33,63,63,78,78,93,108,30,45,45,45,145,145,160,175,190,190,190],"floor_reached":21,"language":"ENG","playtime":3147,"items_purged":["Looming Evil"],"score":256,"play_id":"5ee408aa-0b66-4a21-b071-6c752a55f3c5","local_time":"20210221173432","daily_mods":["Shiny","Diverse","Binary"],"is_ascension_mode":false,"campfire_choices":[{"floor":7,"key":"REST"},{"data":"Electrodynamics","floor":15,"key":"SMITH"}],"circlet_count":0,"master_deck":["StSShapeShifter:MysticalSeed","StSShapeShifter:WolfsBane","StSShapeShifter:BurstOfLifeEscapeDeath","StSShapeShifter:Winter","StSShapeShifter:HydraForm","StSShapeShifter:LionForm","StSShapeShifter:Earthquake","StSShapeShifter:Autumn","StSShapeShifter:PhoenixForm","StSShapeShifter:Flood","StSShapeShifter:RestoreBalance","StSShapeShifter:RitualOfTheExtinct","StSShapeShifter:FullMoon","StSShapeShifter:Summon_Mountains","StSShapeShifter:Sap_Burst","StSShapeShifter:Tornado","StSShapeShifter:Blossom2","StSShapeShifter:RitualOfTheElders","StSShapeShifter:Spring","StSShapeShifter:RhinoCalfForm+1","StSShapeShifter:Pounce","StSShapeShifter:Vengeance","StSShapeShifter:DragonForm","StSShapeShifter:Summer","StSShapeShifter:MooseForm","StSShapeShifter:Forgiveness","StSShapeShifter:MammothForm","StSShapeShifter:SkullBash","StSShapeShifter:BurrBomb","StSShapeShifter:Uproot_Redwood","StSShapeShifter:PowerShifter","Brilliance","Devotion","Replay:AllIn","LessonLearned","Vault","Alpha","Establishment","Replay:LoomingThreat","DeusExMachina","Judgement","ConjureBlade","MasterReality","Blasphemy","Ragnarok","Scrawl","Wish","SpiritShield","DevaForm","Hyperbeam","Machine Learning","Buffer","Mirror Shield","Seek","Echo Form","All For One","Reboot","Fission","Core Surge","Multi-Cast","Thunder Strike","Biased Cognition","Electrodynamics+1","ReplayRNGCard","ReplayTheSpireMod:Omega Cannon","Rainbow","Meteor Strike","ReplayTheSpireMod:Fabricate Wheel","Amplify","Creative AI","ReplayTheSpireMod:Necrosis","Corpse Explosion","Die Die Die","Atom Bomb+1","ReplayTheSpireMod:From All Sides","Adrenaline","Envenom","Doppelganger","Burst","Wraith Form v2","Tools of the Trade","After Image","Poison Darts","A Thousand Cuts","Venomology","Replay:Bag of Tricks","Malaise","Phantasmal Killer","Night Terror","Unload","Bullet Time","Storm of Steel","Glass Knife","Grand Finale","Double Tap","Demon Form","Fiend Fire","Eclipse","Berserk","Impervious","Juggernaut","Brutality","Demonic Infusion","Exhume","Offering","Bludgeon","Feed","Replay:Many Hands","Limit Break","Corruption","Barricade","Hemogenesis","Reaper","Immolate","ThirdEye","Normality","Replay:Sssssssssshield","StSShapeShifter:BulwarkOfDiscovery","Evaluate","StSShapeShifter:Sapling","White Noise","Well Laid Plans","Wraith Form v2","Decay","ReplayTheSpireMod:Faulty Equipment","Clumsy","Rebound","StSShapeShifter:Sapling"],"relics":["Cracked Core","ReplayTheSpireMod:Ring of Exchange","ReplayTheSpireMod:CursedCoin","Replay:Baseball","ReplayTheSpireMod:Ninjato","Cables","Replay:Ancient Bell","Blue Doll","Darkstone Periapt","Replay:Arrowhead"],"acts_visited":["Exordium","TheCity"],"potions_floor_usage":[],"damage_taken":[{"damage":0,"enemies":"2 Louse","floor":1,"turns":3},{"damage":6,"enemies":"Replay:BlueRogue","floor":6,"turns":3},{"damage":5,"enemies":"Small Slimes","floor":8,"turns":2},{"damage":17,"enemies":"Jaw Worm","floor":10,"turns":2},{"damage":0,"enemies":"2 Fungi Beasts","floor":11,"turns":2},{"damage":0,"enemies":"Gremlin Gang","floor":13,"turns":1},{"damage":13,"enemies":"The Guardian","floor":16,"turns":8},{"damage":10,"enemies":"Spheric Guardian","floor":18,"turns":4},{"damage":37,"enemies":"3 Byrds","floor":19,"turns":3},{"damage":45,"enemies":"Shelled Parasite and Fungi","floor":20,"turns":5},{"damage":21,"enemies":"Snake Plant","floor":21,"turns":1}],"seed_played":"-9004314451342404475","potions_obtained":[{"floor":6,"key":"FearPotion"},{"floor":10,"key":"Explosive Potion"},{"floor":11,"key":"Energy Potion"},{"floor":18,"key":"EssenceOfSteel"}],"is_trial":false,"path_per_floor":["M","?","?","?","$","E","R","M","T","M","M","$","M","?","R","B",null,"M","M","M","M"],"character_chosen":"DEFECT","items_purchased":["ReplayTheSpireMod:CursedCoin","Replay:Sssssssssshield","Replay:Baseball","Well Laid Plans"],"campfire_rested":1,"item_purchase_floors":[5,5,5,12],"current_hp_per_floor":[75,60,49,49,49,43,65,60,60,43,43,43,43,85,85,72,103,93,56,11,0,0],"gold":190,"neow_bonus":"","is_daily":true,"chose_seed":false,"campfire_upgraded":1,"win_rate":0.0,"timestamp":1613957672,"path_taken":["M","?","?","?","$","E","R","M","T","M","?","$","M","?","R","BOSS","M","M","?","M"],"items_purchased_type":["Relic","Card","Relic","Card"],"build_version":"2020-12-22","purchased_purges":1,"victory":false,"max_hp_per_floor":[75,75,75,75,75,75,75,75,75,75,75,75,75,85,85,85,103,103,103,103,103,103],"card_choices":[{"not_picked":["BowlingBash"],"picked":"ThirdEye","floor":1},{"not_picked":["Body Slam"],"picked":"StSShapeShifter:BulwarkOfDiscovery","floor":6},{"not_picked":["Heavy Blade"],"picked":"Evaluate","floor":8},{"not_picked":["Iron Wave"],"picked":"StSShapeShifter:Sapling","floor":10},{"not_picked":["StSShapeShifter:DeerForm"],"picked":"White Noise","floor":11},{"not_picked":["StSShapeShifter:ThornToss","Worship"],"picked":"SKIP","floor":13},{"not_picked":["Devotion"],"picked":"Wraith Form v2","floor":16},{"not_picked":["ReplayTheSpireMod:Doomed"],"picked":"Decay","floor":17},{"not_picked":["Doubt"],"picked":"ReplayTheSpireMod:Faulty Equipment","floor":17},{"not_picked":["ReplayTheSpireMod:Doomed"],"picked":"Clumsy","floor":17},{"not_picked":["Hemokinesis+1"],"picked":"Rebound","floor":18},{"not_picked":["Setup+1"],"picked":"StSShapeShifter:Sapling","floor":19},{"not_picked":["StSShapeShifter:RockSlide","StSShapeShifter:ThrashAbout"],"picked":"SKIP","floor":20}],"player_experience":30211,"relics_obtained":[{"floor":4,"key":"ReplayTheSpireMod:Ring of Exchange"},{"floor":6,"key":"ReplayTheSpireMod:Ninjato"},{"floor":9,"key":"Cables"}],"event_choices":[{"damage_healed":0,"gold_gain":0,"player_choice":"Entered Light","damage_taken":15,"max_hp_gain":0,"max_hp_loss":0,"event_name":"Shining Light","floor":2,"gold_loss":0,"cards_upgraded":["Atom Bomb","StSShapeShifter:RhinoCalfForm"]},{"damage_healed":0,"gold_gain":75,"player_choice":"Gather Gold","damage_taken":11,"max_hp_gain":0,"max_hp_loss":0,"event_name":"World of Goop","floor":3,"gold_loss":0},{"cards_removed":["Omniscience"],"damage_healed":32,"gold_gain":0,"player_choice":"Offered Rare","damage_taken":0,"max_hp_gain":10,"max_hp_loss":0,"event_name":"Bonfire Elementals","floor":14,"gold_loss":0}],"is_beta":false,"boss_relics":[{"not_picked":["ClockworkSouvenir","Calling Bell"],"picked":"Replay:Ancient Bell"},{"not_picked":["Lantern","Replay:Rubber Ducky"],"picked":"Blue Doll"},{"not_picked":["White Beast Statue","Letter Opener"],"picked":"Darkstone Periapt"},{"not_picked":["Durian","Replay:Kaleidoscope"],"picked":"Replay:Arrowhead"}],"items_purged_floors":[5],"is_endless":false,"potions_floor_spawned":[6,10,11,18,20],"killed_by":"Snake Plant","ascension_level":0}}