{"host":"mvhzznpw3ffw85pv","time":1613977728,"event":{"mods":["AchievementEnabler","BaseMod","Bestiary","Block Reminder","Colored Map","Highlight Path","Minty Spire (QoL Compilation)","Relic Stats"],"gold_per_floor":[113,15,35,51,65,65,91,91,141,173,173,187,205,36,36,135,135,149,166,41,58,58,58,86,106,153,22,37,47,47,64,64,163,163,182,232,250,269,288,288,301,334,334,353,373,373,373,95,95,95],"floor_reached":51,"language":"ENG","playtime":5517,"items_purged":["Defend_P","Strike_P","Strike_P","Defend_P","Strike_P"],"score":1064,"play_id":"3de5c24d-ce9e-445f-8452-f0487f34a261","local_time":"20210222020848","is_ascension_mode":true,"campfire_choices":[{"data":"MentalFortress","floor":6,"key":"SMITH"},{"data":"Eruption","floor":8,"key":"SMITH"},{"data":"Sanctity","floor":15,"key":"SMITH"},{"floor":23,"key":"REST"},{"floor":30,"key":"REST"},{"data":"Tantrum","floor":32,"key":"SMITH"},{"data":"TalkToTheHand","floor":40,"key":"SMITH"},{"data":"EmptyFist","floor":46,"key":"SMITH"},{"floor":49,"key":"REST"}],"circlet_count":0,"master_deck":["AscendersBane","Strike_P","Defend_P","Defend_P","Eruption+1","Vigilance+1","EmptyFist","CarveReality","ThirdEye","EmptyFist+1","MentalFortress+1","Crescendo","Adaptation","Halt","Sanctity+1","InnerPeace","DeusExMachina","Tantrum+1","TalkToTheHand+1","FlurryOfBlows","Violence","TalkToTheHand"],"relics":["HolyWater","HornCleat","Regal Pillow","Nunchaku","Busted Crown","Vajra","Smiling Mask","StoneCalendar","Torii","Centennial Puzzle","OrangePellets"],"acts_visited":["Exordium","TheCity","TheBeyond"],"potions_floor_usage":[7,16,19,25,33,38,42,50],"damage_taken":[{"damage":0,"enemies":"Cultist","floor":1,"turns":3},{"damage":10,"enemies":"2 Louse","floor":3,"turns":3},{"damage":0,"enemies":"Small Slimes","floor":4,"turns":3},{"damage":11,"enemies":"Blue Slaver","floor":5,"turns":4},{"damage":15,"enemies":"Gremlin Nob","floor":7,"turns":3},{"damage":5,"enemies":"Lagavulin","floor":10,"turns":6},{"damage":16,"enemies":"Exordium Thugs","floor":12,"turns":4},{"damage":14,"enemies":"Red Slaver","floor":13,"turns":3},{"damage":11,"enemies":"Slime Boss","floor":16,"turns":6},{"damage":0,"enemies":"Spheric Guardian","floor":18,"turns":4},{"damage":2,"enemies":"2 Thieves","floor":19,"turns":4},{"damage":15,"enemies":"Centurion and Healer","floor":21,"turns":5},{"damage":15,"enemies":"Gremlin Leader","floor":24,"turns":11},{"damage":43,"enemies":"Cultist and Chosen","floor":25,"turns":5},{"damage":0,"enemies":"Snecko","floor":28,"turns":3},{"damage":0,"enemies":"Centurion and Healer","floor":29,"turns":4},{"damage":0,"enemies":"3 Cultists","floor":31,"turns":3},{"damage":9,"enemies":"Automaton","floor":33,"turns":7},{"damage":1,"enemies":"3 Shapes","floor":35,"turns":3},{"damage":0,"enemies":"Mind Bloom Boss Battle","floor":36,"turns":4},{"damage":0,"enemies":"Orb Walker","floor":37,"turns":3},{"damage":11,"enemies":"Transient","floor":38,"turns":5},{"damage":2,"enemies":"Maw","floor":39,"turns":5},{"damage":19,"enemies":"Sphere and 2 Shapes","floor":41,"turns":4},{"damage":1,"enemies":"Giant Head","floor":42,"turns":7},{"damage":0,"enemies":"Jaw Worm Horde","floor":44,"turns":3},{"damage":11,"enemies":"4 Shapes","floor":45,"turns":7},{"damage":25,"enemies":"Awakened One","floor":50,"turns":9}],"seed_played":"-5166605182431725848","potions_obtained":[{"floor":1,"key":"ColorlessPotion"},{"floor":7,"key":"Fire Potion"},{"floor":12,"key":"FairyPotion"},{"floor":16,"key":"Block Potion"},{"floor":24,"key":"FearPotion"},{"floor":29,"key":"DistilledChaos"},{"floor":31,"key":"Block Potion"},{"floor":33,"key":"SteroidPotion"},{"floor":36,"key":"CultistPotion"},{"floor":41,"key":"Regen Potion"},{"floor":44,"key":"SpeedPotion"}],"is_trial":false,"path_per_floor":["M","$","M","M","M","R","E","R","T","E","?","M","M","$","R","B",null,"M","M","$","M","$","R","E","M","T","$","M","M","R","M","R","B",null,"M","?","M","M","M","R","M","E","T","M","M","R","?","$","R","B",null],"character_chosen":"WATCHER","items_purchased":["ThirdEye","InnerPeace","Tantrum","OrangePellets","TalkToTheHand"],"campfire_rested":3,"item_purchase_floors":[2,14,27,48,48],"current_hp_per_floor":[65,65,55,55,44,44,29,29,29,24,24,8,21,21,21,10,57,57,55,55,40,40,72,57,14,14,14,14,14,50,50,50,41,64,63,63,63,52,50,50,31,45,45,45,34,34,34,34,70,45],"gold":95,"neow_bonus":"THREE_CARDS","is_daily":false,"chose_seed":false,"campfire_upgraded":6,"win_rate":0.0,"timestamp":1613977728,"path_taken":["M","$","M","M","?","R","E","R","T","E","?","?","M","?","R","BOSS","M","M","$","M","$","R","E","M","T","$","M","M","R","M","R","BOSS","M","?","M","M","M","R","M","E","T","M","M","R","?","$","R","BOSS"],"items_purchased_type":["Card","Card","Card","Relic","Card"],"build_version":"2020-12-22","purchased_purges":5,"victory":true,"max_hp_per_floor":[72,72,72,72,72,72,72,72,72,72,72,72,72,72,72,72,72,72,72,72,72,72,72,72,72,72,72,72,72,72,72,72,72,72,72,72,72,72,72,72,72,72,72,72,72,72,72,72,72,72],"relic_stats":{"OrangePellets":[0],"Regal Pillow":41,"Nunchaku":[31],"Centennial Puzzle":[6],"Busted Crown":38,"Torii":0,"counters":[28,131],"StoneCalendar":[0],"Smiling Mask":225,"obtain_stats":[{"OrangePellets":48,"Regal Pillow":9,"Nunchaku":10,"Centennial Puzzle":43,"HornCleat":7,"Busted Crown":17,"Torii":42,"Vajra":24,"HolyWater":34,"StoneCalendar":36,"PureWater":0,"Smiling Mask":26},{"OrangePellets":27,"Regal Pillow":5,"Nunchaku":6,"Centennial Puzzle":25,"HornCleat":5,"Busted Crown":9,"Torii":25,"Vajra":13,"HolyWater":18,"StoneCalendar":20,"PureWater":0,"Smiling Mask":14},{"OrangePellets":122,"Regal Pillow":16,"Nunchaku":22,"Centennial Puzzle":112,"HornCleat":16,"Busted Crown":35,"Torii":112,"Vajra":59,"HolyWater":81,"StoneCalendar":88,"PureWater":0,"Smiling Mask":64}]},"card_choices":[{"not_picked":["EmptyBody","ClearTheMind"],"picked":"EmptyFist","floor":0},{"not_picked":["Nirvana","WreathOfFlame"],"picked":"CarveReality","floor":1},{"not_picked":["Worship","JustLucky"],"picked":"EmptyFist","floor":3},{"not_picked":["Nirvana","Perseverance"],"picked":"MentalFortress","floor":4},{"not_picked":["CutThroughFate","WheelKick","PathToVictory"],"picked":"SKIP","floor":5},{"not_picked":["PathToVictory","ReachHeaven"],"picked":"Crescendo","floor":7},{"not_picked":["SashWhip","Consecrate"],"picked":"Adaptation","floor":10},{"not_picked":["ReachHeaven","BowlingBash"],"picked":"Halt","floor":12},{"not_picked":["Judgement","Study","Sanctity"],"picked":"SKIP","floor":13},{"not_picked":["Judgement","Study"],"picked":"Sanctity","floor":13},{"not_picked":["MasterReality","Scrawl"],"picked":"DeusExMachina","floor":16},{"not_picked":["Conclude"],"picked":"SKIP","floor":18},{"not_picked":["WindmillStrike"],"picked":"SKIP","floor":19},{"not_picked":["BowlingBash"],"picked":"SKIP","floor":21},{"not_picked":["Crescendo"],"picked":"SKIP","floor":24},{"not_picked":["Nirvana+1"],"picked":"SKIP","floor":25},{"not_picked":["JustLucky"],"picked":"SKIP","floor":28},{"not_picked":["ClearTheMind"],"picked":"SKIP","floor":29},{"not_picked":["Consecrate"],"picked":"SKIP","floor":31},{"not_picked":[],"picked":"TalkToTheHand","floor":35},{"not_picked":["Adaptation"],"picked":"SKIP","floor":37},{"not_picked":["SashWhip"],"picked":"SKIP","floor":38},{"not_picked":["EmptyFist"],"picked":"SKIP","floor":39},{"not_picked":["Adaptation"],"picked":"SKIP","floor":41},{"not_picked":["CrushJoints"],"picked":"SKIP","floor":42},{"not_picked":[],"picked":"FlurryOfBlows","floor":44},{"not_picked":["Crescendo"],"picked":"SKIP","floor":45},{"not_picked":[],"picked":"Violence","floor":47}],"player_experience":653301,"relics_obtained":[{"floor":7,"key":"HornCleat"},{"floor":9,"key":"Regal Pillow"},{"floor":10,"key":"Nunchaku"},{"floor":24,"key":"Vajra"},{"floor":26,"key":"Smiling Mask"},{"floor":36,"key":"StoneCalendar"},{"floor":42,"key":"Torii"},{"floor":43,"key":"Centennial Puzzle"}],"event_choices":[{"damage_healed":0,"gold_gain":0,"player_choice":"Forge","damage_taken":0,"max_hp_gain":0,"max_hp_loss":0,"event_name":"Accursed Blacksmith","floor":11,"gold_loss":0,"cards_upgraded":["Vigilance"]},{"damage_healed":0,"gold_gain":0,"player_choice":"Fight","damage_taken":0,"max_hp_gain":0,"max_hp_loss":0,"event_name":"MindBloom","floor":36,"gold_loss":0},{"damage_healed":0,"gold_gain":0,"player_choice":"Memory 1","damage_taken":0,"max_hp_gain":0,"max_hp_loss":0,"event_name":"SensoryStone","floor":47,"gold_loss":0}],"is_beta":false,"boss_relics":[{"not_picked":["Velvet Choker","SlaversCollar"],"picked":"Busted Crown"},{"not_picked":["Tiny House","Coffee Dripper"],"picked":"HolyWater"}],"items_purged_floors":[2,14,20,27,48],"is_endless":false,"potions_floor_spawned":[1,7,12,16,24,29,31,33,35,36,41,44],"ascension_level":12}}