{"host":"a1eatafr7pisesky","time":1613993606,"event":{"mods":["AchievementEnabler","BaseMod","Colored Map","Keyboard Shortcuts","Minty Spire (QoL Compilation)","Say the Spire","StSLib","SuperFastMode","everything is the same but u backflip on backflip"],"gold_per_floor":[368,44,44,44,44,75,90,90,390,390,406,424,436,436,436,511,511,525,15,15,35,51,51,84,84,84],"floor_reached":25,"language":"KOR","playtime":541,"items_purged":["Strike_G"],"score":362,"play_id":"9e42df3a-a0ee-44f5-8627-1af5888e7d2e","local_time":"20210222203326","is_ascension_mode":true,"campfire_choices":[{"data":"Accuracy","floor":8.0,"key":"SMITH"},{"data":"Cloak And Dagger","floor":10.0,"key":"SMITH"},{"floor":15.0,"key":"REST"},{"floor":23.0,"key":"REST"}],"circlet_count":0,"master_deck":["AscendersBane","Strike_G","Strike_G+1","Strike_G","Defend_G","Defend_G","Defend_G","Defend_G","Defend_G","Survivor","Neutralize","Blade Dance","Accuracy+1","Cloak And Dagger+1","PiercingWail+1","Infinite Blades","Envenom","Backstab","Blade Dance","Backflip"],"relics":["Ring of the Snake","Ninja Scroll","Letter Opener","Old Coin","Black Star","Paper Crane","TheAbacus","Red Mask"],"acts_visited":["Exordium","TheCity"],"potions_floor_usage":[],"damage_taken":[{"damage":13.0,"enemies":"Jaw Worm","floor":1.0,"turns":8.0},{"damage":27.0,"enemies":"3 Sentries","floor":6.0,"turns":9.0},{"damage":1.0,"enemies":"2 Louse","floor":7.0,"turns":3.0},{"damage":0.0,"enemies":"Cultist","floor":11.0,"turns":1.0},{"damage":0.0,"enemies":"Looter","floor":12.0,"turns":1.0},{"damage":0.0,"enemies":"3 Louse","floor":13.0,"turns":2.0},{"damage":17.0,"enemies":"The Guardian","floor":16.0,"turns":9.0},{"damage":33.0,"enemies":"Spheric Guardian","floor":18.0,"turns":5.0},{"damage":12.0,"enemies":"3 Byrds","floor":21.0,"turns":4.0},{"damage":0.0,"enemies":"Centurion and Healer","floor":22.0,"turns":5.0},{"damage":17.0,"enemies":"Masked Bandits","floor":24.0,"turns":4.0},{"damage":9,"enemies":"Slavers","floor":25,"turns":4}],"seed_played":"-2649324746492053700","potions_obtained":[{"floor":7.0,"key":"LiquidMemories"},{"floor":12.0,"key":"ColorlessPotion"},{"floor":16.0,"key":"ColorlessPotion"},{"floor":21.0,"key":"Ancient Potion"}],"is_trial":false,"path_per_floor":["M","$","?","?","?","E","M","R","T","R","M","M","M","?","R","B",null,"M","$","?","M","M","R","?","E"],"character_chosen":"THE_SILENT","items_purchased":["Accuracy","Ninja Scroll","Paper Crane","TheAbacus"],"campfire_rested":2,"item_purchase_floors":[2,2,19,19],"current_hp_per_floor":[46,46,51,51,51,24,23,23,23,23,23,23,23,3,22,5,50,17,17,17,5,5,24,7,0,0],"gold":84,"neow_bonus":"TWO_FIFTY_GOLD","is_daily":false,"chose_seed":false,"campfire_upgraded":2,"win_rate":0.0,"timestamp":1613993606,"path_taken":["M","$","?","?","?","E","M","R","T","R","M","?","M","?","R","BOSS","M","$","?","?","?","R","?","E"],"items_purchased_type":["Card","Relic","Relic","Relic"],"build_version":"2020-12-22","purchased_purges":1,"victory":false,"max_hp_per_floor":[60,60,65,65,65,65,65,65,65,65,65,65,65,65,65,65,65,65,65,65,65,65,65,65,65,65],"card_choices":[{"not_picked":["Prepared","Flying Knee"],"picked":"Blade Dance","floor":1.0},{"not_picked":["Dodge and Roll","Acrobatics"],"picked":"Cloak And Dagger","floor":6.0},{"not_picked":["Underhanded Strike","Bane","Storm of Steel"],"picked":"SKIP","floor":7.0},{"not_picked":["Outmaneuver","Quick Slash"],"picked":"PiercingWail","floor":11.0},{"not_picked":["Dagger Spray","Bane"],"picked":"Infinite Blades","floor":12.0},{"not_picked":["Masterful Stab","Dagger Throw"],"picked":"Envenom","floor":13.0},{"not_picked":["Well Laid Plans","All Out Attack","Quick Slash+1"],"picked":"SKIP","floor":18.0},{"not_picked":["Eviscerate","All Out Attack","Slice"],"picked":"SKIP","floor":21.0},{"not_picked":["Endless Agony","Infinite Blades"],"picked":"Blade Dance","floor":22.0},{"not_picked":["Deflect","Riddle With Holes"],"picked":"Backflip","floor":24.0}],"player_experience":485101,"relics_obtained":[{"floor":6.0,"key":"Letter Opener"},{"floor":9.0,"key":"Old Coin"},{"floor":24.0,"key":"Red Mask"}],"event_choices":[{"damage_healed":0.0,"max_hp_gain":5.0,"max_hp_loss":0.0,"gold_gain":0.0,"event_name":"Big Fish","player_choice":"Donut","floor":3.0,"gold_loss":0.0,"damage_taken":0.0},{"damage_healed":0.0,"max_hp_gain":0.0,"max_hp_loss":0.0,"gold_gain":0.0,"event_name":"Liars Game","player_choice":"Ignored","floor":4.0,"gold_loss":0.0,"damage_taken":0.0},{"cards_removed":["Strike_G"],"damage_healed":0.0,"max_hp_gain":0.0,"max_hp_loss":0.0,"gold_gain":0.0,"event_name":"Bonfire Elementals","player_choice":"Offered Basic","floor":5.0,"gold_loss":0.0,"damage_taken":0.0},{"damage_healed":0.0,"max_hp_gain":0.0,"max_hp_loss":0.0,"gold_gain":0.0,"event_name":"Shining Light","player_choice":"Entered Light","floor":14.0,"gold_loss":0.0,"damage_taken":20.0,"cards_upgraded":["Strike_G","PiercingWail"]},{"damage_healed":0.0,"max_hp_gain":0.0,"max_hp_loss":0.0,"gold_gain":0.0,"event_name":"Match and Keep!","player_choice":"1 cards matched","floor":20.0,"gold_loss":0.0,"damage_taken":0.0,"cards_obtained":["Backstab"]},{"damage_healed":0.0,"max_hp_gain":0.0,"max_hp_loss":0.0,"gold_gain":0.0,"event_name":"Masked Bandits","player_choice":"Fought Bandits","floor":24.0,"gold_loss":0.0,"damage_taken":0.0}],"is_beta":false,"boss_relics":[{"not_picked":["Runic Dome","Busted Crown"],"picked":"Black Star"}],"items_purged_floors":[19],"is_endless":false,"potions_floor_spawned":[7,12,16,21],"killed_by":"Slavers","ascension_level":16}}