{"host":"clf2hd4adhiiw0zf","time":1613963933,"event":{"mods":["AchievementEnabler","BaseMod","Beaked The Cultist","Bestiary","Dark Map","Downfall","Gremlin Mod","Hermit","Jorbs\u0027s Wanderer Trilogy","Marisa????????","Minty Spire (QoL Compilation)","Quick Restart","Replay The Spire","Shop Mod","Spire Arcade","StSLib","The Construct","The Cursed","Wide Potions"],"gold_per_floor":[119,139,153,167,184,184,213,213,295,310,150,150,150,150],"floor_reached":12,"language":"ENG","playtime":5419,"items_purged":["Wraith"],"score":103,"play_id":"9ba3d541-48e9-4743-a8e0-f726f35f15ed","local_time":"20210221201853","is_ascension_mode":true,"campfire_choices":[{"data":"Guardian:TimeBomb","floor":6,"key":"SMITH"}],"circlet_count":0,"master_deck":["Guardian:Strike_Guardian","Guardian:Strike_Guardian","Guardian:Strike_Guardian","Guardian:Strike_Guardian","Guardian:Defend_Guardian","Guardian:Defend_Guardian","Guardian:Defend_Guardian","Guardian:Defend_Guardian","Guardian:CurlUp","Guardian:TwinSlam","Guardian:PrimingBeam","Guardian:Orbwalk","Guardian:Clone","Guardian:TimeBomb+1","Guardian:Orbwalk","Guardian:Orbwalk","Replay:BasicMightCard","Guardian:FastForward"],"relics":["Guardian:ModeShifter","NeowsBlessing","Ice Cream","Eternal Feather","ReplayTheSpireMod:CursedCoin"],"acts_visited":["Exordium"],"potions_floor_usage":[1,10,12,12],"damage_taken":[{"damage":0,"enemies":"Cultist","floor":1,"turns":1},{"damage":0,"enemies":"Jaw Worm","floor":2,"turns":1},{"damage":0,"enemies":"2 Louse","floor":3,"turns":1},{"damage":8,"enemies":"Red Slaver","floor":4,"turns":4},{"damage":21,"enemies":"2 Fungi Beasts","floor":5,"turns":4},{"damage":22,"enemies":"Gremlin Nob","floor":7,"turns":5},{"damage":10,"enemies":"Exordium Wildlife","floor":10,"turns":4},{"damage":16,"enemies":"3 Sentries","floor":12,"turns":2}],"seed_played":"-2903880206315666472","potions_obtained":[{"floor":1,"key":"Fruit Juice"},{"floor":3,"key":"Dexterity Potion"},{"floor":5,"key":"AttackPotion"},{"floor":10,"key":"Slimebound:ThreeZeroPotion"}],"is_trial":false,"path_per_floor":["M","M","M","M","M","R","E","?","T","M","$","E"],"character_chosen":"GUARDIAN","items_purchased":["ReplayTheSpireMod:CursedCoin","Replay:BasicMightCard","Guardian:FastForward"],"campfire_rested":0,"item_purchase_floors":[11,11,11],"current_hp_per_floor":[85,85,85,77,56,56,34,26,26,16,16,0,0,0],"gold":150,"neow_bonus":"THREE_ENEMY_KILL","is_daily":false,"chose_seed":false,"campfire_upgraded":1,"win_rate":0.0,"timestamp":1613963933,"path_taken":["M","M","?","?","M","R","E","?","T","?","?","E"],"items_purchased_type":["Relic","Card","Card"],"build_version":"2020-12-22","purchased_purges":1,"victory":false,"max_hp_per_floor":[85,85,85,85,85,85,85,85,85,85,85,85,85,85],"card_choices":[{"not_picked":["Guardian:Gem_Crimson","Guardian:EvasiveProtocol"],"picked":"Guardian:PrimingBeam","floor":1},{"not_picked":["Guardian:Reroute","Guardian:TemporalShield"],"picked":"Guardian:Orbwalk","floor":2},{"not_picked":["Guardian:Gem_Cyan","Guardian:PrimingBeam"],"picked":"Guardian:Gem_Lightblue","floor":3},{"not_picked":["Guardian:Gem_Cyan","Guardian:Planning"],"picked":"Guardian:Clone","floor":4},{"not_picked":["Guardian:Incinerate","Guardian:DonusPower"],"picked":"Guardian:TimeBomb","floor":5},{"not_picked":["Guardian:Gem_Red","Guardian:DonusPower"],"picked":"Guardian:Orbwalk","floor":7},{"not_picked":["Guardian:VentSteam","Guardian:PrimingBeam"],"picked":"Guardian:Orbwalk","floor":10}],"player_experience":359695,"relics_obtained":[{"floor":7,"key":"Ice Cream"},{"floor":9,"key":"Eternal Feather"}],"event_choices":[{"damage_healed":0,"gold_gain":0,"player_choice":"Damaged","damage_taken":8,"max_hp_gain":0,"max_hp_loss":0,"event_name":"Wheel of Change","floor":8,"gold_loss":0}],"is_beta":false,"boss_relics":[],"items_purged_floors":[11],"is_endless":false,"potions_floor_spawned":[1,3,5,10],"killed_by":"3 Sentries","ascension_level":5}}