{"host":"37dk0reb6x0du8wx","time":1613995606,"event":{"mods":["BaseMod","Colored Map","DeckTracker","Minty Spire (QoL Compilation)","Quick Restart","StSLib"],"gold_per_floor":[117,117,67,67,85,112,140,140,140,150,162,180,52,70,70,167,167,186,186,196,43,57,7,7,55,82,99,117,143,143,143,143],"floor_reached":31,"language":"KOR","playtime":1014,"items_purged":["Strike_G","Strike_G","Strike_G"],"score":282,"play_id":"499ace7b-fb4f-462d-8923-2849dd63da46","local_time":"20210222210646","is_ascension_mode":false,"campfire_choices":[{"data":"Deadly Poison","floor":8,"key":"SMITH"},{"floor":15,"key":"REST"},{"floor":24,"key":"REST"}],"circlet_count":0,"master_deck":["Strike_G","Defend_G","Defend_G","Defend_G","Defend_G","Survivor","Neutralize","Deadly Poison+1","Catalyst","Bouncing Flask","Envenom","Poisoned Stab"],"relics":["Ring of the Snake","NeowsBlessing","Smiling Mask","Toy Ornithopter","Odd Mushroom","Ninja Scroll","SacredBark","The Specimen","Omamori","Ancient Tea Set","Oddly Smooth Stone","Letter Opener"],"acts_visited":["Exordium","TheCity"],"potions_floor_usage":[11,16,16,22,29,29],"damage_taken":[{"damage":0,"enemies":"Cultist","floor":1,"turns":1},{"damage":0,"enemies":"Small Slimes","floor":5,"turns":1},{"damage":0,"enemies":"3 Sentries","floor":6,"turns":1},{"damage":22,"enemies":"The Mushroom Lair","floor":7,"turns":6},{"damage":0,"enemies":"2 Louse","floor":10,"turns":1},{"damage":0,"enemies":"Red Slaver","floor":11,"turns":2},{"damage":3,"enemies":"Gremlin Gang","floor":12,"turns":5},{"damage":14,"enemies":"Exordium Thugs","floor":14,"turns":4},{"damage":10,"enemies":"Hexaghost","floor":16,"turns":7},{"damage":4,"enemies":"Shell Parasite","floor":18,"turns":5},{"damage":20,"enemies":"3 Byrds","floor":20,"turns":4},{"damage":19,"enemies":"3 Cultists","floor":22,"turns":5},{"damage":16,"enemies":"Cultist and Chosen","floor":27,"turns":6},{"damage":10,"enemies":"Centurion and Healer","floor":28,"turns":9},{"damage":27,"enemies":"Slavers","floor":29,"turns":4},{"damage":14,"enemies":"Chosen and Byrds","floor":31,"turns":4}],"seed_played":"8791486641682133999","potions_obtained":[{"floor":1,"key":"BlessingOfTheForge"},{"floor":7,"key":"Explosive Potion"},{"floor":11,"key":"SkillPotion"},{"floor":14,"key":"Energy Potion"},{"floor":16,"key":"DistilledChaos"},{"floor":18,"key":"DistilledChaos"},{"floor":20,"key":"GamblersBrew"},{"floor":27,"key":"ColorlessPotion"}],"is_trial":false,"path_per_floor":["M","T","$","?","M","E","?","R","T","M","M","M","$","M","R","B",null,"M","?","M","$","M","$","R","T","T","M","M","E","?","M"],"character_chosen":"THE_SILENT","items_purchased":["Bouncing Flask","Omamori"],"campfire_rested":2,"item_purchase_floors":[13,21],"current_hp_per_floor":[70,70,70,63,63,63,41,41,41,41,46,43,43,29,50,50,70,66,66,46,46,32,32,53,53,53,37,27,10,10,0,0],"gold":143,"neow_bonus":"THREE_ENEMY_KILL","is_daily":false,"chose_seed":false,"campfire_upgraded":1,"win_rate":0.0,"timestamp":1613995606,"path_taken":["M","?","$","?","M","E","?","R","T","M","M","M","$","M","R","BOSS","M","?","?","$","?","$","R","?","T","M","?","E","?","M"],"items_purchased_type":["Card","Relic"],"build_version":"2020-12-22","purchased_purges":3,"victory":false,"max_hp_per_floor":[70,70,70,70,70,70,70,70,70,70,70,70,70,70,70,70,70,70,70,70,70,70,70,70,70,70,70,70,70,70,70,70],"card_choices":[{"not_picked":["Leg Sweep","Deflect"],"picked":"Deadly Poison","floor":1},{"not_picked":["Backstab","Slice","Deflect"],"picked":"SKIP","floor":5},{"not_picked":["Sucker Punch","Backflip","Riddle With Holes"],"picked":"SKIP","floor":6},{"not_picked":["PiercingWail","Outmaneuver"],"picked":"Catalyst","floor":10},{"not_picked":["Prepared","Underhanded Strike","Backstab"],"picked":"SKIP","floor":11},{"not_picked":["Dodge and Roll","Phantasmal Killer","Prepared"],"picked":"SKIP","floor":12},{"not_picked":["Blade Dance","Well Laid Plans","Deflect"],"picked":"SKIP","floor":14},{"not_picked":["Unload","Bullet Time"],"picked":"Envenom","floor":16},{"not_picked":["Dagger Throw+1","Expertise+1","Prepared"],"picked":"SKIP","floor":18},{"not_picked":["Backflip","Distraction","Predator"],"picked":"SKIP","floor":20},{"not_picked":["Flechettes","Dagger Spray","Backflip+1"],"picked":"SKIP","floor":22},{"not_picked":["Choke","Bane","Eviscerate+1"],"picked":"SKIP","floor":27},{"not_picked":["Deflect","Flying Knee"],"picked":"Poisoned Stab","floor":28},{"not_picked":["Dagger Spray+1","Quick Slash","Dash"],"picked":"SKIP","floor":29}],"player_experience":235046,"relics_obtained":[{"floor":2,"key":"Smiling Mask"},{"floor":6,"key":"Toy Ornithopter"},{"floor":7,"key":"Odd Mushroom"},{"floor":9,"key":"Ninja Scroll"},{"floor":25,"key":"Ancient Tea Set"},{"floor":26,"key":"Oddly Smooth Stone"},{"floor":29,"key":"Letter Opener"}],"event_choices":[{"cards_removed":["Defend_G"],"damage_healed":0,"gold_gain":0,"player_choice":"Card Removal","damage_taken":7,"max_hp_gain":0,"max_hp_loss":0,"event_name":"Golden Wing","floor":4,"gold_loss":0},{"damage_healed":0,"gold_gain":0,"player_choice":"Fought Mushrooms","damage_taken":0,"max_hp_gain":0,"max_hp_loss":0,"event_name":"Mushrooms","floor":7,"gold_loss":0},{"damage_healed":0,"gold_gain":0,"player_choice":"Gave Potion","damage_taken":0,"relics_obtained":["The Specimen"],"max_hp_gain":0,"max_hp_loss":0,"event_name":"WeMeetAgain","floor":19,"gold_loss":0},{"cards_removed":["Strike_G"],"damage_healed":0,"gold_gain":0,"player_choice":"Elegance","damage_taken":0,"max_hp_gain":0,"max_hp_loss":0,"event_name":"Back to Basics","floor":30,"gold_loss":0}],"is_beta":false,"boss_relics":[{"not_picked":["Sozu","Ectoplasm"],"picked":"SacredBark"}],"items_purged_floors":[3,13,23],"is_endless":false,"potions_floor_spawned":[1,7,11,14,16,18,20,27],"killed_by":"Chosen and Byrds","ascension_level":0}}