{"host":"2l18wfhekslkbqyg","time":1613952557,"event":{"mods":["BaseMod","Minty Spire (QoL Compilation)","SuperFastMode"],"gold_per_floor":[112,87,98,98,112,139,139,172,198,230,249,249,249,90,90,195,195,213,70,82,93,192,217,217,217,217],"floor_reached":25,"language":"ENG","playtime":1830,"items_purged":[],"score":343,"play_id":"8064e8be-22b1-4066-8336-331dbc205c49","local_time":"20210221160917","is_ascension_mode":true,"campfire_choices":[{"data":"Eruption","floor":7,"key":"SMITH"},{"data":"DevaForm","floor":12,"key":"SMITH"},{"floor":15,"key":"REST"},{"data":"Study+1","floor":24,"key":"PURGE"}],"circlet_count":0,"master_deck":["Strike_P+1","Strike_P","Strike_P+1","Strike_P","Defend_P","Defend_P","Defend_P+1","Defend_P+1","Eruption+1","Vigilance+1","SashWhip","CutThroughFate","DevaForm+1","Protect","LessonLearned+1","Blasphemy","Devotion"],"relics":["Velvet Choker","Toy Ornithopter","Happy Flower","Tiny Chest","Kunai","Runic Pyramid","TheAbacus","Peace Pipe"],"acts_visited":["Exordium","TheCity"],"potions_floor_usage":[6,16,16,16,23,25,25],"damage_taken":[{"damage":0,"enemies":"2 Louse","floor":1,"turns":3},{"damage":1,"enemies":"Jaw Worm","floor":3,"turns":2},{"damage":0,"enemies":"Small Slimes","floor":5,"turns":2},{"damage":34,"enemies":"Lagavulin","floor":6,"turns":8},{"damage":8,"enemies":"Gremlin Nob","floor":8,"turns":3},{"damage":0,"enemies":"Lagavulin","floor":10,"turns":4},{"damage":0,"enemies":"Exordium Wildlife","floor":11,"turns":2},{"damage":29,"enemies":"Hexaghost","floor":16,"turns":14},{"damage":9,"enemies":"Chosen","floor":18,"turns":5},{"damage":9,"enemies":"3 Byrds","floor":20,"turns":7},{"damage":12,"enemies":"Cultist and Chosen","floor":21,"turns":8},{"damage":12,"enemies":"Book of Stabbing","floor":23,"turns":6},{"damage":38,"enemies":"Slavers","floor":25,"turns":4}],"seed_played":"3545598625582116635","potions_obtained":[{"floor":1,"key":"LiquidMemories"},{"floor":5,"key":"Energy Potion"},{"floor":6,"key":"AttackPotion"},{"floor":11,"key":"FearPotion"},{"floor":16,"key":"LiquidBronze"},{"floor":18,"key":"LiquidMemories"},{"floor":23,"key":"AttackPotion"}],"is_trial":false,"path_per_floor":["M","$","M","?","M","E","R","E","T","E","M","R","?","$","R","B",null,"M","$","M","M","?","E","R","E"],"character_chosen":"WATCHER","items_purchased":["CutThroughFate","LessonLearned","TheAbacus"],"campfire_rested":1,"item_purchase_floors":[2,14,19],"current_hp_per_floor":[65,65,64,64,64,30,30,22,22,22,22,22,8,8,29,15,58,49,49,40,28,28,21,21,0,0],"gold":217,"neow_bonus":"BOSS_RELIC","is_daily":false,"chose_seed":false,"campfire_upgraded":2,"win_rate":0.0,"timestamp":1613952557,"path_taken":["M","$","M","?","M","E","R","E","T","E","M","R","?","$","R","BOSS","M","$","M","M","?","E","R","E"],"items_purchased_type":["Card","Card","Relic"],"build_version":"2020-12-22","purchased_purges":0,"victory":false,"max_hp_per_floor":[72,72,72,72,72,72,72,72,72,72,72,72,72,72,72,72,72,72,72,72,72,72,72,72,72,72],"card_choices":[{"not_picked":["Pray","Consecrate"],"picked":"SashWhip","floor":1},{"not_picked":["Halt","FlurryOfBlows"],"picked":"Study","floor":3},{"not_picked":["Study","Halt","Pray"],"picked":"SKIP","floor":5},{"not_picked":["Conclude","Evaluate","Adaptation"],"picked":"SKIP","floor":6},{"not_picked":["Tantrum","CutThroughFate"],"picked":"DevaForm","floor":8},{"not_picked":["BowlingBash","JustLucky","FlyingSleeves"],"picked":"SKIP","floor":10},{"not_picked":["InnerPeace","FlyingSleeves"],"picked":"Protect","floor":11},{"not_picked":["ConjureBlade","Omniscience"],"picked":"Blasphemy","floor":16},{"not_picked":["CutThroughFate","FlyingSleeves","Conclude"],"picked":"SKIP","floor":18},{"not_picked":["ThirdEye","FlyingSleeves+1","Vengeance"],"picked":"SKIP","floor":20},{"not_picked":["Prostrate","WindmillStrike+1","Judgement"],"picked":"SKIP","floor":21},{"not_picked":["Prostrate","WindmillStrike+1","Judgement"],"picked":"SKIP","floor":21},{"not_picked":["Swivel","CutThroughFate"],"picked":"Devotion","floor":23}],"player_experience":179921,"relics_obtained":[{"floor":6,"key":"Toy Ornithopter"},{"floor":8,"key":"Happy Flower"},{"floor":9,"key":"Tiny Chest"},{"floor":10,"key":"Kunai"},{"floor":23,"key":"Peace Pipe"}],"event_choices":[{"damage_healed":0,"gold_gain":0,"player_choice":"Ignored","damage_taken":0,"max_hp_gain":0,"max_hp_loss":0,"event_name":"Liars Game","floor":4,"gold_loss":0},{"damage_healed":0,"gold_gain":0,"player_choice":"Entered Light","damage_taken":14,"max_hp_gain":0,"max_hp_loss":0,"event_name":"Shining Light","floor":13,"gold_loss":0,"cards_upgraded":["Vigilance","Study"]},{"damage_healed":0,"gold_gain":99,"player_choice":"Stole From Cult","damage_taken":0,"max_hp_gain":0,"max_hp_loss":0,"event_name":"Nest","floor":22,"gold_loss":0}],"is_beta":false,"boss_relics":[{"not_picked":["Calling Bell","Cursed Key"],"picked":"Runic Pyramid"}],"items_purged_floors":[],"is_endless":false,"potions_floor_spawned":[1,5,6,11,16,18,23],"killed_by":"Slavers","ascension_level":6}}