{"host":"r3fd47vhmwqnpd4b","time":1613989743,"event":{"mods":["2.2 Compatiblity","Abigail Mod","AchievementEnabler","Act Like it!","Ascension Reborn","BaseMod","Better Third Choice","BetterRewards","CapriCore","Friendly Minions","KOR Keyword Fix","Koishi","Marisa£¨Ùöéë¡¡Øª×âÞÞ£©","Minty Spire (QoL Compilation)","Rare Cards Sparkle","Reorder Act Four","Replay The Spire","Shop Mod","Spicy Shops","StSLib","Waifu the Spire"],"gold_per_floor":[419,178,202,202,215,249,249,609,609,687,687,687],"floor_reached":11,"language":"KOR","playtime":1032,"items_purged":["AbbyMod:Ab_Strike"],"score":96,"play_id":"d8122868-d736-4223-aa3c-94af3c2c2da0","local_time":"20210222192903","is_ascension_mode":true,"campfire_choices":[],"circlet_count":0,"master_deck":["AbbyMod:Ab_Strike","AbbyMod:Ab_Strike","AbbyMod:Ab_Defend","AbbyMod:Ab_Defend","AbbyMod:FleetingSanity","AbbyMod:ForeheadBeam","AbbyMod:LifeSentence","AbbyMod:Dabigail+1","AbbyMod:PreciousMemories","AbbyMod:DemonPancake+1","AbbyMod:CloneArmy","AbbyMod:SilverKey","AbbyMod:Ygna","AbbyMod:FamiliarShield+1"],"relics":["AbbyMod:Salem_Diary","FossilizedHelix","MerchantsRug","InkBottle","Dream Catcher","Old Coin","Frozen Egg 2"],"acts_visited":["Exordium"],"potions_floor_usage":[6,10,11],"damage_taken":[{"damage":0,"enemies":"Cultist","floor":1,"turns":4},{"damage":0,"enemies":"Jaw Worm","floor":3,"turns":3},{"damage":3,"enemies":"2 Louse","floor":5,"turns":3},{"damage":0,"enemies":"Lagavulin","floor":6,"turns":7},{"damage":22,"enemies":"Lagavulin Event","floor":10,"turns":11},{"damage":22,"enemies":"Gremlin Nob","floor":11,"turns":4}],"seed_played":"3644508275839767616","potions_obtained":[{"floor":1,"key":"PowerPotion"},{"floor":3,"key":"Regen Potion"},{"floor":3,"key":"SteroidPotion"},{"floor":5,"key":"Adrenaline Potion"},{"floor":6,"key":"BlessingOfTheForge"},{"floor":10,"key":"Adrenaline Potion"}],"is_trial":false,"path_per_floor":["M","$","M","?","M","E","?","?","T","?","E"],"character_chosen":"Ab_Foreigner","items_purchased":["MerchantsRug","AbbyMod:Dabigail+1","AbbyMod:PreciousMemories"],"campfire_rested":0,"item_purchase_floors":[2,2,2],"current_hp_per_floor":[39,39,39,32,29,44,44,33,33,11,0,0],"gold":687,"neow_bonus":"TWO_FIFTY_GOLD","is_daily":false,"chose_seed":false,"campfire_upgraded":0,"win_rate":0.0,"timestamp":1613989743,"path_taken":["M","$","M","?","M","E","?","?","T","?","E"],"items_purchased_type":["Relic","Card","Card"],"build_version":"2020-12-22","purchased_purges":1,"victory":false,"max_hp_per_floor":[60,60,60,60,60,60,60,60,60,60,60,60],"card_choices":[{"not_picked":["AbbyMod:WormHole","AbbyMod:ConsumeFlesh"],"picked":"AbbyMod:LifeSentence","floor":1},{"not_picked":["AbbyMod:Kuroboshi","AbbyMod:AttoSecond+1"],"picked":"AbbyMod:DemonPancake+1","floor":3},{"not_picked":["AbbyMod:FatalEntropy","AbbyMod:TentacleSwarm+1"],"picked":"AbbyMod:CloneArmy","floor":5},{"not_picked":["AbbyMod:Meteo","AbbyMod:CloneArmy"],"picked":"AbbyMod:SilverKey","floor":6},{"not_picked":["AbbyMod:ExposedCore","AbbyMod:Kinoko"],"picked":"AbbyMod:Ygna","floor":6},{"not_picked":["AbbyMod:SavingThrow","AbbyMod:AdultWords"],"picked":"AbbyMod:FamiliarShield+1","floor":10}],"player_experience":305458,"relics_obtained":[{"floor":1,"key":"FossilizedHelix"},{"floor":6,"key":"InkBottle"},{"floor":10,"key":"Frozen Egg 2"}],"event_choices":[{"cards_removed":["AbbyMod:Ab_Strike"],"damage_healed":0,"gold_gain":0,"player_choice":"Card Removal","damage_taken":7,"max_hp_gain":0,"max_hp_loss":0,"event_name":"Golden Wing","floor":4,"gold_loss":0},{"damage_healed":0,"gold_gain":1,"player_choice":"Relic Relic ","damage_taken":11,"max_hp_gain":0,"max_hp_loss":0,"event_name":"betterThird:BetterScrap","floor":8,"gold_loss":0,"cards_obtained":["Burst"]},{"damage_healed":0,"gold_gain":0,"player_choice":"Searched \u00272\u0027 times","damage_taken":0,"max_hp_gain":0,"max_hp_loss":0,"event_name":"Dead Adventurer","floor":10,"gold_loss":0}],"is_beta":false,"boss_relics":[],"items_purged_floors":[2],"is_endless":false,"potions_floor_spawned":[3,5,10],"killed_by":"Gremlin Nob","ascension_level":0}}