{"host":"gl5rgsfncjl28cj1","time":1613982851,"event":{"mods":["Act Like it!","BaseMod","Colored Map","Highlight Path","Minty Spire (QoL Compilation)","Permanent Neow","Ruina","StSLib"],"gold_per_floor":[110,127,52,69,87,87,102,102,102,102,117,134,134,151,151,249,249,262,92,92,92,109,109,136,156,156,76,95,108,108,228,228,228,228],"floor_reached":33,"language":"KOR","playtime":1398,"items_purged":["Defend_G","Strike_G"],"score":286,"play_id":"f341bd1d-8d69-4de0-ac27-5a4e39bc3f7b","local_time":"20210222173411","is_ascension_mode":false,"campfire_choices":[{"data":"Footwork","floor":6,"key":"SMITH"},{"data":"Crippling Poison","floor":8,"key":"SMITH"},{"data":"Neutralize","floor":10,"key":"SMITH"},{"data":"Cloak And Dagger","floor":13,"key":"SMITH"},{"data":"Terror","floor":15,"key":"SMITH"},{"data":"Corpse Explosion","floor":23,"key":"SMITH"},{"floor":32,"key":"REST"}],"circlet_count":0,"master_deck":["Strike_G","Strike_G","Defend_G","Defend_G","Defend_G","Survivor","Neutralize+1","Crippling Poison+1","Footwork+1","Dagger Throw","Die Die Die","Cloak And Dagger+1","Terror+1","Corpse Explosion+1","Blur+1","Grand Finale","Deadly Poison+1","Malaise","PiercingWail+1","Footwork","Reflex"],"relics":["Empty Cage","Bottled Lightning","Sozu","HornCleat","Blue Candle"],"acts_visited":["Exordium","Exordium"],"potions_floor_usage":[25,33],"damage_taken":[{"damage":0,"enemies":"Small Slimes","floor":1,"turns":4},{"damage":0,"enemies":"Cultist","floor":2,"turns":5},{"damage":10,"enemies":"2 Louse","floor":4,"turns":3},{"damage":2,"enemies":"2 Fungi Beasts","floor":5,"turns":5},{"damage":0,"enemies":"Red Slaver","floor":7,"turns":5},{"damage":5,"enemies":"3 Louse","floor":11,"turns":2},{"damage":8,"enemies":"Lots of Slimes","floor":12,"turns":4},{"damage":0,"enemies":"Exordium Wildlife","floor":14,"turns":5},{"damage":8,"enemies":"The Guardian","floor":16,"turns":13},{"damage":0,"enemies":"ruina:2_Scarecrows","floor":18,"turns":3},{"damage":2,"enemies":"ruina:3_Bats","floor":22,"turns":3},{"damage":38,"enemies":"ruina:Mountain","floor":24,"turns":9},{"damage":24,"enemies":"ruina:KingOfGreed","floor":25,"turns":4},{"damage":6,"enemies":"ruina:QueenOfHate","floor":28,"turns":4},{"damage":3,"enemies":"ruina:KnightOfDespair","floor":29,"turns":4},{"damage":23,"enemies":"ruina:Red_and_Wolf","floor":33,"turns":11}],"seed_played":"-7095368170433188502","potions_obtained":[{"floor":1,"key":"Energy Potion"},{"floor":4,"key":"Swift Potion"},{"floor":12,"key":"Swift Potion"},{"floor":16,"key":"Block Potion"}],"is_trial":false,"path_per_floor":["M","M","$","M","M","R","M","R","T","R","M","M","R","M","R","B",null,"M","$","?","?","M","R","E","M","T","$","M","M","?","?","R","B"],"character_chosen":"THE_SILENT","items_purchased":["Grand Finale","Footwork"],"campfire_rested":1,"item_purchase_floors":[19,27],"current_hp_per_floor":[70,70,70,60,58,58,58,58,58,58,53,45,45,45,45,37,70,70,70,78,74,72,72,34,10,10,10,4,1,1,1,23,0,0],"gold":228,"neow_bonus":"BOSS_RELIC","is_daily":false,"chose_seed":false,"campfire_upgraded":6,"win_rate":0.0,"timestamp":1613982851,"path_taken":["M","M","$","M","M","R","M","R","T","R","M","M","R","M","R","BOSS","M","$","?","?","?","R","E","?","T","$","M","M","?","?","R","BOSS"],"items_purchased_type":["Card","Card"],"build_version":"2020-12-22","purchased_purges":2,"victory":false,"max_hp_per_floor":[70,70,70,70,70,70,70,70,70,70,70,70,70,70,70,70,70,70,70,78,74,74,74,74,74,74,74,74,74,74,74,74,74,74],"card_choices":[{"not_picked":["Expertise","Caltrops"],"picked":"Crippling Poison","floor":1},{"not_picked":["Poisoned Stab","Flying Knee","Finisher"],"picked":"SKIP","floor":2},{"not_picked":["Caltrops","Heel Hook","Blade Dance"],"picked":"SKIP","floor":4},{"not_picked":["Reflex","Cloak And Dagger"],"picked":"Footwork","floor":5},{"not_picked":["Prepared","Sucker Punch"],"picked":"Dagger Throw","floor":7},{"not_picked":["Dodge and Roll","Bouncing Flask"],"picked":"Die Die Die","floor":11},{"not_picked":["Deflect","Slice"],"picked":"Cloak And Dagger","floor":12},{"not_picked":["Blade Dance","PiercingWail"],"picked":"Terror","floor":14},{"not_picked":["Unload","Wraith Form v2"],"picked":"Corpse Explosion","floor":16},{"not_picked":["Deflect","Slice"],"picked":"Blur+1","floor":18},{"not_picked":["Flying Knee","Deflect"],"picked":"Deadly Poison+1","floor":22},{"not_picked":["Dodge and Roll","Setup","Malaise"],"picked":"SKIP","floor":24},{"not_picked":["Dodge and Roll","Setup"],"picked":"Malaise","floor":24},{"not_picked":["Dagger Spray","Poisoned Stab+1"],"picked":"PiercingWail+1","floor":25},{"not_picked":["Infinite Blades","Slice"],"picked":"Reflex","floor":28},{"not_picked":["Reflex","Outmaneuver","Prepared"],"picked":"SKIP","floor":29}],"player_experience":1049272,"relics_obtained":[{"floor":9,"key":"Bottled Lightning"},{"floor":24,"key":"HornCleat"},{"floor":26,"key":"Blue Candle"}],"event_choices":[],"is_beta":false,"boss_relics":[{"not_picked":["Astrolabe","Velvet Choker"],"picked":"Sozu"}],"items_purged_floors":[3,19],"is_endless":false,"potions_floor_spawned":[1,4,12,16,18,22,28,29],"killed_by":"ruina:Red_and_Wolf","ascension_level":0}}