{"host":"dn6kke80v5f7isus","time":1613968638,"event":{"mods":["AchievementEnabler","Act Like it!","Bard","BaseMod","Colored Powertips","Custom Start","Defuse TimeMaze Blight","Energized Spire","Gremlin Skip","Highlight Path","Hubris","Infinite Spire","Marisa????????","Marked Mod","Minty Spire (QoL Compilation)","Quick Restart","Rare Cards Sparkle","Reliquary","Replay The Spire","StSLib","The Administrix","The Servant 0.9.4","Uncapped","Unceasing Turn Reminder"],"gold_per_floor":[118,118,325,325,335,335,335,335,335,369,369,369,400,400,400,501,501,515,440,440,457,472,472,472],"floor_reached":23,"language":"ENG","playtime":978,"items_purged":[],"score":270,"play_id":"f2e77791-3fb5-4e27-928f-faa8993d1663","local_time":"20210221233718","is_ascension_mode":false,"campfire_choices":[{"data":"AdministrixMod:LightOfYourLife","floor":6.0,"key":"SMITH"},{"data":"AdministrixMod:TrickOfTheLight","floor":8.0,"key":"SMITH"},{"data":"AdministrixMod:BlueCloak","floor":12.0,"key":"SMITH"}],"circlet_count":0,"master_deck":["AdministrixMod:Strike_Administrix","AdministrixMod:Strike_Administrix","AdministrixMod:RedCloak","AdministrixMod:Defend_Administrix","AdministrixMod:Defend_Administrix","AdministrixMod:Defend_Administrix","AdministrixMod:Defend_Administrix","AdministrixMod:BlueCloak+1","AdministrixMod:TrickOfTheLight+1","AdministrixMod:LightOfYourLife+1","AdministrixMod:GuanyinBlessing+1","AdministrixMod:LightOfYourLife+1","AdministrixMod:WifeLightning","AdministrixMod:FuneraryRites+1","AdministrixMod:CenturiesAscent"],"relics":["AdministrixMod:ConductorRitualBaton","NeowsBlessing","Replay:Accelerometer","hubris:Icosahedron","Chameleon Ring","AdministrixMod:AbandonedRose","reliquary:SilkGlove","hubris:Towel","Black Star"],"acts_visited":["Exordium","TheCity"],"potions_floor_usage":[22],"damage_taken":[{"damage":0.0,"enemies":"Small Slimes","floor":1.0,"turns":1.0},{"damage":0.0,"enemies":"2 Louse","floor":5.0,"turns":1.0},{"damage":0.0,"enemies":"Gremlin Nob","floor":10.0,"turns":1.0},{"damage":6.0,"enemies":"Lagavulin","floor":13.0,"turns":5.0},{"damage":0.0,"enemies":"Hexaghost","floor":16.0,"turns":9.0},{"damage":0,"enemies":"Spheric Guardian","floor":18,"turns":4},{"damage":9,"enemies":"Chosen","floor":21,"turns":7},{"damage":0,"enemies":"3 Cultists","floor":22,"turns":7},{"damage":0,"enemies":"Slavers","floor":23,"turns":1}],"seed_played":"-7407084964859803440","potions_obtained":[{"floor":10.0,"key":"SneckoOil"},{"floor":13.0,"key":"Block Potion"},{"floor":18,"key":"Elixir"}],"is_trial":false,"path_per_floor":["M","?","?","T","M","R","?","R","T","E","?","R","E","?","R","B",null,"M","?","?","M","M","E"],"character_chosen":"TheAdministrix","items_purchased":[],"campfire_rested":0,"item_purchase_floors":[],"current_hp_per_floor":[65,58,42,42,42,42,42,42,42,42,42,42,36,36,55,55,65,65,65,65,56,56,56,56],"gold":472,"neow_bonus":"THREE_ENEMY_KILL","is_daily":false,"chose_seed":false,"campfire_upgraded":3,"win_rate":0.0,"timestamp":1613968638,"path_taken":["M","?","?","?","?","R","?","R","T","E","?","R","E","?","R","BOSS","M","?","?","M","M","E"],"items_purchased_type":[],"build_version":"2020-12-22","purchased_purges":0,"victory":false,"max_hp_per_floor":[65,65,65,65,65,65,65,65,65,65,65,65,65,65,65,65,65,65,65,65,65,65,65,65],"card_choices":[{"not_picked":["AdministrixMod:CrackingPangu","AdministrixMod:SeventeenArticleLaser","AdministrixMod:SealAway"],"picked":"SKIP","floor":1.0},{"not_picked":["AdministrixMod:TouchOfCinnabar","AdministrixMod:NewWardrobe"],"picked":"AdministrixMod:TrickOfTheLight","floor":3.0},{"not_picked":["AdministrixMod:BloodlessSapphire","AdministrixMod:RebukeDesires"],"picked":"AdministrixMod:LightOfYourLife","floor":5.0},{"not_picked":["AdministrixMod:ReachToHeaven","AdministrixMod:HiddenPower"],"picked":"AdministrixMod:GuanyinBlessing","floor":10.0},{"not_picked":["AdministrixMod:SeventeenArticleLaser","AdministrixMod:BloodlessSapphire"],"picked":"AdministrixMod:LightOfYourLife","floor":13.0},{"not_picked":["AdministrixMod:TenDesires","AdministrixMod:GirlsDoItBetter"],"picked":"AdministrixMod:WifeLightning","floor":16.0},{"not_picked":["AdministrixMod:Katabasis+1","AdministrixMod:RebukeDesires"],"picked":"AdministrixMod:FuneraryRites+1","floor":18},{"not_picked":["AdministrixMod:DreamsMausoleum+1","AdministrixMod:SeventeenArticleLaser","AdministrixMod:HiddenPower"],"picked":"SKIP","floor":21},{"not_picked":["AdministrixMod:ExtolVirtue","AdministrixMod:Untouchable"],"picked":"AdministrixMod:CenturiesAscent","floor":22}],"player_experience":484862,"relics_obtained":[{"floor":4.0,"key":"Replay:Accelerometer"},{"floor":9.0,"key":"Chameleon Ring"},{"floor":10.0,"key":"AdministrixMod:AbandonedRose"},{"floor":13.0,"key":"reliquary:SilkGlove"}],"event_choices":[{"cards_removed":["AdministrixMod:Strike_Administrix"],"damage_healed":0.0,"max_hp_gain":0.0,"max_hp_loss":0.0,"gold_gain":0.0,"event_name":"Golden Wing","player_choice":"Card Removal","floor":2.0,"gold_loss":0.0,"damage_taken":7.0},{"cards_removed":["AdministrixMod:Strike_Administrix"],"damage_healed":0,"gold_gain":0,"player_choice":"Gave Gold","damage_taken":0,"max_hp_gain":0,"max_hp_loss":0,"event_name":"Beggar","floor":19,"gold_loss":75}],"is_beta":false,"boss_relics":[{"not_picked":["energizedSpire:NeverEndingSparkler","Philosopher\u0027s Stone"],"picked":"Black Star"}],"items_purged_floors":[],"is_endless":false,"potions_floor_spawned":[10,13,18],"killed_by":"Slavers","ascension_level":0}}