{"host":"onmzcmq5a68cxj3d","time":1613954340,"event":{"mods":["BaseMod","Colored Map","Minty Spire (QoL Compilation)","Remove Card Discount Mod"],"gold_per_floor":[114,86,161,161,336,336,336,336,363,103,103,103,103,129,129,231,231,171,13,13,13,13,13,13,44,44,44,44,70,70,84,84,180,180,199,51,51,0,350,350,350,375,375,375,224,224,0,27,27,27],"floor_reached":51,"language":"ENG","playtime":2765,"items_purged":["Wraith Form v2","Dualcast","Doubt","Strike_B","Defend_B","Strike_B"],"score":821,"play_id":"620f1745-05b8-4bba-89ca-e8f84a7bde32","local_time":"20210221173900","daily_mods":["Heirloom","Time Dilation","Flight","Elite Swarm"],"is_ascension_mode":false,"campfire_choices":[{"data":"Echo Form","floor":6,"key":"SMITH"},{"data":"Demon Form","floor":8,"key":"SMITH"},{"data":"Cold Snap","floor":11,"key":"SMITH"},{"floor":13,"key":"REST"},{"data":"Buffer","floor":15,"key":"SMITH"},{"data":"Creative AI","floor":23,"key":"SMITH"},{"data":"Defend_B","floor":24,"key":"SMITH"},{"floor":27,"key":"REST"},{"floor":28,"key":"REST"},{"floor":30,"key":"REST"},{"floor":32,"key":"REST"},{"floor":40,"key":"REST"},{"data":"Defend_B","floor":41,"key":"SMITH"},{"floor":44,"key":"REST"},{"floor":46,"key":"REST"},{"floor":49,"key":"REST"}],"circlet_count":0,"master_deck":["Demon Form+1","Echo Form+1","DevaForm+1","Strike_B","Strike_B","Defend_B","Defend_B+1","Defend_B+1","Zap+1","Cold Snap+1","Buffer+1","Creative AI+1","Gash+1","Storm"],"relics":["Unceasing Top","Dead Branch","Kunai","Ancient Tea Set","Pantograph","Ice Cream","Busted Crown","Sling","Lizard Tail","Calipers","Boot","Lee\u0027s Waffle","Red Mask","Old Coin","Letter Opener","Lantern","Oddly Smooth Stone","Runic Capacitor","Thread and Needle"],"acts_visited":["Exordium","TheCity","TheBeyond"],"potions_floor_usage":[16,29,33,42,48],"damage_taken":[{"damage":8,"enemies":"2 Louse","floor":1,"turns":5},{"damage":26,"enemies":"3 Sentries","floor":14,"turns":6},{"damage":18,"enemies":"The Guardian","floor":16,"turns":10},{"damage":35,"enemies":"2 Thieves","floor":18,"turns":4},{"damage":54,"enemies":"Book of Stabbing","floor":25,"turns":6},{"damage":70,"enemies":"Slavers","floor":29,"turns":6},{"damage":23,"enemies":"Chosen","floor":31,"turns":7},{"damage":26,"enemies":"Collector","floor":33,"turns":8},{"damage":7,"enemies":"3 Shapes","floor":35,"turns":6},{"damage":28,"enemies":"Mind Bloom Boss Battle","floor":39,"turns":4},{"damage":50,"enemies":"Nemesis","floor":42,"turns":7},{"damage":39,"enemies":"Reptomancer","floor":48,"turns":7},{"damage":75,"enemies":"Donu and Deca","floor":50,"turns":8}],"seed_played":"-7441725515178749616","potions_obtained":[{"floor":1,"key":"SkillPotion"},{"floor":25,"key":"Regen Potion"},{"floor":31,"key":"AttackPotion"},{"floor":39,"key":"Strength Potion"},{"floor":42,"key":"Block Potion"}],"is_trial":true,"path_per_floor":["M","$","?","?","?","R","?","R","T","$","R","?","R","E","R","B",null,"M","$","?","?","?","R","R","E","T","R","R","E","R","M","R","B",null,"M","$","?","?","?","R","R","E","T","R","$","R","$","E","R","B",null],"character_chosen":"DEFECT","items_purchased":["Cold Snap","Pantograph","Sling","Lee\u0027s Waffle","Oddly Smooth Stone","Runic Capacitor","Storm"],"campfire_rested":9,"item_purchase_floors":[2,10,19,36,45,47,47],"current_hp_per_floor":[67,67,56,56,56,56,44,44,44,44,44,44,66,40,40,47,75,40,40,40,40,65,65,65,11,11,33,55,40,62,39,61,49,75,68,82,82,82,54,78,78,28,28,52,52,76,76,37,61,7],"gold":27,"neow_bonus":"","is_daily":false,"chose_seed":false,"campfire_upgraded":7,"win_rate":0.0,"timestamp":1613954340,"path_taken":["M","$","?","?","?","R","?","R","T","$","R","?","R","E","R","BOSS","M","$","?","?","?","R","R","E","T","R","R","E","R","?","R","BOSS","M","$","?","?","?","R","R","E","T","R","$","R","$","E","R","BOSS"],"items_purchased_type":["Card","Relic","Relic","Relic","Relic","Relic","Card"],"build_version":"2020-12-22","purchased_purges":6,"victory":true,"max_hp_per_floor":[75,75,75,75,75,75,75,75,75,75,75,75,75,75,75,75,75,75,75,75,75,75,75,75,75,75,75,75,75,75,75,75,75,75,75,82,82,82,82,82,82,82,82,82,82,82,82,82,82,82],"card_choices":[{"not_picked":["Auto Shields","Loop","Beam Cell"],"picked":"SKIP","floor":1},{"not_picked":["Reboot","All For One"],"picked":"Buffer","floor":14},{"not_picked":["Thunder Strike","Echo Form"],"picked":"Creative AI","floor":16},{"not_picked":["Beam Cell"],"picked":"SKIP","floor":18},{"not_picked":["Meteor Strike"],"picked":"SKIP","floor":25},{"not_picked":["Reboot"],"picked":"SKIP","floor":29},{"not_picked":["Reprogram"],"picked":"SKIP","floor":31},{"not_picked":[],"picked":"Gash+1","floor":35},{"not_picked":["Rainbow"],"picked":"SKIP","floor":42},{"not_picked":["All For One"],"picked":"SKIP","floor":48}],"player_experience":459530,"relics_obtained":[{"floor":9,"key":"Ancient Tea Set"},{"floor":14,"key":"Ice Cream"},{"floor":25,"key":"Lizard Tail"},{"floor":26,"key":"Calipers"},{"floor":29,"key":"Boot"},{"floor":39,"key":"Old Coin"},{"floor":42,"key":"Letter Opener"},{"floor":43,"key":"Lantern"},{"floor":48,"key":"Thread and Needle"}],"event_choices":[{"damage_healed":0,"gold_gain":75,"player_choice":"Gather Gold","damage_taken":11,"max_hp_gain":0,"max_hp_loss":0,"event_name":"World of Goop","floor":3,"gold_loss":0},{"damage_healed":0,"gold_gain":0,"player_choice":"Grow","damage_taken":0,"max_hp_gain":0,"max_hp_loss":0,"event_name":"Living Wall","floor":4,"gold_loss":0,"cards_upgraded":["DevaForm"]},{"damage_healed":0,"gold_gain":175,"player_choice":"AGREE","damage_taken":0,"max_hp_gain":0,"max_hp_loss":0,"event_name":"Liars Game","floor":5,"gold_loss":0,"cards_obtained":["Doubt"]},{"damage_healed":0,"gold_gain":0,"player_choice":"Success","damage_taken":12,"relics_obtained":["Kunai"],"max_hp_gain":0,"max_hp_loss":0,"event_name":"Scrap Ooze","floor":7,"gold_loss":0},{"damage_healed":0,"gold_gain":0,"player_choice":"Forge","damage_taken":0,"max_hp_gain":0,"max_hp_loss":0,"event_name":"Accursed Blacksmith","floor":12,"gold_loss":0,"cards_upgraded":["Zap"]},{"damage_healed":0,"gold_gain":0,"player_choice":"Ignored","damage_taken":0,"max_hp_gain":0,"max_hp_loss":0,"event_name":"Vampires","floor":20,"gold_loss":0},{"damage_healed":25,"gold_gain":0,"player_choice":"Heal","damage_taken":0,"max_hp_gain":0,"max_hp_loss":0,"event_name":"The Library","floor":22,"gold_loss":0},{"damage_healed":0,"gold_gain":0,"player_choice":"Memory 1","damage_taken":0,"max_hp_gain":0,"max_hp_loss":0,"event_name":"SensoryStone","floor":37,"gold_loss":0},{"damage_healed":0,"gold_gain":0,"player_choice":"Paid","damage_taken":0,"relics_obtained":["Red Mask"],"max_hp_gain":0,"max_hp_loss":0,"event_name":"Tomb of Lord Red Mask","floor":38,"gold_loss":51},{"damage_healed":0,"gold_gain":0,"player_choice":"Fight","damage_taken":0,"max_hp_gain":0,"max_hp_loss":0,"event_name":"MindBloom","floor":39,"gold_loss":0}],"is_beta":false,"boss_relics":[{"not_picked":["Black Star","Calling Bell"],"picked":"Busted Crown"},{"not_picked":["Fusion Hammer","Coffee Dripper","Runic Pyramid"]}],"items_purged_floors":[2,2,10,19,19,45],"is_endless":false,"potions_floor_spawned":[1,25,31,39,42],"ascension_level":0}}