{"host":"21o28mgl9u9ntir2","time":1613987806,"event":{"mods":["BaseMod","BetterRewards","Colored Powertips","Minty Spire (QoL Compilation)","Quick Restart","Remove Card Discount Mod","SOS（斯巴达之子）","Spicy Shops","StSLib","SuperFastMode","[IsaacMod]以撒尖塔","【遗物卡牌】REMEMod","残留之物"],"gold_per_floor":[119,139,152,162,237,237,270,270,270,270,55,83,95,113,113,209,209,219,56,76,76,95,120,134,134,134,145,145,169,208,220,220,278,278,310,335,27,41,41,72,89,122,122,154,154,161,211,23,23,23,23,23,23,48,55],"floor_reached":56,"language":"ZHS","playtime":2237,"items_purged":["PlaceholderMod:BaseStrike","PlaceholderMod:BaseDefend","PlaceholderMod:BaseStrike","PlaceholderMod:BaseStrike","PlaceholderMod:BaseDefend","PlaceholderMod:BaseStrike","Decay","Clumsy","PlaceholderMod:PoisonAbsorb","PlaceholderMod:BaseDefend","PlaceholderMod:PoisonWhip+1","PlaceholderMod:BaseDefend"],"score":2612,"play_id":"35074c9d-0f89-4062-a464-a0b95e486e4e","local_time":"20210222175646","is_ascension_mode":true,"campfire_choices":[{"floor":6.0,"key":"REST"},{"data":"PlaceholderMod:DirectingGroup","floor":8.0,"key":"SMITH"},{"data":"PlaceholderMod:HardStinger","floor":10.0,"key":"SMITH"},{"floor":15.0,"key":"REST"},{"floor":25.0,"key":"REST"},{"data":"PlaceholderMod:PoisonExcitation","floor":28.0,"key":"SMITH"},{"floor":32.0,"key":"REST"},{"floor":45.0,"key":"RECALL"},{"data":"PlaceholderMod:Crystal","floor":49.0,"key":"SMITH"},{"floor":52.0,"key":"REST"}],"circlet_count":0,"master_deck":["PlaceholderMod:Crystal+1","PlaceholderMod:DirectingGroup+1","PlaceholderMod:PoisonAbsorb+1","PlaceholderMod:PoisonExcitation+1","PlaceholderMod:DirectingGroup+1","PlaceholderMod:DiffusionPoison+1","PlaceholderMod:FinalSpray+1","PlaceholderMod:DiffusionChemical+1","PlaceholderMod:DiffusionPoison+1","Madness+1","Madness+1"],"relics":["PlaceholderMod:Tancle","HushsDoor","REME_ComplimentaryCards","Void","Letter Opener","Potion Belt","Membership Card","Bag of Preparation","Tiny Chest","Sling","Regal Pillow","TheBible","Frozen Egg 2","Orrery","Oddly Smooth Stone","Turnip","Toxic Egg 2","HowToJump","The Courier","GuppysPaw","Ginger","Whetstone","ClockworkSouvenir","REME_PuzzleBoxRelic","Dream Catcher","TheBean","Empty Cage","NineLifeCat","REME_LimitBreaker","Lee\u0027s Waffle","SatanicBible","SalivaCoin","Lantern","MagicMushroom","GuppysHairball","MealTicket","Question Card","Strange Spoon","PreservedInsect","HandDrill","Matryoshka","Boot","Juzu Bracelet","Singing Bowl","PlaceholderMod:SlimeBlood","EdensBlessing","GuppysTail","Bronze Scales","BookOfRevelations","Anchor","Centennial Puzzle"],"acts_visited":["Exordium","TheCity","TheBeyond","TheEnding"],"potions_floor_usage":[55],"damage_taken":[{"damage":0.0,"enemies":"2 Louse","floor":1.0,"turns":3.0},{"damage":0.0,"enemies":"Jaw Worm","floor":2.0,"turns":4.0},{"damage":0.0,"enemies":"Small Slimes","floor":3.0,"turns":6.0},{"damage":0.0,"enemies":"Exordium Wildlife","floor":4.0,"turns":4.0},{"damage":0.0,"enemies":"Lagavulin","floor":7.0,"turns":3.0},{"damage":2.0,"enemies":"3 Sentries","floor":12.0,"turns":5.0},{"damage":0.0,"enemies":"Large Slime","floor":13.0,"turns":4.0},{"damage":0.0,"enemies":"Gremlin Gang","floor":14.0,"turns":5.0},{"damage":0.0,"enemies":"Slime Boss","floor":16.0,"turns":5.0},{"damage":2.0,"enemies":"Shell Parasite","floor":18.0,"turns":3.0},{"damage":1.0,"enemies":"2 Thieves","floor":20.0,"turns":2.0},{"damage":0.0,"enemies":"Snecko","floor":22.0,"turns":4.0},{"damage":20.0,"enemies":"REME_1_Revenger","floor":23.0,"turns":5.0},{"damage":0.0,"enemies":"Sentry and Sphere","floor":24.0,"turns":2.0},{"damage":5.0,"enemies":"Centurion and Healer","floor":27.0,"turns":4.0},{"damage":11.0,"enemies":"Slavers","floor":30.0,"turns":2.0},{"damage":0.0,"enemies":"Snecko","floor":31.0,"turns":2.0},{"damage":0.0,"enemies":"Collector","floor":33.0,"turns":5.0},{"damage":15.0,"enemies":"3 Shapes","floor":35.0,"turns":2.0},{"damage":0.0,"enemies":"3 Darklings","floor":38.0,"turns":3.0},{"damage":0.0,"enemies":"Reptomancer","floor":40.0,"turns":2.0},{"damage":0.0,"enemies":"Transient","floor":41.0,"turns":4.0},{"damage":0.0,"enemies":"Giant Head","floor":42.0,"turns":3.0},{"damage":0.0,"enemies":"Reptomancer","floor":44.0,"turns":2.0},{"damage":0.0,"enemies":"Mind Bloom Boss Battle","floor":47.0,"turns":2.0},{"damage":0.0,"enemies":"Time Eater","floor":50.0,"turns":2.0},{"damage":0,"enemies":"Shield and Spear","floor":54,"turns":2},{"damage":0,"enemies":"Delirium","floor":55,"turns":18}],"seed_played":"7148123465648233147","potions_obtained":[{"floor":1.0,"key":"AttackPotion"},{"floor":4.0,"key":"Block Potion"},{"floor":12.0,"key":"EssenceOfSteel"},{"floor":13.0,"key":"GamblersBrew"},{"floor":16.0,"key":"Regen Potion"},{"floor":23.0,"key":"Fire Potion"},{"floor":27.0,"key":"Swift Potion"},{"floor":35.0,"key":"Explosive Potion"},{"floor":44.0,"key":"BlessingOfTheForge"},{"floor":54,"key":"BlessingOfTheForge"}],"is_trial":false,"path_per_floor":["M","M","M","M","?","R","E","R","T","R","$","E","M","M","R","B",null,"M","$","M","?","M","E","M","R","T","M","R","T","E","M","R","B",null,"M","T","$","M","?","E","M","E","T","E","R","?","?","$","R","B",null,"R","$","E","B",null],"character_chosen":"THE_PLACEHOLDER","items_purchased":["Letter Opener","Potion Belt","Membership Card","PlaceholderMod:PoisonAbsorb","Bag of Preparation","Tiny Chest","Sling","Regal Pillow","TheBible","Bomb","Frozen Egg 2","Orrery","Oddly Smooth Stone","Turnip","Toxic Egg 2","HowToJump","Ginger","Whetstone","ClockworkSouvenir","REME_PuzzleBoxRelic","Dream Catcher","PlaceholderMod:FinalSpray+1","NineLifeCat","REME_LimitBreaker","Lee\u0027s Waffle","GuppysHairball","Question Card","Strange Spoon","PreservedInsect","HandDrill","Matryoshka","Bronze Scales","BookOfRevelations","Anchor"],"campfire_rested":5,"item_purchase_floors":[0,0,0,0,0,0,0,0,0,0,0,0,0,0,0,0,11,11,11,11,11,17,17,19,19,34,37,37,37,37,37,48,48,48],"current_hp_per_floor":[22,22,22,22,11,49,49,49,49,49,49,47,47,47,78,78,16,14,23,22,22,22,2,7,23,23,18,18,18,7,7,20,20,17,2,2,17,17,17,17,17,17,17,19,19,17,20,21,21,21,21,23,23,25,25],"gold":55,"neow_bonus":"","is_daily":false,"chose_seed":false,"campfire_upgraded":4,"win_rate":0.0,"timestamp":1613987806,"path_taken":["M","M","M","M","?","R","E","R","T","R","$","E","M","M","R","BOSS","M","$","M","?","M","E","M","R","T","M","R","?","E","M","R","BOSS","M","?","$","M","?","E","M","E","T","E","R","?","?","$","R","BOSS","R","$","E","BOSS"],"items_purchased_type":["Relic","Relic","Relic","Card","Relic","Relic","Relic","Relic","Relic","Card","Relic","Relic","Relic","Relic","Relic","Relic","Relic","Relic","Relic","Relic","Relic","Card","Relic","Relic","Relic","Relic","Relic","Relic","Relic","Relic","Relic","Relic","Relic","Relic"],"build_version":"2020-12-22","purchased_purges":12,"victory":true,"max_hp_per_floor":[78,78,78,78,78,78,78,78,78,78,78,78,78,78,78,78,16,16,23,23,23,23,23,23,23,23,23,23,23,23,20,20,20,17,17,17,17,17,17,17,17,17,17,19,19,19,21,21,21,21,21,23,23,25,25],"card_choices":[{"not_picked":["PlaceholderMod:HealingAttack","PlaceholderMod:RadicalHit"],"picked":"PlaceholderMod:HardStinger","floor":0.0},{"not_picked":["PlaceholderMod:HardStinger","PlaceholderMod:Crystallization+1"],"picked":"PlaceholderMod:DirectingGroup","floor":0.0},{"not_picked":["PlaceholderMod:Internalization+1","PlaceholderMod:Break","PlaceholderMod:DiffusionChemical+1"],"picked":"SKIP","floor":1.0},{"not_picked":["PlaceholderMod:SeverePoisonStrike","PlaceholderMod:Polyp+1"],"picked":"PlaceholderMod:PoisonAbsorb+1","floor":2.0},{"not_picked":["PlaceholderMod:Internalization+1","PlaceholderMod:SprayAttack","PlaceholderMod:SubstitutionNucleophilic1"],"picked":"SKIP","floor":3.0},{"not_picked":["PlaceholderMod:Polyp+1","PlaceholderMod:StrongAcid+1"],"picked":"Bomb","floor":4.0},{"not_picked":["PlaceholderMod:ProliferateStrike","PlaceholderMod:InnerStable+1","PlaceholderMod:SelfCoupling+1"],"picked":"SKIP","floor":7.0},{"not_picked":["PlaceholderMod:ProliferateStrike","PlaceholderMod:StressReaction+1","PlaceholderMod:ParasiteChange+1"],"picked":"SKIP","floor":12.0},{"not_picked":["PlaceholderMod:DiffusionChemical+1","PlaceholderMod:Internalization+1"],"picked":"PlaceholderMod:PoisonExcitation","floor":13.0},{"not_picked":["PlaceholderMod:HardStrike","PlaceholderMod:Crystallization+1","PlaceholderMod:AttackAsDefend"],"picked":"SKIP","floor":14.0},{"not_picked":["PlaceholderMod:ThreeBenzyolStart+1","PlaceholderMod:SpinBlade"],"picked":"PlaceholderMod:DirectingGroup+1","floor":15.0},{"not_picked":["PlaceholderMod:AbsorbTouch","PlaceholderMod:BlastSpray"],"picked":"PlaceholderMod:DiffusionPoison+1","floor":16.0},{"not_picked":["PlaceholderMod:HardStrike","PlaceholderMod:ChainPoly+1","PlaceholderMod:ProliferateStrike"],"picked":"SKIP","floor":18.0},{"not_picked":["PlaceholderMod:Crystallization+1","PlaceholderMod:Polyp+1","PlaceholderMod:ParasiteChange+1"],"picked":"SKIP","floor":20.0},{"not_picked":["PlaceholderMod:CycleAttack","PlaceholderMod:Internalization+1"],"picked":"PlaceholderMod:DiffusionPoison+1","floor":22.0},{"not_picked":["PlaceholderMod:HighConcentration+1","PlaceholderMod:HornyCollision","PlaceholderMod:DirectingGroup+1"],"picked":"SKIP","floor":23.0},{"not_picked":["PlaceholderMod:EnergyAbsorb+1","PlaceholderMod:Internalization+1","PlaceholderMod:SpinBlade"],"picked":"SKIP","floor":24.0},{"not_picked":["PlaceholderMod:Internalization+1","PlaceholderMod:HardStinger+1","PlaceholderMod:CycleAttack"],"picked":"SKIP","floor":27.0},{"not_picked":["PlaceholderMod:HardStinger+1","PlaceholderMod:RadicalHit","PlaceholderMod:Internalization+1"],"picked":"SKIP","floor":30.0},{"not_picked":["PlaceholderMod:Break","PlaceholderMod:HardStinger+1","PlaceholderMod:StrongAcid+1"],"picked":"SKIP","floor":31.0},{"not_picked":["PlaceholderMod:SevereHeat+1","PlaceholderMod:EnergyAbsorb+1","PlaceholderMod:AngryAttack"],"picked":"SKIP","floor":35.0},{"not_picked":["PlaceholderMod:AttackAsDefend","PlaceholderMod:Package+1","PlaceholderMod:HornyBlast+1","PlaceholderMod:SpinBlade+1"],"picked":"SKIP","floor":38.0},{"not_picked":["PlaceholderMod:StressReaction+1","PlaceholderMod:ThreeBenzyolStart+1","PlaceholderMod:Internalization+1","PlaceholderMod:HighConcentration+1"],"picked":"SKIP","floor":40.0},{"not_picked":["PlaceholderMod:StressReaction+1","PlaceholderMod:SeverePoisonStrike+1","PlaceholderMod:PoisonAbsorb+1","PlaceholderMod:UnpureUse+1"],"picked":"SKIP","floor":41.0},{"not_picked":["PlaceholderMod:Colorful+1","PlaceholderMod:SevereHeat+1","PlaceholderMod:PoisonAbsorb+1","PlaceholderMod:CycleAttack"],"picked":"SKIP","floor":42.0},{"not_picked":["PlaceholderMod:TriggerStrike","PlaceholderMod:SevereHeat+1","PlaceholderMod:Sweep+1","PlaceholderMod:PoisonExcitation+1"],"picked":"Singing Bowl","floor":44.0},{"not_picked":["PlaceholderMod:Colorful","PlaceholderMod:UnpureUse+1","PlaceholderMod:StressReaction+1","PlaceholderMod:CrystallizationStrike+1"],"picked":"Singing Bowl","floor":47.0},{"not_picked":["PlaceholderMod:StrongAcid+1","PlaceholderMod:FastReaction+1","PlaceholderMod:Internalization+1","PlaceholderMod:SprayAttack+1"],"picked":"Singing Bowl","floor":52.0},{"not_picked":["PlaceholderMod:ParasiteChange+1","PlaceholderMod:RadicalHit+1","PlaceholderMod:InnerStable+1","PlaceholderMod:Turn+1"],"picked":"Singing Bowl","floor":54}],"player_experience":763850,"relics_obtained":[{"floor":7.0,"key":"The Courier"},{"floor":9.0,"key":"GuppysPaw"},{"floor":12.0,"key":"TheBean"},{"floor":23.0,"key":"SatanicBible"},{"floor":29.0,"key":"SalivaCoin"},{"floor":30.0,"key":"Lantern"},{"floor":36.0,"key":"MealTicket"},{"floor":40.0,"key":"Boot"},{"floor":42.0,"key":"Juzu Bracelet"},{"floor":43.0,"key":"Singing Bowl"},{"floor":43.0,"key":"PlaceholderMod:SlimeBlood"},{"floor":44.0,"key":"EdensBlessing"},{"floor":47.0,"key":"GuppysTail"},{"floor":54,"key":"Centennial Puzzle"}],"event_choices":[{"damage_healed":0.0,"max_hp_gain":0.0,"max_hp_loss":0.0,"gold_gain":75.0,"event_name":"World of Goop","player_choice":"Gather Gold","floor":5.0,"gold_loss":0.0,"damage_taken":11.0},{"cards_removed":["PlaceholderMod:HardStinger"],"damage_healed":0.0,"max_hp_gain":0.0,"max_hp_loss":0.0,"gold_gain":0.0,"event_name":"Falling","player_choice":"Removed Skill","floor":39.0,"gold_loss":0.0,"damage_taken":0.0},{"damage_healed":0.0,"max_hp_gain":0.0,"max_hp_loss":0.0,"gold_gain":0.0,"event_name":"Winding Halls","player_choice":"Embrace Madness","floor":46.0,"gold_loss":0.0,"damage_taken":2.0,"cards_obtained":["Madness","Madness"]},{"damage_healed":0.0,"max_hp_gain":0.0,"max_hp_loss":0.0,"gold_gain":0.0,"event_name":"MindBloom","player_choice":"Fight","floor":47.0,"gold_loss":0.0,"damage_taken":0.0}],"is_beta":false,"boss_relics":[{"not_picked":["Astrolabe","Velvet Choker"],"picked":"Empty Cage"},{"not_picked":[]},{"not_picked":["PlaceholderMod:LiveLive","REME_LowDesire"],"picked":"MagicMushroom"},{"not_picked":[]}],"items_purged_floors":[11,11,11,11,11,11,11,37,37,37,37,48],"is_endless":false,"potions_floor_spawned":[1,4,12,13,14,16,18,22,23,27,33,35,44,47,54],"ascension_level":9}}