{"host":"npubv26u89aif4fa","time":1613962629,"event":{"mods":["100% Spire Juice","Astrologer","BaseMod","Better Vampires","Better-Laid Plans","CapriCore","Colored Powertips","GifTheSpireLib","GungeonMod","HornydragonMod","Hubris","Jedi Mod","Minty Spire (QoL Compilation)","Potionbrewer","Quick Restart","Remilia（蕾米莉亚）","Replay The Spire","StSLib","The Administrix","The Alterego","The Blackbeard","The Bug Knight","The Cursed","The Immortal","The Marked","The Runesmith","The Showman","Yuri Mod","残留之物"],"gold_per_floor":[114,64,112,125,139,139,167,167,192,212,226,242,19,32,32,135,135,153,153,166,179,27,62,62,89,89,108,126,126,151,151,151,249,249,263,9,26,44,44,64,64,93,117,131,164,164,194,211,211,211,211,211,9,41,41,41],"floor_reached":55,"language":"ZHS","playtime":5759,"items_purged":["theMarked:Strike","theMarked:Strike"],"score":1146,"play_id":"ca18a22b-ff0f-466e-89a8-777127f61b8a","local_time":"20210222105709","is_ascension_mode":false,"campfire_choices":[{"floor":6.0,"key":"RECALL"},{"data":"theMarked:Friction","floor":8.0,"key":"SMITH"},{"floor":15.0,"key":"REST"},{"floor":24.0,"key":"REST"},{"floor":32.0,"key":"DIG"},{"floor":41.0,"key":"REST"},{"floor":46.0,"key":"REST"},{"data":"theMarked:Parry","floor":49,"key":"PURGE"},{"floor":52,"key":"REST"}],"circlet_count":0,"master_deck":["theMarked:Strike","theMarked:Strike","theMarked:Defend","theMarked:Defend","theMarked:Defend","theMarked:Defend","theMarked:SoldierOfQuellstein","theMarked:ComboAttacks","theMarked:SelfDefenseTraining","theMarked:OneWithTheBlade","theMarked:Friction+1","theMarked:Generate","theMarked:BiggerThanFate","theMarked:StartUp","theMarked:TakeOffHeels","theMarked:StartUp+1","theMarked:GodGivenPower","theMarked:StartUp","theMarked:CreepingChasm","theMarked:Polarize","theMarked:Parkour+1","theMarked:UnarmedFury","theMarked:ShockingTouch","theMarked:CreepingChasm","theMarked:ParalyzingBlade+1","theMarked:GodGivenPower","theMarked:Friction+1"],"relics":["theMarked:ArtifactOfAir","NeowsBlessing","hubris:MysteriousPyramids","Replay:Baseball","DemoMod:GlassGuonStoneRelic","Bag of Marbles","Fusion Hammer","hubris:BottledHeart","Sling","Tiny Chest","Vajra","Runesmith:Locket","hubris:Reverence","Toy Ornithopter","Replay:Bottled Steam","PlaceholderMod:LiveLive","Bronze Scales","hubris:Icosahedron","Calipers","Replay:Rubber Ducky","Replay:Wax Seal","Omamori","Lee\u0027s Waffle","hubris:SlimyHat"],"acts_visited":["Exordium","TheCity","TheBeyond","TheEnding"],"potions_floor_usage":[50,54,55],"damage_taken":[{"damage":0.0,"enemies":"2 Louse","floor":1.0,"turns":1.0},{"damage":0.0,"enemies":"Jaw Worm","floor":4.0,"turns":1.0},{"damage":0.0,"enemies":"Cultist","floor":5.0,"turns":1.0},{"damage":36.0,"enemies":"3 Sentries","floor":7.0,"turns":8.0},{"damage":12.0,"enemies":"Exordium Thugs","floor":10.0,"turns":5.0},{"damage":12.0,"enemies":"Exordium Wildlife","floor":11.0,"turns":2.0},{"damage":0.0,"enemies":"2 Fungi Beasts","floor":12.0,"turns":3.0},{"damage":0.0,"enemies":"Red Slaver","floor":14.0,"turns":3.0},{"damage":0.0,"enemies":"Slime Boss","floor":16.0,"turns":7.0},{"damage":0.0,"enemies":"Shell Parasite","floor":18.0,"turns":5.0},{"damage":0.0,"enemies":"Chosen","floor":20.0,"turns":3.0},{"damage":0.0,"enemies":"Centurion and Healer","floor":21.0,"turns":5.0},{"damage":0.0,"enemies":"Book of Stabbing","floor":23.0,"turns":4.0},{"damage":0.0,"enemies":"Gremlin Leader","floor":25.0,"turns":4.0},{"damage":0.0,"enemies":"Snake Plant","floor":27.0,"turns":3.0},{"damage":0.0,"enemies":"3 Cultists","floor":28.0,"turns":5.0},{"damage":0.0,"enemies":"Slavers","floor":30.0,"turns":5.0},{"damage":0.0,"enemies":"Champ","floor":33.0,"turns":8.0},{"damage":0.0,"enemies":"3 Shapes","floor":35.0,"turns":3.0},{"damage":0.0,"enemies":"Orb Walker","floor":37.0,"turns":2.0},{"damage":0.0,"enemies":"Sphere and 2 Shapes","floor":38.0,"turns":4.0},{"damage":0.0,"enemies":"3 Darklings","floor":40.0,"turns":3.0},{"damage":0.0,"enemies":"Nemesis","floor":42.0,"turns":5.0},{"damage":0.0,"enemies":"Maw","floor":44.0,"turns":6.0},{"damage":0.0,"enemies":"Reptomancer","floor":45.0,"turns":4.0},{"damage":0.0,"enemies":"Nemesis","floor":47.0,"turns":3.0},{"damage":0.0,"enemies":"Spire Growth","floor":48.0,"turns":4.0},{"damage":0,"enemies":"Awakened One","floor":50,"turns":8},{"damage":0,"enemies":"Shield and Spear","floor":54,"turns":5},{"damage":2,"enemies":"The Heart","floor":55,"turns":3}],"seed_played":"-4544518025462440646","potions_obtained":[{"floor":1.0,"key":"Block Potion"},{"floor":4.0,"key":"SkillPotion"},{"floor":12.0,"key":"Adrenaline Potion"},{"floor":14.0,"key":"potionbrewer:ToxicPotion"},{"floor":18.0,"key":"Toxic Potion"},{"floor":21.0,"key":"potionbrewer:DiscountPotion"},{"floor":28.0,"key":"Explosive Potion"},{"floor":38.0,"key":"AttackPotion"},{"floor":44.0,"key":"theMarked:ChargePotion"}],"is_trial":false,"path_per_floor":["M","?","T","M","M","R","E","R","T","M","M","M","$","M","R","B",null,"M","?","M","M","$","E","R","E","T","M","M","?","E","T","R","B",null,"M","$","M","M","?","M","R","E","T","M","E","R","E","M","R","B",null,"R","$","E","B"],"character_chosen":"THE_DEFAULT","items_purchased":["Bag of Marbles","Sling","Bronze Scales","Lee\u0027s Waffle","Strength Potion"],"campfire_rested":5,"item_purchase_floors":[13,22,36,53,53],"current_hp_per_floor":[72,72,72,72,72,72,36,36,36,24,12,12,12,12,33,33,72,72,1,1,1,1,1,1,1,1,1,1,1,1,1,1,1,1,1,1,1,1,1,1,1,1,1,1,1,1,1,1,1,1,1,1,1,1,0,0],"gold":41,"neow_bonus":"THREE_ENEMY_KILL","is_daily":false,"chose_seed":false,"campfire_upgraded":1,"win_rate":0.0,"timestamp":1613962629,"path_taken":["M","?","?","?","M","R","E","R","T","M","M","M","$","M","R","BOSS","M","?","M","M","?","E","R","E","T","?","?","?","E","?","R","BOSS","M","$","M","M","?","M","R","E","T","M","E","R","E","M","R","BOSS","R","$","E","BOSS"],"items_purchased_type":["Relic","Relic","Relic","Relic","Potion"],"build_version":"2020-12-22","purchased_purges":2,"victory":false,"max_hp_per_floor":[72,72,72,72,72,72,72,72,72,72,72,72,72,72,72,72,72,72,1,1,1,1,1,1,1,1,1,1,1,1,1,1,1,1,1,1,1,1,1,1,1,1,1,1,1,1,1,1,1,1,1,1,1,1,1,1],"card_choices":[{"not_picked":["theMarked:ResourceFulStrike","theMarked:Friction"],"picked":"theMarked:ComboAttacks","floor":1.0},{"not_picked":["theMarked:Pokerface","theMarked:HeightenedSenses"],"picked":"theMarked:SelfDefenseTraining","floor":4.0},{"not_picked":["theMarked:Overcharge","theMarked:Generate"],"picked":"theMarked:OneWithTheBlade","floor":5.0},{"not_picked":["theMarked:RogueSparks","theMarked:OneWithTheBlade"],"picked":"theMarked:Friction","floor":7.0},{"not_picked":["theMarked:HeightenedSenses","theMarked:WastefulAttack"],"picked":"theMarked:Parry","floor":10.0},{"not_picked":["theMarked:WardOff","theMarked:EmpowerWeapon"],"picked":"theMarked:Generate","floor":11.0},{"not_picked":["theMarked:Frustration","theMarked:WastefulAttack"],"picked":"theMarked:BiggerThanFate","floor":12.0},{"not_picked":["theMarked:WastefulAttack","theMarked:ResourceFulStrike"],"picked":"theMarked:StartUp","floor":14.0},{"not_picked":["theMarked:Challenge","theMarked:Vacuum"],"picked":"theMarked:TakeOffHeels","floor":16.0},{"not_picked":["theMarked:Frustration","theMarked:Aftermath+1"],"picked":"theMarked:StartUp+1","floor":18.0},{"not_picked":["theMarked:ChainLightning","theMarked:EmpowerWeapon+1","theMarked:Improvise"],"picked":"SKIP","floor":20.0},{"not_picked":["theMarked:Snap","theMarked:Aftermath"],"picked":"theMarked:GodGivenPower","floor":21.0},{"not_picked":["theMarked:RepellingDischarge","theMarked:ShockingTouch"],"picked":"theMarked:StartUp","floor":23.0},{"not_picked":["theMarked:Frustration","theMarked:RepellingDischarge","theMarked:OneWithTheBlade+1"],"picked":"SKIP","floor":25.0},{"not_picked":["theMarked:Parkour","theMarked:HeightenedSenses","theMarked:ChannelForce+1"],"picked":"SKIP","floor":27.0},{"not_picked":["theMarked:Reabsorb","theMarked:GodGivenPower+1"],"picked":"theMarked:CreepingChasm","floor":28.0},{"not_picked":["theMarked:ResourceFulStrike","theMarked:ElectricStrings"],"picked":"theMarked:Parkour+1","floor":30.0},{"not_picked":["theMarked:Snap","theMarked:ThrowWeapon"],"picked":"theMarked:UnarmedFury","floor":33.0},{"not_picked":["theMarked:Parry","theMarked:RepellingDischarge","theMarked:AttractMetal+1"],"picked":"SKIP","floor":35.0},{"not_picked":["theMarked:ResourceFulStrike+1","theMarked:ElectricStrings","theMarked:ChainLightning+1"],"picked":"SKIP","floor":37.0},{"not_picked":["theMarked:ChainLightning+1","theMarked:Overthink"],"picked":"theMarked:ShockingTouch","floor":38.0},{"not_picked":["theMarked:WardOff+1","theMarked:WastefulAttack"],"picked":"theMarked:CreepingChasm","floor":40.0},{"not_picked":["theMarked:PowerFlow+1","theMarked:Frustration+1"],"picked":"theMarked:ParalyzingBlade+1","floor":42.0},{"not_picked":["theMarked:Frustration+1","theMarked:RepellingDischarge+1","theMarked:TwofoldDefense"],"picked":"SKIP","floor":44.0},{"not_picked":["theMarked:RepellingDischarge+1","theMarked:TunnelVision+1"],"picked":"theMarked:GodGivenPower","floor":45.0},{"not_picked":["theMarked:Standoff","theMarked:WastefulAttack","theMarked:Vacuum"],"picked":"SKIP","floor":47.0},{"not_picked":["theMarked:TwofoldDefense+1","theMarked:Electrify+1","theMarked:RepellingDischarge+1"],"picked":"SKIP","floor":48.0},{"not_picked":["theMarked:HeightenedSenses+1","theMarked:BanishingStrike"],"picked":"theMarked:Friction+1","floor":54}],"player_experience":382591,"relics_obtained":[{"floor":7.0,"key":"hubris:MysteriousPyramids"},{"floor":9.0,"key":"Replay:Baseball"},{"floor":23.0,"key":"Tiny Chest"},{"floor":25.0,"key":"Vajra"},{"floor":26.0,"key":"Runesmith:Locket"},{"floor":30.0,"key":"hubris:Reverence"},{"floor":31.0,"key":"Toy Ornithopter"},{"floor":32.0,"key":"Replay:Bottled Steam"},{"floor":42.0,"key":"Calipers"},{"floor":43.0,"key":"Replay:Rubber Ducky"},{"floor":45.0,"key":"Replay:Wax Seal"},{"floor":47.0,"key":"Omamori"},{"floor":54,"key":"hubris:SlimyHat"}],"event_choices":[{"cards_removed":["theMarked:Strike"],"damage_healed":0.0,"max_hp_gain":0.0,"max_hp_loss":0.0,"gold_gain":0.0,"event_name":"The Cleric","player_choice":"Card Removal","floor":2.0,"gold_loss":50.0,"damage_taken":0.0},{"damage_healed":0.0,"max_hp_gain":0.0,"max_hp_loss":0.0,"gold_gain":0.0,"event_name":"The Library","player_choice":"Read","floor":29.0,"gold_loss":0.0,"damage_taken":0.0,"cards_obtained":["theMarked:Polarize"]}],"is_beta":false,"boss_relics":[{"not_picked":["Velvet Choker","Cursed Key"],"picked":"Fusion Hammer"},{"not_picked":["hubris:VirtuousBlindfold","jedi:battlestandard"],"picked":"PlaceholderMod:LiveLive"}],"items_purged_floors":[13,36],"is_endless":false,"potions_floor_spawned":[1,4,12,14,18,21,25,28,30,38,44,47],"killed_by":"The Heart","ascension_level":0}}