{"host":"43wsnxh97mgjl5zw","time":1613995998,"event":{"mods":["Aspiration","BaseMod","Colored Map","Colored Powertips","Conspire","Downfall","Halation","Hubris","Minty Spire (QoL Compilation)","Quick Restart","Rare Cards Sparkle","Relic Sorter","Reliquary","Replay The Spire","StSLib"],"gold_per_floor":[118,132,132,143,15,41,55,55,129,155,167,167,7,18,18,93,93,109,109,109,109,126,126,156,172,172,191,205,205,239,250,250,324,324,338,308,323,333,61,96,96,96,96],"floor_reached":42,"language":"ENG","playtime":1649,"items_purged":["Pain","Parasite"],"score":1010,"play_id":"bfb860be-6037-4181-92e7-747932ac0a0e","local_time":"20210222141318","is_ascension_mode":true,"campfire_choices":[{"data":"Twin Strike","floor":8.0,"key":"SMITH"},{"data":"Perfected Strike","floor":12.0,"key":"SMITH"},{"floor":15.0,"key":"RECALL"},{"data":"Barricade","floor":23.0,"key":"SMITH"},{"data":"Evolve","floor":32.0,"key":"SMITH"},{"data":"Metallicize","floor":41,"key":"SMITH"}],"circlet_count":0,"master_deck":["AscendersBane","Strike_R","Strike_R","Strike_R","Strike_R","Strike_R","Defend_R","Defend_R","Defend_R","Bash","Twin Strike+1","Cleave","Spot Weakness","Flame Barrier","Evolve+1","Perfected Strike+1","Wild Strike","Barricade+1","Seeing Red","Impervious+1","ReplayTheSpireMod:Strike From Hell","Body Slam+1","CommonCold","True Grit","Metallicize+1","Impervious+1","CurseOfTheBell","Shrug It Off","Metallicize"],"relics":["Burning Blood","WarpedTongs","Replay:Baseball","Anchor","PreservedInsect","Coffee Dripper","Bag of Marbles","reliquary:HotPoker","reliquary:RosewoodLute","Durian","Calling Bell","reliquary:WeakTea","WingedGreaves","Guide Book","InkBottle"],"acts_visited":["Exordium","TheCity","TheBeyond"],"potions_floor_usage":[33,42],"damage_taken":[{"damage":4.0,"enemies":"Jaw Worm","floor":1.0,"turns":4.0},{"damage":1.0,"enemies":"Cultist","floor":2.0,"turns":3.0},{"damage":11.0,"enemies":"2 Louse","floor":4.0,"turns":3.0},{"damage":8.0,"enemies":"Gremlin Nob","floor":6.0,"turns":3.0},{"damage":30.0,"enemies":"Red Slaver","floor":7.0,"turns":4.0},{"damage":12.0,"enemies":"3 Sentries","floor":10.0,"turns":6.0},{"damage":0.0,"enemies":"Blue Slaver","floor":11.0,"turns":2.0},{"damage":2.0,"enemies":"Lots of Slimes","floor":14.0,"turns":2.0},{"damage":32.0,"enemies":"The Guardian","floor":16.0,"turns":10.0},{"damage":1.0,"enemies":"conspire:FuzzyDice","floor":18.0,"turns":6.0},{"damage":7.0,"enemies":"Chosen","floor":22.0,"turns":4.0},{"damage":10.0,"enemies":"Slavers","floor":24.0,"turns":8.0},{"damage":8.0,"enemies":"Centurion and Healer","floor":25.0,"turns":5.0},{"damage":0.0,"enemies":"Sentry and Sphere","floor":27.0,"turns":5.0},{"damage":21.0,"enemies":"conspire:HollyBat","floor":28.0,"turns":8.0},{"damage":15.0,"enemies":"Book of Stabbing","floor":30.0,"turns":4.0},{"damage":0.0,"enemies":"Centurion and Healer","floor":31.0,"turns":5.0},{"damage":28,"enemies":"Collector","floor":33,"turns":12},{"damage":0,"enemies":"Orb Walker","floor":35,"turns":2},{"damage":9,"enemies":"3 Shapes","floor":37,"turns":6},{"damage":0,"enemies":"Writhing Mass","floor":38,"turns":8},{"damage":0,"enemies":"R_Hoarder","floor":40,"turns":8},{"damage":74,"enemies":"Giant Head","floor":42,"turns":9}],"seed_played":"3474869165799544989","potions_obtained":[{"floor":1.0,"key":"Fire Potion"},{"floor":7.0,"key":"Block Potion"},{"floor":11.0,"key":"hexamod:SoulburnPotion"},{"floor":28.0,"key":"Adrenaline Potion"},{"floor":30.0,"key":"Elixir"},{"floor":36,"key":"Energy Potion"},{"floor":36,"key":"LifebloodPotion"},{"floor":40,"key":"DistilledChaos"}],"is_trial":false,"path_per_floor":["M","M","?","M","$","E","M","R","T","E","M","R","$","M","R_BF","B",null,"M","?","?","$","M","R","E","M","T","M","M","?","E","M","R","B",null,"M","?","M","M","$","E","R","E"],"character_chosen":"IRONCLAD","items_purchased":["Explosive Potion","PreservedInsect","Guide Book"],"campfire_rested":0,"item_purchase_floors":[5,13,39],"current_hp_per_floor":[70,75,75,70,70,68,44,44,44,38,44,44,44,48,48,22,62,67,63,63,63,62,62,58,56,56,62,47,47,43,49,49,27,67,73,73,70,76,76,77,77,3,3],"gold":96,"neow_bonus":"THREE_CARDS","is_daily":false,"chose_seed":false,"campfire_upgraded":5,"win_rate":0.0,"timestamp":1613995998,"path_taken":["M","M","?","M","$","E","?","R","T","E","M","R","?","M","R_BF","BOSS","M","?","?","$","M","R","E","M","T","?","M","?","E","M","R","BOSS","M","?","M","?","$","E","R","E"],"items_purchased_type":["Potion","Relic","Relic"],"build_version":"2020-12-22","purchased_purges":2,"victory":false,"max_hp_per_floor":[75,75,75,75,75,75,75,75,75,75,75,75,75,75,75,75,75,75,75,75,75,75,75,75,75,75,75,75,75,80,80,80,80,80,80,80,80,80,77,77,77,77,77],"card_choices":[{"not_picked":["Shrug It Off","Rupture"],"picked":"Twin Strike","floor":0.0},{"not_picked":["Dark Embrace","Iron Wave"],"picked":"Cleave","floor":1.0},{"not_picked":["True Grit","Evolve"],"picked":"Spot Weakness","floor":2.0},{"not_picked":["Run Through","Warcry","Flex"],"picked":"SKIP","floor":4.0},{"not_picked":["Flex","Bloodletting"],"picked":"Flame Barrier","floor":6.0},{"not_picked":["Pummel","Power Through"],"picked":"Evolve","floor":7.0},{"not_picked":["Sentinel","Limit Break"],"picked":"Perfected Strike","floor":10.0},{"not_picked":["Warcry","Clothesline","Sword Boomerang"],"picked":"SKIP","floor":11.0},{"not_picked":["Havoc","Pummel"],"picked":"Wild Strike","floor":14.0},{"not_picked":["conspire:HitWhereItHurts","Demonic Infusion"],"picked":"Barricade","floor":16.0},{"not_picked":["Armaments","Second Wind"],"picked":"Seeing Red","floor":18.0},{"not_picked":["True Grit","Heavy Blade","Warcry"],"picked":"SKIP","floor":22.0},{"not_picked":["Headbutt","Reckless Charge"],"picked":"ReplayTheSpireMod:Strike From Hell","floor":24.0},{"not_picked":["Warcry","Sword Boomerang","Dual Wield"],"picked":"SKIP","floor":25.0},{"not_picked":["Anger","Carnage+1","Dual Wield"],"picked":"SKIP","floor":27.0},{"not_picked":["Combust","Carnage"],"picked":"Body Slam+1","floor":28.0},{"not_picked":["Inflame","Wild Strike"],"picked":"True Grit","floor":30.0},{"not_picked":["Dark Embrace","Clash+1"],"picked":"Metallicize","floor":31.0},{"not_picked":["Eclipse","conspire:Purge"],"picked":"Impervious","floor":33},{"not_picked":["Replay:Undeath\u0027s Touch","Rupture"],"picked":"Shrug It Off","floor":35},{"not_picked":["Replay:Undeath\u0027s Touch","Whirlwind","Clothesline"],"picked":"SKIP","floor":37},{"not_picked":["Bloodletting","Twin Strike"],"picked":"Metallicize","floor":38},{"not_picked":["Heavy Blade+1","Combust","Immolate"],"picked":"SKIP","floor":40}],"player_experience":1274085,"relics_obtained":[{"floor":6.0,"key":"Replay:Baseball"},{"floor":10.0,"key":"Anchor"},{"floor":24.0,"key":"Bag of Marbles"},{"floor":26.0,"key":"reliquary:HotPoker"},{"floor":30.0,"key":"Durian"},{"floor":34,"key":"reliquary:WeakTea"},{"floor":34,"key":"WingedGreaves"},{"floor":40,"key":"InkBottle"}],"event_choices":[{"damage_healed":0.0,"max_hp_gain":0.0,"max_hp_loss":0.0,"gold_gain":0.0,"event_name":"Accursed Blacksmith","player_choice":"Rummage","floor":3.0,"gold_loss":0.0,"damage_taken":0.0,"relics_obtained":["WarpedTongs"],"cards_obtained":["Pain"]},{"damage_healed":0.0,"max_hp_gain":0.0,"max_hp_loss":0.0,"gold_gain":0.0,"event_name":"conspire:Investor","player_choice":"Leave","floor":19.0,"gold_loss":0.0,"damage_taken":0.0},{"damage_healed":0.0,"max_hp_gain":0.0,"max_hp_loss":0.0,"gold_gain":0.0,"cards_transformed":["Defend_R"],"event_name":"Transmorgrifier","player_choice":"Transformed","floor":20.0,"gold_loss":0.0,"damage_taken":0.0,"cards_obtained":["Impervious"]},{"damage_healed":0,"gold_gain":0,"player_choice":"Bought 2 Potions","damage_taken":0,"max_hp_gain":0,"max_hp_loss":0,"event_name":"The Woman in Blue","floor":36,"gold_loss":0}],"is_beta":false,"boss_relics":[{"not_picked":["hubris:CrackedHourglass","conspire:SpecialSausage"],"picked":"Coffee Dripper"},{"not_picked":["Kintsugi","Cursed Key"],"picked":"Calling Bell"}],"items_purged_floors":[5,39],"is_endless":false,"potions_floor_spawned":[1,7,11,16,18,25,28,30,38,40],"killed_by":"Giant Head","ascension_level":20}}