{"host":"lv3zv4svf9qrs9uo","time":1613973275,"event":{"mods":["AchievementEnabler","BaseMod","Minty Spire (QoL Compilation)","Relic Stats"],"gold_per_floor":[116,130,142,142,31,62,74,108,108,138,138,138,155,172,172,275,275,291,306,231,285,300,300,327,341,366,383,393,427,427,95,95,191,191,205,225,241,260,260,260,43,43,43,43,74,86,119,136,136,136],"floor_reached":51,"language":"ENG","playtime":9284,"items_purged":["Strike_B","Strike_B"],"score":1294,"play_id":"37be7609-5fb1-404f-83ce-e3e871b7a81e","local_time":"20210221215435","is_ascension_mode":true,"campfire_choices":[{"floor":12.0,"key":"REST"},{"floor":15.0,"key":"REST"},{"floor":23.0,"key":"REST"},{"floor":30.0,"key":"REST"},{"floor":32.0,"key":"REST"},{"data":"Reinforced Body","floor":40.0,"key":"SMITH"},{"data":"Hologram","floor":42.0,"key":"SMITH"},{"data":"Hologram","floor":49.0,"key":"SMITH"}],"circlet_count":0,"master_deck":["AscendersBane","Defend_B","Defend_B","Defend_B","Zap","Dualcast","Cold Snap","Double Energy","Tempest+1","Doom and Gloom","Skim","Electrodynamics","Auto Shields","Loop","Multi-Cast","Aggregate+1","Reinforced Body+1","Capacitor","Hologram+1","Self Repair","Double Energy+1","Loop","Biased Cognition","Buffer+1","Fission+1","FTL+1","Defragment+1","Compile Driver+1","Stack+1","Flash of Steel","Finesse","Hologram+1","Compile Driver+1","Storm+1","Undo+1"],"relics":["Cracked Core","Ice Cream","NlothsMask","Boot","Nunchaku","Girya","Nuclear Battery","Lantern","Cables","Centennial Puzzle","Bird Faced Urn","ClockworkSouvenir","Astrolabe","War Paint","Meat on the Bone","Mummified Hand","Akabeko"],"acts_visited":["Exordium","TheCity","TheBeyond"],"potions_floor_usage":[50,50,50],"damage_taken":[{"damage":7.0,"enemies":"Jaw Worm","floor":1.0,"turns":3.0},{"damage":1.0,"enemies":"Cultist","floor":2.0,"turns":3.0},{"damage":0.0,"enemies":"2 Louse","floor":3.0,"turns":2.0},{"damage":0.0,"enemies":"Lagavulin","floor":6.0,"turns":5.0},{"damage":19.0,"enemies":"Lots of Slimes","floor":7.0,"turns":3.0},{"damage":21.0,"enemies":"3 Sentries","floor":8.0,"turns":5.0},{"damage":24.0,"enemies":"Gremlin Nob","floor":10.0,"turns":4.0},{"damage":1.0,"enemies":"2 Fungi Beasts","floor":13.0,"turns":2.0},{"damage":10.0,"enemies":"Blue Slaver","floor":14.0,"turns":3.0},{"damage":31.0,"enemies":"The Guardian","floor":16.0,"turns":10.0},{"damage":0.0,"enemies":"3 Byrds","floor":18.0,"turns":3.0},{"damage":4.0,"enemies":"Spheric Guardian","floor":19.0,"turns":4.0},{"damage":26.0,"enemies":"Chosen and Byrds","floor":22.0,"turns":6.0},{"damage":0.0,"enemies":"Gremlin Leader","floor":24.0,"turns":4.0},{"damage":7.0,"enemies":"Cultist and Chosen","floor":25.0,"turns":2.0},{"damage":0.0,"enemies":"Snecko","floor":27.0,"turns":3.0},{"damage":12.0,"enemies":"Snake Plant","floor":28.0,"turns":4.0},{"damage":16.0,"enemies":"Slavers","floor":29.0,"turns":4.0},{"damage":39.0,"enemies":"Champ","floor":33.0,"turns":6.0},{"damage":6.0,"enemies":"Orb Walker","floor":35.0,"turns":3.0},{"damage":0.0,"enemies":"3 Shapes","floor":36.0,"turns":1.0},{"damage":0.0,"enemies":"Maw","floor":37.0,"turns":3.0},{"damage":2.0,"enemies":"4 Shapes","floor":38.0,"turns":5.0},{"damage":0.0,"enemies":"Reptomancer","floor":45.0,"turns":3.0},{"damage":11.0,"enemies":"Writhing Mass","floor":46.0,"turns":2.0},{"damage":8.0,"enemies":"Giant Head","floor":47.0,"turns":4.0},{"damage":0.0,"enemies":"Sphere and 2 Shapes","floor":48.0,"turns":1.0},{"damage":0,"enemies":"Donu and Deca","floor":50,"turns":3}],"seed_played":"-5542072360332344412","potions_obtained":[{"floor":2.0,"key":"SpeedPotion"},{"floor":6.0,"key":"FearPotion"},{"floor":7.0,"key":"Regen Potion"},{"floor":10.0,"key":"FearPotion"},{"floor":16.0,"key":"Energy Potion"},{"floor":19.0,"key":"LiquidBronze"},{"floor":25.0,"key":"Swift Potion"},{"floor":38.0,"key":"AttackPotion"},{"floor":47.0,"key":"SkillPotion"}],"is_trial":false,"path_per_floor":["M","M","M","?","$","E","M","E","T","E","?","R","M","M","R","B",null,"M","M","?","T","M","R","E","M","T","M","M","E","R","$","R","B",null,"M","M","M","M","?","R","$","R","T","?","E","M","E","M","R","B",null],"character_chosen":"DEFECT","items_purchased":["Tempest","Loop","ClockworkSouvenir","Energy Potion","Hologram","War Paint","Energy Potion"],"campfire_rested":5,"item_purchase_floors":[5,31,31,31,41,41,41],"current_hp_per_floor":[61,60,60,60,60,60,41,34,34,10,10,30,29,19,39,8,53,53,49,49,49,23,43,43,36,36,36,24,8,28,28,48,26,58,68,68,68,68,63,63,63,63,63,63,68,68,68,68,68,68],"gold":136,"neow_bonus":"ONE_RARE_RELIC","is_daily":false,"chose_seed":false,"campfire_upgraded":3,"win_rate":0.0,"timestamp":1613973275,"path_taken":["M","M","M","?","$","E","?","E","T","E","?","R","M","M","R","BOSS","M","M","?","?","M","R","E","?","T","M","M","E","R","$","R","BOSS","M","M","M","M","?","R","$","R","T","?","E","M","E","?","R","BOSS"],"items_purchased_type":["Card","Card","Relic","Potion","Card","Relic","Potion"],"build_version":"2020-12-22","purchased_purges":2,"victory":true,"max_hp_per_floor":[68,68,68,68,68,68,68,68,68,68,68,68,68,68,68,68,68,68,68,68,68,68,68,68,68,68,68,68,68,68,68,68,68,68,68,68,68,68,68,68,68,68,68,68,68,68,68,68,68,68],"relic_stats":{"Nunchaku":[6],"Centennial Puzzle":[21],"counters":[28,99],"Mummified Hand":[26],"Bird Faced Urn":[45],"Astrolabe":["Buffer","Fission","FTL"],"War Paint":["Double Energy","Tempest"],"Boot":[16],"obtain_stats":[{"Ice Cream":0,"Girya":10,"Lantern":21,"Astrolabe":34,"War Paint":41,"Boot":6,"Akabeko":47,"Nuclear Battery":17,"Cables":24,"ClockworkSouvenir":31,"Nunchaku":8,"Centennial Puzzle":26,"Mummified Hand":45,"Bird Faced Urn":29,"Cracked Core":0,"NlothsMask":4,"Meat on the Bone":43},{"Ice Cream":0,"Girya":7,"Lantern":12,"Astrolabe":19,"War Paint":23,"Boot":4,"Akabeko":26,"Nuclear Battery":10,"Cables":14,"ClockworkSouvenir":18,"Nunchaku":6,"Centennial Puzzle":15,"Mummified Hand":24,"Bird Faced Urn":18,"Cracked Core":0,"NlothsMask":3,"Meat on the Bone":23},{"Ice Cream":0,"Girya":25,"Lantern":46,"Astrolabe":74,"War Paint":86,"Boot":13,"Akabeko":95,"Nuclear Battery":40,"Cables":56,"ClockworkSouvenir":68,"Nunchaku":21,"Centennial Puzzle":58,"Mummified Hand":89,"Bird Faced Urn":68,"Cracked Core":0,"NlothsMask":8,"Meat on the Bone":86}],"Cables":[31,19,2,3,7],"Meat on the Bone":0},"card_choices":[{"not_picked":["Stack","Force Field"],"picked":"Streamline","floor":1.0},{"not_picked":["Beam Cell","Hello World"],"picked":"Cold Snap","floor":2.0},{"not_picked":["Hologram","Sweeping Beam"],"picked":"Double Energy","floor":3.0},{"not_picked":["Recycle","Leap"],"picked":"Doom and Gloom","floor":6.0},{"not_picked":["Reprogram","Streamline"],"picked":"Skim","floor":7.0},{"not_picked":["Reboot","Barrage"],"picked":"Electrodynamics","floor":8.0},{"not_picked":["Stack","FTL"],"picked":"Auto Shields","floor":10.0},{"not_picked":["Steam","Coolheaded"],"picked":"Loop","floor":13.0},{"not_picked":["Rebound","Beam Cell","Sweeping Beam"],"picked":"SKIP","floor":14.0},{"not_picked":["Thunder Strike","All For One"],"picked":"Multi-Cast","floor":16.0},{"not_picked":["Streamline","Gash+1","Cold Snap"],"picked":"SKIP","floor":18.0},{"not_picked":["Rebound","Ball Lightning"],"picked":"Aggregate+1","floor":19.0},{"not_picked":["Go for the Eyes","Turbo","Streamline+1"],"picked":"SKIP","floor":22.0},{"not_picked":["Reboot","Creative AI"],"picked":"Reinforced Body","floor":24.0},{"not_picked":["Chaos","Tempest"],"picked":"Capacitor","floor":25.0},{"not_picked":["Conserve Battery+1","BootSequence"],"picked":"Hologram","floor":27.0},{"not_picked":["Melter+1","Sweeping Beam"],"picked":"Self Repair","floor":28.0},{"not_picked":["Ball Lightning","Go for the Eyes+1"],"picked":"Double Energy","floor":29.0},{"not_picked":["Amplify","Buffer"],"picked":"Biased Cognition","floor":33.0},{"not_picked":["Steam Power","Streamline+1"],"picked":"Defragment+1","floor":35.0},{"not_picked":["Steam+1","Blizzard+1","Rip and Tear"],"picked":"SKIP","floor":36.0},{"not_picked":["Leap","Auto Shields"],"picked":"Compile Driver+1","floor":37.0},{"not_picked":["Scrape+1","Rebound+1"],"picked":"Stack","floor":38.0},{"not_picked":["PanicButton","Metamorphosis"],"picked":"Flash of Steel","floor":39.0},{"not_picked":["Blind","Transmutation"],"picked":"Finesse","floor":39.0},{"not_picked":["Gash+1","Genetic Algorithm"],"picked":"Compile Driver+1","floor":45.0},{"not_picked":["Streamline","Barrage"],"picked":"Storm+1","floor":46.0},{"not_picked":["Beam Cell+1","Compile Driver","Redo"],"picked":"SKIP","floor":47.0},{"not_picked":["Steam","Compile Driver+1"],"picked":"Undo+1","floor":48.0}],"player_experience":664158,"relics_obtained":[{"floor":6.0,"key":"Boot"},{"floor":8.0,"key":"Nunchaku"},{"floor":10.0,"key":"Girya"},{"floor":21.0,"key":"Lantern"},{"floor":24.0,"key":"Cables"},{"floor":26.0,"key":"Centennial Puzzle"},{"floor":29.0,"key":"Bird Faced Urn"},{"floor":43.0,"key":"Meat on the Bone"},{"floor":45.0,"key":"Mummified Hand"},{"floor":47.0,"key":"Akabeko"}],"event_choices":[{"damage_healed":0.0,"max_hp_gain":0.0,"max_hp_loss":0.0,"gold_gain":0.0,"event_name":"FaceTrader","player_choice":"Trade","floor":4.0,"gold_loss":0.0,"damage_taken":0.0,"relics_obtained":["NlothsMask"]},{"damage_healed":0.0,"max_hp_gain":0.0,"max_hp_loss":0.0,"gold_gain":0.0,"event_name":"Dead Adventurer","player_choice":"Searched \u00270\u0027 times","floor":11.0,"gold_loss":0.0,"damage_taken":0.0},{"cards_removed":["Strike_B"],"damage_healed":0.0,"max_hp_gain":0.0,"max_hp_loss":0.0,"gold_gain":0.0,"event_name":"Beggar","player_choice":"Gave Gold","floor":20.0,"gold_loss":75.0,"damage_taken":0.0},{"damage_healed":0.0,"max_hp_gain":0.0,"max_hp_loss":0.0,"gold_gain":0.0,"event_name":"SensoryStone","player_choice":"Memory 2","floor":39.0,"gold_loss":0.0,"damage_taken":5.0},{"damage_healed":0.0,"max_hp_gain":0.0,"max_hp_loss":0.0,"gold_gain":0.0,"event_name":"Accursed Blacksmith","player_choice":"Forge","floor":44.0,"gold_loss":0.0,"damage_taken":0.0,"cards_upgraded":["Stack"]}],"is_beta":false,"boss_relics":[{"not_picked":["Busted Crown","Runic Pyramid"],"picked":"Nuclear Battery"},{"not_picked":["Calling Bell","Coffee Dripper"],"picked":"Astrolabe"}],"items_purged_floors":[5,31],"is_endless":false,"potions_floor_spawned":[2,6,7,10,16,19,24,25,27,38,46,47],"ascension_level":10}}