{"host":"w7o06k3e8uel8euj","time":1613986975,"event":{"mods":["AchievementEnabler","Act Like it!","BaseMod","Colored Powertips","Custom Start","DeckTracker","Keyboard Shortcuts","Minty Spire (QoL Compilation)","Quick Restart","Relic Stats","Ruina","StSLib","SuperFastMode","everything is the same but u backflip on backflip"],"gold_per_floor":[115,128,146,57,68,103,103,135,135,60,60,60,79,93,93,166,166,183,183,200,217,4,134,149,177,177,177,195,195,195],"floor_reached":29,"language":"KOR","playtime":869,"items_purged":["Parasite","Weave"],"score":648,"play_id":"29e64054-32d2-4e66-99fe-f0a28a174d39","local_time":"20210222184255","is_ascension_mode":true,"campfire_choices":[{"data":"Adaptation","floor":12,"key":"SMITH"},{"data":"TalkToTheHand","floor":15,"key":"SMITH"},{"data":"Eruption","floor":27,"key":"SMITH"}],"circlet_count":0,"master_deck":["AscendersBane","Eruption+1","Vigilance","EmptyFist","TalkToTheHand","Adaptation+1","Tantrum","Establishment+1","MentalFortress+1","TalkToTheHand+1","Vault","Pray","WheelKick","TalkToTheHand","Vault","Wireheading+1","Establishment+1","ruina:CobaltScar+1","ruina:Mimicry"],"relics":["PureWater","NeowsBlessing","Happy Flower","Blue Candle","Frozen Egg 2","Pandora\u0027s Box","Regal Pillow","Toxic Egg 2","Toy Ornithopter"],"acts_visited":["Exordium","Exordium"],"potions_floor_usage":[6,8],"damage_taken":[{"damage":0,"enemies":"Jaw Worm","floor":1,"turns":1},{"damage":0,"enemies":"2 Louse","floor":2,"turns":1},{"damage":0,"enemies":"Cultist","floor":3,"turns":1},{"damage":16,"enemies":"Red Slaver","floor":5,"turns":3},{"damage":42,"enemies":"3 Sentries","floor":6,"turns":6},{"damage":7,"enemies":"Gremlin Nob","floor":8,"turns":3},{"damage":7,"enemies":"2 Fungi Beasts","floor":13,"turns":3},{"damage":0,"enemies":"Exordium Thugs","floor":14,"turns":2},{"damage":0,"enemies":"Slime Boss","floor":16,"turns":5},{"damage":29,"enemies":"ruina:3_Bats","floor":18,"turns":4},{"damage":0,"enemies":"ruina:Nosferatu","floor":20,"turns":2},{"damage":8,"enemies":"ruina:Woodsman","floor":21,"turns":5},{"damage":0,"enemies":"ruina:Mountain","floor":23,"turns":4},{"damage":20,"enemies":"ruina:KnightOfDespair","floor":24,"turns":4},{"damage":23,"enemies":"ruina:RoadHome","floor":25,"turns":4},{"damage":0,"enemies":"ruina:KingOfGreed","floor":28,"turns":3},{"damage":52,"enemies":"ruina:Mountain","floor":29,"turns":5}],"seed_played":"-5594612431933564501","potions_obtained":[{"floor":5,"key":"Fire Potion"},{"floor":6,"key":"DistilledChaos"},{"floor":8,"key":"Strength Potion"},{"floor":16,"key":"DuplicationPotion"}],"is_trial":false,"path_per_floor":["M","M","M","$","M","E","?","E","T","$","?","R","M","M","R","B",null,"M","?","M","M","$","E","M","E","T","R","M","E"],"character_chosen":"WATCHER","items_purchased":["Adaptation","ruina:Mimicry"],"campfire_rested":0,"item_purchase_floors":[4,22],"current_hp_per_floor":[61,61,61,61,45,3,20,13,13,13,13,13,6,6,6,6,50,21,21,21,13,13,39,32,9,9,9,29,0,0],"gold":195,"neow_bonus":"THREE_ENEMY_KILL","is_daily":false,"chose_seed":false,"campfire_upgraded":3,"win_rate":0.0,"timestamp":1613986975,"path_taken":["M","M","M","$","M","E","?","E","T","$","?","R","M","M","R","BOSS","M","?","M","M","$","E","?","E","T","R","M","E"],"items_purchased_type":["Card","Card"],"build_version":"2020-12-22","purchased_purges":2,"victory":false,"max_hp_per_floor":[68,68,68,68,68,68,68,68,68,65,65,65,65,65,65,65,65,65,59,59,59,59,59,59,59,59,59,59,59,59],"relic_stats":{"Regal Pillow":0,"Happy Flower":[14],"counters":[17,56],"Blue Candle":[0],"Pandora\u0027s Box":["Pray","WheelKick","TalkToTheHand","Vault","Wireheading","Establishment","Weave"],"obtain_stats":[{"Regal Pillow":23,"NeowsBlessing":0,"Happy Flower":6,"Blue Candle":8,"Pandora\u0027s Box":17,"PureWater":0,"Frozen Egg 2":9,"Toxic Egg 2":25,"Toy Ornithopter":26},{"Regal Pillow":13,"NeowsBlessing":0,"Happy Flower":5,"Blue Candle":6,"Pandora\u0027s Box":9,"PureWater":0,"Frozen Egg 2":6,"Toxic Egg 2":15,"Toy Ornithopter":15},{"Regal Pillow":40,"NeowsBlessing":0,"Happy Flower":12,"Blue Candle":15,"Pandora\u0027s Box":25,"PureWater":0,"Frozen Egg 2":15,"Toxic Egg 2":48,"Toy Ornithopter":48}],"Toy Ornithopter":0},"card_choices":[{"not_picked":["EmptyBody","ThirdEye"],"picked":"EmptyFist","floor":1},{"not_picked":["Weave","SashWhip","BowlingBash"],"picked":"SKIP","floor":2},{"not_picked":["SandsOfTime","MasterReality"],"picked":"TalkToTheHand","floor":3},{"not_picked":["SashWhip","Wireheading"],"picked":"Tantrum","floor":5},{"not_picked":["PathToVictory","JustLucky","EmptyMind"],"picked":"SKIP","floor":6},{"not_picked":["Vengeance","EmptyBody","Evaluate"],"picked":"SKIP","floor":8},{"not_picked":["ForeignInfluence","Indignation"],"picked":"MentalFortress+1","floor":13},{"not_picked":["Pray","JustLucky"],"picked":"TalkToTheHand","floor":14},{"not_picked":["MasterReality+1","Blasphemy"],"picked":"Vault","floor":16},{"not_picked":["FlyingSleeves","Evaluate","EmptyFist"],"picked":"SKIP","floor":18},{"not_picked":["ruina:Thirst","ruina:SwordSharpened"],"picked":"ruina:CobaltScar+1","floor":19},{"not_picked":["Weave+1","EmptyFist","Establishment+1"],"picked":"SKIP","floor":20},{"not_picked":["Evaluate","Consecrate","FlurryOfBlows+1"],"picked":"SKIP","floor":21},{"not_picked":["WaveOfTheHand","Nirvana+1","JustLucky"],"picked":"SKIP","floor":23},{"not_picked":["SashWhip","WindmillStrike","CutThroughFate"],"picked":"SKIP","floor":24},{"not_picked":["Crescendo+1","MasterReality+1","BowlingBash"],"picked":"SKIP","floor":25},{"not_picked":["SandsOfTime","LikeWater+1","Prostrate+1"],"picked":"SKIP","floor":28}],"player_experience":533921,"relics_obtained":[{"floor":6,"key":"Happy Flower"},{"floor":8,"key":"Blue Candle"},{"floor":9,"key":"Frozen Egg 2"},{"floor":23,"key":"Regal Pillow"},{"floor":25,"key":"Toxic Egg 2"},{"floor":26,"key":"Toy Ornithopter"}],"event_choices":[{"damage_healed":17,"gold_gain":0,"player_choice":"Healed and dodged fight","damage_taken":0,"max_hp_gain":0,"max_hp_loss":0,"event_name":"Mushrooms","floor":7,"gold_loss":0,"cards_obtained":["Parasite"]},{"damage_healed":0,"gold_gain":0,"cards_transformed":["Strike_P"],"player_choice":"Transformed","damage_taken":0,"max_hp_gain":0,"max_hp_loss":0,"event_name":"Transmorgrifier","floor":11,"gold_loss":0,"cards_obtained":["Establishment"]}],"is_beta":false,"boss_relics":[{"not_picked":["Velvet Choker","HolyWater"],"picked":"Pandora\u0027s Box"}],"items_purged_floors":[10,22],"is_endless":false,"potions_floor_spawned":[5,6,8,16,18,25,28],"killed_by":"ruina:Mountain","ascension_level":19}}