{"host":"y9sq25med6ebkxz5","time":1613965594,"event":{"mods":["2.2 Compatiblity","AchievementEnabler","BaseMod","Card Forge","Colored Map","Colored Powertips","DeckTracker","Friendly Minions","Minty Spire (QoL Compilation)","Permanent Neow","Remove Card Discount Mod","Shop Mod","StSLib","SuperFastMode","Thrall Mod"],"gold_per_floor":[368,380,394,105,105,105,105],"floor_reached":6,"language":"KOR","playtime":960,"items_purged":[],"score":68,"play_id":"467a451a-5409-44ee-975a-eff91cbb4dcc","local_time":"20210222124634","is_ascension_mode":true,"campfire_choices":[],"circlet_count":0,"master_deck":["AscendersBane","Strike_G+1","Strike_G+1","Defend_G+1","Defend_G+1","Defend_G+1","Survivor+1","Neutralize+1"],"relics":["Ring of the Snake","Hammer of Thor","Seething Fire","Anvil of the Gods","MerchantsRug","PrismaticShard"],"acts_visited":["Exordium"],"potions_floor_usage":[],"damage_taken":[{"damage":0,"enemies":"Cultist","floor":1,"turns":4},{"damage":0,"enemies":"Jaw Worm","floor":2,"turns":3},{"damage":0,"enemies":"2 Louse","floor":3,"turns":4},{"damage":34,"enemies":"Lagavulin","floor":6,"turns":14}],"seed_played":"8424519122970783504","potions_obtained":[{"floor":1,"key":"BlessingOfTheForge"},{"floor":2,"key":"SmokeBomb"},{"floor":3,"key":"Swift Potion"}],"is_trial":false,"path_per_floor":["M","M","M","$","?","E"],"character_chosen":"THE_SILENT","items_purchased":["MerchantsRug","PrismaticShard"],"campfire_rested":0,"item_purchase_floors":[4,4],"current_hp_per_floor":[59,59,59,59,59,25,25],"gold":105,"neow_bonus":"TWO_FIFTY_GOLD","is_daily":false,"chose_seed":false,"campfire_upgraded":0,"win_rate":0.0,"timestamp":1613965594,"path_taken":["M","M","M","$","?","E"],"items_purchased_type":["Relic","Relic"],"build_version":"2020-12-22","purchased_purges":0,"victory":false,"max_hp_per_floor":[66,66,66,66,66,66,66],"card_choices":[{"not_picked":["Terror","Setup","Outmaneuver"],"picked":"SKIP","floor":1},{"not_picked":["Poisoned Stab","Choke","Flying Knee"],"picked":"SKIP","floor":2},{"not_picked":["Tactician","Dodge and Roll","Flying Knee"],"picked":"SKIP","floor":3}],"player_experience":489759,"relics_obtained":[],"event_choices":[{"damage_healed":0,"gold_gain":0,"cards_transformed":["Strike_G"],"player_choice":"Transformed","damage_taken":0,"max_hp_gain":0,"max_hp_loss":0,"event_name":"Transmorgrifier","floor":5,"gold_loss":0,"cards_obtained":["After Image"]}],"is_beta":false,"boss_relics":[],"items_purged_floors":[],"is_endless":false,"potions_floor_spawned":[1,2,3],"killed_by":"Lagavulin","ascension_level":18}}