{"host":"t9vqxmgmtrdkt9v9","time":1613970387,"event":{"mods":["AchievementEnabler","BaseMod","Colored Map","Minty Spire (QoL Compilation)","Permanent Neow","Relic Stats","StSLib"],"gold_per_floor":[113,113,124,139,139,139,169,169,169,169,181,201,234,251,251,330,330,342,342,342,420,96,96,127,27,27,27,27,44,44,61,61,61,61],"floor_reached":33,"language":"ENG","playtime":2346,"items_purged":["Doom and Gloom","Dualcast"],"score":519,"play_id":"bbb2635b-361e-4696-9148-2f94110bb35f","local_time":"20210222150627","is_ascension_mode":true,"campfire_choices":[{"data":"Rip and Tear","floor":6.0,"key":"SMITH"},{"floor":10.0,"key":"REST"},{"floor":15.0,"key":"REST"},{"data":"1","floor":23.0,"key":"LIFT"},{"floor":28,"key":"REST"},{"data":"2","floor":30,"key":"LIFT"},{"data":"Reprogram","floor":32,"key":"SMITH"}],"circlet_count":0,"master_deck":["AscendersBane","Strike_B","Defend_B","Defend_B","Defend_B","Rip and Tear+1","Beam Cell","Reprogram+1","Leap","Sunder","Hyperbeam","Conserve Battery","Conserve Battery","Reprogram+1","Auto Shields","Leap"],"relics":["Empty Cage","Girya","Incense Burner","Omamori","Sozu","Kunai","Oddly Smooth Stone","Lantern","Frozen Egg 2"],"acts_visited":["Exordium","TheCity"],"potions_floor_usage":[],"damage_taken":[{"damage":2.0,"enemies":"Cultist","floor":1.0,"turns":4.0},{"damage":2.0,"enemies":"Jaw Worm","floor":3.0,"turns":4.0},{"damage":0.0,"enemies":"2 Louse","floor":4.0,"turns":2.0},{"damage":32.0,"enemies":"Gremlin Nob","floor":7.0,"turns":4.0},{"damage":15.0,"enemies":"Exordium Thugs","floor":11.0,"turns":3.0},{"damage":5.0,"enemies":"3 Louse","floor":12.0,"turns":5.0},{"damage":21.0,"enemies":"Lagavulin","floor":13.0,"turns":7.0},{"damage":6.0,"enemies":"Blue Slaver","floor":14.0,"turns":4.0},{"damage":13.0,"enemies":"Slime Boss","floor":16.0,"turns":6.0},{"damage":5.0,"enemies":"Chosen","floor":18.0,"turns":3.0},{"damage":24,"enemies":"Gremlin Leader","floor":24,"turns":8},{"damage":8,"enemies":"2 Thieves","floor":29,"turns":3},{"damage":8,"enemies":"Centurion and Healer","floor":31,"turns":7},{"damage":34,"enemies":"Champ","floor":33,"turns":21}],"seed_played":"8783797377023883735","potions_obtained":[{"floor":1.0,"key":"Block Potion"},{"floor":4.0,"key":"FearPotion"},{"floor":7.0,"key":"BlessingOfTheForge"},{"floor":13.0,"key":"FearPotion"},{"floor":16.0,"key":"Strength Potion"}],"is_trial":false,"path_per_floor":["M","?","M","M","?","R","E","?","T","R","M","M","E","M","R","B",null,"M","?","?","T","$","R","E","$","T","$","R","M","R","M","R","B"],"character_chosen":"DEFECT","items_purchased":["Oddly Smooth Stone","Auto Shields"],"campfire_rested":3,"item_purchase_floors":[22,22],"current_hp_per_floor":[62,62,60,60,60,60,28,28,28,49,34,29,8,2,23,10,56,51,51,51,51,51,51,27,27,27,27,48,40,40,32,32,0,0],"gold":61,"neow_bonus":"BOSS_RELIC","is_daily":false,"chose_seed":false,"campfire_upgraded":2,"win_rate":0.0,"timestamp":1613970387,"path_taken":["M","?","?","M","?","R","E","?","T","R","M","M","E","?","R","BOSS","M","?","?","?","$","R","E","$","T","$","R","M","R","M","R","BOSS"],"items_purchased_type":["Relic","Card"],"build_version":"2020-12-22","purchased_purges":2,"victory":false,"max_hp_per_floor":[71,71,71,71,71,71,71,71,71,71,71,71,71,71,71,71,71,71,71,71,71,71,71,71,71,71,71,71,71,71,71,71,71,71],"relic_stats":{"Sozu":3,"counters":[14,81],"Kunai":[3],"obtain_stats":[{"Sozu":17,"Girya":7,"Lantern":24,"Oddly Smooth Stone":22,"Incense Burner":9,"Omamori":13,"Kunai":21,"Frozen Egg 2":26,"Cracked Core":0,"Empty Cage":0},{"Sozu":9,"Girya":4,"Lantern":11,"Oddly Smooth Stone":10,"Incense Burner":4,"Omamori":7,"Kunai":10,"Frozen Egg 2":11,"Cracked Core":0,"Empty Cage":0},{"Sozu":39,"Girya":14,"Lantern":50,"Oddly Smooth Stone":42,"Incense Burner":14,"Omamori":29,"Kunai":42,"Frozen Egg 2":50,"Cracked Core":0,"Empty Cage":0}]},"card_choices":[{"not_picked":["Coolheaded","Streamline"],"picked":"Rip and Tear","floor":1.0},{"not_picked":["Conserve Battery","Rip and Tear"],"picked":"Beam Cell","floor":3.0},{"not_picked":["Streamline","Scrape"],"picked":"Reprogram","floor":4.0},{"not_picked":["Chill","Fission","Coolheaded"],"picked":"SKIP","floor":7.0},{"not_picked":["Chill","Stack"],"picked":"Leap","floor":11.0},{"not_picked":["Beam Cell","Compile Driver"],"picked":"Sunder","floor":12.0},{"not_picked":["Stack","All For One"],"picked":"Hyperbeam","floor":13.0},{"not_picked":["Beam Cell","Lockon"],"picked":"Conserve Battery","floor":14.0},{"not_picked":["Scrape+1","Turbo"],"picked":"Conserve Battery","floor":18.0},{"not_picked":["Hello World","Tempest","Compile Driver"],"picked":"SKIP","floor":24},{"not_picked":["Lockon","Steam Power","Sweeping Beam"],"picked":"SKIP","floor":29},{"not_picked":["Static Discharge+1","Rebound"],"picked":"Leap","floor":31}],"player_experience":463986,"relics_obtained":[{"floor":7.0,"key":"Girya"},{"floor":9.0,"key":"Incense Burner"},{"floor":13.0,"key":"Omamori"},{"floor":21.0,"key":"Kunai"},{"floor":24,"key":"Lantern"},{"floor":26,"key":"Frozen Egg 2"}],"event_choices":[{"cards_removed":["Strike_B"],"damage_healed":0.0,"max_hp_gain":0.0,"max_hp_loss":0.0,"gold_gain":0.0,"event_name":"Purifier","player_choice":"Purged","floor":2.0,"gold_loss":0.0,"damage_taken":0.0},{"damage_healed":0.0,"max_hp_gain":0.0,"max_hp_loss":0.0,"gold_gain":0.0,"event_name":"Living Wall","player_choice":"Grow","floor":5.0,"gold_loss":0.0,"damage_taken":0.0,"cards_upgraded":["Reprogram"]},{"damage_healed":0.0,"max_hp_gain":0.0,"max_hp_loss":0.0,"gold_gain":0.0,"cards_transformed":["Strike_B"],"event_name":"Transmorgrifier","player_choice":"Transformed","floor":8.0,"gold_loss":0.0,"damage_taken":0.0,"cards_obtained":["Doom and Gloom"]},{"cards_removed":["Zap"],"damage_healed":0.0,"max_hp_gain":0.0,"max_hp_loss":0.0,"gold_gain":0.0,"event_name":"Back to Basics","player_choice":"Elegance","floor":19.0,"gold_loss":0.0,"damage_taken":0.0},{"damage_healed":0.0,"max_hp_gain":0.0,"max_hp_loss":0.0,"gold_gain":0.0,"event_name":"The Library","player_choice":"Read","floor":20.0,"gold_loss":0.0,"damage_taken":0.0,"cards_obtained":["Reprogram"]}],"is_beta":false,"boss_relics":[{"not_picked":["Inserter","SacredBark"],"picked":"Sozu"}],"items_purged_floors":[22,25],"is_endless":false,"potions_floor_spawned":[1,4,7,13,16,18,24,31],"killed_by":"Champ","ascension_level":18}}