{"host":"tp1hyvdwlciy3xbu","time":1613999259,"event":{"mods":["BaseMod","Marisa£®ÏF”Í°°ƒß¿Ì…≥£©","Minty Spire (QoL Compilation)","SIMod","StSLib","The Construct","The Servant 0.9.4"],"gold_per_floor":[114,178,178,103,119,119,147,147,172,24,99,99,113,13,13,110,110,126,1,1,1,14,14,43,43,69,109,118,118,227,142,142,240,240,256,277,286,286,286,286,100,100,100,100,100,100,100,150,150,251,251,267,267,115,115,299,299,299,325,325,356,58,116,74,129,129,236,236,249,274,99,108,108,108,108,108,139,139,139,64,64,64,64,167,167,179,179,25,71,82,82,366,366,401,401,451,108,108,108,108,108,108],"floor_reached":101,"language":"ZHS","playtime":2010,"items_purged":["WitchLeyline","Singularity","GalacticHalo","Writhe","GalacticHalo","Regret"],"score":2926,"play_id":"be97e656-5752-4158-bfbc-01e44b99b332","local_time":"20210222210739","daily_mods":["SealedDeck","Heirloom","Time Dilation","Flight","Elite Swarm"],"is_ascension_mode":true,"campfire_choices":[{"data":"GasGiant","floor":6.0,"key":"SMITH"},{"data":"EscapeVelocity","floor":8.0,"key":"SMITH"},{"data":"ShootingEcho","floor":12.0,"key":"SMITH"},{"floor":15.0,"key":"REST"},{"data":"BlazingStar","floor":23.0,"key":"SMITH"},{"data":"WitchLeyline","floor":25.0,"key":"SMITH"},{"data":"SuperNova","floor":29.0,"key":"SMITH"},{"data":"ShootingEcho","floor":32.0,"key":"SMITH"},{"data":"WitchLeyline","floor":44.0,"key":"SMITH"},{"data":"WitchLeyline","floor":47.0,"key":"SMITH"},{"data":"WitchLeyline","floor":49.0,"key":"SMITH"},{"data":"WitchLeyline","floor":57.0,"key":"SMITH"},{"floor":66.0,"key":"REST"},{"data":"EscapeVelocity","floor":74.0,"key":"SMITH"},{"data":"WitchLeyline","floor":75.0,"key":"SMITH"},{"data":"WitchLeyline","floor":76,"key":"SMITH"},{"floor":81,"key":"REST"},{"floor":83,"key":"REST"},{"floor":91,"key":"REST"},{"floor":95,"key":"REST"},{"floor":100,"key":"REST"}],"circlet_count":0,"master_deck":["WitchLeyline+1","WitchLeyline+1","WitchLeyline+1","GasGiant+1","WitchLeyline+1","EscapeVelocity+1","BlazingStar+1","CurseOfTheBell","SuperNova+1","WitchLeyline+1","WitchLeyline+1","Parasite","Parasite","WitchLeyline+1","Pain"],"relics":["MiniHakkero","MagicBroom","Pyrelight","Darkstone Periapt","Ancient Tea Set","Boot","Calling Bell","CeramicFish","HandmadeGrimoire","TungstenRod","Gremlin Horn","Ornamental Fan","Bronze Scales","Torii","Vajra","Bird Faced Urn","StrikeDummy","Juzu Bracelet","Black Star","Lantern","Unceasing Top","Runic Dome","Pen Nib","AmplifyWand","construct:BoolHorns","Regal Pillow","ShroomBag","construct:WeddingRing","Red Mask","WarpedTongs","Philosopher\u0027s Stone","Nunchaku","Incense Burner","FossilizedHelix","PreservedInsect"],"acts_visited":["Exordium","TheCity","TheBeyond","Exordium","TheCity","TheBeyond"],"potions_floor_usage":[87],"damage_taken":[{"damage":0.0,"enemies":"2 Louse","floor":1.0,"turns":1.0},{"damage":0.0,"enemies":"Jaw Worm","floor":5.0,"turns":2.0},{"damage":10.0,"enemies":"Lagavulin","floor":7.0,"turns":3.0},{"damage":0.0,"enemies":"Cultist","floor":13.0,"turns":1.0},{"damage":4.0,"enemies":"Slime Boss","floor":16.0,"turns":3.0},{"damage":7.0,"enemies":"Shell Parasite","floor":18.0,"turns":3.0},{"damage":11.0,"enemies":"Chosen","floor":22.0,"turns":2.0},{"damage":0.0,"enemies":"Slavers","floor":24.0,"turns":2.0},{"damage":7.0,"enemies":"Gremlin Leader","floor":27.0,"turns":2.0},{"damage":9.0,"enemies":"Colosseum Slavers","floor":30.0,"turns":2.0},{"damage":0.0,"enemies":"Colosseum Nobs","floor":30.0,"turns":2.0},{"damage":0.0,"enemies":"Automaton","floor":33.0,"turns":5.0},{"damage":29.0,"enemies":"3 Darklings","floor":35.0,"turns":3.0},{"damage":0.0,"enemies":"Orb Walker","floor":36.0,"turns":2.0},{"damage":4.0,"enemies":"Mind Bloom Boss Battle","floor":48.0,"turns":3.0},{"damage":14.0,"enemies":"Time Eater","floor":50.0,"turns":3.0},{"damage":0.0,"enemies":"Cultist","floor":52.0,"turns":1.0},{"damage":0.0,"enemies":"Gremlin Nob","floor":59.0,"turns":2.0},{"damage":0.0,"enemies":"3 Sentries","floor":61.0,"turns":2.0},{"damage":24.0,"enemies":"Lagavulin Event","floor":63.0,"turns":3.0},{"damage":11.0,"enemies":"The Mushroom Lair","floor":65.0,"turns":2.0},{"damage":0.0,"enemies":"The Guardian","floor":67.0,"turns":1.0},{"damage":0.0,"enemies":"Spheric Guardian","floor":69.0,"turns":2.0},{"damage":0.0,"enemies":"Masked Bandits","floor":70.0,"turns":1.0},{"damage":25,"enemies":"Slavers","floor":77,"turns":2},{"damage":22,"enemies":"Automaton","floor":84,"turns":3},{"damage":11,"enemies":"3 Shapes","floor":86,"turns":2},{"damage":44,"enemies":"Orin","floor":87,"turns":3},{"damage":0,"enemies":"2 Orb Walkers","floor":89,"turns":1},{"damage":5,"enemies":"3 Darklings","floor":90,"turns":2},{"damage":30,"enemies":"Reptomancer","floor":94,"turns":2},{"damage":0,"enemies":"Mind Bloom Boss Battle","floor":96,"turns":3},{"damage":138,"enemies":"Time Eater","floor":101,"turns":3}],"seed_played":"-1262076844132710102","potions_obtained":[{"floor":1.0,"key":"SmokeBomb"},{"floor":16.0,"key":"LiquidMemories"},{"floor":22.0,"key":"SpeedPotion"},{"floor":30.0,"key":"Block Potion"},{"floor":33.0,"key":"Energy Potion"},{"floor":52.0,"key":"ShroomBrew"},{"floor":55.0,"key":"Ancient Potion"},{"floor":84,"key":"CultistPotion"},{"floor":94,"key":"SmokeBomb"}],"is_trial":true,"path_per_floor":["M","?","?","$","M","R","E","R","T","$","?","R","M","$","R","B",null,"M","$","?","$","M","R","E","R","T","E","?","R","?","?","R","B",null,"M","M","?","?","?","?","$","$","T","R","?","$","R","?","R","B",null,"M","?","$","?","?","R","?","E","T","E","$","?","$","?","R","B",null,"M","?","$","?","$","R","R","R","E","?","?","?","R","$","R","B",null,"M","?","$","?","M","R","?","?","E","R","?","$","$","?","R","B"],"character_chosen":"MARISA","items_purchased":["Boot","WitchLeyline","Pen Nib","construct:BoolHorns","WitchLeyline","Nunchaku","PreservedInsect"],"campfire_rested":7,"item_purchase_floors":[10,41,54,62,64,88,97],"current_hp_per_floor":[68,68,68,68,68,68,58,58,58,58,47,47,47,47,69,65,79,72,72,72,72,61,61,61,61,61,54,60,60,51,51,51,55,79,54,54,82,82,82,82,82,82,82,82,82,82,82,80,80,68,87,89,89,89,89,95,95,89,91,91,93,93,73,73,78,111,111,111,111,111,111,117,117,117,117,117,92,92,92,92,117,117,117,95,112,106,72,72,82,85,117,123,123,93,123,123,123,123,123,123,0,0],"gold":108,"neow_bonus":"","is_daily":false,"chose_seed":false,"campfire_upgraded":14,"win_rate":0.0,"timestamp":1613999259,"path_taken":["M","?","?","$","?","R","E","R","T","?","?","R","M","$","R","BOSS","M","$","?","?","?","R","E","R","T","E","?","R","?","?","R","BOSS","M","M","?","?","?","?","$","$","T","R","?","?","R","?","R","BOSS","M","?","$","?","?","R","?","E","T","E","$","?","$","?","R","BOSS","M","?","$","?","$","R","R","R","E","?","?","?","R","?","R","BOSS","M","?","$","?","M","R","?","?","E","R","?","?","$","?","R","BOSS"],"items_purchased_type":["Relic","Card","Relic","Relic","Card","Relic","Relic"],"build_version":"2020-12-22","purchased_purges":6,"victory":false,"max_hp_per_floor":[75,75,75,75,75,75,75,75,75,75,75,75,75,75,75,75,81,81,81,81,81,81,81,81,81,81,81,87,87,87,87,87,87,87,87,87,93,93,93,93,93,93,93,93,93,93,93,93,93,93,93,93,93,93,93,99,99,99,99,99,99,99,99,99,111,111,111,111,111,111,111,117,117,117,117,117,117,117,117,117,117,117,117,117,117,117,117,117,117,117,117,123,123,123,123,123,123,123,123,123,123,123],"card_choices":[{"not_picked":["ShootTheMoon","GrandCross"],"picked":"WitchLeyline","floor":1.0},{"not_picked":["LuminesStrike","ManaConvection","SporeBomb"],"picked":"SKIP","floor":5.0},{"not_picked":["FinalSpark","JA"],"picked":"EscapeVelocity","floor":7.0},{"not_picked":["6A","EnergyRecoil","DC"],"picked":"SKIP","floor":13.0},{"not_picked":["JA","MaximisePower"],"picked":"BlazingStar","floor":16.0},{"not_picked":["EventHorizon","UnstableBomb","WitchOfGreed+1"],"picked":"SKIP","floor":18.0},{"not_picked":["ChargingUp","6A+1","UnstableBomb"],"picked":"SKIP","floor":22.0},{"not_picked":["StarDustReverie","FinalSpark","SatelliteIllusion"],"picked":"SKIP","floor":24.0},{"not_picked":["AbsoluteMagnitude","BinaryStars"],"picked":"SuperNova","floor":27.0},{"not_picked":["MilkyWay","DeepEcoloBomb"],"picked":"ShootingEcho","floor":30.0},{"not_picked":["NonDirectionalLaser","IllusionStar","MilkyWay+1"],"picked":"SKIP","floor":35.0},{"not_picked":["IllusionStar+1","EscapeVelocity"],"picked":"Orbital+1","floor":36.0},{"not_picked":["DC","EarthLightRay","NonDirectionalLaser"],"picked":"SKIP","floor":52.0},{"not_picked":["BigCrunch","BinaryStars","FinalSpark"],"picked":"SKIP","floor":59.0},{"not_picked":["EscapeVelocity","JA","MillisecondPulsars"],"picked":"SKIP","floor":61.0},{"not_picked":["Acceleration","ShootTheMoon"],"picked":"WitchLeyline","floor":65.0},{"not_picked":["SuperNova","SatelliteIllusion"],"picked":"EscapeVelocity","floor":67.0},{"not_picked":["MysteriousBeam","GalacticHalo","Acceleration"],"picked":"SKIP","floor":69.0},{"not_picked":["SuperNova","BlazingStar","JA"],"picked":"SKIP","floor":77},{"not_picked":["6A","StarlightTyphoon","ShootingEcho+1"],"picked":"SKIP","floor":86},{"not_picked":["LuminesStrike","ChargingUp+1","ShootingEcho"],"picked":"SKIP","floor":90},{"not_picked":["SatelliteIllusion","FinalSpark","EscapeVelocity"],"picked":"SKIP","floor":94}],"player_experience":330301,"relics_obtained":[{"floor":7.0,"key":"Darkstone Periapt"},{"floor":9.0,"key":"Ancient Tea Set"},{"floor":17.0,"key":"CeramicFish"},{"floor":17.0,"key":"HandmadeGrimoire"},{"floor":17.0,"key":"TungstenRod"},{"floor":24.0,"key":"Ornamental Fan"},{"floor":26.0,"key":"Bronze Scales"},{"floor":27.0,"key":"Torii"},{"floor":30.0,"key":"Bird Faced Urn"},{"floor":30.0,"key":"StrikeDummy"},{"floor":43.0,"key":"Lantern"},{"floor":48.0,"key":"Unceasing Top"},{"floor":60.0,"key":"AmplifyWand"},{"floor":63.0,"key":"Regal Pillow"},{"floor":65.0,"key":"ShroomBag"},{"floor":70.0,"key":"Red Mask"},{"floor":89,"key":"Incense Burner"},{"floor":96,"key":"FossilizedHelix"}],"event_choices":[{"damage_healed":0.0,"max_hp_gain":0.0,"max_hp_loss":0.0,"gold_gain":64.0,"event_name":"Golden Wing","player_choice":"Gained Gold","floor":2.0,"gold_loss":0.0,"damage_taken":0.0},{"damage_healed":0.0,"max_hp_gain":0.0,"max_hp_loss":0.0,"gold_gain":75.0,"event_name":"World of Goop","player_choice":"Gather Gold","floor":11.0,"gold_loss":0.0,"damage_taken":11.0},{"cards_removed":["FairyDestructionRay"],"damage_healed":0.0,"max_hp_gain":0.0,"max_hp_loss":0.0,"gold_gain":0.0,"event_name":"WeMeetAgain","player_choice":"Gave Card","floor":20.0,"gold_loss":0.0,"damage_taken":0.0,"relics_obtained":["Gremlin Horn"]},{"damage_healed":0.0,"max_hp_gain":0.0,"max_hp_loss":0.0,"gold_gain":0.0,"event_name":"The Mausoleum","player_choice":"Opened","floor":28.0,"gold_loss":0.0,"damage_taken":0.0,"relics_obtained":["Vajra"],"cards_obtained":["Writhe"]},{"damage_healed":0.0,"max_hp_gain":0.0,"max_hp_loss":0.0,"gold_gain":0.0,"event_name":"Colosseum","player_choice":"Fight","floor":30.0,"gold_loss":0.0,"damage_taken":0.0},{"damage_healed":0.0,"max_hp_gain":0.0,"max_hp_loss":0.0,"gold_gain":0.0,"event_name":"Colosseum","player_choice":"Fought Nobs","floor":30.0,"gold_loss":0.0,"damage_taken":0.0},{"damage_healed":0.0,"max_hp_gain":0.0,"max_hp_loss":0.0,"gold_gain":0.0,"event_name":"Addict","player_choice":"Obtained Relic","floor":31.0,"gold_loss":85.0,"damage_taken":0.0,"relics_obtained":["Juzu Bracelet"]},{"damage_healed":22.0,"max_hp_gain":0.0,"max_hp_loss":0.0,"gold_gain":0.0,"event_name":"Winding Halls","player_choice":"Writhe","floor":37.0,"gold_loss":0.0,"damage_taken":0.0,"cards_obtained":["Writhe"]},{"damage_healed":0.0,"max_hp_gain":0.0,"max_hp_loss":0.0,"gold_gain":0.0,"event_name":"Tomb of Lord Red Mask","player_choice":"Ignored","floor":38.0,"gold_loss":0.0,"damage_taken":0.0},{"damage_healed":0.0,"max_hp_gain":0.0,"max_hp_loss":0.0,"gold_gain":0.0,"event_name":"SensoryStone","player_choice":"Memory 1","floor":39.0,"gold_loss":0.0,"damage_taken":0.0},{"cards_removed":["ShootingEcho"],"damage_healed":0.0,"max_hp_gain":0.0,"max_hp_loss":0.0,"gold_gain":0.0,"event_name":"Falling","player_choice":"Removed Attack","floor":45.0,"gold_loss":0.0,"damage_taken":0.0},{"damage_healed":0.0,"max_hp_gain":0.0,"max_hp_loss":0.0,"gold_gain":0.0,"event_name":"MindBloom","player_choice":"Fight","floor":48.0,"gold_loss":0.0,"damage_taken":0.0},{"cards_removed":["Writhe"],"damage_healed":0.0,"max_hp_gain":0.0,"max_hp_loss":0.0,"gold_gain":0.0,"event_name":"Living Wall","player_choice":"Forget","floor":53.0,"gold_loss":0.0,"damage_taken":0.0},{"damage_healed":0.0,"max_hp_gain":0.0,"max_hp_loss":0.0,"gold_gain":0.0,"event_name":"Lab","player_choice":"Got Potions","floor":55.0,"gold_loss":0.0,"damage_taken":0.0},{"damage_healed":0.0,"max_hp_gain":0.0,"max_hp_loss":0.0,"gold_gain":175.0,"event_name":"Liars Game","player_choice":"AGREE","floor":56.0,"gold_loss":0.0,"damage_taken":0.0,"cards_obtained":["Doubt"]},{"cards_removed":["Doubt"],"damage_healed":0.0,"max_hp_gain":0.0,"max_hp_loss":0.0,"gold_gain":0.0,"event_name":"Golden Wing","player_choice":"Card Removal","floor":58.0,"gold_loss":0.0,"damage_taken":7.0},{"damage_healed":0.0,"max_hp_gain":0.0,"max_hp_loss":0.0,"gold_gain":0.0,"event_name":"Dead Adventurer","player_choice":"Searched \u00271\u0027 times","floor":63.0,"gold_loss":0.0,"damage_taken":0.0},{"damage_healed":0.0,"max_hp_gain":0.0,"max_hp_loss":0.0,"gold_gain":0.0,"event_name":"Mushrooms_MRS","player_choice":"Fought Mushrooms","floor":65.0,"gold_loss":0.0,"damage_taken":0.0},{"damage_healed":0.0,"max_hp_gain":0.0,"max_hp_loss":0.0,"gold_gain":0.0,"event_name":"Masked Bandits","player_choice":"Fought Bandits","floor":70.0,"gold_loss":0.0,"damage_taken":0.0},{"damage_healed":0.0,"max_hp_gain":0.0,"max_hp_loss":0.0,"gold_gain":0.0,"event_name":"Accursed Blacksmith","player_choice":"Rummage","floor":72.0,"gold_loss":0.0,"damage_taken":0.0,"relics_obtained":["WarpedTongs"],"cards_obtained":["Pain"]},{"cards_removed":["ShootingEcho"],"damage_healed":0,"gold_gain":0,"player_choice":"Elegance","damage_taken":0,"max_hp_gain":0,"max_hp_loss":0,"event_name":"Back to Basics","floor":78,"gold_loss":0},{"damage_healed":0,"gold_gain":0,"player_choice":"Ignored","damage_taken":0,"max_hp_gain":0,"max_hp_loss":0,"event_name":"Vampires","floor":79,"gold_loss":0},{"cards_removed":["Orbital"],"damage_healed":0,"gold_gain":0,"player_choice":"Gave Gold","damage_taken":0,"max_hp_gain":0,"max_hp_loss":0,"event_name":"Beggar","floor":80,"gold_loss":75},{"damage_healed":0,"gold_gain":0,"player_choice":"Fight","damage_taken":0,"max_hp_gain":0,"max_hp_loss":0,"event_name":"OrinTheCat","floor":87,"gold_loss":0},{"damage_healed":0,"gold_gain":0,"player_choice":"Fight","damage_taken":0,"max_hp_gain":0,"max_hp_loss":0,"event_name":"Mysterious Sphere","floor":89,"gold_loss":0},{"damage_healed":0,"gold_gain":275,"player_choice":"Desecrate","damage_taken":0,"max_hp_gain":0,"max_hp_loss":0,"event_name":"Golden Shrine","floor":92,"gold_loss":0,"cards_obtained":["Regret"]},{"damage_healed":0,"gold_gain":0,"player_choice":"Memory 1","damage_taken":0,"max_hp_gain":0,"max_hp_loss":0,"event_name":"SensoryStone","floor":93,"gold_loss":0},{"damage_healed":0,"gold_gain":0,"player_choice":"Fight","damage_taken":0,"max_hp_gain":0,"max_hp_loss":0,"event_name":"MindBloom","floor":96,"gold_loss":0},{"cards_removed":["EscapeVelocity"],"damage_healed":0,"gold_gain":0,"player_choice":"Removed Power","damage_taken":0,"max_hp_gain":0,"max_hp_loss":0,"event_name":"Falling","floor":99,"gold_loss":0}],"is_beta":false,"boss_relics":[{"not_picked":["SacredBark","Coffee Dripper"],"picked":"Calling Bell"},{"not_picked":["Cursed Key","Philosopher\u0027s Stone"],"picked":"Black Star"},{"not_picked":["Fusion Hammer","Runic Pyramid"],"picked":"Runic Dome"},{"not_picked":["Busted Crown","Astrolabe"],"picked":"construct:WeddingRing"},{"not_picked":["Cursed Key","RampagingMagicTools"],"picked":"Philosopher\u0027s Stone"}],"items_purged_floors":[4,14,19,41,71,97],"is_endless":true,"potions_floor_spawned":[1,16,22,30,33,52,61,65,67,69,70,84,90,94,96],"killed_by":"Time Eater","ascension_level":9}}