{"host":"2se5dq1do2gp0x9k","time":1613959352,"event":{"mods":["AchievementEnabler","BaseMod","Block Reminder","Colored Map","Colored Powertips","Minty Spire (QoL Compilation)","Relic Stats","StSLib","SuperFastMode"],"gold_per_floor":[363,382,397,407,245,278,278,311,336,368,382,313,324,266,266,345,345,358,370,285,22,22,22],"floor_reached":22,"language":"ENG","playtime":1748,"items_purged":["Strike_P","Strike_P"],"score":486,"play_id":"97c7f907-96bd-4c1e-914a-990fc4f63246","local_time":"20210221180232","is_ascension_mode":true,"campfire_choices":[{"data":"Tantrum","floor":7.0,"key":"SMITH"},{"data":"BattleHymn","floor":15.0,"key":"SMITH"}],"circlet_count":0,"master_deck":["AscendersBane","Strike_P","Strike_P","Defend_P","Defend_P","Defend_P","Defend_P","Eruption","Vigilance","Tantrum","CutThroughFate","BowlingBash","Halt","Halt","Consecrate","Tantrum+1","Wireheading","WreathOfFlame","Adaptation","BattleHymn+1","DeusExMachina","FlyingSleeves+1","JustLucky"],"relics":["PureWater","Regal Pillow","Potion Belt","Happy Flower","Orichalcum","Pantograph","Sozu","Bag of Preparation","Toolbox"],"acts_visited":["Exordium","TheCity"],"potions_floor_usage":[],"damage_taken":[{"damage":5.0,"enemies":"Small Slimes","floor":1.0,"turns":3.0},{"damage":0.0,"enemies":"Cultist","floor":2.0,"turns":3.0},{"damage":0.0,"enemies":"2 Louse","floor":3.0,"turns":2.0},{"damage":10.0,"enemies":"Red Slaver","floor":4.0,"turns":4.0},{"damage":4.0,"enemies":"Gremlin Nob","floor":6.0,"turns":3.0},{"damage":14.0,"enemies":"Lagavulin","floor":8.0,"turns":6.0},{"damage":11.0,"enemies":"3 Sentries","floor":10.0,"turns":5.0},{"damage":5.0,"enemies":"Looter","floor":11.0,"turns":2.0},{"damage":0.0,"enemies":"Large Slime","floor":13.0,"turns":2.0},{"damage":0.0,"enemies":"Slime Boss","floor":16.0,"turns":4.0},{"damage":0.0,"enemies":"Chosen","floor":18.0,"turns":3.0},{"damage":27.0,"enemies":"Shell Parasite","floor":19.0,"turns":3.0},{"damage":30,"enemies":"Snecko","floor":22,"turns":2}],"seed_played":"2430989747680715239","potions_obtained":[{"floor":1.0,"key":"BottledMiracle"},{"floor":3.0,"key":"DistilledChaos"},{"floor":8.0,"key":"ColorlessPotion"}],"is_trial":false,"path_per_floor":["M","M","M","M","$","E","R","E","T","E","M","?","M","?","R","B",null,"M","M","?","$","M"],"character_chosen":"WATCHER","items_purchased":["Halt","Consecrate","Toolbox"],"campfire_rested":0,"item_purchase_floors":[5,5,21],"current_hp_per_floor":[56,56,56,46,46,42,42,28,28,17,12,12,12,12,12,37,56,56,29,29,29,0,0],"gold":22,"neow_bonus":"TWO_FIFTY_GOLD","is_daily":false,"chose_seed":false,"campfire_upgraded":2,"win_rate":0.0,"timestamp":1613959352,"path_taken":["M","M","M","M","$","E","R","E","T","E","M","?","M","?","R","BOSS","M","M","?","$","M"],"items_purchased_type":["Card","Card","Relic"],"build_version":"2020-12-22","purchased_purges":2,"victory":false,"max_hp_per_floor":[62,62,62,62,62,62,62,62,62,62,62,62,62,62,62,62,62,62,62,62,62,62,62],"relic_stats":{"Sozu":0,"Regal Pillow":0,"Happy Flower":[7],"counters":[13,42],"Pantograph":25,"Bag of Preparation":[2],"Orichalcum":[48],"obtain_stats":[{"Potion Belt":8,"Sozu":17,"Regal Pillow":6,"Happy Flower":9,"Pantograph":14,"Toolbox":21,"Bag of Preparation":20,"PureWater":0,"Orichalcum":10},{"Potion Belt":6,"Sozu":10,"Regal Pillow":5,"Happy Flower":6,"Pantograph":9,"Toolbox":12,"Bag of Preparation":12,"PureWater":0,"Orichalcum":7},{"Potion Belt":21,"Sozu":34,"Regal Pillow":15,"Happy Flower":21,"Pantograph":30,"Toolbox":40,"Bag of Preparation":40,"PureWater":0,"Orichalcum":26}]},"card_choices":[{"not_picked":["DeceiveReality","WheelKick"],"picked":"Tantrum","floor":1.0},{"not_picked":["EmptyMind","WindmillStrike"],"picked":"CutThroughFate","floor":2.0},{"not_picked":["EmptyBody","Crescendo"],"picked":"BowlingBash","floor":3.0},{"not_picked":["SandsOfTime","Sanctity"],"picked":"Halt","floor":4.0},{"not_picked":["Swivel","ReachHeaven"],"picked":"Tantrum","floor":6.0},{"not_picked":["ForeignInfluence","Study"],"picked":"Wireheading","floor":8.0},{"not_picked":["EmptyBody","Ragnarok"],"picked":"WreathOfFlame","floor":10.0},{"not_picked":["BowlingBash","Evaluate"],"picked":"Adaptation","floor":11.0},{"not_picked":["FollowUp","Weave"],"picked":"BattleHymn","floor":13.0},{"not_picked":["Devotion","Omniscience"],"picked":"DeusExMachina","floor":16.0},{"not_picked":["WaveOfTheHand","BowlingBash"],"picked":"FlyingSleeves+1","floor":18.0},{"not_picked":["WaveOfTheHand","ForeignInfluence"],"picked":"JustLucky","floor":19.0}],"player_experience":4107147,"relics_obtained":[{"floor":6.0,"key":"Regal Pillow"},{"floor":8.0,"key":"Potion Belt"},{"floor":9.0,"key":"Happy Flower"},{"floor":10.0,"key":"Orichalcum"}],"event_choices":[{"damage_healed":0.0,"max_hp_gain":0.0,"max_hp_loss":0.0,"gold_gain":0.0,"event_name":"World of Goop","player_choice":"Left Gold","floor":12.0,"gold_loss":69.0,"damage_taken":0.0},{"damage_healed":0.0,"max_hp_gain":0.0,"max_hp_loss":0.0,"gold_gain":0.0,"event_name":"WeMeetAgain","player_choice":"Paid Gold","floor":14.0,"gold_loss":58.0,"damage_taken":0.0,"relics_obtained":["Pantograph"]},{"damage_healed":0.0,"max_hp_gain":0.0,"max_hp_loss":0.0,"gold_gain":0.0,"event_name":"Addict","player_choice":"Obtained Relic","floor":20.0,"gold_loss":85.0,"damage_taken":0.0,"relics_obtained":["Bag of Preparation"]}],"is_beta":false,"boss_relics":[{"not_picked":["Snecko Eye","Runic Pyramid"],"picked":"Sozu"}],"items_purged_floors":[5,21],"is_endless":false,"potions_floor_spawned":[1,3,8],"killed_by":"Snecko","ascension_level":18}}