{"host":"aapp7ew3jk5k1bvd","time":1613998860,"event":{"mods":["AchievementEnabler","BaseMod","Colored Map","Custom Start","Keyboard Shortcuts","Minty Spire (QoL Compilation)","Permanent Neow","Quick Restart","StSLib","SuperFastMode"],"gold_per_floor":[117,117,134,46,58,58,84,84,136,166,166,166,91,101,101,203,203,217,217,232,242,142,174,49,49,49,83,99,99,99],"floor_reached":29,"language":"KOR","playtime":777,"items_purged":["Defend_G","Strike_G","Strike_G"],"score":420,"play_id":"5e98e9d4-e7c2-4a1f-9041-eaea3255ea6b","local_time":"20210222220100","is_ascension_mode":true,"campfire_choices":[{"data":"Poisoned Stab","floor":6,"key":"SMITH"},{"data":"Deadly Poison","floor":8,"key":"SMITH"},{"floor":15,"key":"REST"},{"floor":25,"key":"REST"}],"circlet_count":0,"master_deck":["AscendersBane","Defend_G","Defend_G","Defend_G","Defend_G","Survivor","Neutralize","Poisoned Stab+1","Finesse","Quick Slash+1","Deadly Poison+1","Backflip+1","Blade Dance","A Thousand Cuts","PiercingWail","Cloak And Dagger","Accuracy","Escape Plan","Dodge and Roll+1"],"relics":["Ring of the Snake","Boot","Lantern","PreservedInsect","WristBlade","Ornamental Fan","Eternal Feather","Singing Bowl"],"acts_visited":["Exordium","TheCity"],"potions_floor_usage":[7,23,27],"damage_taken":[{"damage":1,"enemies":"Jaw Worm","floor":1,"turns":6},{"damage":0,"enemies":"2 Louse","floor":3,"turns":3},{"damage":1,"enemies":"Small Slimes","floor":5,"turns":4},{"damage":4,"enemies":"3 Sentries","floor":7,"turns":7},{"damage":19,"enemies":"Lagavulin","floor":10,"turns":5},{"damage":0,"enemies":"Exordium Thugs","floor":14,"turns":6},{"damage":11,"enemies":"Hexaghost","floor":16,"turns":8},{"damage":7,"enemies":"3 Byrds","floor":18,"turns":3},{"damage":2,"enemies":"Shell Parasite","floor":20,"turns":5},{"damage":6,"enemies":"Snake Plant","floor":21,"turns":5},{"damage":34,"enemies":"Book of Stabbing","floor":23,"turns":6},{"damage":11,"enemies":"Gremlin Leader","floor":27,"turns":5},{"damage":3,"enemies":"Centurion and Healer","floor":28,"turns":6},{"damage":20,"enemies":"Cultist and Chosen","floor":29,"turns":4}],"seed_played":"6583113837550398354","potions_obtained":[{"floor":1,"key":"Dexterity Potion"},{"floor":5,"key":"Explosive Potion"},{"floor":7,"key":"ColorlessPotion"},{"floor":27,"key":"PowerPotion"}],"is_trial":false,"path_per_floor":["M","?","M","$","M","R","E","R","T","E","?","?","$","M","R","B",null,"M","?","M","M","$","E","$","R","T","E","M","M"],"character_chosen":"THE_SILENT","items_purchased":["Finesse"],"campfire_rested":2,"item_purchase_floors":[4],"current_hp_per_floor":[62,67,67,67,66,66,62,62,62,43,29,22,22,22,42,31,59,52,52,50,44,44,10,10,30,30,19,16,0,0],"gold":99,"neow_bonus":"REMOVE_TWO","is_daily":false,"chose_seed":false,"campfire_upgraded":2,"win_rate":0.0,"timestamp":1613998860,"path_taken":["M","?","M","$","M","R","E","R","T","E","?","?","?","?","R","BOSS","M","?","M","M","$","E","$","R","T","E","M","M"],"items_purchased_type":["Card"],"build_version":"2020-12-22","purchased_purges":3,"victory":false,"max_hp_per_floor":[63,68,68,68,68,68,68,68,68,68,68,68,68,68,68,68,68,68,68,68,68,68,68,68,68,68,68,68,68,68],"card_choices":[{"not_picked":["Footwork","Sucker Punch"],"picked":"Poisoned Stab","floor":1},{"not_picked":["Prepared","Outmaneuver","Bane"],"picked":"SKIP","floor":3},{"not_picked":["Underhanded Strike","Distraction"],"picked":"Quick Slash","floor":5},{"not_picked":["Grand Finale","Infinite Blades"],"picked":"Deadly Poison","floor":7},{"not_picked":["Expertise","Bane"],"picked":"Backflip","floor":10},{"not_picked":["Flying Knee","Bane"],"picked":"Blade Dance","floor":14},{"not_picked":["Glass Knife","Unload"],"picked":"A Thousand Cuts","floor":16},{"not_picked":["Dagger Spray","Setup"],"picked":"PiercingWail","floor":18},{"not_picked":["Dodge and Roll","Riddle With Holes+1"],"picked":"Cloak And Dagger","floor":20},{"not_picked":["Outmaneuver","Quick Slash"],"picked":"Accuracy","floor":21},{"not_picked":["Catalyst","Quick Slash","Wraith Form v2"],"picked":"SKIP","floor":23},{"not_picked":["Blade Dance","Outmaneuver+1"],"picked":"Escape Plan","floor":27},{"not_picked":["Terror","Backflip+1"],"picked":"Dodge and Roll+1","floor":28}],"player_experience":1056781,"relics_obtained":[{"floor":7,"key":"Boot"},{"floor":9,"key":"Lantern"},{"floor":10,"key":"PreservedInsect"},{"floor":23,"key":"Ornamental Fan"},{"floor":26,"key":"Eternal Feather"},{"floor":27,"key":"Singing Bowl"}],"event_choices":[{"damage_healed":0,"gold_gain":0,"player_choice":"Donut","damage_taken":0,"max_hp_gain":5,"max_hp_loss":0,"event_name":"Big Fish","floor":2,"gold_loss":0},{"damage_healed":0,"gold_gain":0,"player_choice":"Entered Light","damage_taken":14,"max_hp_gain":0,"max_hp_loss":0,"event_name":"Shining Light","floor":11,"gold_loss":0,"cards_upgraded":["Quick Slash","Backflip"]},{"cards_removed":["Strike_G"],"damage_healed":0,"gold_gain":0,"player_choice":"Card Removal","damage_taken":7,"max_hp_gain":0,"max_hp_loss":0,"event_name":"Golden Wing","floor":12,"gold_loss":0},{"damage_healed":0,"gold_gain":0,"player_choice":"Ignored","damage_taken":0,"max_hp_gain":0,"max_hp_loss":0,"event_name":"Vampires","floor":19,"gold_loss":0}],"is_beta":false,"boss_relics":[{"not_picked":["Philosopher\u0027s Stone","HoveringKite"],"picked":"WristBlade"}],"items_purged_floors":[13,22,24],"is_endless":false,"potions_floor_spawned":[1,5,7,14,18,27],"killed_by":"Cultist and Chosen","ascension_level":11}}