{"host":"yqztwemefsbhfep8","time":1613992412,"event":{"mods":["BaseMod","Downfall","Minty Spire (QoL Compilation)","StSLib"],"gold_per_floor":[99,112,124,424,424,424,424,435,335,73,104,104,40,53,71,71,71,71],"floor_reached":16,"language":"ENG","playtime":700,"items_purged":["downfall:Icky"],"score":100,"play_id":"a0190ce8-0ff1-4c8f-93f4-0b2d964e6dc1","local_time":"20210222031332","is_ascension_mode":false,"campfire_choices":[{"data":"sneckomod:SnekBite","floor":1,"key":"SMITH"},{"data":"sneckomod:Memorize","floor":6,"key":"SMITH"},{"floor":9,"key":"RECALL"}],"circlet_count":0,"master_deck":["sneckomod:Strike","sneckomod:Strike","sneckomod:Strike","sneckomod:Defend","sneckomod:Defend","sneckomod:Defend","sneckomod:TailWhip","sneckomod:SnekBite+1","sneckomod:Unknown","sneckomod:Unknown","sneckomod:SerpentMind","sneckomod:Memorize+1","sneckomod:WideSting","sneckomod:MorePower","expansioncontent:StudyTheSpire+1","sneckomod:UnknownRarePower+1","sneckomod:Nope","sneckomod:Unknown3Cost+1","sneckomod:UnknownDraw","sneckomod:UnknownUncommonPower+1","sneckomod:Nope","sneckomod:UnknownCommonAttack+1"],"relics":["sneckomod:SneckoSoul","downfall:HeartBlessingBlue","Boot"],"acts_visited":["Exordium"],"potions_floor_usage":[16,16],"damage_taken":[{"damage":14,"enemies":"Small Slimes","floor":2,"turns":4},{"damage":0,"enemies":"2 Louse","floor":3,"turns":2},{"damage":11,"enemies":"Jaw Worm","floor":8,"turns":3},{"damage":10,"enemies":"downfall:FleeingMerchant","floor":10,"turns":4},{"damage":28,"enemies":"Lagavulin","floor":11,"turns":6},{"damage":15,"enemies":"downfall:FleeingMerchant","floor":13,"turns":4},{"damage":12,"enemies":"Blue Slaver","floor":14,"turns":3},{"damage":10,"enemies":"Exordium Wildlife","floor":15,"turns":4},{"damage":11,"enemies":"SI_SHIV_ARCHETYPE","floor":16,"turns":3}],"seed_played":"7450277203157768981","potions_obtained":[{"floor":11,"key":"sneckomod:MuddlingPotion"},{"floor":14,"key":"Explosive Potion"}],"is_trial":false,"path_per_floor":["R","M","M","?","?","R","T","M","R","$","E","?","$","M","M","B"],"character_chosen":"THE_SNECKO","items_purchased":["expansioncontent:StudyTheSpire","ColorlessPotion"],"campfire_rested":0,"item_purchase_floors":[10,13],"current_hp_per_floor":[90,76,76,76,76,76,76,65,75,65,37,37,32,20,10,0,0,0],"gold":71,"neow_bonus":"ONE_RANDOM_RARE_CARD","is_daily":false,"chose_seed":false,"campfire_upgraded":2,"win_rate":0.0,"timestamp":1613992412,"path_taken":["R","M","M","?","?","R","T","M","R","$","E","?","$","M","M","BOSS"],"items_purchased_type":["Card","Potion"],"build_version":"2020-12-22","purchased_purges":1,"victory":false,"max_hp_per_floor":[90,90,90,90,90,90,90,90,100,100,100,100,100,100,100,100,100,100],"card_choices":[{"not_picked":["sneckomod:DiceCrush","sneckomod:DiceBlock","sneckomod:SoulDraw"],"picked":"SKIP","floor":2},{"not_picked":["sneckomod:QuickBite","sneckomod:SoulDraw"],"picked":"sneckomod:Memorize","floor":3},{"not_picked":["sneckomod:DiceCrush","sneckomod:SoulDraw"],"picked":"sneckomod:WideSting","floor":8},{"not_picked":["sneckomod:Unknown0Cost","sneckomod:PureSnecko"],"picked":"sneckomod:MorePower","floor":10},{"not_picked":["sneckomod:UnknownColorless+1","sneckomod:UnknownUncommonAttack+1"],"picked":"sneckomod:UnknownRarePower+1","floor":11},{"not_picked":["sneckomod:UnknownUncommonAttack","sneckomod:UnknownCommonAttack"],"picked":"sneckomod:Nope","floor":11},{"not_picked":["sneckomod:UnknownX+1","sneckomod:Unknown1Cost+1"],"picked":"sneckomod:Unknown3Cost+1","floor":13},{"not_picked":["sneckomod:UnknownColorless","sneckomod:CheapStock"],"picked":"sneckomod:UnknownDraw","floor":13},{"not_picked":["sneckomod:UnknownUncommonSkill+1","sneckomod:UnknownDexterity+1"],"picked":"sneckomod:UnknownUncommonPower+1","floor":14},{"not_picked":["sneckomod:QuickBite","sneckomod:UnknownBlock"],"picked":"sneckomod:Nope","floor":14},{"not_picked":["sneckomod:UnknownUncommonPower+1","sneckomod:UnknownWeak+1"],"picked":"sneckomod:UnknownCommonAttack+1","floor":15},{"not_picked":["sneckomod:DefensiveFlair","sneckomod:UnknownUncommonAttack","sneckomod:UnknownBlock"],"picked":"SKIP","floor":15}],"player_experience":343962,"relics_obtained":[{"floor":11,"key":"Boot"}],"event_choices":[{"cards_removed":["downfall:Icky"],"damage_healed":0,"gold_gain":0,"player_choice":"Card Removal","damage_taken":0,"max_hp_gain":0,"max_hp_loss":0,"event_name":"The Cleric","floor":5,"gold_loss":0},{"damage_healed":0,"gold_gain":0,"player_choice":"Grow","damage_taken":0,"max_hp_gain":0,"max_hp_loss":0,"event_name":"Living Wall","floor":12,"gold_loss":0,"cards_upgraded":["expansioncontent:StudyTheSpire"]}],"is_beta":false,"boss_relics":[],"items_purged_floors":[10],"is_endless":false,"potions_floor_spawned":[11,14],"killed_by":"SI_SHIV_ARCHETYPE","ascension_level":0}}