{"host":"1xo5g347e5o4auts","time":1613978179,"event":{"mods":["BaseMod","Minty Spire (QoL Compilation)","Permanent Neow","StSLib"],"gold_per_floor":[10,10,24,35,58,91,56,56,80,91,91,158,186,85,85,159,159,170,182,199,2,2,2,2],"floor_reached":23,"language":"ENG","playtime":556,"items_purged":["Strike_B"],"score":452,"play_id":"1c457509-5e41-4fe1-82fc-a3360083e27e","local_time":"20210222091619","is_ascension_mode":true,"campfire_choices":[{"data":"Electrodynamics","floor":11.0,"key":"SMITH"},{"data":"Capacitor","floor":15.0,"key":"SMITH"}],"circlet_count":0,"master_deck":["AscendersBane","Strike_B","Strike_B+1","Defend_B","Defend_B","Defend_B","Defend_B","Zap","Dualcast","Electrodynamics+1","Auto Shields","Sweeping Beam","Undo","Melter+1","Glacier","Lockon","Doom and Gloom","Capacitor+1","Capacitor","Echo Form","BootSequence+1","Defragment"],"relics":["Cracked Core","Gambling Chip","SsserpentHead","Whetstone","Blood Vial","Runic Dome","Membership Card","Smiling Mask"],"acts_visited":["Exordium","TheCity"],"potions_floor_usage":[23,23],"damage_taken":[{"damage":6.0,"enemies":"Cultist","floor":1.0,"turns":4.0},{"damage":1.0,"enemies":"Jaw Worm","floor":3.0,"turns":4.0},{"damage":2.0,"enemies":"Small Slimes","floor":4.0,"turns":4.0},{"damage":21.0,"enemies":"Lagavulin","floor":6.0,"turns":6.0},{"damage":3.0,"enemies":"3 Louse","floor":10.0,"turns":3.0},{"damage":0.0,"enemies":"Lots of Slimes","floor":12.0,"turns":1.0},{"damage":0.0,"enemies":"Gremlin Nob","floor":13.0,"turns":3.0},{"damage":32.0,"enemies":"Hexaghost","floor":16.0,"turns":11.0},{"damage":0,"enemies":"Chosen","floor":18,"turns":5},{"damage":0,"enemies":"Spheric Guardian","floor":19,"turns":1},{"damage":33,"enemies":"Snake Plant","floor":20,"turns":5},{"damage":33,"enemies":"Gremlin Leader","floor":23,"turns":1}],"seed_played":"-4157862154739361923","potions_obtained":[{"floor":1.0,"key":"Ancient Potion"},{"floor":4.0,"key":"Strength Potion"},{"floor":10.0,"key":"AttackPotion"},{"floor":16.0,"key":"Energy Potion"}],"is_trial":false,"path_per_floor":["M","?","M","M","T","E","?","?","T","M","R","M","E","$","R","B",null,"M","M","M","$","?","E"],"character_chosen":"DEFECT","items_purchased":["Capacitor","Membership Card","Defragment"],"campfire_rested":0,"item_purchase_floors":[14,21,21],"current_hp_per_floor":[58,58,57,55,55,34,51,51,51,48,48,48,48,48,48,18,58,60,62,31,31,31,0,0],"gold":2,"neow_bonus":"THREE_RARE_CARDS","is_daily":false,"chose_seed":false,"campfire_upgraded":2,"win_rate":0.0,"timestamp":1613978179,"path_taken":["M","?","M","M","?","E","?","?","T","M","R","?","E","?","R","BOSS","M","M","M","$","?","E"],"items_purchased_type":["Card","Relic","Card"],"build_version":"2020-12-22","purchased_purges":1,"victory":false,"max_hp_per_floor":[71,71,71,71,71,71,71,71,71,71,71,71,71,71,71,71,71,71,71,71,71,71,71,71],"card_choices":[{"not_picked":["Buffer","Rainbow"],"picked":"Electrodynamics","floor":0.0},{"not_picked":["Redo","White Noise"],"picked":"Auto Shields","floor":1.0},{"not_picked":["Stack","Chaos"],"picked":"Undo","floor":3.0},{"not_picked":["Cold Snap","Tempest"],"picked":"Melter","floor":4.0},{"not_picked":["Electrodynamics","Stack"],"picked":"Glacier","floor":6.0},{"not_picked":["Consume","Cold Snap"],"picked":"Lockon","floor":10.0},{"not_picked":["Cold Snap","Aggregate","Doom and Gloom"],"picked":"SKIP","floor":12.0},{"not_picked":["Cold Snap","Aggregate"],"picked":"Doom and Gloom","floor":12.0},{"not_picked":["Ball Lightning","Reprogram"],"picked":"Capacitor","floor":13.0},{"not_picked":["Hyperbeam","Thunder Strike"],"picked":"Echo Form","floor":16.0},{"not_picked":["Blizzard","Leap","Stack"],"picked":"SKIP","floor":18},{"not_picked":["Conserve Battery","Tempest"],"picked":"BootSequence+1","floor":19},{"not_picked":["Hello World","Turbo","Sweeping Beam"],"picked":"SKIP","floor":20}],"player_experience":1504411,"relics_obtained":[{"floor":6.0,"key":"Gambling Chip"},{"floor":9.0,"key":"Whetstone"},{"floor":13.0,"key":"Blood Vial"}],"event_choices":[{"damage_healed":0.0,"max_hp_gain":0.0,"max_hp_loss":0.0,"gold_gain":0.0,"cards_transformed":["Strike_B"],"event_name":"Living Wall","player_choice":"Change","floor":2.0,"gold_loss":0.0,"damage_taken":0.0,"cards_obtained":["Sweeping Beam"]},{"damage_healed":17.0,"max_hp_gain":0.0,"max_hp_loss":0.0,"gold_gain":0.0,"event_name":"The Cleric","player_choice":"Healed","floor":7.0,"gold_loss":35.0,"damage_taken":0.0},{"damage_healed":0.0,"max_hp_gain":0.0,"max_hp_loss":0.0,"gold_gain":0.0,"event_name":"FaceTrader","player_choice":"Trade","floor":8.0,"gold_loss":0.0,"damage_taken":0.0,"relics_obtained":["SsserpentHead"]},{"damage_healed":0,"gold_gain":0,"player_choice":"Paid Gold","damage_taken":0,"relics_obtained":["Smiling Mask"],"max_hp_gain":0,"max_hp_loss":0,"event_name":"WeMeetAgain","floor":22,"gold_loss":50}],"is_beta":false,"boss_relics":[{"not_picked":["Calling Bell","Astrolabe"],"picked":"Runic Dome"}],"items_purged_floors":[14],"is_endless":false,"potions_floor_spawned":[1,4,10,16,20],"killed_by":"Gremlin Leader","ascension_level":20}}