{"host":"g8a0qo0vjtg6u5wv","time":1613998912,"event":{"mods":["BaseMod","Colored Map","Custom Start","KOR Keyword Fix","Minty Spire (QoL Compilation)","StSLib","SuperFastMode"],"gold_per_floor":[117,128,78,78,96,96,107,8,8,8,8,32,50,84,84,173,173,188,203,35,59,59,84,84,84,84,84,95,123,134,145,145,219,219,233,25,43,62,80,106,106,106,106,126,126,143,176,245,245,245,245],"floor_reached":50,"language":"KOR","playtime":1344,"items_purged":["Strike_G","Strike_G","Writhe"],"score":1050,"play_id":"7642a996-95f1-4765-94fd-e9e8d49758e7","local_time":"20210222220152","is_ascension_mode":true,"campfire_choices":[{"data":"Blade Dance","floor":6.0,"key":"SMITH"},{"data":"Deadly Poison","floor":11.0,"key":"SMITH"},{"data":"Calculated Gamble","floor":15.0,"key":"SMITH"},{"floor":25.0,"key":"REST"},{"data":"Envenom","floor":27,"key":"SMITH"},{"data":"Adrenaline","floor":32,"key":"SMITH"},{"data":"Accuracy","floor":41,"key":"SMITH"},{"data":"Impatience","floor":45,"key":"SMITH"},{"data":"Infinite Blades","floor":49,"key":"SMITH"}],"circlet_count":0,"master_deck":["AscendersBane","Strike_G","Strike_G","Defend_G","Defend_G","Defend_G","Defend_G","Defend_G","Survivor","Neutralize","Cloak And Dagger","Blade Dance+1","Flying Knee+1","Deadly Poison+1","Dagger Spray+1","Calculated Gamble+1","Finisher+1","Masterful Stab+1","Adrenaline+1","Crippling Poison+1","Sucker Punch+1","Envenom+1","Blade Dance+1","Backflip+1","Dagger Throw+1","Catalyst","Accuracy+1","Infinite Blades+1","Dodge and Roll","Impatience+1","Backflip+1","Heel Hook+1","Clumsy","Reflex","Slice+1","Decay"],"relics":["Cursed Key","Molten Egg 2","Bloody Idol","Shuriken","WristBlade","Pear","Meat on the Bone","Bronze Scales","Coffee Dripper","Oddly Smooth Stone","Strawberry","Mummified Hand"],"acts_visited":["Exordium","TheCity","TheBeyond"],"potions_floor_usage":[30,46,50],"damage_taken":[{"damage":1.0,"enemies":"Jaw Worm","floor":1.0,"turns":6.0},{"damage":2.0,"enemies":"Small Slimes","floor":2.0,"turns":4.0},{"damage":0.0,"enemies":"2 Louse","floor":5.0,"turns":3.0},{"damage":2.0,"enemies":"2 Fungi Beasts","floor":7.0,"turns":4.0},{"damage":0.0,"enemies":"Red Slaver","floor":12.0,"turns":2.0},{"damage":0.0,"enemies":"Large Slime","floor":13.0,"turns":3.0},{"damage":0.0,"enemies":"Gremlin Nob","floor":14.0,"turns":2.0},{"damage":0.0,"enemies":"Slime Boss","floor":16.0,"turns":5.0},{"damage":1.0,"enemies":"Shell Parasite","floor":18.0,"turns":3.0},{"damage":0.0,"enemies":"Spheric Guardian","floor":19.0,"turns":2.0},{"damage":23.0,"enemies":"Shelled Parasite and Fungi","floor":21.0,"turns":3.0},{"damage":13.0,"enemies":"Gremlin Leader","floor":23.0,"turns":4.0},{"damage":13,"enemies":"Centurion and Healer","floor":28,"turns":4},{"damage":28,"enemies":"Slavers","floor":29,"turns":5},{"damage":0,"enemies":"Snecko","floor":30,"turns":2},{"damage":27,"enemies":"Snake Plant","floor":31,"turns":3},{"damage":80,"enemies":"Automaton","floor":33,"turns":7},{"damage":20,"enemies":"Orb Walker","floor":35,"turns":3},{"damage":11,"enemies":"3 Shapes","floor":37,"turns":3},{"damage":14,"enemies":"Spire Growth","floor":38,"turns":3},{"damage":16,"enemies":"Jaw Worm Horde","floor":39,"turns":4},{"damage":41,"enemies":"Giant Head","floor":40,"turns":7},{"damage":0,"enemies":"Sphere and 2 Shapes","floor":44,"turns":3},{"damage":12,"enemies":"Transient","floor":46,"turns":5},{"damage":22,"enemies":"Nemesis","floor":47,"turns":7},{"damage":54,"enemies":"Time Eater","floor":50,"turns":5}],"seed_played":"-765453937291765457","potions_obtained":[{"floor":2.0,"key":"AttackPotion"},{"floor":13.0,"key":"FairyPotion"},{"floor":18.0,"key":"SmokeBomb"},{"floor":21.0,"key":"Swift Potion"},{"floor":37,"key":"Energy Potion"},{"floor":40,"key":"SkillPotion"},{"floor":47,"key":"Weak Potion"}],"is_trial":false,"path_per_floor":["M","M","?","?","M","R","M","$","T","?","R","M","M","E","R","B",null,"M","M","$","M","?","E","?","R","T","R","M","E","M","M","R","B",null,"M","$","M","M","M","E","R","?","T","M","R","M","E","T","R","B"],"character_chosen":"THE_SILENT","items_purchased":["Dagger Spray+1","Envenom","Impatience"],"campfire_rested":1,"item_purchase_floors":[8,20,36],"current_hp_per_floor":[62,60,60,42,42,42,40,40,40,40,40,40,40,40,40,40,59,58,58,58,35,35,37,37,59,59,59,51,40,45,35,35,39,66,51,51,45,48,49,25,25,66,66,66,66,59,49,54,54,0,0],"gold":245,"neow_bonus":"BOSS_RELIC","is_daily":false,"chose_seed":false,"campfire_upgraded":8,"win_rate":0.0,"timestamp":1613998912,"path_taken":["M","M","?","?","M","R","M","$","T","?","R","M","M","E","R","BOSS","M","M","$","M","?","E","?","R","T","R","M","E","M","M","R","BOSS","M","$","M","M","M","E","R","?","T","M","R","M","E","?","R","BOSS"],"items_purchased_type":["Card","Card","Card"],"build_version":"2020-12-22","purchased_purges":3,"victory":false,"max_hp_per_floor":[70,70,70,70,70,70,70,70,70,65,65,65,65,65,65,65,65,65,65,65,65,65,75,75,75,75,75,75,75,75,75,75,75,75,75,75,75,75,75,75,75,66,66,66,66,66,73,73,73,73,73],"card_choices":[{"not_picked":["Backflip","Calculated Gamble"],"picked":"Cloak And Dagger","floor":1.0},{"not_picked":["Catalyst","Distraction"],"picked":"Blade Dance","floor":2.0},{"not_picked":["Deadly Poison","Reflex"],"picked":"Flying Knee+1","floor":5.0},{"not_picked":["Bane+1","Dagger Throw+1"],"picked":"Deadly Poison","floor":7.0},{"not_picked":["Endless Agony+1","Acrobatics"],"picked":"Calculated Gamble","floor":12.0},{"not_picked":["Dagger Throw+1","Bane+1"],"picked":"Finisher+1","floor":13.0},{"not_picked":["All Out Attack+1","Quick Slash+1"],"picked":"Masterful Stab+1","floor":14.0},{"not_picked":["Storm of Steel","Die Die Die+1"],"picked":"Adrenaline","floor":16.0},{"not_picked":["PiercingWail","Infinite Blades"],"picked":"Crippling Poison+1","floor":18.0},{"not_picked":["Caltrops","Flying Knee+1"],"picked":"Sucker Punch+1","floor":19.0},{"not_picked":["Bouncing Flask","Masterful Stab+1"],"picked":"Blade Dance+1","floor":21.0},{"not_picked":["Bane+1","Blade Dance"],"picked":"Backflip+1","floor":23.0},{"not_picked":["Doppelganger","Expertise"],"picked":"Dagger Throw+1","floor":28},{"not_picked":["Caltrops","Acrobatics"],"picked":"Catalyst","floor":29},{"not_picked":["PiercingWail","Blur"],"picked":"Accuracy","floor":30},{"not_picked":["Heel Hook+1","Quick Slash+1"],"picked":"Infinite Blades","floor":31},{"not_picked":["Dagger Spray+1","Flying Knee+1"],"picked":"Dodge and Roll","floor":35},{"not_picked":["Sucker Punch+1","Prepared","Riddle With Holes+1"],"picked":"SKIP","floor":37},{"not_picked":["Concentrate+1","Accuracy"],"picked":"Backflip+1","floor":38},{"not_picked":["Sucker Punch+1","Eviscerate+1","Heel Hook+1"],"picked":"SKIP","floor":39},{"not_picked":["Sucker Punch+1","Eviscerate+1"],"picked":"Heel Hook+1","floor":39},{"not_picked":["Riddle With Holes+1","Storm of Steel","Blade Dance"],"picked":"SKIP","floor":40},{"not_picked":["Deadly Poison","Distraction"],"picked":"Reflex","floor":44},{"not_picked":["Catalyst","Dagger Spray+1"],"picked":"Slice+1","floor":46},{"not_picked":["Dagger Throw+1","Burst","Quick Slash+1"],"picked":"SKIP","floor":47}],"player_experience":586774,"relics_obtained":[{"floor":14.0,"key":"Shuriken"},{"floor":23.0,"key":"Pear"},{"floor":29,"key":"Bronze Scales"},{"floor":40,"key":"Oddly Smooth Stone"},{"floor":47,"key":"Strawberry"},{"floor":48,"key":"Mummified Hand"}],"event_choices":[{"cards_removed":["Strike_G"],"damage_healed":0.0,"max_hp_gain":0.0,"max_hp_loss":0.0,"gold_gain":0.0,"event_name":"The Cleric","player_choice":"Card Removal","floor":3.0,"gold_loss":50.0,"damage_taken":0.0},{"damage_healed":0.0,"max_hp_gain":0.0,"max_hp_loss":0.0,"gold_gain":0.0,"event_name":"Scrap Ooze","player_choice":"Success","floor":4.0,"gold_loss":0.0,"damage_taken":18.0,"relics_obtained":["Molten Egg 2"]},{"damage_healed":0.0,"max_hp_gain":0.0,"max_hp_loss":5.0,"gold_gain":0.0,"event_name":"Golden Idol","player_choice":"Lose Max HP","floor":10.0,"gold_loss":0.0,"damage_taken":0.0,"relics_obtained":["Golden Idol"]},{"damage_healed":0.0,"max_hp_gain":0.0,"max_hp_loss":0.0,"gold_gain":0.0,"event_name":"Forgotten Altar","player_choice":"Gave Idol","floor":22.0,"relics_lost":["Golden Idol"],"gold_loss":0.0,"damage_taken":0.0,"relics_obtained":["Bloody Idol"]},{"damage_healed":0.0,"max_hp_gain":0.0,"max_hp_loss":0.0,"gold_gain":0.0,"event_name":"The Mausoleum","player_choice":"Opened","floor":24.0,"gold_loss":0.0,"damage_taken":0.0,"relics_obtained":["Meat on the Bone"],"cards_obtained":["Writhe"]},{"damage_healed":66,"gold_gain":0,"player_choice":"Heal","damage_taken":0,"max_hp_gain":0,"max_hp_loss":9,"event_name":"The Moai Head","floor":42,"gold_loss":0}],"is_beta":false,"boss_relics":[{"not_picked":["Tiny House","HoveringKite"],"picked":"WristBlade"},{"not_picked":["Snecko Eye","Philosopher\u0027s Stone"],"picked":"Coffee Dripper"}],"items_purged_floors":[8,20,36],"is_endless":false,"potions_floor_spawned":[2,13,14,18,21,28,29,37,40,47],"killed_by":"Time Eater","ascension_level":13}}