{"host":"4lhs9mfpcz34ad49","time":1613965917,"event":{"mods":["AchievementEnabler","BaseMod","Colored Powertips","Minty Spire (QoL Compilation)","Replay The Spire","StSLib"],"gold_per_floor":[211,223,234,246,246,257,257,280,330,357,378,378,422,447,447,552,552,579,228,254,283,295,269,286,310,310,250,285,303,303,303],"floor_reached":30,"language":"ENG","playtime":1713,"items_purged":[],"score":256,"play_id":"d8ba9c60-e67b-433d-92ab-bbd7f1d649a1","local_time":"20210222005157","is_ascension_mode":false,"campfire_choices":[{"data":"Streamline","floor":7.0,"key":"SMITH"},{"floor":12.0,"key":"REST"},{"floor":15.0,"key":"REST"}],"circlet_count":0,"master_deck":["Strike_B+1","Strike_B+1","Strike_B","Strike_B","Defend_B","Defend_B","Defend_B","Zap","Dualcast","White Noise","Reinforced Body","Redo","Streamline+1","Electrodynamics","Capacitor","Barrage","Zap","Hologram","Storm","Cold Snap","ReplayRNGCard","Loop","Cold Snap","Steam","Reinforced Body","Stack","Crystallizer","Heatsinks+1","Thunder Strike","Echo Form","Jack Of All Trades"],"relics":["Cracked Core","CeramicFish","Whetstone","Replay:Rubber Ducky","Busted Crown","Dream Catcher","Strawberry","Gremlin Horn","Vajra"],"acts_visited":["Exordium","TheCity"],"potions_floor_usage":[],"damage_taken":[{"damage":0.0,"enemies":"Cultist","floor":1.0,"turns":4.0},{"damage":5.0,"enemies":"Jaw Worm","floor":2.0,"turns":4.0},{"damage":3.0,"enemies":"Small Slimes","floor":3.0,"turns":3.0},{"damage":4.0,"enemies":"2 Fungi Beasts","floor":4.0,"turns":4.0},{"damage":17.0,"enemies":"Looter","floor":6.0,"turns":4.0},{"damage":12.0,"enemies":"Lots of Slimes","floor":11.0,"turns":2.0},{"damage":15.0,"enemies":"Gremlin Nob","floor":13.0,"turns":4.0},{"damage":0.0,"enemies":"3 Louse","floor":14.0,"turns":2.0},{"damage":37.0,"enemies":"Hexaghost","floor":16.0,"turns":9.0},{"damage":3.0,"enemies":"Shell Parasite","floor":18.0,"turns":6.0},{"damage":0.0,"enemies":"Chosen","floor":20.0,"turns":4.0},{"damage":26.0,"enemies":"Shelled Parasite and Fungi","floor":21.0,"turns":8.0},{"damage":5.0,"enemies":"Snake Plant","floor":22.0,"turns":4.0},{"damage":11.0,"enemies":"Cultist and Chosen","floor":24.0,"turns":5.0},{"damage":0.0,"enemies":"Snecko","floor":25.0,"turns":5.0},{"damage":36.0,"enemies":"Book of Stabbing","floor":28.0,"turns":7.0},{"damage":2,"enemies":"Centurion and Healer","floor":30,"turns":1}],"seed_played":"-8637106498968726853","potions_obtained":[{"floor":3.0,"key":"BlessingOfTheForge"},{"floor":6.0,"key":"ColorlessPotion"},{"floor":14.0,"key":"Strength Potion"},{"floor":16.0,"key":"Flashbang"},{"floor":18.0,"key":"ColorlessPotion"}],"is_trial":false,"path_per_floor":["M","M","M","M","?","M","R","T","T","?","M","R","E","M","R","B",null,"M","$","M","M","M","$","M","M","T","?","E","?","M"],"character_chosen":"DEFECT","items_purchased":["Cold Snap","Steam","Dream Catcher","Strawberry","Crystallizer"],"campfire_rested":2,"item_purchase_floors":[19,19,19,19,23],"current_hp_per_floor":[75,70,67,63,63,46,46,46,46,46,34,56,41,41,63,26,75,72,79,79,53,48,48,37,37,37,37,1,1,0,0],"gold":303,"neow_bonus":"HUNDRED_GOLD","is_daily":false,"chose_seed":false,"campfire_upgraded":1,"win_rate":0.0,"timestamp":1613965917,"path_taken":["M","M","M","?","?","M","R","?","T","?","?","R","E","M","R","BOSS","M","$","M","M","M","$","M","M","T","?","E","?","?"],"items_purchased_type":["Card","Card","Relic","Relic","Card"],"build_version":"2020-12-22","purchased_purges":0,"victory":false,"max_hp_per_floor":[75,75,75,75,75,75,75,75,75,75,75,75,75,75,75,75,75,75,82,82,82,82,82,82,82,82,82,82,82,82,82],"card_choices":[{"not_picked":["Redo","Rebound"],"picked":"White Noise","floor":1.0},{"not_picked":["ReplayTheSpireMod:System Scan","Beam Cell"],"picked":"Reinforced Body","floor":2.0},{"not_picked":["ReplayTheSpireMod:Reroute Power","Rebound"],"picked":"Redo","floor":3.0},{"not_picked":["ReplayTheSpireMod:Reroute Power","FIFO Queue"],"picked":"Streamline","floor":4.0},{"not_picked":["Beam Cell","Barrage"],"picked":"Electrodynamics","floor":6.0},{"not_picked":["Gash","Redo"],"picked":"Hologram","floor":11.0},{"not_picked":["BasicCrystalCard","ReplayTheSpireMod:Reroute Power"],"picked":"Storm","floor":13.0},{"not_picked":["Aggregate","Storm"],"picked":"Cold Snap","floor":14.0},{"not_picked":["Biased Cognition","ReplayTheSpireMod:Omega Cannon"],"picked":"ReplayRNGCard","floor":16.0},{"not_picked":[],"picked":"Loop","floor":18.0},{"not_picked":[],"picked":"Reinforced Body","floor":20.0},{"not_picked":[],"picked":"Stack","floor":21.0},{"not_picked":["Tempest+1"],"picked":"SKIP","floor":22.0},{"not_picked":["Sweeping Beam"],"picked":"SKIP","floor":24.0},{"not_picked":[],"picked":"Heatsinks+1","floor":25.0},{"not_picked":[],"picked":"Thunder Strike","floor":28.0}],"player_experience":435745,"relics_obtained":[{"floor":8.0,"key":"CeramicFish"},{"floor":9.0,"key":"Whetstone"},{"floor":13.0,"key":"Replay:Rubber Ducky"},{"floor":26.0,"key":"Gremlin Horn"},{"floor":28.0,"key":"Vajra"}],"event_choices":[{"damage_healed":0.0,"max_hp_gain":0.0,"max_hp_loss":0.0,"gold_gain":0.0,"event_name":"Match and Keep!","player_choice":"3 cards matched","floor":10.0,"gold_loss":0.0,"damage_taken":0.0,"cards_obtained":["Capacitor","Barrage","Zap"]},{"damage_healed":0.0,"max_hp_gain":0.0,"max_hp_loss":0.0,"gold_gain":0.0,"event_name":"Match and Keep!","player_choice":"2 cards matched","floor":29.0,"gold_loss":0.0,"damage_taken":0.0,"cards_obtained":["Echo Form","Jack Of All Trades"]}],"is_beta":false,"boss_relics":[{"not_picked":["Runic Dome","SlaversCollar"],"picked":"Busted Crown"}],"items_purged_floors":[],"is_endless":false,"potions_floor_spawned":[3,6,14,16,18,22],"killed_by":"Centurion and Healer","ascension_level":0}}