{"host":"drl4gs3853zme1q6","time":1613970306,"event":{"mods":["BaseMod","Colored Map","Colored Powertips","Hermit","Hubris","Infinite Spire","Minty Spire (QoL Compilation)","Replay The Spire","StSLib","The Cursed"],"gold_per_floor":[418,435,435,455,174,174,188,188,188,201,124,124,124,135,135,234,234,250,264,264,264,283,318,318,331,331,342,342,379,294,331,331,444,444,471,498,557,566,566,603,623,647,647,647,490,490,506,533,533,533,533],"floor_reached":50,"language":"ENG","playtime":2565,"items_purged":[],"score":674,"play_id":"7c759c60-b278-4d41-85a2-9032196a7dca","local_time":"20210221230506","daily_mods":["Allstar","Heirloom","Time Dilation"],"is_ascension_mode":false,"campfire_choices":[{"data":"TheCursedMod:Hemoplague","floor":6,"key":"SMITH"},{"data":"TheCursedMod:CircleOfBlood","floor":8,"key":"SMITH"},{"data":"TheCursedMod:Hemoplague","floor":12,"key":"SMITH"},{"data":"TheCursedMod:SoulReap","floor":15,"key":"SMITH"},{"data":"TheCursedMod:Hemoplague","floor":24,"key":"SMITH"},{"data":"TheCursedMod:Torture","floor":28,"key":"SMITH"},{"data":"hubris:Fate","floor":32,"key":"SMITH"},{"data":"hubris:Fate","floor":44,"key":"SMITH"},{"data":"TheCursedMod:FleshFromBone","floor":49,"key":"SMITH"}],"circlet_count":0,"master_deck":["TheCursedMod:ReleasedStrength+1","TheCursedMod:Strike_TheCursed","TheCursedMod:Strike_TheCursed","TheCursedMod:Strike_TheCursed","TheCursedMod:Strike_TheCursed","TheCursedMod:Defend_TheCursed","TheCursedMod:Defend_TheCursed","TheCursedMod:Defend_TheCursed","TheCursedMod:Defend_TheCursed","TheCursedMod:CursedWand","TheCursedMod:CleanUpWorkshop","TheCursedMod:Dregs","Midas Touch","Bandage Up","Panache","TheCursedMod:SoulReap+1","TheCursedMod:SpitefulStrike","TheCursedMod:TacticalStrike","TheCursedMod:Hemoplague+1","TheCursedMod:CircleOfBlood+1","TheCursedMod:Hemoplague+1","TheCursedMod:CursedMace+1","TheCursedMod:UltimatePain","TheCursedMod:Hemoplague+1","TheCursedMod:WearCloak","hubris:Fate+1","hubris:Fate+1","TheCursedMod:Torture+1","TheCursedMod:Stigma+1","TheCursedMod:FleshFromBone+1","TheCursedMod:CursedAmulet","TheCursedMod:Torture+1","TheCursedMod:Stigma+1","TheCursedMod:StunningStrike+1","TheCursedMod:Torture+1","TheCursedMod:SpreadPlague","TheCursedMod:VitalStrike+1","Magnetism+1","TheCursedMod:CursedShiv+1","TheCursedMod:FleshFromBone+1","TheCursedMod:CursedShiv+1","TheCursedMod:Stigma+1","TheCursedMod:CircleOfAbyss+1"],"relics":["TheCursedMod:BlackMagic101","Old Coin","FaceOfCleric","Molten Egg 2","Blue Doll","Honey Jar","Smiling Mask","Golden Egg","TheCursedMod:MagicCandle","CeramicFish","hubris:PeanutButter","Darkstone Periapt","hubris:Backtick","TheCursedMod:BloodyHarpoon","StoneCalendar","Mirror","Blood Vial","hubris:BundleOfHerbs","Simple Rune"],"acts_visited":["Exordium","TheCity","TheBeyond"],"potions_floor_usage":[16,16,19,22,29,31,47],"damage_taken":[{"damage":1,"enemies":"2 Louse","floor":1,"turns":4},{"damage":9,"enemies":"Cultist","floor":2,"turns":4},{"damage":14,"enemies":"Jaw Worm","floor":4,"turns":4},{"damage":7,"enemies":"Exordium Thugs","floor":7,"turns":4},{"damage":17,"enemies":"2 Fungi Beasts","floor":10,"turns":4},{"damage":9,"enemies":"Exordium Wildlife","floor":14,"turns":3},{"damage":19,"enemies":"Hexaghost","floor":16,"turns":8},{"damage":27,"enemies":"Spheric Guardian","floor":18,"turns":5},{"damage":36,"enemies":"3 Byrds","floor":19,"turns":4},{"damage":33,"enemies":"3 Cultists","floor":22,"turns":4},{"damage":0,"enemies":"Nightmare","floor":23,"turns":5},{"damage":3,"enemies":"Cultist and Chosen","floor":25,"turns":6},{"damage":0,"enemies":"Snake Plant","floor":27,"turns":3},{"damage":7,"enemies":"Gremlin Leader","floor":29,"turns":2},{"damage":25,"enemies":"Slavers","floor":31,"turns":4},{"damage":15,"enemies":"hubris:MusketHawk","floor":33,"turns":6},{"damage":0,"enemies":"3 Shapes","floor":35,"turns":4},{"damage":0,"enemies":"Orb Walker","floor":36,"turns":3},{"damage":0,"enemies":"Mind Bloom Boss Battle","floor":37,"turns":1},{"damage":7,"enemies":"Nemesis","floor":40,"turns":4},{"damage":0,"enemies":"Jaw Worm Horde","floor":41,"turns":2},{"damage":0,"enemies":"Writhing Mass","floor":42,"turns":1},{"damage":27,"enemies":"4 Shapes","floor":47,"turns":4},{"damage":15,"enemies":"Maw","floor":48,"turns":5},{"damage":115,"enemies":"Awakened One","floor":50,"turns":5}],"seed_played":"-2693881809534012358","potions_obtained":[{"floor":2,"key":"ColorlessPotion"},{"floor":14,"key":"LifebloodPotion"},{"floor":16,"key":"Block Potion"},{"floor":19,"key":"Adrenaline Potion"},{"floor":22,"key":"Weak Potion"},{"floor":23,"key":"Elixir"},{"floor":29,"key":"PowerPotion"},{"floor":31,"key":"GamblersBrew"},{"floor":37,"key":"SmokeBomb"}],"is_trial":true,"path_per_floor":["M","M","?","M","$","R","M","R","T","M","$","R","?","M","R","B",null,"M","M","AVR","?","M","NM","R","M","T","M","R","E","?","E","R","B",null,"M","M","?","?","AVR","E","M","M","T","R","$","?","M","M","R","B"],"character_chosen":"THE_CURSED","items_purchased":["Molten Egg 2","TheCursedMod:Hemoplague","TheCursedMod:Hemoplague","TheCursedMod:Stigma+1","Simple Rune"],"campfire_rested":0,"item_purchase_floors":[5,5,11,45,45],"current_hp_per_floor":[75,70,70,62,62,62,71,71,71,70,70,70,88,88,88,75,90,86,68,68,68,57,80,80,95,95,96,96,90,90,95,95,97,99,100,101,102,102,102,100,103,105,105,105,105,105,101,93,93,0,0],"gold":533,"neow_bonus":"","is_daily":false,"chose_seed":false,"campfire_upgraded":9,"win_rate":0.0,"timestamp":1613970306,"path_taken":["M","M","?","M","$","R","?","R","T","M","?","R","?","M","R","BOSS","M","M","AVR","?","M","NM","R","M","T","?","R","E","?","E","R","BOSS","M","M","?","?","AVR","E","?","M","T","R","$","?","M","M","R","BOSS"],"items_purchased_type":["Relic","Card","Card","Card","Relic"],"build_version":"2020-12-22","purchased_purges":0,"victory":false,"max_hp_per_floor":[75,75,75,76,76,76,77,77,77,78,78,78,88,89,89,90,90,91,92,92,92,93,94,94,95,95,96,96,97,97,98,98,99,99,100,101,102,102,102,103,104,105,105,105,105,105,106,107,107,107,107],"card_choices":[{"not_picked":["TheCursedMod:SoulCrush","TheCursedMod:Stretching"],"picked":"TheCursedMod:SoulReap","floor":1},{"not_picked":["TheCursedMod:CursedArmor","TheCursedMod:CursedSpellbook"],"picked":"TheCursedMod:SpitefulStrike","floor":2},{"not_picked":["TheCursedMod:SoulReap","TheCursedMod:SmokeScreen"],"picked":"TheCursedMod:TacticalStrike","floor":4},{"not_picked":["TheCursedMod:RavingStaff+1","TheCursedMod:CursedAmulet"],"picked":"TheCursedMod:CircleOfBlood","floor":7},{"not_picked":["TheCursedMod:PrepareRite","TheCursedMod:SpitefulPray","TheCursedMod:UltimatePain"],"picked":"SKIP","floor":10},{"not_picked":["TheCursedMod:SpitefulStrike+1","TheCursedMod:FuryStrike+1"],"picked":"TheCursedMod:CursedMace+1","floor":14},{"not_picked":["TheCursedMod:ShockAndAwe+1","TheCursedMod:StunningStrike+1"],"picked":"TheCursedMod:UltimatePain","floor":16},{"not_picked":["TheCursedMod:CursedMace+1","TheCursedMod:Obscuration","TheCursedMod:FleshFromBone+1"],"picked":"TheCursedMod:Hemoplague","floor":18},{"not_picked":["TheCursedMod:Stretching+1","TheCursedMod:CursedBlade+1","TheCursedMod:CircleOfWindfury"],"picked":"TheCursedMod:WearCloak","floor":19},{"not_picked":["TheCursedMod:EmpowerCircles","TheCursedMod:SpitefulStrike+1","TheCursedMod:FleshFromBone"],"picked":"TheCursedMod:Torture","floor":22},{"not_picked":["TheCursedMod:Grudge","TheCursedMod:AbyssShockwave+1","TheCursedMod:AntiAging"],"picked":"TheCursedMod:Stigma+1","floor":23},{"not_picked":["TheCursedMod:SpitefulStrike+1","TheCursedMod:Torture","TheCursedMod:CircleOfFlame"],"picked":"TheCursedMod:FleshFromBone","floor":25},{"not_picked":["TheCursedMod:FleshFromBone","TheCursedMod:Stretching+1","TheCursedMod:WearCloak"],"picked":"TheCursedMod:CursedAmulet","floor":27},{"not_picked":["TheCursedMod:ParallelWorld","TheCursedMod:CursedMace+1","TheCursedMod:CursedBoomerang+1"],"picked":"TheCursedMod:Torture+1","floor":29},{"not_picked":["TheCursedMod:AshesToAshes","TheCursedMod:CircleOfFlame","TheCursedMod:WearCloak"],"picked":"TheCursedMod:Stigma+1","floor":31},{"not_picked":["TheCursedMod:ManaCirculation","TheCursedMod:ForbiddenAlchemy","TheCursedMod:UltimatePain"],"picked":"TheCursedMod:StunningStrike+1","floor":33},{"not_picked":["TheCursedMod:CursedAmulet+1","TheCursedMod:SurpriseAttack+1","TheCursedMod:FleshFromBone"],"picked":"TheCursedMod:Torture+1","floor":35},{"not_picked":["TheCursedMod:AshesToAshes","TheCursedMod:CursedAmulet+1","TheCursedMod:CircleOfAmplification+1"],"picked":"TheCursedMod:SpreadPlague","floor":36},{"not_picked":["TheCursedMod:CircleOfFocus","TheCursedMod:ManaBullet+1","TheCursedMod:CircleOfFlame+1"],"picked":"TheCursedMod:VitalStrike+1","floor":37},{"not_picked":["TheCursedMod:CursedMace+1","TheCursedMod:RavingStaff+1","TheCursedMod:Evocation+1"],"picked":"TheCursedMod:CursedShiv+1","floor":40},{"not_picked":["TheCursedMod:Obscuration+1","TheCursedMod:TacticalStrike+1","TheCursedMod:ManaBullet+1"],"picked":"TheCursedMod:FleshFromBone+1","floor":41},{"not_picked":["TheCursedMod:Mangle+1","TheCursedMod:CircleOfFocus+1","TheCursedMod:ReleasedStrength"],"picked":"TheCursedMod:CursedShiv+1","floor":42},{"not_picked":["TheCursedMod:Wield+1","TheCursedMod:RapidMovement+1","TheCursedMod:CursedArmor+1","TheCursedMod:ReleasedStrength+1"],"picked":"SKIP","floor":47},{"not_picked":["TheCursedMod:TacticalStrike+1","TheCursedMod:RavingStaff+1","TheCursedMod:Obscuration+1"],"picked":"TheCursedMod:CircleOfAbyss","floor":48}],"player_experience":390906,"relics_obtained":[{"floor":9,"key":"Blue Doll"},{"floor":23,"key":"Golden Egg"},{"floor":26,"key":"TheCursedMod:MagicCandle"},{"floor":29,"key":"CeramicFish"},{"floor":31,"key":"Darkstone Periapt"},{"floor":37,"key":"StoneCalendar"},{"floor":40,"key":"Blood Vial"},{"floor":43,"key":"hubris:BundleOfHerbs"}],"event_choices":[{"damage_healed":0,"gold_gain":0,"player_choice":"Trade","damage_taken":0,"relics_obtained":["FaceOfCleric"],"max_hp_gain":0,"max_hp_loss":0,"event_name":"FaceTrader","floor":3,"gold_loss":0},{"cards_removed":["Panache"],"damage_healed":8,"gold_gain":0,"player_choice":"Offered Rare","damage_taken":0,"max_hp_gain":10,"max_hp_loss":0,"event_name":"Bonfire Elementals","floor":13,"gold_loss":0},{"damage_healed":0,"gold_gain":0,"player_choice":"Copied","damage_taken":0,"max_hp_gain":0,"max_hp_loss":0,"event_name":"Duplicator","floor":21,"gold_loss":0,"cards_obtained":["hubris:Fate"]},{"damage_healed":0,"gold_gain":0,"player_choice":"Obtained Relic","damage_taken":0,"relics_obtained":["hubris:PeanutButter"],"max_hp_gain":0,"max_hp_loss":0,"event_name":"Addict","floor":30,"gold_loss":85},{"damage_healed":0,"gold_gain":0,"player_choice":"Fight","damage_taken":0,"max_hp_gain":0,"max_hp_loss":0,"event_name":"MindBloom","floor":37,"gold_loss":0},{"damage_healed":0,"gold_gain":0,"cards_transformed":["Purity"],"player_choice":"Transformed","damage_taken":0,"max_hp_gain":0,"max_hp_loss":0,"event_name":"Transmorgrifier","floor":38,"gold_loss":0,"cards_obtained":["Magnetism"]},{"damage_healed":0,"gold_gain":0,"player_choice":"Ignored","damage_taken":0,"max_hp_gain":0,"max_hp_loss":0,"event_name":"Tomb of Lord Red Mask","floor":46,"gold_loss":0}],"is_beta":false,"boss_relics":[{"not_picked":["Astrolabe","hubris:GrandSneckoEye"],"picked":"Honey Jar"},{"not_picked":["Pandora\u0027s Box","Coffee Dripper"],"picked":"hubris:Backtick"}],"items_purged_floors":[],"is_endless":true,"potions_floor_spawned":[2,14,16,19,22,23,29,31,37,41,42],"killed_by":"Awakened One","ascension_level":0}}