{"host":"w2kjv12xyhtt0cv2","time":1613994906,"event":{"mods":["100% Spire Juice","Act Like it!","BaseMod","Colored Map","Friendly Minions","Gensokyo","GifTheSpireLib","Highlight Path","Hubris","Marisa（F雨　魔理沙）","Minty Spire (QoL Compilation)","Prisma Mod","Quick Restart","Reimu（博丽灵梦）","Relic Stats","Reliquary","Replay The Spire","Robot Space Explorer","RumiaBox-露米娅的神秘盒子","Shop Mod","Spicy Shops","StSLib","The Bug Knight","The Cursed","The Dragon Tamer","The Servant 0.9.4","UnlockEverythingMod","Waifu the Spire","[功能]功能增强和修复MOD","【功能Mod】Neow奖励","【遗物卡牌】REMEMod","没有小屋子和绿帽子啦"],"gold_per_floor":[114,130,130,90,2,2,28,28,108,154,186,186,201,233,233,332,332,348,50,149,149,59,91,101,101,127,201,255,310,310,360,360,520,520,549,580,303,303,174,223,304,382,436,523,587,659,659,713,713,731,731,731,112,150,150,150],"floor_reached":55,"language":"ZHS","playtime":3691,"items_purged":["HollowMod:NailStrikeStart","HollowMod:NailStrikeStart"],"score":1223,"play_id":"3141f23b-4035-41a4-bec7-559d1c2a6d82","local_time":"20210222195506","is_ascension_mode":true,"campfire_choices":[{"data":"HollowMod:FocusHealStart","floor":6.0,"key":"SMITH"},{"data":"HollowMod:LifebloodCocoon","floor":8.0,"key":"SMITH"},{"floor":12.0,"key":"REST"},{"floor":15.0,"key":"REST"},{"data":"HollowMod:CycloneSlash","floor":25.0,"key":"SMITH"},{"floor":30.0,"key":"REST"},{"data":"HollowMod:Weaversong","floor":32.0,"key":"SMITH"},{"data":"HollowMod:VoidDash","floor":47.0,"key":"SMITH"},{"floor":49.0,"key":"RECALL"},{"data":"HollowMod:CloakDash","floor":52.0,"key":"SMITH"}],"circlet_count":0,"master_deck":["HollowMod:NailStrikeStart","HollowMod:QuickDashStart","HollowMod:QuickDashStart","HollowMod:QuickDashStart","HollowMod:QuickDashStart","HollowMod:FocusHealStart+1","HollowMod:PogoStrike","PrismaMod:ChloeExhaustThree+1","HollowMod:CloakDash","HollowMod:LifebloodCocoon+1","HollowMod:CornifersMapStart","HollowMod:Weaversong+1","HollowMod:CycloneSlash+1","HollowMod:SiblingsSouls+1","HollowMod:CloakDash+1","HollowMod:VoidDash+1","HollowMod:CloakDash+1","HollowMod:WhiteLadysBlessing","HollowMod:HerrahsAnger","HollowMod:AbyssShriek+1","HollowMod:theNailsmith","HollowMod:WhiteLadysBlessing","HollowMod:ChannelNail+1","HollowMod:LifebloodCocoon"],"relics":["HollowMod:VesselMask","REME_ComplimentaryCards","PaintedHorse:ReiMu","Toolbox","Regal Pillow","HollowMod:MantisClawRelic","Dream Catcher","reliquary:RoseTintedGlasses","reliquary:Boomerang","Philosopher\u0027s Stone","Replay:WaspNest","Ancient Tea Set","Replay:Bandana","Turnip","StoneCalendar","EasyGame_NEW","ReplayTheSpireMod:TigerMarble","Replay:Mystery Machine","Replay:Baseball","PreservedInsect","ZombieArmy","CatCart","MagicDraw3","Incense Burner","ReplayTheSpireMod:Shallot","Orrery","Calipers","reliquary:BoilingFlask","GodSword6"],"acts_visited":["Exordium","TheCity","TheBeyond","TheEnding"],"potions_floor_usage":[],"damage_taken":[{"damage":6.0,"enemies":"Cultist","floor":1.0,"turns":3.0},{"damage":7.0,"enemies":"Jaw Worm","floor":2.0,"turns":2.0},{"damage":12.0,"enemies":"Gremlin Nob","floor":7.0,"turns":2.0},{"damage":0.0,"enemies":"3 Sentries","floor":11.0,"turns":5.0},{"damage":0.0,"enemies":"Small Slimes","floor":13.0,"turns":2.0},{"damage":21.0,"enemies":"Gremlin Nob","floor":14.0,"turns":6.0},{"damage":0.0,"enemies":"Hexaghost","floor":16.0,"turns":19.0},{"damage":13.0,"enemies":"2 Thieves","floor":18.0,"turns":4.0},{"damage":17.0,"enemies":"Gremlin Leader","floor":23.0,"turns":5.0},{"damage":0.0,"enemies":"Chosen","floor":24.0,"turns":3.0},{"damage":6.0,"enemies":"Book of Stabbing","floor":27.0,"turns":4.0},{"damage":13.0,"enemies":"Centurion and Healer","floor":28.0,"turns":4.0},{"damage":40.0,"enemies":"Slavers","floor":29.0,"turns":4.0},{"damage":0.0,"enemies":"Automaton","floor":33.0,"turns":6.0},{"damage":21.0,"enemies":"3 Shapes","floor":35.0,"turns":5.0},{"damage":12.0,"enemies":"Orb Walker","floor":36.0,"turns":3.0},{"damage":0.0,"enemies":"HollowMod:StalkingDevout","floor":41.0,"turns":4.0},{"damage":0.0,"enemies":"Orin","floor":42.0,"turns":7.0},{"damage":0.0,"enemies":"Giant Head","floor":44.0,"turns":3.0},{"damage":10.0,"enemies":"Sphere and 2 Shapes","floor":45.0,"turns":2.0},{"damage":1.0,"enemies":"2 Orb Walkers","floor":46.0,"turns":3.0},{"damage":11.0,"enemies":"R_Hoarder","floor":48.0,"turns":6.0},{"damage":39.0,"enemies":"hubris:GrandSnecko","floor":50.0,"turns":20.0},{"damage":49.0,"enemies":"Shield and Spear","floor":54.0,"turns":4.0},{"damage":0,"enemies":"The Heart","floor":55,"turns":1}],"seed_played":"-484297968262418272","potions_obtained":[{"floor":2.0,"key":"Death Potion"},{"floor":7.0,"key":"Block Potion"},{"floor":16.0,"key":"AttackPotion"},{"floor":18.0,"key":"Weak Potion"},{"floor":21.0,"key":"LifebloodPotion"},{"floor":23.0,"key":"Toxic Potion"},{"floor":24.0,"key":"Elixir"},{"floor":36.0,"key":"Block Potion"},{"floor":40.0,"key":"Fire Potion"}],"is_trial":false,"path_per_floor":["M","M","?","?","$","R","E","R","T","T","E","R","M","E","R","B",null,"M","$","?","?","$","E","M","R","T","E","M","E","R","?","R","B",null,"M","M","$","?","$","?","E","?","T","E","M","?","R","E","R","B",null,"R","$","E","B"],"character_chosen":"THE_BUGKNIGHT","items_purchased":["Toolbox","HollowMod:CloakDash","Replay:WaspNest","ReplayTheSpireMod:TigerMarble","Replay:Mystery Machine","Replay:Baseball","Orrery","Calipers","reliquary:BoilingFlask"],"campfire_rested":3,"item_purchase_floors":[5,5,19,37,37,39,53,53,53],"current_hp_per_floor":[69,62,55,55,55,55,53,53,53,53,59,75,75,54,75,75,75,72,72,72,72,72,67,73,73,73,75,68,38,75,75,75,75,75,64,58,58,58,58,40,46,56,56,62,67,72,72,64,64,35,75,75,75,32,32,32],"gold":150,"neow_bonus":"RANDOM_EVENT","is_daily":false,"chose_seed":false,"campfire_upgraded":6,"win_rate":0.0,"timestamp":1613994906,"path_taken":["M","M","?","?","$","R","E","R","T","?","E","R","?","E","R","BOSS","M","$","?","?","$","E","M","R","T","E","?","E","R","?","R","BOSS","M","?","$","?","$","?","E","?","T","E","?","?","R","E","R","BOSS","R","$","E","BOSS"],"items_purchased_type":["Relic","Card","Relic","Relic","Relic","Relic","Relic","Relic","Relic"],"build_version":"2020-12-22","purchased_purges":2,"victory":false,"max_hp_per_floor":[75,75,75,75,75,75,75,75,75,75,75,75,75,75,75,75,75,75,75,75,75,75,75,75,75,75,75,75,75,75,75,75,75,75,75,75,75,75,75,75,75,75,75,75,75,75,75,75,75,75,75,75,75,75,75,75],"relic_stats":{"Regal Pillow":15,"Dream Catcher":3,"counters":[25,126],"StoneCalendar":[104],"Turnip":[13],"PreservedInsect":343,"obtain_stats":[{"Regal Pillow":7,"reliquary:Boomerang":14,"Calipers":53,"reliquary:BoilingFlask":53,"HollowMod:VesselMask":0,"StoneCalendar":29,"Incense Burner":46,"Replay:Mystery Machine":37,"Ancient Tea Set":23,"MagicDraw3":44,"Dream Catcher":10,"Replay:Bandana":26,"Toolbox":5,"Philosopher\u0027s Stone":17,"reliquary:RoseTintedGlasses":11,"HollowMod:MantisClawRelic":9,"ZombieArmy":41,"Replay:WaspNest":19,"PreservedInsect":40,"Replay:Baseball":39,"ReplayTheSpireMod:Shallot":48,"PaintedHorse:ReiMu":4,"Orrery":53,"Turnip":27,"ReplayTheSpireMod:TigerMarble":37,"GodSword6":54,"CatCart":42,"EasyGame_NEW":34,"REME_ComplimentaryCards":0},{"Regal Pillow":3,"reliquary:Boomerang":6,"Calipers":23,"reliquary:BoilingFlask":23,"HollowMod:VesselMask":0,"StoneCalendar":13,"Incense Burner":21,"Replay:Mystery Machine":16,"Ancient Tea Set":9,"MagicDraw3":19,"Dream Catcher":3,"Replay:Bandana":10,"Toolbox":2,"Philosopher\u0027s Stone":7,"reliquary:RoseTintedGlasses":4,"HollowMod:MantisClawRelic":3,"ZombieArmy":17,"Replay:WaspNest":8,"PreservedInsect":16,"Replay:Baseball":16,"ReplayTheSpireMod:Shallot":22,"PaintedHorse:ReiMu":2,"Orrery":23,"Turnip":11,"ReplayTheSpireMod:TigerMarble":16,"GodSword6":24,"CatCart":18,"EasyGame_NEW":14,"REME_ComplimentaryCards":0},{"Regal Pillow":7,"reliquary:Boomerang":20,"Calipers":122,"reliquary:BoilingFlask":122,"HollowMod:VesselMask":0,"StoneCalendar":63,"Incense Burner":96,"Replay:Mystery Machine":77,"Ancient Tea Set":48,"MagicDraw3":91,"Dream Catcher":7,"Replay:Bandana":51,"Toolbox":5,"Philosopher\u0027s Stone":39,"reliquary:RoseTintedGlasses":12,"HollowMod:MantisClawRelic":7,"ZombieArmy":81,"Replay:WaspNest":43,"PreservedInsect":77,"Replay:Baseball":77,"ReplayTheSpireMod:Shallot":102,"PaintedHorse:ReiMu":5,"Orrery":122,"Turnip":55,"ReplayTheSpireMod:TigerMarble":77,"GodSword6":126,"CatCart":88,"EasyGame_NEW":69,"REME_ComplimentaryCards":0}]},"card_choices":[{"not_picked":["HollowMod:DashSlash","HollowMod:BlackTendrils","HollowMod:MonarchWings"],"picked":"SKIP","floor":1.0},{"not_picked":["HollowMod:DashSlash","HollowMod:DoubleDash","HollowMod:SiblingsSouls"],"picked":"SKIP","floor":2.0},{"not_picked":["HollowMod:DescendingDark","HollowMod:BlackTendrils"],"picked":"HollowMod:LifebloodCocoon","floor":7.0},{"not_picked":["HollowMod:TaintedHusks","HollowMod:InfectedAttack","HollowMod:CornifersMapStart"],"picked":"SKIP","floor":11.0},{"not_picked":["HollowMod:TaintedHusks","HollowMod:InfectedAttack","HollowMod:CornifersMapStart"],"picked":"SKIP","floor":11.0},{"not_picked":["HollowMod:ChannelNail","HollowMod:SoulVessel"],"picked":"HollowMod:CornifersMapStart","floor":13.0},{"not_picked":["HollowMod:SoulSplash","HollowMod:DesolateDive","HollowMod:NewJinnsSoul"],"picked":"SKIP","floor":14.0},{"not_picked":["HollowMod:PaleKingsBlessing","HollowMod:WhiteLadysBlessing"],"picked":"HollowMod:Weaversong","floor":16.0},{"not_picked":["HollowMod:SoulShaman","HollowMod:GoodIntentions+1","HollowMod:ChannelNail"],"picked":"SKIP","floor":18.0},{"not_picked":["HollowMod:SlysStrikes","HollowMod:DoubleDash+1","HollowMod:DescendingDark"],"picked":"SKIP","floor":23.0},{"not_picked":["HollowMod:VengefulVoid","HollowMod:LuriensSpire"],"picked":"HollowMod:CycloneSlash","floor":24.0},{"not_picked":["HollowMod:BrokenVessel","HollowMod:CrystalDash"],"picked":"HollowMod:SiblingsSouls+1","floor":27.0},{"not_picked":["HollowMod:WraithStrike","HollowMod:FastStrike","HollowMod:InfectedCysts"],"picked":"SKIP","floor":28.0},{"not_picked":["HollowMod:NewLittleFool+1","HollowMod:PaleKingsBlessing","HollowMod:BaldurShell"],"picked":"SKIP","floor":29.0},{"not_picked":["HollowMod:SoulVessel","HollowMod:SharpenedNail"],"picked":"HollowMod:CloakDash","floor":30.0},{"not_picked":["HollowMod:Hiveblood","HollowMod:HornetsHelp"],"picked":"HollowMod:VoidDash","floor":33.0},{"not_picked":["HollowMod:GoodIntentions","HollowMod:SharpenedShadows","HollowMod:MawleksShell"],"picked":"SKIP","floor":35.0},{"not_picked":["HollowMod:SoulEater","HollowMod:GoodIntentions","HollowMod:VengefulVoid"],"picked":"SKIP","floor":36.0},{"not_picked":["HollowMod:QuirrelsAssistance","HollowMod:VengefulSpirit+1"],"picked":"HollowMod:CloakDash+1","floor":40.0},{"not_picked":["HollowMod:VengefulVoid","HollowMod:SoulShaman+1","HollowMod:SlysStrikes"],"picked":"SKIP","floor":41.0},{"not_picked":["HollowMod:VengefulVoid","HollowMod:SoulShaman+1","HollowMod:SlysStrikes"],"picked":"SKIP","floor":41.0},{"not_picked":["HollowMod:DoubleDash+1","HollowMod:DescendingDark+1"],"picked":"HollowMod:WhiteLadysBlessing","floor":44.0},{"not_picked":["HollowMod:GoodIntentions+1","HollowMod:TaintedHusks","HollowMod:VengefulVoid"],"picked":"SKIP","floor":45.0},{"not_picked":["HollowMod:MonarchWings+1","HollowMod:SoulStrike+1","HollowMod:PerfectDash+1"],"picked":"SKIP","floor":48.0},{"not_picked":["HollowMod:CycloneSlash","HollowMod:SoulStrike+1"],"picked":"HollowMod:HerrahsAnger","floor":53.0},{"not_picked":["HollowMod:InfectedCysts+1","HollowMod:SiblingsShadow"],"picked":"HollowMod:AbyssShriek+1","floor":53.0},{"not_picked":["HollowMod:SoulSplash","HollowMod:NewJinnsSoul"],"picked":"HollowMod:theNailsmith","floor":53.0},{"not_picked":["HollowMod:SoulStrike+1","HollowMod:CrystalDash"],"picked":"HollowMod:WhiteLadysBlessing","floor":53.0},{"not_picked":["HollowMod:SiblingsShadow","HollowMod:RecoilStrike+1"],"picked":"HollowMod:ChannelNail+1","floor":53.0},{"not_picked":["HollowMod:NewGlowingWomb+1","HollowMod:NewInfectedGuardian"],"picked":"HollowMod:LifebloodCocoon","floor":54.0}],"player_experience":274201,"relics_obtained":[{"floor":7.0,"key":"Regal Pillow"},{"floor":9.0,"key":"HollowMod:MantisClawRelic"},{"floor":10.0,"key":"Dream Catcher"},{"floor":11.0,"key":"reliquary:RoseTintedGlasses"},{"floor":14.0,"key":"reliquary:Boomerang"},{"floor":23.0,"key":"Ancient Tea Set"},{"floor":26.0,"key":"Replay:Bandana"},{"floor":27.0,"key":"Turnip"},{"floor":29.0,"key":"StoneCalendar"},{"floor":40.0,"key":"PreservedInsect"},{"floor":41.0,"key":"ZombieArmy"},{"floor":42.0,"key":"CatCart"},{"floor":44.0,"key":"MagicDraw3"},{"floor":46.0,"key":"Incense Burner"},{"floor":48.0,"key":"ReplayTheSpireMod:Shallot"},{"floor":54.0,"key":"GodSword6"}],"event_choices":[{"damage_healed":0.0,"max_hp_gain":0.0,"max_hp_loss":0.0,"gold_gain":0.0,"event_name":"Living Wall","player_choice":"Grow","floor":0.0,"gold_loss":0.0,"damage_taken":0.0,"cards_upgraded":["PrismaMod:ChloeExhaustThree"]},{"cards_removed":["HollowMod:NailStrikeStart"],"damage_healed":0.0,"max_hp_gain":0.0,"max_hp_loss":0.0,"gold_gain":0.0,"event_name":"Golden Wing","player_choice":"Card Removal","floor":3.0,"gold_loss":0.0,"damage_taken":7.0},{"damage_healed":0.0,"max_hp_gain":0.0,"max_hp_loss":0.0,"gold_gain":0.0,"event_name":"yidonshenshe","player_choice":"塞钱","floor":4.0,"gold_loss":40.0,"damage_taken":0.0,"relics_obtained":["PaintedHorse:ReiMu"]},{"damage_healed":0.0,"max_hp_gain":0.0,"max_hp_loss":0.0,"gold_gain":99.0,"event_name":"Nest","player_choice":"Stole From Cult","floor":20.0,"gold_loss":0.0,"damage_taken":0.0},{"damage_healed":0.0,"max_hp_gain":0.0,"max_hp_loss":0.0,"gold_gain":0.0,"event_name":"Lab","player_choice":"Got Potions","floor":21.0,"gold_loss":0.0,"damage_taken":0.0},{"damage_healed":0.0,"max_hp_gain":0.0,"max_hp_loss":0.0,"gold_gain":100.0,"event_name":"The Joust","player_choice":"Bet on Murderer","floor":31.0,"gold_loss":50.0,"damage_taken":0.0},{"damage_healed":0.0,"max_hp_gain":0.0,"max_hp_loss":0.0,"gold_gain":0.0,"event_name":"Tomb of Lord Red Mask","player_choice":"Ignored","floor":38.0,"gold_loss":0.0,"damage_taken":0.0},{"damage_healed":0.0,"max_hp_gain":0.0,"max_hp_loss":0.0,"gold_gain":0.0,"event_name":"OrinTheCat","player_choice":"Fight","floor":42.0,"gold_loss":0.0,"damage_taken":0.0},{"damage_healed":0.0,"max_hp_gain":0.0,"max_hp_loss":0.0,"gold_gain":0.0,"event_name":"Mysterious Sphere","player_choice":"Fight","floor":46.0,"gold_loss":0.0,"damage_taken":0.0}],"is_beta":false,"boss_relics":[{"not_picked":["Replay:Bronze Core","Astrolabe"],"picked":"Philosopher\u0027s Stone"},{"not_picked":["Snecko Heart","Replay:Drink Me"],"picked":"EasyGame_NEW"}],"items_purged_floors":[19,22],"is_endless":false,"potions_floor_spawned":[2,7,16,18,23,24,36,41,45],"killed_by":"The Heart","ascension_level":3}}