{"host":"72n3jwtrlpjobydj","time":1613984352,"event":{"mods":["AchievementEnabler","Act Like it!","Arknights","BaseMod","CapriCore","DeckTracker","Hermit","Koishi","Lobotomy","Marisa£¨Ùöéë¡¡Øª×âÞÞ£©","Minty Spire (QoL Compilation)","Permanent Neow","StSLib","SuperFastMode","The Cursed","The Gatherer","The Hierophant","The Immortal"],"gold_per_floor":[119,194,212,230,243,274,274,175,175,175,175,194,209,209,209,209,209],"floor_reached":16,"language":"KOR","playtime":697,"items_purged":["Koishi:BasicStrike"],"score":102,"play_id":"0083e24a-331f-4654-a3ba-1b9987dac375","local_time":"20210222175912","is_ascension_mode":false,"campfire_choices":[{"floor":7,"key":"REST"},{"data":"Koishi:EmbryosDream","floor":10,"key":"SMITH"},{"floor":15,"key":"REST"}],"circlet_count":0,"master_deck":["Koishi:BasicStrike","Koishi:BasicStrike","Koishi:BasicStrike","Koishi:BasicDefend","Koishi:BasicDefend","Koishi:BasicDefend","Koishi:Provoke","Koishi:HauntingSlash+1","Koishi:DNAsFlaw","Koishi:Possession","Koishi:EmbersOfLove","Koishi:EmbryosDream+1","Koishi:PhantomBarrier","Koishi:SpiritedAway+1","Koishi:PhantomBarrier","Koishi:StrangeCloudFist"],"relics":["Koishi:ImaginaryFriend","Strawberry"],"acts_visited":["Exordium"],"potions_floor_usage":[6,6,6,13,16],"damage_taken":[{"damage":0,"enemies":"Small Slimes","floor":1,"turns":3},{"damage":2,"enemies":"ats:Genji","floor":3,"turns":6},{"damage":0,"enemies":"2 Louse","floor":4,"turns":3},{"damage":2,"enemies":"Blue Slaver","floor":5,"turns":6},{"damage":31,"enemies":"Lagavulin","floor":6,"turns":11},{"damage":3,"enemies":"3 Louse","floor":12,"turns":4},{"damage":11,"enemies":"Large Slime","floor":13,"turns":7},{"damage":69,"enemies":"Slime Boss","floor":16,"turns":11}],"seed_played":"-2053584722666228413","potions_obtained":[{"floor":1,"key":"AttackPotion"},{"floor":4,"key":"EntropicBrew"},{"floor":6,"key":"BlessingOfTheForge"}],"is_trial":false,"path_per_floor":["M","?","M","M","M","E","R","$","T","R","?","M","M","?","R","B"],"character_chosen":"KOISHI","items_purchased":["Koishi:SpiritedAway"],"campfire_rested":2,"item_purchase_floors":[8],"current_hp_per_floor":[60,49,50,51,52,34,54,54,54,54,41,42,33,55,67,0,0],"gold":209,"neow_bonus":"REMOVE_CARD","is_daily":false,"chose_seed":false,"campfire_upgraded":1,"win_rate":0.0,"timestamp":1613984352,"path_taken":["M","?","M","M","M","E","R","$","T","R","?","M","M","?","R","BOSS"],"items_purchased_type":["Card"],"build_version":"2020-12-22","purchased_purges":1,"victory":false,"max_hp_per_floor":[60,60,60,60,60,67,67,67,67,67,67,67,67,67,67,67,67],"card_choices":[{"not_picked":["Koishi:SpiritedAway","Koishi:CatchAndRose"],"picked":"Koishi:DNAsFlaw","floor":1},{"not_picked":["Koishi:CatchAndRose","Koishi:ParalyzingFear"],"picked":"Koishi:Possession","floor":3},{"not_picked":["Koishi:Catatonia","Koishi:GhostParty"],"picked":"Koishi:EmbersOfLove","floor":4},{"not_picked":["Koishi:Whimsy","Koishi:ReflexRadar"],"picked":"Koishi:EmbryosDream","floor":5},{"not_picked":["Koishi:StingingMind","Koishi:SprinkleStarAndHeart"],"picked":"Koishi:PhantomBarrier","floor":6},{"not_picked":["Koishi:JumpScare","Koishi:UnconsciousUprising"],"picked":"Koishi:PhantomBarrier","floor":12},{"not_picked":["Koishi:MindStellarRelief","Koishi:UnconsciousUprising"],"picked":"Koishi:StrangeCloudFist","floor":13}],"player_experience":121596,"relics_obtained":[{"floor":6,"key":"Strawberry"}],"event_choices":[{"damage_healed":0,"gold_gain":75,"player_choice":"Gather Gold","damage_taken":11,"max_hp_gain":0,"max_hp_loss":0,"event_name":"World of Goop","floor":2,"gold_loss":0},{"damage_healed":0,"gold_gain":0,"player_choice":"Entered Light","damage_taken":13,"max_hp_gain":0,"max_hp_loss":0,"event_name":"Shining Light","floor":11,"gold_loss":0,"cards_upgraded":["Koishi:SpiritedAway","Koishi:HauntingSlash"]},{"damage_healed":22,"gold_gain":0,"player_choice":"Banana","damage_taken":0,"max_hp_gain":0,"max_hp_loss":0,"event_name":"Big Fish","floor":14,"gold_loss":0}],"is_beta":false,"boss_relics":[],"items_purged_floors":[8],"is_endless":false,"potions_floor_spawned":[1,4,6],"killed_by":"Slime Boss","ascension_level":0}}