{"host":"c6m2gd7h1328eiwi","time":1613994495,"event":{"mods":["Act Like it!","Aspiration","BaseMod","Better Skull","BetterRewards","Challenge The Spire","Colored Map","Conspire","Downfall","Elementarium","Energized Spire","GifTheSpireLib","Halation","Hubris","Mimic Mod","Minty Spire (QoL Compilation)","Quick Restart","Reliquary","Replay The Spire","Ruina","Spikes Relics","Spires And Sneckos","StSLib","The Jungle","Wandering Minibosses"],"gold_per_floor":[118,118,148,96,56,88,88,103,103,103,120,130,140,160,160,257,257,275,288,288,288,288,288,299,317,367,367,386,302,64,95,95,196,196,209,209,209,226,246,246,258,258,258,292,292,333,74,74,74,102],"floor_reached":51,"language":"ENG","playtime":2291,"items_purged":[],"score":719,"play_id":"46e3b222-089e-486f-a68b-4fffe97365ab","local_time":"20210222044815","is_ascension_mode":false,"campfire_choices":[{"floor":7,"key":"REST"},{"floor":10,"key":"REST"},{"data":"Perfected Strike","floor":15,"key":"SMITH"},{"data":"Demon Form","floor":23,"key":"SMITH"},{"floor":32,"key":"REST"},{"data":"Demon Form+1","floor":40,"key":"SMITH"},{"data":"Demon Form+2","floor":42,"key":"SMITH"},{"data":"Demon Form+3","floor":49,"key":"SMITH"}],"circlet_count":0,"master_deck":["Strike_R","Strike_R","Strike_R","Strike_R","Strike_R","Defend_R","Defend_R","Defend_R","Defend_R","Bash","Heavy Blade","Cleave","Heavy Blade","Twin Strike","Perfected Strike","Pommel Strike","Sword Boomerang","Perfected Strike+1","Demon Form+4","Cleave","Perfected Strike","Twin Strike","Inflame","Cleave+1","Barricade","Perfected Strike+1","Panacea","Pommel Strike","Twin Strike","Perfected Strike+1"],"relics":["Burning Blood","hubris:Towel","conspire:InfiniteJournal","Iron Hammer","Gremlin Horn","ChewingGum","Mirror","hubris:TenFootPole","conspire:Dentures","halation:LostSnail","Snack Pack","Bottled Tornado","reliquary:RustamsPendant","Replay:Bandana","Mummified Hand"],"acts_visited":["Exordium","TheCity","TheBeyond"],"potions_floor_usage":[6,16,16,16,31,46,50,50],"damage_taken":[{"damage":6,"enemies":"2 Louse","floor":1,"turns":2},{"damage":30,"enemies":"conspire:MimicChest","floor":3,"turns":5},{"damage":45,"enemies":"Lagavulin","floor":6,"turns":7},{"damage":3,"enemies":"Jaw Worm","floor":8,"turns":2},{"damage":0,"enemies":"Cultist","floor":11,"turns":2},{"damage":10,"enemies":"Exordium Thugs","floor":12,"turns":3},{"damage":0,"enemies":"3 Louse","floor":13,"turns":1},{"damage":12,"enemies":"Blue Slaver","floor":14,"turns":2},{"damage":52,"enemies":"Hexaghost","floor":16,"turns":9},{"damage":13,"enemies":"3 Byrds","floor":18,"turns":4},{"damage":12,"enemies":"Shell Parasite","floor":19,"turns":2},{"damage":20,"enemies":"Centurion and Healer","floor":24,"turns":4},{"damage":2,"enemies":"Cultist and Chosen","floor":25,"turns":3},{"damage":8,"enemies":"Snecko","floor":28,"turns":3},{"damage":52,"enemies":"Slavers","floor":31,"turns":3},{"damage":32,"enemies":"Automaton","floor":33,"turns":6},{"damage":15,"enemies":"Orb Walker","floor":35,"turns":3},{"damage":12,"enemies":"3 Shapes","floor":38,"turns":2},{"damage":14,"enemies":"Jaw Worm Horde","floor":39,"turns":2},{"damage":20,"enemies":"3 Darklings","floor":41,"turns":3},{"damage":18,"enemies":"Maw","floor":44,"turns":4},{"damage":0,"enemies":"Transient","floor":46,"turns":5},{"damage":51,"enemies":"hubris:GrandSnecko","floor":50,"turns":5}],"seed_played":"-3307914181842825081","potions_obtained":[{"floor":5,"key":"EssenceOfSteel"},{"floor":5,"key":"BlessingOfTheForge"},{"floor":5,"key":"Energy Potion"},{"floor":8,"key":"Block Potion"},{"floor":16,"key":"Ancient Potion"},{"floor":25,"key":"SpiresAndSneckos:LightningMarble"},{"floor":33,"key":"Strength Potion"},{"floor":35,"key":"Elixir"},{"floor":44,"key":"Fire Potion"},{"floor":46,"key":"SteroidPotion"}],"is_trial":false,"path_per_floor":["M","?","?","$","?","E","R","M","T","R","M","M","M","M","R","B",null,"M","M","?","?","?","R","M","M","T","T","M","$","$","E","R","B",null,"M","?","?","M","M","R","M","R","T","M","?","M","$","?","R","B",null],"character_chosen":"IRONCLAD","items_purchased":["Twin Strike","halation:LostSnail","Snack Pack","Mummified Hand"],"campfire_rested":3,"item_purchase_floors":[4,29,30,47],"current_hp_per_floor":[80,80,56,56,56,17,41,44,44,68,74,70,76,70,70,24,80,73,67,67,67,67,67,53,57,57,57,55,55,55,13,37,15,80,73,73,73,69,63,63,51,51,51,43,43,55,55,80,80,43],"gold":102,"neow_bonus":"THREE_CARDS","is_daily":false,"chose_seed":false,"campfire_upgraded":5,"win_rate":0.0,"timestamp":1613994495,"path_taken":["M","?","?","$","?","E","R","M","T","R","M","M","?","M","R","BOSS","M","M","?","?","?","R","?","M","T","?","?","?","$","E","R","BOSS","M","?","?","M","M","R","M","R","T","?","?","?","$","?","R","BOSS"],"items_purchased_type":["Card","Relic","Relic","Relic"],"build_version":"2020-12-22","purchased_purges":0,"victory":true,"max_hp_per_floor":[80,80,80,80,80,80,80,80,80,80,80,80,80,80,80,80,80,80,80,80,80,80,80,80,80,80,80,80,80,80,80,80,80,80,80,80,80,80,80,80,80,80,80,80,80,80,80,80,80,80],"card_choices":[{"not_picked":["Pummel","Iron Wave"],"picked":"Heavy Blade","floor":0},{"not_picked":["Body Slam","Warcry"],"picked":"Cleave","floor":1},{"not_picked":["Hemokinesis","Life Link"],"picked":"Heavy Blade","floor":3},{"not_picked":["Pommel Strike","Shrug It Off"],"picked":"Perfected Strike","floor":6},{"not_picked":["Warcry","Cleave"],"picked":"Pommel Strike","floor":8},{"not_picked":["Run Through","ReplayTheSpireMod:Limb From Limb"],"picked":"Sword Boomerang","floor":11},{"not_picked":["Warcry","Combust","Abandon"],"picked":"SKIP","floor":12},{"not_picked":["hubris:ReadiedAction","Warcry"],"picked":"Perfected Strike","floor":13},{"not_picked":["conspire:ExplosiveBarrier","Life Link","Armaments"],"picked":"SKIP","floor":14},{"not_picked":["Impervious","Offering"],"picked":"Demon Form","floor":16},{"not_picked":["Blood for Blood+1","Flame Barrier+1"],"picked":"Cleave","floor":18},{"not_picked":["hubris:SharpeningStone+1","Burning Pact+1","Clothesline"],"picked":"SKIP","floor":19},{"not_picked":["Feel No Pain+1","Dropkick"],"picked":"Perfected Strike","floor":24},{"not_picked":["Replay:Undeath\u0027s Touch","Battle Trance+1"],"picked":"Twin Strike","floor":25},{"not_picked":["Clothesline+1","Thunderclap"],"picked":"Inflame","floor":28},{"not_picked":["Bloodletting","Armaments"],"picked":"Cleave+1","floor":31},{"not_picked":["Double Tap","Eclipse"],"picked":"Barricade","floor":33},{"not_picked":["ReplayTheSpireMod:Strike From Hell+1","hubris:ReadiedAction"],"picked":"Perfected Strike+1","floor":35},{"not_picked":["Feint","ReplayTheSpireMod:Brewmster"],"picked":"Panacea","floor":36},{"not_picked":["Rupture+1","Feel No Pain"],"picked":"Pommel Strike","floor":38},{"not_picked":["Clothesline+1","Iron Wave+1","Replay:Undeath\u0027s Touch"],"picked":"SKIP","floor":39},{"not_picked":["Anger","Rampage+1"],"picked":"Twin Strike","floor":41},{"not_picked":["Ghostly Armor","Reckless Charge+1"],"picked":"Perfected Strike+1","floor":44},{"not_picked":["Clothesline+1","hubris:ReadiedAction+1","Rage"],"picked":"SKIP","floor":46}],"player_experience":10210,"relics_obtained":[{"floor":3,"key":"conspire:InfiniteJournal"},{"floor":6,"key":"Iron Hammer"},{"floor":9,"key":"Gremlin Horn"},{"floor":26,"key":"hubris:TenFootPole"},{"floor":27,"key":"conspire:Dentures"},{"floor":31,"key":"Bottled Tornado"},{"floor":43,"key":"Replay:Bandana"}],"event_choices":[{"damage_healed":0,"gold_gain":0,"player_choice":"Bought 3 Potions","damage_taken":0,"max_hp_gain":0,"max_hp_loss":0,"event_name":"The Woman in Blue","floor":5,"gold_loss":0},{"damage_healed":0,"gold_gain":0,"player_choice":"Leave","damage_taken":0,"max_hp_gain":0,"max_hp_loss":0,"event_name":"conspire:Investor","floor":21,"gold_loss":0},{"damage_healed":0,"gold_gain":0,"player_choice":"Memory 1","damage_taken":0,"max_hp_gain":0,"max_hp_loss":0,"event_name":"SensoryStone","floor":36,"gold_loss":0},{"damage_healed":0,"gold_gain":0,"player_choice":"Ignored","damage_taken":0,"max_hp_gain":0,"max_hp_loss":0,"event_name":"Transmorgrifier","floor":37,"gold_loss":0},{"damage_healed":0,"gold_gain":0,"player_choice":"Ignored","damage_taken":0,"max_hp_gain":0,"max_hp_loss":0,"event_name":"SecretPortal","floor":45,"gold_loss":0},{"damage_healed":25,"gold_gain":0,"player_choice":"Full Heal","damage_taken":0,"max_hp_gain":0,"max_hp_loss":0,"event_name":"Wheel of Change","floor":48,"gold_loss":0}],"is_beta":false,"boss_relics":[{"not_picked":["Ooze Armor","Fusion Hammer"],"picked":"ChewingGum"},{"not_picked":["Runic Dome","Ring of Chaos"],"picked":"reliquary:RustamsPendant"}],"items_purged_floors":[],"is_endless":false,"potions_floor_spawned":[8,11,12,14,16,25,33,35,41,44,46],"ascension_level":0}}