{"host":"clcuy39u5sybassp","time":1613991163,"event":{"mods":["AchievementEnabler","BaseMod","Challenge The Spire","Lobotomy","LobotomyExtend","Minty Spire (QoL Compilation)","Quick Restart","Replay The Spire","StSLib"],"gold_per_floor":[111,111,129,144,156,156,156,81,135,135,135,145,158,190,190,286,286,303,323,323,339,355,355,374,473,547,575,575,589,589,599,599,700,750,769,780,780,690,710,710,742,742,769,803,823,823,850,864,864,864,864,864,864,190,215,215],"floor_reached":57,"language":"ZHS","playtime":1983,"items_purged":["GreenStem"],"score":1206,"play_id":"0e7978b6-5c0c-4dc1-917d-ef0b701425d9","local_time":"20210222185243","is_ascension_mode":true,"campfire_choices":[{"floor":32,"key":"REST"},{"floor":49,"key":"RECALL"}],"circlet_count":0,"master_deck":["SpecialBullet","SpecialBullet","SpecialBullet","SpecialBullet","SpecialBullet","SpecialBullet","SpecialBullet","InformationCode","DisciplinaryCode","SecurityCode","Ecstasy+1","Scorched","OldLady","Justitia","DreamingCurrent","Regret_ego+1","Christmas","Beak","ExtractionCode","CrimsonScar+1","FourthMatchFlame+1","GreedKing","LifeForTheDareDevil+1","CrumblingArmor","TrainingCode","Horn+1","Regret_ego+1","GoldRush+1","GoldRush+1","FeatherOfHonor+1","QueenOfHatred","Hornet+1","CherryBlossom+1","FeatherOfHonor+1","Lamp+1","Mimicry+1","RecordCode","Beak+1","BlueStar","Soda+1","CrumblingArmor","FourthMatchFlame+1","FourthMatchFlame+1","CherryBlossom+1","Dramatic Entrance+1","BloodyDesire+1","BloodyDesire+1"],"relics":["CogitoBucket","Boot","LetterFromLob","Orichalcum","SkinProphecy","Whetstone","SlaversCollar","HellTrain","Mummified Hand","BehaviorAdjustment","AtMidnight","Replay:Grab Bag","Coffee Dripper","Philosopher\u0027s Stone","Tiny House","ReplayTheSpireMod:Ninjato","ReplayFunnel","InkBottle","Blue Doll","DollysMirror","Bird Faced Urn","Replay:Multitool"],"acts_visited":["Exordium","TheCity","TheBeyond","TheEnding"],"potions_floor_usage":[],"damage_taken":[{"damage":0.0,"enemies":"2 Louse","floor":1.0,"turns":2.0},{"damage":0.0,"enemies":"Cultist","floor":3.0,"turns":2.0},{"damage":11.0,"enemies":"Jaw Worm","floor":4.0,"turns":2.0},{"damage":13.0,"enemies":"Red Slaver","floor":5.0,"turns":2.0},{"damage":10.0,"enemies":"Large Slime","floor":12.0,"turns":3.0},{"damage":0.0,"enemies":"2 Fungi Beasts","floor":13.0,"turns":1.0},{"damage":3.0,"enemies":"Replay:BlueRogue","floor":14.0,"turns":3.0},{"damage":8.0,"enemies":"Fading Forest","floor":16.0,"turns":11.0},{"damage":4.0,"enemies":"Chosen","floor":18.0,"turns":3.0},{"damage":18.0,"enemies":"Spheric Guardian","floor":19.0,"turns":4.0},{"damage":76.0,"enemies":"Centurion and Healer","floor":21.0,"turns":6.0},{"damage":30.0,"enemies":"Snake Plant","floor":22.0,"turns":4.0},{"damage":18.0,"enemies":"3 Cultists","floor":24.0,"turns":4.0},{"damage":12.0,"enemies":"Gremlin Leader","floor":27.0,"turns":5.0},{"damage":29.0,"enemies":"Cultist and Chosen","floor":29.0,"turns":5.0},{"damage":97.0,"enemies":"Snake Plant","floor":31.0,"turns":7.0},{"damage":27,"enemies":"Pondfish","floor":33,"turns":7},{"damage":5,"enemies":"Orb Walker","floor":35,"turns":2},{"damage":9,"enemies":"3 Shapes","floor":36,"turns":1},{"damage":5,"enemies":"Jaw Worm Horde","floor":39,"turns":2},{"damage":30,"enemies":"Nemesis","floor":41,"turns":3},{"damage":21,"enemies":"Reptomancer","floor":44,"turns":3},{"damage":40,"enemies":"Transient","floor":45,"turns":5},{"damage":0,"enemies":"R_Hoarder","floor":47,"turns":2},{"damage":3,"enemies":"4 Shapes","floor":48,"turns":1},{"damage":20,"enemies":"Replay:Hell Engine","floor":50,"turns":2},{"damage":0,"enemies":"Shield and Spear","floor":55,"turns":1},{"damage":74,"enemies":"The Heart","floor":56,"turns":4}],"seed_played":"6378141450951394759","potions_obtained":[{"floor":1.0,"key":"Languid Potion"},{"floor":5.0,"key":"DuplicationPotion"},{"floor":12.0,"key":"ColorlessPotion"},{"floor":16.0,"key":"LifebloodPotion"},{"floor":31.0,"key":"Languid Potion"},{"floor":34,"key":"Weak Potion"},{"floor":47,"key":"DistilledChaos"}],"is_trial":false,"path_per_floor":["M","?","M","M","M","R","M","$","T","R","?","M","M","E","R","B",null,"M","M","?","M","M","R","M","?","T","E","R","M","R","M","R","B",null,"M","M","?","?","M","R","E","R","T","E","M","R","E","M","R","B",null,null,"R","$","E","B",null],"character_chosen":"Angela","items_purchased":["DollysMirror","Bird Faced Urn","FourthMatchFlame+1","CherryBlossom+1","Dramatic Entrance+1","SteroidPotion"],"campfire_rested":1,"item_purchase_floors":[54,54,54,54,54,54],"current_hp_per_floor":[70,70,70,67,62,62,62,62,62,62,62,60,68,73,73,76,78,84,86,86,50,58,58,72,72,72,100,100,105,105,42,75,98,117,123,125,125,125,127,127,129,129,129,131,127,127,139,141,141,143,143,143,143,147,145,98],"gold":215,"neow_bonus":"RANDOM_COMMON_RELIC","is_daily":false,"chose_seed":false,"campfire_upgraded":0,"win_rate":0.0,"timestamp":1613991163,"path_taken":["M","?","?","M","M","R","M","$","T","R","?","M","M","E","R","BOSS","M","M","?","?","M","R","M","?","T","E","R","M","R","M","R","BOSS","M","M","?","?","?","R","E","R","T","E","M","R","E","M","R","BOSS","R","$","E","BOSS"],"items_purchased_type":["Relic","Relic","Card","Card","Card","Potion"],"build_version":"2020-12-22","purchased_purges":1,"victory":true,"max_hp_per_floor":[70,70,70,70,70,70,70,70,70,70,70,70,70,76,76,78,78,84,86,86,90,92,92,94,94,94,100,100,106,106,110,110,112,117,123,125,125,125,127,127,129,129,129,131,133,133,139,141,141,143,143,143,143,147,149,151],"card_choices":[{"not_picked":["Penitence","Horn"],"picked":"SKIP","floor":1.0},{"not_picked":["Discord"],"picked":"Ecstasy","floor":3.0},{"not_picked":["LongBird","Porccubus"],"picked":"Scorched","floor":4.0},{"not_picked":["CUTE","InTheNameOfLoveAndHate"],"picked":"SKIP","floor":4.0},{"not_picked":["BlackSwan_ego","TodaysExpression"],"picked":"SKIP","floor":5.0},{"not_picked":["DaCapo","Regret_ego"],"picked":"SKIP","floor":12.0},{"not_picked":["Pleasure","SomewhereSpear"],"picked":"SKIP","floor":13.0},{"not_picked":["Murderer","Scarecrow"],"picked":"OldLady","floor":14.0},{"not_picked":["WristCuter","Horn"],"picked":"SKIP","floor":14.0},{"not_picked":["SoundOfStar"],"picked":"Justitia","floor":16.0},{"not_picked":["BigBadWolf","Murderer"],"picked":"DreamingCurrent","floor":18.0},{"not_picked":["FeatherOfHonor"],"picked":"Regret_ego+1","floor":18.0},{"not_picked":["FrostShard+1"],"picked":"Christmas","floor":19.0},{"not_picked":["Wingbeat","Noise"],"picked":"SKIP","floor":21.0},{"not_picked":["BlueScar"],"picked":"Beak","floor":22.0},{"not_picked":["CUTE"],"picked":"CrimsonScar","floor":24.0},{"not_picked":["Pleasure","Logging"],"picked":"FourthMatchFlame","floor":27.0},{"not_picked":["ShyLook","SnowQueen"],"picked":"GreedKing","floor":27.0},{"not_picked":["Gaze","Hypocrisy"],"picked":"LifeForTheDareDevil+1","floor":27.0},{"not_picked":["Bloodbath","SingingMachine","QueenBee"],"picked":"Singing Bowl","floor":29.0},{"not_picked":["Laetitia","GalaxyChild"],"picked":"CrumblingArmor","floor":29.0},{"not_picked":["Soda","Tough","RapturousDream"],"picked":"SKIP","floor":29.0},{"not_picked":["Penitence+1","TodaysExpression","Tough"],"picked":"SKIP","floor":29.0},{"not_picked":["ScreamingWedge+1","Lantern+1"],"picked":"Horn+1","floor":31.0},{"not_picked":["Woodsman","ShyLook","Porccubus"],"picked":"Singing Bowl","floor":31.0},{"not_picked":["Loneliness+1","TheSmile+1"],"picked":"Regret_ego+1","floor":31.0},{"not_picked":["ParadiseLost+1","Justitia+1"],"picked":"GoldRush+1","floor":33},{"not_picked":["Woodsman","MeltingLove","Bloodbath"],"picked":"Singing Bowl","floor":33},{"not_picked":["SoundOfStar+1","DaCapo+1"],"picked":"GoldRush+1","floor":33},{"not_picked":["InTheNameOfLoveAndHate+1","SomewhereSpear+1"],"picked":"FeatherOfHonor+1","floor":34},{"not_picked":["Rudolta","FairyFestival"],"picked":"QueenOfHatred","floor":35},{"not_picked":["SomewhereSpear+1","Penitence+1","Soda+1"],"picked":"SKIP","floor":35},{"not_picked":["Scarecrow","NakedNest","Wellcheers"],"picked":"Singing Bowl","floor":36},{"not_picked":["Loneliness+1","Discord+1"],"picked":"Hornet+1","floor":36},{"not_picked":["LaLuna","OSAHOGD","GalaxyChild"],"picked":"Singing Bowl","floor":39},{"not_picked":["Wingbeat+1","RapturousDream+1"],"picked":"CherryBlossom+1","floor":39},{"not_picked":["GalaxyChild","SingingMachine","Rudolta"],"picked":"Singing Bowl","floor":41},{"not_picked":["Gaze+1","TodaysExpression+1"],"picked":"FeatherOfHonor+1","floor":41},{"not_picked":["UniverseFragment","Mercenary","SnowQueen"],"picked":"Singing Bowl","floor":44},{"not_picked":["ScreamingWedge+1","GreenStem+1"],"picked":"Lamp+1","floor":44},{"not_picked":["Diffraction+1","Discord+1"],"picked":"Mimicry+1","floor":45},{"not_picked":["FieryBird","BodiesMountain","MeltingLove"],"picked":"Singing Bowl","floor":45},{"not_picked":["BloodyDesire+1","RapturousDream+1"],"picked":"Beak+1","floor":45},{"not_picked":["NothingThere","GalaxyChild"],"picked":"BlueStar","floor":47},{"not_picked":["RedEyes+1","TodaysExpression+1","Horn+1"],"picked":"SKIP","floor":47},{"not_picked":["WhiteNight","CherryBlossoms","MeatLantern"],"picked":"Singing Bowl","floor":48},{"not_picked":["MagicBullet+1","Horn+1"],"picked":"Soda+1","floor":48},{"not_picked":["MeltingLove","Woodsman","SnowQueen"],"picked":"Singing Bowl","floor":55},{"not_picked":["SomewhereSpear+1","TodaysExpression+1"],"picked":"BloodyDesire+1","floor":55},{"not_picked":["Loneliness+1","Penitence+1"],"picked":"BloodyDesire+1","floor":55}],"player_experience":208839,"relics_obtained":[{"floor":1.0,"key":"LetterFromLob"},{"floor":9.0,"key":"Orichalcum"},{"floor":14.0,"key":"Whetstone"},{"floor":27.0,"key":"Mummified Hand"},{"floor":31.0,"key":"AtMidnight"},{"floor":41,"key":"ReplayTheSpireMod:Ninjato"},{"floor":43,"key":"ReplayFunnel"},{"floor":44,"key":"InkBottle"},{"floor":47,"key":"Blue Doll"},{"floor":55,"key":"Replay:Multitool"}],"event_choices":[{"damage_healed":0.0,"max_hp_gain":0.0,"max_hp_loss":0.0,"gold_gain":0.0,"cards_transformed":["SpecialBullet"],"event_name":"Transmorgrifier","player_choice":"Transformed","floor":2.0,"gold_loss":0.0,"damage_taken":0.0,"cards_obtained":["GreenStem"]},{"damage_healed":0.0,"max_hp_gain":0.0,"max_hp_loss":0.0,"gold_gain":0.0,"event_name":"Upgrade Shrine","player_choice":"Upgraded","floor":11.0,"gold_loss":0.0,"damage_taken":0.0,"cards_upgraded":["Ecstasy"]},{"damage_healed":0.0,"max_hp_gain":0.0,"max_hp_loss":0.0,"gold_gain":0.0,"event_name":"Match and Keep!","player_choice":"2 cards matched","floor":20.0,"gold_loss":0.0,"damage_taken":0.0,"cards_obtained":["CrimsonScar","Strike_R"]},{"damage_healed":0.0,"max_hp_gain":0.0,"max_hp_loss":0.0,"gold_gain":99.0,"event_name":"Nest","player_choice":"Stole From Cult","floor":25.0,"gold_loss":0.0,"damage_taken":0.0},{"cards_removed":["CrimsonScar"],"damage_healed":0,"gold_gain":0,"player_choice":"Removed Attack","damage_taken":0,"max_hp_gain":0,"max_hp_loss":0,"event_name":"Falling","floor":37,"gold_loss":0},{"cards_removed":["Strike_R"],"damage_healed":0,"gold_gain":0,"player_choice":"Upgrade and Remove","damage_taken":0,"max_hp_gain":0,"max_hp_loss":0,"event_name":"Designer","floor":38,"gold_loss":90,"cards_upgraded":["CrimsonScar"]}],"is_beta":false,"boss_relics":[{"not_picked":["Kintsugi","ReplayTheSpireMod:Onyx Gauntlets"],"picked":"SlaversCollar"},{"not_picked":["Abe\u0027s Treasure","Velvet Choker"],"picked":"Replay:Grab Bag"},{"not_picked":["Cursed Key","Runic Dome"],"picked":"Coffee Dripper"},{"not_picked":["ChewingGum","Busted Crown"],"picked":"Philosopher\u0027s Stone"},{"not_picked":["Ring of Chaos","Astrolabe"],"picked":"Tiny House"}],"items_purged_floors":[8],"is_endless":false,"potions_floor_spawned":[1,5,12,14,16,19,21,22,24,31,33,35,47,48],"ascension_level":1}}