{"host":"nhhqxetgwwd7qseb","time":1613986947,"event":{"mods":["ATMod(阿瑾Mod)","Act Like it!","BaseMod","Chen","Dota2Spire","Downfall","Energized Spire","Gensokyo","Gremlin Mod","GungeonMod","Hallownest","Hermit","Koishi","LagranYue(拉格朗・月)","Marisa（F雨　魔理沙）","Minty Spire (QoL Compilation)","Pale of the Ancients","Permanent Neow","Quick Restart","Rare Cards Sparkle","Reimu（博丽灵梦）","Relic Stats","Reliquary","Remilia（蕾米莉亚）","Replay The Spire","SOS（斯巴达之子）","Spicy Shops","StSLib","The Alterego","The Bladedancer","The Bug Knight","The Cursed","The Saiyan","The Senshi","The Servant 0.9.4","TheWitcher","UnlockEverythingMod","WarShipGirlsR/战舰少女R mod","Warlord Emblem","Yakumo Yukari mod","Youmu（魂魄妖梦）","【功能Mod】混沌之环修复补丁","【功能Mod】聪明的最终Boss","【遗物卡牌】REMEMod","篝火指南"],"gold_per_floor":[119,139,156,173,226,259,59,73,73,73,100,100,137,156,156,156,156],"floor_reached":16,"language":"ZHS","playtime":1068,"items_purged":[],"score":104,"play_id":"a362d28f-c1a3-4f94-9b01-31e5fc114e12","local_time":"20210222174227","is_ascension_mode":false,"campfire_choices":[{"floor":12,"key":"REST"},{"floor":15,"key":"REST"}],"circlet_count":0,"master_deck":["Strike_Lin:ReiMu","Strike_Lin:ReiMu","Strike_Lin:ReiMu","Strike_Lin:ReiMu","Defend_Lin:ReiMu","Defend_Lin:ReiMu","Defend_Lin:ReiMu","Defend_Lin:ReiMu","NB:ReiMu+1","Stagnation:ReiMu","AT_FamilyPortrait","ForcedLanding:ReiMu","SubcavityInstant:ReiMu","Amulet:ReiMu","InherentArray:ReiMu","RainPray2:ReiMu","Amulet:ReiMu","Amulet:ReiMu","KamiRite:ReiMu","SubAcupoint:ReiMu"],"relics":["FlyPower:ReiMu","REME_ComplimentaryCards","AT_ATBox","Dota2Spire:LotusOrb","Dream Catcher","WarlordEmblem:MantleKazakus"],"acts_visited":["Exordium"],"potions_floor_usage":[16,16],"damage_taken":[{"damage":0.0,"enemies":"Small Slimes","floor":1.0,"turns":4.0},{"damage":0.0,"enemies":"Jaw Worm","floor":2.0,"turns":2.0},{"damage":9.0,"enemies":"Cultist","floor":3.0,"turns":4.0},{"damage":11,"enemies":"Exordium Thugs","floor":4,"turns":4},{"damage":37,"enemies":"Lagavulin","floor":6,"turns":11},{"damage":0,"enemies":"Lots of Slimes","floor":8,"turns":1},{"damage":10,"enemies":"Exordium Wildlife","floor":13,"turns":7},{"damage":3,"enemies":"3 Louse","floor":14,"turns":7},{"damage":36,"enemies":"Slime Boss","floor":16,"turns":10}],"seed_played":"7045689332988673596","potions_obtained":[{"floor":3.0,"key":"Dota2Spire:Clarity"},{"floor":14,"key":"Energy Potion"}],"is_trial":false,"path_per_floor":["M","M","M","M","?","E","$","M","T","?","T","R","M","M","R","B"],"character_chosen":"REIMU","items_purchased":["Amulet:ReiMu","Dota2Spire:LotusOrb"],"campfire_rested":2,"item_purchase_floors":[7,7],"current_hp_per_floor":[65,65,56,45,45,8,8,8,8,8,8,27,17,14,33,0,0],"gold":156,"neow_bonus":"UPGRADE_CARD","is_daily":false,"chose_seed":false,"campfire_upgraded":0,"win_rate":0.0,"timestamp":1613986947,"path_taken":["M","M","M","M","?","E","$","M","T","?","?","R","M","M","R","BOSS"],"items_purchased_type":["Card","Relic"],"build_version":"2020-12-22","purchased_purges":0,"victory":false,"max_hp_per_floor":[65,65,65,65,65,65,65,65,65,65,65,65,65,65,65,65,65],"relic_stats":{"Dream Catcher":2,"counters":[9,49],"obtain_stats":[{"Dream Catcher":9,"AT_ATBox":0,"DemoMod:GlassGuonStoneRelic":2,"FlyPower:ReiMu":0,"WarlordEmblem:MantleKazakus":11,"Dota2Spire:LotusOrb":7,"REME_ComplimentaryCards":0},{"Dream Catcher":6,"AT_ATBox":0,"DemoMod:GlassGuonStoneRelic":2,"FlyPower:ReiMu":0,"WarlordEmblem:MantleKazakus":6,"Dota2Spire:LotusOrb":5,"REME_ComplimentaryCards":0},{"Dream Catcher":25,"AT_ATBox":0,"DemoMod:GlassGuonStoneRelic":6,"FlyPower:ReiMu":0,"WarlordEmblem:MantleKazakus":25,"Dota2Spire:LotusOrb":24,"REME_ComplimentaryCards":0}]},"card_choices":[{"not_picked":["ManaGlint:ReiMu","LovePray:ReiMu"],"picked":"ForcedLanding:ReiMu","floor":1.0},{"not_picked":["ForcedLanding:ReiMu","Conquer:ReiMu"],"picked":"SubcavityInstant:ReiMu","floor":2.0},{"not_picked":["EmergencyTakeOff:ReiMu","Conquer:ReiMu"],"picked":"Amulet:ReiMu","floor":3.0},{"not_picked":["Meditation:ReiMu","RainPray2:ReiMu"],"picked":"InherentArray:ReiMu","floor":4},{"not_picked":["WonderfulDomain:ReiMu","CardOfSanctity:ReiMu"],"picked":"RainPray2:ReiMu","floor":6},{"not_picked":["PayForSelf:ReiMu","SpreadBorder2:ReiMu"],"picked":"Amulet:ReiMu","floor":8},{"not_picked":["AirStrike:ReiMu","Conquer:ReiMu"],"picked":"KamiRite:ReiMu","floor":12},{"not_picked":["Enchanting:ReiMu","ManaGlint:ReiMu","PassingAway:ReiMu"],"picked":"SKIP","floor":13},{"not_picked":["WonderfulDomain:ReiMu","DoubleButterfly:ReiMu","MountainWay:ReiMu"],"picked":"SKIP","floor":14},{"not_picked":["Conquer:ReiMu","Amulet:ReiMu"],"picked":"SubAcupoint:ReiMu","floor":15}],"player_experience":130330,"relics_obtained":[{"floor":9,"key":"Dream Catcher"},{"floor":11,"key":"WarlordEmblem:MantleKazakus"}],"event_choices":[{"damage_healed":0,"gold_gain":53,"player_choice":"Gained Gold","damage_taken":0,"max_hp_gain":0,"max_hp_loss":0,"event_name":"Golden Wing","floor":5,"gold_loss":0},{"damage_healed":0,"gold_gain":0,"player_choice":"Searched \u00270\u0027 times","damage_taken":0,"max_hp_gain":0,"max_hp_loss":0,"event_name":"Dead Adventurer","floor":10,"gold_loss":0}],"is_beta":false,"boss_relics":[],"items_purged_floors":[],"is_endless":false,"potions_floor_spawned":[3,14],"killed_by":"Slime Boss","ascension_level":0}}