{"host":"z4041mglfe265lhs","time":1613993650,"event":{"mods":["BaseMod","BetterRewards","Friendly Minions","Minty Spire (QoL Compilation)","StSLib","SuperFastMode","The Exalted"],"gold_per_floor":[119,134,146,146,163,163,192,192,192,192,218,238,258,293,293,390,390,403,139,149,149,165,165,193,193,193,218,228,257,257,276,276,378,378,390,453,472,570,590,590,600,650,704,733,309,309,359,391,403,415,427,439,8,36,36],"floor_reached":56,"language":"ENG","playtime":4809,"items_purged":["Bromod:Patagium","Bromod:PointStrike+1"],"score":1858,"play_id":"fa78fb0f-9028-4528-bccb-a9aad306bc5a","local_time":"20210222053410","is_ascension_mode":true,"campfire_choices":[{"data":"Bromod:ExaltedBlade","floor":6.0,"key":"SMITH"},{"data":"Bromod:BulletJump","floor":8.0,"key":"SMITH"},{"data":"Bromod:EnergySiphon","floor":15.0,"key":"SMITH"},{"data":"Bromod:RelentlessCombination","floor":23.0,"key":"SMITH"},{"data":"Bromod:Continuity","floor":25.0,"key":"SMITH"},{"data":"Bromod:FastHands","floor":32,"key":"SMITH"},{"data":"Bromod:RelentlessCombination","floor":40,"key":"SMITH"},{"floor":46,"key":"RECALL"},{"data":"Bromod:FashionFrame","floor":49,"key":"SMITH"},{"data":"Bromod:FastHands","floor":52,"key":"SMITH"}],"circlet_count":0,"master_deck":["Bromod:SlashDash","Bromod:SlashDash","Bromod:SlashDash","Bromod:OrganShatter+1","Bromod:PointStrike+1","Bromod:RadialBlind","Bromod:OrganShatter+1","Bromod:BulletJump","Bromod:FastHands+1","Bromod:ExaltedBlade+1","Panacea","Bromod:BulletJump+1","Bromod:OrganShatter+1","Bromod:EnergySiphon+1","Bromod:ThermiteRounds+1","Bromod:TacticalPump","Bromod:Blaze","Bromod:Rage+1","Bromod:Continuity+1","Bromod:Maglev","Bromod:Adaptation","Bromod:ContagiousSpread","Bromod:RelentlessCombination+1","Bromod:SteelFiber+1","Bromod:HeatedCharge+1","Bromod:Rejuvenation+1","Bromod:Rage+1","Bromod:SteelFiber+1","Bromod:NoReturn+1","Bromod:RelentlessCombination+1","Bromod:Rejuvenation+1","Bromod:KillingBlow+1","Bromod:FastHands+1","Mayhem+1","Bromod:FastHands","Bromod:SlashDash+1","Bromod:FashionFrame+1","Bromod:ArchwingLauncher+1","Bromod:SlashDash+1","Bromod:SlashDash+1"],"relics":["Bromod:Ordis","Bromod:AscarisDevice","Molten Egg 2","Pocketwatch","Ginger","White Beast Statue","The Courier","Bromod:ArcaneDeflection","Centennial Puzzle","Pandora\u0027s Box","Mummified Hand","Bromod:ArcaneConsequence","Frozen Egg 2","Lantern","Bromod:ArcaneAwakening","SsserpentHead","Coffee Dripper","Ice Cream","Toy Ornithopter","Potion Belt","Nunchaku","MawBank","Shuriken","Bromod:ArcaneNullifier","Bag of Marbles"],"acts_visited":["TheCity","TheBeyond","TheEnding"],"potions_floor_usage":[37,38,39,44,48,55,55,55,55,55],"damage_taken":[{"damage":0.0,"enemies":"2 Louse","floor":1.0,"turns":3.0},{"damage":0.0,"enemies":"Cultist","floor":2.0,"turns":3.0},{"damage":0.0,"enemies":"Small Slimes","floor":3.0,"turns":3.0},{"damage":6.0,"enemies":"Exordium Thugs","floor":5.0,"turns":4.0},{"damage":14.0,"enemies":"Gremlin Nob","floor":7.0,"turns":3.0},{"damage":0.0,"enemies":"3 Sentries","floor":11.0,"turns":7.0},{"damage":2.0,"enemies":"Blue Slaver","floor":12.0,"turns":2.0},{"damage":0.0,"enemies":"Gremlin Gang","floor":13.0,"turns":5.0},{"damage":0.0,"enemies":"Lagavulin","floor":14.0,"turns":3.0},{"damage":0.0,"enemies":"The Guardian","floor":16.0,"turns":7.0},{"damage":5.0,"enemies":"Shell Parasite","floor":18.0,"turns":4.0},{"damage":23.0,"enemies":"2 Thieves","floor":20.0,"turns":5.0},{"damage":0.0,"enemies":"3 Cultists","floor":22.0,"turns":4.0},{"damage":0.0,"enemies":"Slavers","floor":24.0,"turns":3.0},{"damage":6.0,"enemies":"Book of Stabbing","floor":27.0,"turns":4.0},{"damage":0.0,"enemies":"Snake Plant","floor":28.0,"turns":5.0},{"damage":0.0,"enemies":"Slavers","floor":29.0,"turns":5.0},{"damage":17,"enemies":"Cultist and Chosen","floor":31,"turns":5},{"damage":12,"enemies":"Champ","floor":33,"turns":6},{"damage":27,"enemies":"3 Darklings","floor":35,"turns":5},{"damage":19,"enemies":"3 Shapes","floor":36,"turns":6},{"damage":6,"enemies":"Spire Growth","floor":37,"turns":4},{"damage":29,"enemies":"2 Orb Walkers","floor":38,"turns":6},{"damage":0,"enemies":"3 Darklings","floor":39,"turns":5},{"damage":8,"enemies":"Maw","floor":41,"turns":6},{"damage":0,"enemies":"Giant Head","floor":44,"turns":8},{"damage":0,"enemies":"Reptomancer","floor":48,"turns":5},{"damage":15,"enemies":"Donu and Deca","floor":50,"turns":7},{"damage":15,"enemies":"Shield and Spear","floor":54,"turns":6},{"damage":62,"enemies":"The Heart","floor":55,"turns":7}],"seed_played":"2753566179749267249","potions_obtained":[{"floor":3.0,"key":"LiquidMemories"},{"floor":5.0,"key":"Regen Potion"},{"floor":7.0,"key":"Explosive Potion"},{"floor":11.0,"key":"Energy Potion"},{"floor":12.0,"key":"Bromod:AmmoRestore"},{"floor":13.0,"key":"Block Potion"},{"floor":14.0,"key":"Fruit Juice"},{"floor":16.0,"key":"DistilledChaos"},{"floor":18.0,"key":"Explosive Potion"},{"floor":20.0,"key":"Strength Potion"},{"floor":22.0,"key":"Dexterity Potion"},{"floor":24.0,"key":"Regen Potion"},{"floor":27.0,"key":"AttackPotion"},{"floor":28.0,"key":"FearPotion"},{"floor":29.0,"key":"FearPotion"},{"floor":31,"key":"SmokeBomb"},{"floor":33,"key":"LiquidMemories"},{"floor":35,"key":"DistilledChaos"},{"floor":36,"key":"Dexterity Potion"},{"floor":37,"key":"Bromod:Forma"},{"floor":38,"key":"Swift Potion"},{"floor":39,"key":"Ancient Potion"},{"floor":41,"key":"EssenceOfSteel"},{"floor":44,"key":"LiquidMemories"},{"floor":48,"key":"Bromod:ClemClone"},{"floor":54,"key":"LiquidBronze"}],"is_trial":false,"path_per_floor":["M","M","M","?","M","R","E","R","T","?","E","M","M","E","R","B",null,"M","$","M","?","M","R","E","R","T","E","M","E","?","M","R","B",null,"M","M","M","?","M","R","M","T","T","E","$","R","?","E","R","B",null,"R","$","E","B",null],"character_chosen":"THE_EXALTED","items_purchased":["Molten Egg 2","Bromod:OrganShatter+1","Bromod:PointStrike+1","Bromod:RadialBlind","Bromod:OrganShatter+1","Bromod:PointStrike+1","Bromod:Patagium","Mummified Hand","Mayhem+1","Nunchaku","Bromod:FastHands","Bromod:SlashDash+1","Shuriken","Bromod:ArcaneNullifier","Bromod:ArchwingLauncher+1","Bromod:SlashDash+1","Energy Potion"],"campfire_rested":0,"item_purchase_floors":[0,0,0,0,0,0,0,19,45,45,45,45,53,53,53,53,53],"current_hp_per_floor":[31,31,31,31,25,25,11,11,11,4,19,17,17,17,17,22,80,75,75,52,52,52,52,52,52,52,46,60,60,60,43,43,40,80,53,44,38,19,30,30,39,39,39,63,63,63,63,80,80,80,80,80,80,76,51],"gold":36,"neow_bonus":"","is_daily":false,"chose_seed":false,"campfire_upgraded":9,"win_rate":0.0,"timestamp":1613993650,"path_taken":["M","M","M","?","?","R","E","R","T","?","E","M","M","E","R","BOSS","M","$","M","?","M","R","E","R","T","E","M","E","?","M","R","BOSS","M","?","M","?","M","R","M","?","T","E","$","R","?","E","R","BOSS","R","$","E","BOSS"],"items_purchased_type":["Relic","Card","Card","Card","Card","Card","Card","Relic","Card","Relic","Card","Card","Relic","Relic","Card","Card","Potion"],"build_version":"2020-12-22","purchased_purges":2,"victory":true,"max_hp_per_floor":[75,75,75,75,75,75,75,75,75,75,75,75,75,75,75,80,80,80,80,80,80,80,80,80,80,80,80,80,80,80,80,80,80,80,80,80,80,80,80,80,80,80,80,80,80,80,80,80,80,80,80,80,80,80,80],"card_choices":[{"not_picked":["Bromod:PressurePoint","Bromod:Patagium","Bromod:QuickDraw"],"picked":"SKIP","floor":1.0},{"not_picked":["Bromod:HeatedCharge","Bromod:BodyCount"],"picked":"Bromod:BulletJump","floor":2.0},{"not_picked":["Bromod:SteelCharge","Bromod:Vitality"],"picked":"Bromod:FastHands","floor":3.0},{"not_picked":["Bromod:ContagiousSpread","Bromod:SteelFiber","Bromod:BodyCount"],"picked":"SKIP","floor":5.0},{"not_picked":["Bromod:ArchwingLauncher","Bromod:ShatteringImpact+1"],"picked":"Bromod:OrganShatter+1","floor":7.0},{"not_picked":["Bromod:PointStrike+1","Bromod:Stormbringer","Bromod:TargetCracker+1"],"picked":"SKIP","floor":11.0},{"not_picked":["Bromod:PressurePoint","Bromod:BloodRush","Bromod:PointStrike+1"],"picked":"SKIP","floor":12.0},{"not_picked":["Bromod:BulletJump","Bromod:Provoked","Bromod:SlipMagazine"],"picked":"SKIP","floor":13.0},{"not_picked":["Bromod:Maglev","Bromod:Provoked"],"picked":"Bromod:EnergySiphon","floor":14.0},{"not_picked":["Bromod:ExaltedBlade","Bromod:Thunderbolt"],"picked":"Bromod:ThermiteRounds+1","floor":16.0},{"not_picked":["Bromod:Serration","Bromod:BriefRespite","Bromod:Redirection"],"picked":"SKIP","floor":18.0},{"not_picked":["Bromod:Patagium","Bromod:SteelFiber"],"picked":"Bromod:ContagiousSpread","floor":20.0},{"not_picked":["Bromod:SteelCharge","Bromod:PressurePoint"],"picked":"Bromod:RelentlessCombination","floor":22.0},{"not_picked":["Bromod:Redirection","Bromod:SlipMagazine"],"picked":"Bromod:SteelFiber+1","floor":24.0},{"not_picked":["Bromod:FocusEnergy","Bromod:Patagium","Bromod:SlipMagazine+1"],"picked":"SKIP","floor":27.0},{"not_picked":["Bromod:SlipMagazine+1","Bromod:Foundry+1","Bromod:Serration+1"],"picked":"SKIP","floor":28.0},{"not_picked":["Bromod:SlipMagazine+1","Bromod:Foundry+1","Bromod:Serration+1"],"picked":"SKIP","floor":28.0},{"not_picked":["Bromod:FormaBlueprint+1","Bromod:FastHands"],"picked":"Bromod:HeatedCharge+1","floor":29.0},{"not_picked":["Bromod:Vitality","Bromod:Patagium"],"picked":"Bromod:Rejuvenation+1","floor":31},{"not_picked":["Bromod:Thunderbolt+1","Bromod:Frostbite+1"],"picked":"Bromod:Rage+1","floor":33},{"not_picked":["Bromod:PointStrike+1","Bromod:FastHands"],"picked":"Bromod:SteelFiber+1","floor":35},{"not_picked":["Bromod:PointStrike+1","Bromod:KillingBlow+1"],"picked":"Bromod:NoReturn+1","floor":36},{"not_picked":["Bromod:PressurePoint+1","Bromod:OrganShatter+1"],"picked":"Bromod:RelentlessCombination","floor":37},{"not_picked":["Bromod:Vitality+1","Bromod:Reflection"],"picked":"Bromod:Rejuvenation+1","floor":38},{"not_picked":["Bromod:Foundry+1","Bromod:FormaBlueprint+1"],"picked":"Bromod:KillingBlow+1","floor":39},{"not_picked":["Bromod:RadialJavelin+1","Bromod:ReflexCoil+1"],"picked":"Bromod:FastHands","floor":41},{"not_picked":["Bromod:BodyCount+1","Bromod:ShatteringImpact+1","Bromod:SlipMagazine+1"],"picked":"SKIP","floor":44},{"not_picked":["Bromod:Vitality","Bromod:RelentlessCombination"],"picked":"Bromod:FashionFrame","floor":48},{"not_picked":["Bromod:QuickDraw+1","Bromod:PointStrike+1"],"picked":"Bromod:SlashDash+1","floor":54}],"player_experience":388699,"relics_obtained":[{"floor":7.0,"key":"White Beast Statue"},{"floor":9.0,"key":"The Courier"},{"floor":11.0,"key":"Bromod:ArcaneDeflection"},{"floor":14.0,"key":"Centennial Puzzle"},{"floor":24.0,"key":"Bromod:ArcaneConsequence"},{"floor":26.0,"key":"Frozen Egg 2"},{"floor":27.0,"key":"Lantern"},{"floor":29.0,"key":"Bromod:ArcaneAwakening"},{"floor":38,"key":"Ice Cream"},{"floor":42,"key":"Toy Ornithopter"},{"floor":44,"key":"Potion Belt"},{"floor":48,"key":"MawBank"},{"floor":54,"key":"Bag of Marbles"}],"event_choices":[{"damage_healed":0.0,"max_hp_gain":0.0,"max_hp_loss":0.0,"gold_gain":0.0,"event_name":"Match and Keep!","player_choice":"3 cards matched","floor":4.0,"gold_loss":0.0,"damage_taken":0.0,"cards_obtained":["Bromod:ExaltedBlade","Panacea","Bromod:BulletJump"]},{"cards_removed":["Bromod:Strike_Bro"],"damage_healed":0.0,"max_hp_gain":0.0,"max_hp_loss":0.0,"gold_gain":0.0,"event_name":"Golden Wing","player_choice":"Card Removal","floor":10.0,"gold_loss":0.0,"damage_taken":7.0},{"damage_healed":0,"gold_gain":0,"player_choice":"Trade","damage_taken":0,"relics_obtained":["SsserpentHead"],"max_hp_gain":0,"max_hp_loss":0,"event_name":"FaceTrader","floor":30,"gold_loss":0},{"damage_healed":0,"gold_gain":0,"player_choice":"Fight","damage_taken":0,"max_hp_gain":0,"max_hp_loss":0,"event_name":"Mysterious Sphere","floor":38,"gold_loss":0},{"damage_healed":0,"gold_gain":0,"player_choice":"Ignored","damage_taken":0,"max_hp_gain":0,"max_hp_loss":0,"event_name":"Tomb of Lord Red Mask","floor":47,"gold_loss":0}],"is_beta":false,"boss_relics":[{"not_picked":["Bromod:ArcaneGrace","Calling Bell"],"picked":"Pandora\u0027s Box"},{"not_picked":["Astrolabe","Philosopher\u0027s Stone"],"picked":"Coffee Dripper"}],"items_purged_floors":[19,45],"is_endless":false,"potions_floor_spawned":[3,5,7,11,12,13,14,16,18,20,22,24,27,28,29,31,33,35,36,37,38,39,41,44,48,54],"ascension_level":1}}