{"host":"lly094a91h6n5nv5","time":1613964138,"event":{"mods":["AchievementEnabler","BaseMod","Block Reminder","Colored Map","Minty Spire (QoL Compilation)","Permanent Neow"],"gold_per_floor":[113,126,141,141,152,152,152,185,185,185,211,224,27,60,60,137,137,151,4,4,16,36,36,68,68,68,68,68,85,85,96,96,174,174,193,193,210,210,190,190,203,203,230,244,244,43,62,62,62,62,62],"floor_reached":50,"language":"ENG","playtime":3361,"items_purged":["Strike_G"],"score":901,"play_id":"0c3415da-b20b-4d73-8ac7-72542f4ba456","local_time":"20210221212218","is_ascension_mode":true,"campfire_choices":[{"data":"Storm of Steel","floor":6.0,"key":"SMITH"},{"data":"Neutralize","floor":10.0,"key":"SMITH"},{"data":"Envenom","floor":15.0,"key":"SMITH"},{"data":"Wraith Form v2","floor":23.0,"key":"SMITH"},{"data":"Footwork","floor":25.0,"key":"SMITH"},{"floor":30.0,"key":"REST"},{"data":"Panache","floor":32.0,"key":"SMITH"},{"floor":40.0,"key":"RECALL"},{"floor":42,"key":"REST"},{"floor":49,"key":"REST"}],"circlet_count":0,"master_deck":["AscendersBane","Strike_G+1","Strike_G+1","Strike_G+1","Strike_G+1","Defend_G+1","Defend_G+1","Defend_G+1","Defend_G+1","Survivor+1","Neutralize+1","Storm of Steel+1","Backflip+1","Well Laid Plans+1","Blur+1","Acrobatics+1","Dagger Spray+1","Panache+1","Envenom+1","Wraith Form v2+1","Tactician+1","Infinite Blades+1","Footwork+1","Acrobatics+1","Reflex+1","Necronomicurse","Riddle With Holes+1","Footwork+1","Venomology+1","PiercingWail+1","Die Die Die","Acrobatics"],"relics":["Ring of the Snake","Potion Belt","Pocketwatch","Pear","Matryoshka","TungstenRod","Runic Dome","Ninja Scroll","Orichalcum","Gremlin Horn","Necronomicon","Fusion Hammer","Mark of the Bloom","Bronze Scales","War Paint","Happy Flower"],"acts_visited":["Exordium","TheCity","TheBeyond"],"potions_floor_usage":[44,47,50,50,50,50,50],"damage_taken":[{"damage":0.0,"enemies":"Small Slimes","floor":1.0,"turns":4.0},{"damage":0.0,"enemies":"Jaw Worm","floor":2.0,"turns":5.0},{"damage":1.0,"enemies":"Cultist","floor":3.0,"turns":4.0},{"damage":0.0,"enemies":"3 Louse","floor":5.0,"turns":5.0},{"damage":24.0,"enemies":"Gremlin Nob","floor":8.0,"turns":5.0},{"damage":2.0,"enemies":"Lagavulin","floor":11.0,"turns":7.0},{"damage":0.0,"enemies":"Gremlin Gang","floor":12.0,"turns":3.0},{"damage":5.0,"enemies":"3 Sentries","floor":14.0,"turns":5.0},{"damage":0.0,"enemies":"Slime Boss","floor":16.0,"turns":8.0},{"damage":0.0,"enemies":"2 Thieves","floor":18.0,"turns":3.0},{"damage":10.0,"enemies":"Spheric Guardian","floor":21.0,"turns":5.0},{"damage":21.0,"enemies":"Snecko","floor":22.0,"turns":7.0},{"damage":10.0,"enemies":"Book of Stabbing","floor":24.0,"turns":7.0},{"damage":0.0,"enemies":"3 Cultists","floor":29.0,"turns":4.0},{"damage":3.0,"enemies":"Cultist and Chosen","floor":31.0,"turns":5.0},{"damage":20.0,"enemies":"Collector","floor":33.0,"turns":8.0},{"damage":0.0,"enemies":"3 Shapes","floor":35.0,"turns":1.0},{"damage":12.0,"enemies":"Orb Walker","floor":37.0,"turns":6.0},{"damage":0.0,"enemies":"Spire Growth","floor":41.0,"turns":6.0},{"damage":14,"enemies":"Jaw Worm Horde","floor":44,"turns":4},{"damage":21,"enemies":"Transient","floor":47,"turns":5},{"damage":26,"enemies":"Donu and Deca","floor":50,"turns":3}],"seed_played":"945610932261904303","potions_obtained":[{"floor":3.0,"key":"Strength Potion"},{"floor":5.0,"key":"FairyPotion"},{"floor":7.0,"key":"Dexterity Potion"},{"floor":7.0,"key":"Weak Potion"},{"floor":8.0,"key":"AttackPotion"},{"floor":12.0,"key":"Fire Potion"},{"floor":16.0,"key":"Block Potion"},{"floor":22.0,"key":"SteroidPotion"},{"floor":47,"key":"Energy Potion"}],"is_trial":false,"path_per_floor":["M","M","M","?","M","R","?","E","T","R","E","M","$","E","R","B",null,"M","$","?","M","M","R","E","R","T","?","?","M","R","M","R","B",null,"M","?","M","?","?","R","M","R","T","M","?","$","M","?","R","B"],"character_chosen":"THE_SILENT","items_purchased":["Panache","Infinite Blades","Happy Flower","Acrobatics"],"campfire_rested":3,"item_purchase_floors":[13,19,46,46],"current_hp_per_floor":[59,59,58,55,55,55,55,31,41,41,39,39,39,34,34,34,61,61,61,80,70,49,49,39,39,39,39,27,27,51,48,48,28,67,67,67,55,55,55,55,55,55,55,41,41,41,20,20,20,0,0],"gold":62,"neow_bonus":"THREE_RARE_CARDS","is_daily":false,"chose_seed":false,"campfire_upgraded":6,"win_rate":0.0,"timestamp":1613964138,"path_taken":["M","M","M","?","M","R","?","E","T","R","E","M","$","E","R","BOSS","M","?","?","M","?","R","E","R","T","?","?","M","R","M","R","BOSS","M","?","?","?","?","R","M","R","T","?","?","$","M","?","R","BOSS"],"items_purchased_type":["Card","Card","Relic","Card"],"build_version":"2020-12-22","purchased_purges":1,"victory":false,"max_hp_per_floor":[60,60,60,60,60,60,60,60,70,70,70,70,70,70,70,70,70,70,70,80,80,80,80,80,80,80,80,80,80,80,80,80,80,80,80,80,80,80,80,80,80,80,80,80,80,80,80,80,80,80,80],"card_choices":[{"not_picked":["Doppelganger","Tools of the Trade"],"picked":"Storm of Steel","floor":0.0},{"not_picked":["Sucker Punch","Calculated Gamble"],"picked":"Backflip","floor":1.0},{"not_picked":["Poisoned Stab","Riddle With Holes"],"picked":"Well Laid Plans","floor":2.0},{"not_picked":["Reflex","Deadly Poison"],"picked":"Blur","floor":3.0},{"not_picked":["Outmaneuver","Sucker Punch","Slice"],"picked":"SKIP","floor":5.0},{"not_picked":["Tactician","Underhanded Strike"],"picked":"Acrobatics","floor":8.0},{"not_picked":["Blade Dance","Backflip"],"picked":"Dagger Spray","floor":11.0},{"not_picked":["Distraction","Underhanded Strike"],"picked":"Venomology","floor":12.0},{"not_picked":["Poisoned Stab","Backflip"],"picked":"Envenom","floor":14.0},{"not_picked":["Glass Knife","Envenom"],"picked":"Wraith Form v2","floor":16.0},{"not_picked":["Bane","Quick Slash"],"picked":"Tactician+1","floor":18.0},{"not_picked":["Terror","Quick Slash"],"picked":"Footwork","floor":21.0},{"not_picked":["Backflip","Outmaneuver"],"picked":"Acrobatics+1","floor":22.0},{"not_picked":["Blur","Escape Plan","Well Laid Plans"],"picked":"SKIP","floor":24.0},{"not_picked":["Crippling Poison","PiercingWail"],"picked":"Riddle With Holes","floor":29.0},{"not_picked":["Dodge and Roll","Concentrate"],"picked":"Footwork","floor":31.0},{"not_picked":["Corpse Explosion","Unload"],"picked":"Venomology","floor":33.0},{"not_picked":["Dodge and Roll","Bane+1","Tactician"],"picked":"SKIP","floor":35.0},{"not_picked":["Dodge and Roll","Masterful Stab+1"],"picked":"PiercingWail","floor":37.0},{"not_picked":["Quick Slash","Dagger Spray"],"picked":"Die Die Die","floor":41},{"not_picked":["Escape Plan","Reflex","Backflip"],"picked":"SKIP","floor":44},{"not_picked":["Dodge and Roll","Backflip","Underhanded Strike"],"picked":"SKIP","floor":47}],"player_experience":276394,"relics_obtained":[{"floor":8.0,"key":"Pocketwatch"},{"floor":9.0,"key":"Pear"},{"floor":11.0,"key":"Matryoshka"},{"floor":14.0,"key":"TungstenRod"},{"floor":24.0,"key":"Ninja Scroll"},{"floor":26.0,"key":"Orichalcum"},{"floor":26.0,"key":"Gremlin Horn"},{"floor":28.0,"key":"Necronomicon"},{"floor":43,"key":"Bronze Scales"},{"floor":43,"key":"War Paint"}],"event_choices":[{"damage_healed":0.0,"max_hp_gain":0.0,"max_hp_loss":0.0,"gold_gain":0.0,"event_name":"Scrap Ooze","player_choice":"Success","floor":4.0,"gold_loss":0.0,"damage_taken":3.0,"relics_obtained":["Potion Belt"]},{"damage_healed":0.0,"max_hp_gain":0.0,"max_hp_loss":0.0,"gold_gain":0.0,"event_name":"Lab","player_choice":"Got Potions","floor":7.0,"gold_loss":0.0,"damage_taken":0.0},{"cards_removed":["Venomology"],"damage_healed":9.0,"max_hp_gain":10.0,"max_hp_loss":0.0,"gold_gain":0.0,"event_name":"Bonfire Elementals","player_choice":"Offered Rare","floor":20.0,"gold_loss":0.0,"damage_taken":0.0},{"damage_healed":0.0,"max_hp_gain":0.0,"max_hp_loss":0.0,"gold_gain":0.0,"event_name":"The Library","player_choice":"Read","floor":27.0,"gold_loss":0.0,"damage_taken":0.0,"cards_obtained":["Reflex"]},{"damage_healed":0.0,"max_hp_gain":0.0,"max_hp_loss":0.0,"gold_gain":0.0,"event_name":"Cursed Tome","player_choice":"Obtained Book","floor":28.0,"gold_loss":0.0,"damage_taken":16.0},{"damage_healed":0.0,"max_hp_gain":0.0,"max_hp_loss":0.0,"gold_gain":0.0,"event_name":"SecretPortal","player_choice":"Ignored","floor":36.0,"gold_loss":0.0,"damage_taken":0.0},{"damage_healed":0.0,"max_hp_gain":0.0,"max_hp_loss":0.0,"gold_gain":0.0,"event_name":"MindBloom","player_choice":"Upgrade","floor":38.0,"gold_loss":0.0,"damage_taken":0.0,"cards_upgraded":["Strike_G","Strike_G","Strike_G","Strike_G","Defend_G","Defend_G","Defend_G","Defend_G","Defend_G","Survivor","Backflip","Well Laid Plans","Blur","Acrobatics","Dagger Spray","Infinite Blades","Reflex","Riddle With Holes","Footwork","Venomology","PiercingWail"],"relics_obtained":["Mark of the Bloom"]},{"damage_healed":0.0,"max_hp_gain":0.0,"max_hp_loss":0.0,"gold_gain":0.0,"event_name":"The Woman in Blue","player_choice":"Bought 1 Potion","floor":39.0,"gold_loss":0.0,"damage_taken":0.0},{"cards_removed":["Defend_G"],"damage_healed":0,"gold_gain":0,"player_choice":"Removed Skill","damage_taken":0,"max_hp_gain":0,"max_hp_loss":0,"event_name":"Falling","floor":45,"gold_loss":0},{"damage_healed":0,"gold_gain":0,"player_choice":"0 cards matched","damage_taken":0,"max_hp_gain":0,"max_hp_loss":0,"event_name":"Match and Keep!","floor":48,"gold_loss":0,"cards_obtained":[]},{"damage_healed":0,"gold_gain":0,"player_choice":"0 cards matched","damage_taken":0,"max_hp_gain":0,"max_hp_loss":0,"event_name":"Match and Keep!","floor":48,"gold_loss":0,"cards_obtained":[]}],"is_beta":false,"boss_relics":[{"not_picked":["Empty Cage","Snecko Eye"],"picked":"Runic Dome"},{"not_picked":["Sozu","Philosopher\u0027s Stone"],"picked":"Fusion Hammer"}],"items_purged_floors":[19],"is_endless":false,"potions_floor_spawned":[3,5,8,12,16,21,22,37,47],"killed_by":"Donu and Deca","ascension_level":14}}