{"host":"6fh0uvaoh3e0g6do","time":1613963692,"event":{"mods":["AchievementEnabler","BaseMod","BetterRewards","Colored Map","Colored Powertips","Highlight Path","Hubris","Infinite Spire","Minty Spire (QoL Compilation)","Quick Restart","Replay The Spire","StSLib"],"gold_per_floor":[112,112,112,122,141,141,166,177,254,265,265,284,315,326,326,429,429,442,442,442,461,472,504,553,553,553,202,202,252,264,216,228,389,401,467,516,629,214,264,322,322,474,523,523,523,523,574,164,164,224],"floor_reached":51,"language":"ENG","playtime":4010,"items_purged":[],"score":927,"play_id":"b513c912-9a30-4193-8875-249c1022f164","local_time":"20210221201452","is_ascension_mode":false,"campfire_choices":[{"data":"Infinite Blades","floor":6.0,"key":"SMITH"},{"data":"ReplayTheSpireMod:Private Reserves","floor":15.0,"key":"SMITH"},{"floor":25.0,"key":"REST"},{"data":"After Image","floor":41.0,"key":"SMITH"},{"data":"After Image","floor":46.0,"key":"SMITH"},{"data":"ReplayTheSpireMod:Trickstab","floor":49.0,"key":"SMITH"}],"circlet_count":0,"master_deck":["Strike_G+1","Strike_G+1","Strike_G+1","Strike_G+1","Strike_G+1","Defend_G+1","Defend_G+1","Defend_G+1","Defend_G+1","Defend_G+1","Neutralize","ReplayTheSpireMod:Private Reserves+1","Poisoned Stab+1","Dagger Spray","Infinite Blades+1","Endless Agony","Flying Knee","Tools of the Trade","Bane","Escape Plan","Escape Plan","Die Die Die","Prepared+1","Bane","Footwork+1","Blade Dance","Choke+1","After Image+1","Backstab","After Image+1","Flying Knee+1","Blade Dance+1","Slice+1","Poisoned Stab+1","Poisoned Stab+1","PiercingWail","ReplayTheSpireMod:Trickstab+1","ReplayTheSpireMod:Speed Training+1","Choke+1","Doubt","infinitespire:Neurotoxin","Panache","Impatience"],"relics":["infinitespire:DarkRift","Membership Card","Kunai","Replay:Kaleidoscope","infinitespire:Cubic Diamond","Iron Hammer","HornCleat","hubris:GlazedTorus","SlaversCollar","hubris:Towel","Ninja Scroll","WristBlade","Replay:Bandana","infinitespire:BottledMercury","Byrd Skull","Ornamental Fan","Lee\u0027s Waffle","MawBank","hubris:Icosahedron","hubris:Backtick","Bottled Tornado","hubris:Zylophone","Chemical X","Pondfish Scales","hubris:ToyBattleship","Gremlin Food","Oddly Smooth Stone","Garlic","Medical Kit"],"acts_visited":["Exordium","TheCity","TheBeyond"],"potions_floor_usage":[50],"damage_taken":[{"damage":0.0,"enemies":"2 Louse","floor":1.0,"turns":3.0},{"damage":0.0,"enemies":"Jaw Worm","floor":4.0,"turns":4.0},{"damage":9.0,"enemies":"infinitespire:Voidling","floor":5.0,"turns":4.0},{"damage":3.0,"enemies":"Replay:BlueRogue","floor":7.0,"turns":6.0},{"damage":2.0,"enemies":"Looter","floor":8.0,"turns":3.0},{"damage":0.0,"enemies":"Gremlin Gang","floor":10.0,"turns":3.0},{"damage":0.0,"enemies":"2 Fungi Beasts","floor":12.0,"turns":2.0},{"damage":0.0,"enemies":"Lagavulin","floor":13.0,"turns":2.0},{"damage":7.0,"enemies":"3 Louse","floor":14.0,"turns":3.0},{"damage":20.0,"enemies":"Slime Boss","floor":16.0,"turns":7.0},{"damage":10.0,"enemies":"3 Byrds","floor":18.0,"turns":4.0},{"damage":0.0,"enemies":"Shell Parasite","floor":21.0,"turns":3.0},{"damage":0.0,"enemies":"Shelled Parasite and Fungi","floor":22.0,"turns":1.0},{"damage":15.0,"enemies":"Slavers","floor":23.0,"turns":3.0},{"damage":0.0,"enemies":"Centurion and Healer","floor":24.0,"turns":4.0},{"damage":0.0,"enemies":"Book of Stabbing","floor":29.0,"turns":2.0},{"damage":0.0,"enemies":"Automaton","floor":33.0,"turns":5.0},{"damage":0.0,"enemies":"3 Darklings","floor":35.0,"turns":2.0},{"damage":0.0,"enemies":"3 Shapes","floor":36.0,"turns":2.0},{"damage":0.0,"enemies":"3 Darklings","floor":39.0,"turns":1.0},{"damage":0.0,"enemies":"Giant Head","floor":40.0,"turns":6.0},{"damage":0.0,"enemies":"Spire Growth","floor":42.0,"turns":3.0},{"damage":0.0,"enemies":"Maw","floor":47.0,"turns":5.0},{"damage":0,"enemies":"Replay:Hell Engine","floor":50,"turns":5}],"seed_played":"-7770761727036635535","potions_obtained":[{"floor":5.0,"key":"Energy Potion"},{"floor":7.0,"key":"Poison Potion"},{"floor":8.0,"key":"CunningPotion"},{"floor":10.0,"key":"Strength Potion"},{"floor":16.0,"key":"Death Potion"},{"floor":18.0,"key":"Block Potion"},{"floor":21.0,"key":"SteroidPotion"},{"floor":29.0,"key":"Swift Potion"},{"floor":35.0,"key":"LiquidMemories"},{"floor":36.0,"key":"infinitespire:BlackPotion"},{"floor":42.0,"key":"LiquidBronze"},{"floor":47.0,"key":"Block Potion"}],"is_trial":false,"path_per_floor":["M","?","?","M","M","R","E","M","T","M","?","M","E","M","R","B",null,"M","?","AVR","M","M","E","M","R","T","$","?","E","?","?","R_BF","B",null,"M","M","?","$","M","E","R","M","T","?","?","R","M","$","R","B",null],"character_chosen":"THE_SILENT","items_purchased":["Membership Card","Kunai","ReplayTheSpireMod:Private Reserves","Byrd Skull","Ornamental Fan","Lee\u0027s Waffle","hubris:Zylophone","Chemical X","Pondfish Scales","PiercingWail","ReplayTheSpireMod:Trickstab","Oddly Smooth Stone","Garlic","Medical Kit","Panache","Impatience"],"campfire_rested":1,"item_purchase_floors":[0,0,0,27,27,27,38,38,38,38,38,48,48,48,48,48],"current_hp_per_floor":[70,70,70,70,70,70,67,65,65,65,65,65,65,58,58,38,70,60,60,60,60,60,45,45,66,66,77,77,77,77,77,77,77,77,77,77,47,47,47,47,47,47,47,77,77,77,77,77,77,77],"gold":224,"neow_bonus":"","is_daily":false,"chose_seed":false,"campfire_upgraded":5,"win_rate":0.0,"timestamp":1613963692,"path_taken":["M","?","?","?","M","R","E","M","T","M","?","?","E","M","R","BOSS","M","?","AVR","M","M","E","M","R","T","$","?","E","?","?","R_BF","BOSS","M","?","?","$","M","E","R","M","T","?","?","R","M","$","R","BOSS"],"items_purchased_type":["Relic","Relic","Card","Relic","Relic","Relic","Relic","Relic","Relic","Card","Card","Relic","Relic","Relic","Card","Card"],"build_version":"2020-12-22","purchased_purges":0,"victory":true,"max_hp_per_floor":[70,70,70,70,70,70,70,70,70,70,70,70,70,70,70,70,70,70,70,70,70,70,70,70,70,70,77,77,77,77,77,77,77,77,77,77,77,77,77,77,77,77,77,77,77,77,77,77,77,77],"card_choices":[{"not_picked":["All Out Attack","Acrobatics"],"picked":"Poisoned Stab","floor":1.0},{"not_picked":["Deadly Poison","Backflip"],"picked":"Dagger Spray","floor":4.0},{"not_picked":["Tactician","PiercingWail"],"picked":"Infinite Blades","floor":5.0},{"not_picked":["Prepared","Fluid Movement"],"picked":"Endless Agony","floor":7.0},{"not_picked":["Underhanded Strike","ReplayTheSpireMod:The Works"],"picked":"Flying Knee","floor":8.0},{"not_picked":["Prepared","Reflex"],"picked":"Tools of the Trade","floor":10.0},{"not_picked":["Sucker Punch","Riddle With Holes"],"picked":"Bane","floor":12.0},{"not_picked":["Skewer","Backflip"],"picked":"Escape Plan","floor":13.0},{"not_picked":["Underhanded Strike","Deadly Poison"],"picked":"Escape Plan","floor":14.0},{"not_picked":["ReplayTheSpireMod:Necrosis","Venomology"],"picked":"Die Die Die","floor":16.0},{"not_picked":["Dagger Throw+1","Dodge and Roll+1"],"picked":"Prepared+1","floor":18.0},{"not_picked":["Deadly Poison+1","Dodge and Roll"],"picked":"Bane","floor":21.0},{"not_picked":["Catalyst","Skewer"],"picked":"Footwork+1","floor":22.0},{"not_picked":["Slice","Skewer"],"picked":"Blade Dance","floor":23.0},{"not_picked":["Leg Sweep","Flechettes+1"],"picked":"Choke+1","floor":24.0},{"not_picked":["Underhanded Strike","Dagger Spray"],"picked":"After Image","floor":29.0},{"not_picked":["Night Terror","Bullet Time"],"picked":"After Image","floor":33.0},{"not_picked":["Prepared","Outmaneuver+1"],"picked":"Flying Knee+1","floor":35.0},{"not_picked":["Acrobatics+1","Dash+1"],"picked":"Blade Dance+1","floor":36.0},{"not_picked":["Escape Plan+1","ReplayTheSpireMod:Shiv Toss+1"],"picked":"Slice+1","floor":37.0},{"not_picked":["Bouncing Flask","Fluid Movement+1"],"picked":"Poisoned Stab+1","floor":37.0},{"not_picked":["Dagger Throw","Underhanded Strike+1"],"picked":"Poisoned Stab+1","floor":37.0},{"not_picked":["Poison Darts","ReplayTheSpireMod:Exploit Weakness+1"],"picked":"ReplayTheSpireMod:Speed Training+1","floor":39.0},{"not_picked":["Poisoned Stab","Riddle With Holes"],"picked":"Choke+1","floor":40.0},{"not_picked":["Backflip+1","Dash","PiercingWail+1"],"picked":"SKIP","floor":42.0},{"not_picked":["hubris:TrickCloak+1","PiercingWail"],"picked":"infinitespire:Neurotoxin","floor":47.0}],"player_experience":51739,"relics_obtained":[{"floor":7.0,"key":"Iron Hammer"},{"floor":9.0,"key":"HornCleat"},{"floor":13.0,"key":"hubris:GlazedTorus"},{"floor":23.0,"key":"Replay:Bandana"},{"floor":26.0,"key":"infinitespire:BottledMercury"},{"floor":29.0,"key":"MawBank"},{"floor":40.0,"key":"hubris:ToyBattleship"},{"floor":43.0,"key":"Gremlin Food"}],"event_choices":[{"damage_healed":0.0,"max_hp_gain":0.0,"max_hp_loss":0.0,"gold_gain":0.0,"event_name":"Accursed Blacksmith","player_choice":"Forge","floor":3.0,"gold_loss":0.0,"damage_taken":0.0,"cards_upgraded":["Poisoned Stab"]},{"cards_removed":["Survivor"],"damage_healed":0.0,"max_hp_gain":0.0,"max_hp_loss":0.0,"gold_gain":0.0,"event_name":"Purifier","player_choice":"Purged","floor":11.0,"gold_loss":0.0,"damage_taken":0.0},{"damage_healed":0.0,"max_hp_gain":0.0,"max_hp_loss":0.0,"gold_gain":0.0,"event_name":"Back to Basics","player_choice":"Simplicity","floor":28.0,"gold_loss":0.0,"damage_taken":0.0,"cards_upgraded":["Strike_G","Strike_G","Strike_G","Strike_G","Strike_G","Defend_G","Defend_G","Defend_G","Defend_G","Defend_G"]},{"damage_healed":0.0,"max_hp_gain":0.0,"max_hp_loss":0.0,"gold_gain":0.0,"event_name":"The Library","player_choice":"Read","floor":32.0,"gold_loss":0.0,"damage_taken":0.0,"cards_obtained":["Backstab"]},{"damage_healed":30.0,"max_hp_gain":0.0,"max_hp_loss":0.0,"gold_gain":0.0,"event_name":"MindBloom","player_choice":"Heal","floor":44.0,"gold_loss":0.0,"damage_taken":0.0,"cards_obtained":["Doubt"]}],"is_beta":false,"boss_relics":[{"not_picked":["Ring of Chaos","Empty Cage"],"picked":"SlaversCollar"},{"not_picked":["Snecko Scales","ReplayTheSpireMod:SealedPack"],"picked":"hubris:Backtick"}],"items_purged_floors":[],"is_endless":false,"potions_floor_spawned":[5,7,8,10,16,18,21,29,35,36,42,47],"ascension_level":0}}