{"host":"blhqr6uo32maonpv","time":1613974322,"event":{"mods":["BaseMod","Downfall","Minty Spire (QoL Compilation)","Replay The Spire","StSLib","The Bug Knight","The Marked"],"gold_per_floor":[99,116,128,201,201,201,272,298,322,346,376,373,370,398,429,546,558,570,594,606,637,662,774,786,798,710,742,767,797,709,753,783,898,910,822,849,880,942,621,396,420,454,454,470,499,515,515,247,262,262,262,287,1,1,1,1,1,1],"floor_reached":56,"language":"ENG","playtime":4094,"items_purged":[],"score":833,"play_id":"f7fd105a-fff8-46b0-8afb-72cab31dcad2","local_time":"20210222021202","is_ascension_mode":false,"campfire_choices":[{"data":"1","floor":1.0,"key":"LIFT"},{"data":"2","floor":18.0,"key":"LIFT"},{"floor":26.0,"key":"RECALL"},{"data":"3","floor":30.0,"key":"LIFT"},{"data":"bronze:FineTuning","floor":35.0,"key":"SMITH"},{"data":"bronze:Verify","floor":54,"key":"SMITH"}],"circlet_count":0,"master_deck":["bronze:Strike","bronze:Strike","bronze:Strike","bronze:Strike","bronze:Defend","bronze:Defend","bronze:Defend","bronze:Defend","bronze:Replicate+1","bronze:Goto","bronze:FollowUp","bronze:ClassDefault","bronze:Iterate","bronze:Safeguard+1","bronze:FollowUp","bronze:Repair","bronze:Repulsor","bronze:WhirlingStrike","bronze:SpaghettiCode","bronze:DelayedGuard","bronze:CutThrough","bronze:ForLoop","bronze:BurnOut","bronze:FineTuning+1","bronze:ChosenStrike","bronze:DelayedSlice+1","bronze:WildBeam+1","bronze:Branch+1","bronze:FineTuning+1","bronze:BronzeArmor","bronze:FineTuning+1","bronze:HardenedForm","bronze:Shell+1","bronze:Overheat+1","bronze:WildBeam+1","bronze:DelayedSlice+1","bronze:OilSpill+1","bronze:Repulsor","ReplayTheSpireMod:Necrogeddon+1","Dark Shackles","bronze:BuggyMess","bronze:Verify+1","bronze:Repair","bronze:MaxOutput","bronze:Iterate+1","expansioncontent:QuickStudy","bronze:BuggyMess","bronze:Frontload+1","bronze:Mutator","bronze:Repair+1","bronze:ForceShield"],"relics":["bronze:BronzeCore","Girya","HollowMod:PaleOreRelic","Replay:Ringing Soul","MawBank","ChewingGum","Mercury Hourglass","FossilizedHelix","Molten Egg 2","downfall:HeartBlessingBlue","downfall:HeartBlessingRed","Ornamental Fan","SacredBark","downfall:HeartBlessingGreen","Replay:Multitool","ClockworkSouvenir","Pen Nib","Happy Flower","ReplayTheSpireMod:Ninjato","ReplayTheSpireMod:Shallot","Whetstone"],"acts_visited":["Exordium","TheCity","TheBeyond","TheEnding"],"potions_floor_usage":[45,46,50,52],"damage_taken":[{"damage":0.0,"enemies":"Small Slimes","floor":2.0,"turns":4.0},{"damage":6.0,"enemies":"2 Louse","floor":3.0,"turns":4.0},{"damage":18.0,"enemies":"3 Sentries","floor":8.0,"turns":6.0},{"damage":1.0,"enemies":"Jaw Worm","floor":9.0,"turns":2.0},{"damage":3.0,"enemies":"Red Slaver","floor":10.0,"turns":4.0},{"damage":2.0,"enemies":"2 Fungi Beasts","floor":11.0,"turns":3.0},{"damage":0.0,"enemies":"downfall:FleeingMerchant","floor":12.0,"turns":5.0},{"damage":0.0,"enemies":"downfall:FleeingMerchant","floor":13.0,"turns":4.0},{"damage":0.0,"enemies":"3 Louse","floor":14.0,"turns":3.0},{"damage":4.0,"enemies":"Gremlin Gang","floor":15.0,"turns":5.0},{"damage":19.0,"enemies":"IC_STATUS_ARCHETYPE","floor":16.0,"turns":5.0},{"damage":0.0,"enemies":"3 Byrds","floor":19.0,"turns":3.0},{"damage":6.0,"enemies":"downfall:LooterAlt2","floor":21.0,"turns":2.0},{"damage":10.0,"enemies":"Snake Plant","floor":22.0,"turns":3.0},{"damage":17.0,"enemies":"WA_ARCHETYPE_RETAIN","floor":23.0,"turns":6.0},{"damage":0.0,"enemies":"Cultist and Chosen","floor":27.0,"turns":4.0},{"damage":0.0,"enemies":"Shelled Parasite and Fungi","floor":28.0,"turns":3.0},{"damage":0.0,"enemies":"3 Cultists","floor":29.0,"turns":3.0},{"damage":11.0,"enemies":"Gremlin Leader","floor":31.0,"turns":5.0},{"damage":0.0,"enemies":"Centurion and Healer","floor":32.0,"turns":4.0},{"damage":48.0,"enemies":"SI_MIRROR_ARCHETYPE","floor":33.0,"turns":9.0},{"damage":1.0,"enemies":"3 Shapes","floor":36.0,"turns":4.0},{"damage":25.0,"enemies":"3 Darklings","floor":37.0,"turns":3.0},{"damage":22.0,"enemies":"3 Darklings","floor":38.0,"turns":5.0},{"damage":0.0,"enemies":"downfall:FleeingMerchant","floor":40.0,"turns":4.0},{"damage":8.0,"enemies":"Nemesis","floor":42.0,"turns":7.0},{"damage":0,"enemies":"Transient","floor":44,"turns":5},{"damage":90,"enemies":"Reptomancer","floor":45,"turns":5},{"damage":0,"enemies":"Spire Growth","floor":46,"turns":3},{"damage":8,"enemies":"3 Darklings","floor":49,"turns":4},{"damage":5,"enemies":"DF_ARCHETYPE_ORBS","floor":50,"turns":5},{"damage":88,"enemies":"downfall:CharBossMerchant","floor":52,"turns":8},{"damage":40,"enemies":"downfall:NeowBoss","floor":55,"turns":14},{"damage":282,"enemies":"downfall:NeowBossFinal","floor":56,"turns":14}],"seed_played":"-6330879738860856895","potions_obtained":[{"floor":2.0,"key":"Weak Potion"},{"floor":4.0,"key":"Flashbang"},{"floor":8.0,"key":"Regen Potion"},{"floor":11.0,"key":"Adrenaline Potion"},{"floor":14.0,"key":"Block Potion"},{"floor":16.0,"key":"FairyPotion"},{"floor":23.0,"key":"Strength Potion"},{"floor":28.0,"key":"Block Potion"},{"floor":32.0,"key":"CultistPotion"},{"floor":33.0,"key":"champ:CounterPotion"},{"floor":38.0,"key":"bronze:CleanCodePotion"},{"floor":44,"key":"PowerPotion"},{"floor":45,"key":"hexamod:SoulburnPotion"},{"floor":46,"key":"AttackPotion"}],"is_trial":false,"path_per_floor":["R","M","M","?","?","?","T","E","M","M","M","$","$","M","M","B",null,"R","M","?","M","M","?","T","?","R","M","M","M","R","E","M","B",null,"R","M","M","?","?","$","T","E","R","M","E","M","?","$","M","B",null,"E","$","R","B","B"],"character_chosen":"THE_AUTOMATON","items_purchased":["bronze:OilSpill+1","bronze:Repulsor","ReplayTheSpireMod:Necrogeddon+1","Dark Shackles","ClockworkSouvenir","bronze:BuggyMess","bronze:Iterate+1","expansioncontent:QuickStudy","bronze:BuggyMess","Whetstone","bronze:Repair+1","bronze:ForceShield"],"campfire_rested":0,"item_purchase_floors":[40,40,40,40,40,40,48,48,48,53,53,53],"current_hp_per_floor":[49,49,43,43,43,43,43,28,35,42,43,53,63,73,79,63,97,97,100,100,97,97,91,91,91,101,118,125,128,128,120,130,92,137,137,139,118,99,164,167,167,159,159,170,83,93,186,189,184,192,192,107,110,110,94,0,0,0],"gold":1,"neow_bonus":"ONE_RARE_RELIC","is_daily":false,"chose_seed":false,"campfire_upgraded":2,"win_rate":0.0,"timestamp":1613974322,"path_taken":["R","M","M","?","?","?","T","E","M","M","?","?","$","M","M","BOSS","R","M","?","M","M","?","T","?","R","M","M","M","R","E","M","BOSS","R","M","?","?","?","$","T","E","R","M","E","?","?","$","M","BOSS","E","$","R","BOSS","BOSS"],"items_purchased_type":["Card","Card","Card","Card","Relic","Card","Card","Card","Card","Relic","Card","Card"],"build_version":"2020-12-22","purchased_purges":0,"victory":false,"max_hp_per_floor":[70,70,70,70,70,70,70,73,76,79,82,85,88,91,94,97,97,97,100,100,103,106,109,109,109,119,122,125,128,128,131,134,137,137,137,140,143,146,164,167,167,167,167,170,173,176,186,189,192,192,192,195,198,198,198,198,198,198],"card_choices":[{"not_picked":["bronze:Overheat","bronze:DarkDash"],"picked":"bronze:FollowUp","floor":2.0},{"not_picked":["bronze:Shield","bronze:Deprecate"],"picked":"bronze:ClassDefault","floor":3.0},{"not_picked":["bronze:FineTuning","bronze:BugBarrage"],"picked":"bronze:Iterate","floor":4.0},{"not_picked":["bronze:Deprecate","bronze:Overheat"],"picked":"bronze:Safeguard","floor":4.0},{"not_picked":["bronze:Backtrace","bronze:Frontload"],"picked":"bronze:FollowUp","floor":8.0},{"not_picked":["bronze:Verify","bronze:MaxOutput"],"picked":"bronze:Repair","floor":9.0},{"not_picked":["bronze:OilSpill","bronze:Backtrace"],"picked":"bronze:Repulsor","floor":10.0},{"not_picked":["bronze:Frontload","bronze:DelayedSlice"],"picked":"bronze:WhirlingStrike","floor":11.0},{"not_picked":["bronze:Deprecate","bronze:CutThrough"],"picked":"bronze:SpaghettiCode","floor":12.0},{"not_picked":["bronze:Repulsor","bronze:DarkDash"],"picked":"bronze:DelayedGuard","floor":13.0},{"not_picked":["bronze:DarkDash","bronze:Frontload"],"picked":"bronze:CutThrough","floor":14.0},{"not_picked":["bronze:BuggyMess","bronze:WildBeam"],"picked":"bronze:ForLoop","floor":15.0},{"not_picked":["bronze:SpaghettiCode","bronze:HardenedForm"],"picked":"bronze:BurnOut","floor":16.0},{"not_picked":["bronze:OilSpill","bronze:MaxOutput"],"picked":"bronze:FineTuning+1","floor":19.0},{"not_picked":["bronze:ForceShield","bronze:Shield"],"picked":"bronze:ChosenStrike","floor":21.0},{"not_picked":["bronze:Branch","bronze:DelayedGuard"],"picked":"bronze:DelayedSlice","floor":22.0},{"not_picked":["bronze:DelayedSlice+1","bronze:Boost+1"],"picked":"bronze:WildBeam+1","floor":23.0},{"not_picked":["bronze:BitShift","bronze:ChildClass"],"picked":"bronze:Branch+1","floor":27.0},{"not_picked":["bronze:CutThrough+1","bronze:ChildClass+1"],"picked":"bronze:FineTuning","floor":28.0},{"not_picked":["bronze:Branch+1","bronze:ForLoop"],"picked":"bronze:BronzeArmor","floor":29.0},{"not_picked":["bronze:BronzeOrb+1","bronze:BitShift"],"picked":"bronze:Assembly","floor":31.0},{"not_picked":["bronze:WildBeam+1","bronze:BugBarrage+1"],"picked":"bronze:FineTuning+1","floor":32.0},{"not_picked":["bronze:FindAndReplace","bronze:ShipIt+1"],"picked":"bronze:HardenedForm","floor":33.0},{"not_picked":["bronze:Overload","bronze:Shield+1"],"picked":"bronze:Shell+1","floor":36.0},{"not_picked":["bronze:NullPointer+1","bronze:Deprecate+1"],"picked":"bronze:Overheat+1","floor":37.0},{"not_picked":["bronze:BitShift","bronze:BuggyMess+1"],"picked":"bronze:WildBeam+1","floor":38.0},{"not_picked":["bronze:WhirlingStrike+1","bronze:FineTuning"],"picked":"bronze:DelayedSlice+1","floor":40.0},{"not_picked":["bronze:DelayedGuard","bronze:BronzeOrb+1","bronze:DigitalCarnage+1"],"picked":"SKIP","floor":42.0},{"not_picked":["bronze:Branch+1","bronze:Boost+1"],"picked":"bronze:Verify","floor":44},{"not_picked":["bronze:WhirlingStrike+1","bronze:Shield"],"picked":"bronze:Repair","floor":45},{"not_picked":["bronze:Turbo+1","bronze:BronzeOrb+1"],"picked":"bronze:MaxOutput","floor":46},{"not_picked":["bronze:Branch+1","bronze:DelayedSlice+1"],"picked":"bronze:Frontload+1","floor":49},{"not_picked":["bronze:WildBeam+1","bronze:Iterate+1"],"picked":"bronze:Mutator","floor":52}],"player_experience":49609,"relics_obtained":[{"floor":4.0,"key":"HollowMod:PaleOreRelic"},{"floor":7.0,"key":"Replay:Ringing Soul"},{"floor":8.0,"key":"MawBank"},{"floor":23.0,"key":"FossilizedHelix"},{"floor":23.0,"key":"Molten Egg 2"},{"floor":31.0,"key":"Ornamental Fan"},{"floor":38.0,"key":"Replay:Multitool"},{"floor":41.0,"key":"Pen Nib"},{"floor":42.0,"key":"Happy Flower"},{"floor":45,"key":"ReplayTheSpireMod:Ninjato"},{"floor":52,"key":"ReplayTheSpireMod:Shallot"}],"event_choices":[{"damage_healed":0.0,"max_hp_gain":0.0,"max_hp_loss":0.0,"gold_gain":0.0,"event_name":"NoteForYourself","player_choice":"Ignored","floor":25.0,"gold_loss":0.0,"damage_taken":0.0}],"is_beta":false,"boss_relics":[{"not_picked":["Cursed Key","Replay:Bronze Core"],"picked":"ChewingGum"},{"not_picked":["Kintsugi","Painkiller Herb"],"picked":"SacredBark"}],"items_purged_floors":[],"is_endless":false,"potions_floor_spawned":[2,8,11,14,16,23,28,32,33,36,38,44,45,46],"killed_by":"downfall:NeowBossFinal","ascension_level":0}}