{"host":"w14xfy17z3c5mpoi","time":1613961296,"event":{"mods":["AchievementEnabler","BaseMod","Minty Spire (QoL Compilation)","Relic Stats"],"gold_per_floor":[109,119,119,133,149,181,200,200,200,2,34,34,68,68,68,165,165,184,184,198,198,212,242,242,256,279,313,313,313,31,65,65,164,164,179,19,19,32,32,32,44,44,126,126,156,166,177,212,212,212],"floor_reached":51,"language":"ENG","playtime":2528,"items_purged":["Strike_G","Strike_G"],"score":1313,"play_id":"53b96cb1-f91b-48ef-bee7-6ad341d86be4","local_time":"20210221213456","is_ascension_mode":true,"campfire_choices":[{"floor":8,"key":"REST"},{"floor":12,"key":"REST"},{"floor":15,"key":"REST"},{"floor":28,"key":"REST"},{"floor":32,"key":"REST"},{"floor":40,"key":"REST"},{"data":"Phantasmal Killer","floor":42,"key":"SMITH"},{"floor":44,"key":"REST"},{"floor":49,"key":"REST"}],"circlet_count":0,"master_deck":["AscendersBane","Survivor","Neutralize","Sucker Punch","Heel Hook","Blade Dance","Blade Dance","Cloak And Dagger","Terror","Footwork","Phantasmal Killer+1","Backstab+1","Blade Dance+1","Blade Dance+1","Backflip","RitualDagger","Well Laid Plans","Backflip+1","Glass Knife","Quick Slash","Catalyst","Quick Slash","Underhanded Strike","Reflex","Well Laid Plans","Well Laid Plans","Backstab","Accuracy","Footwork","Dodge and Roll","Backflip+1","Cloak And Dagger","Acrobatics+1","Finisher","Acrobatics","Outmaneuver"],"relics":["Ring of the Snake","PreservedInsect","Omamori","Art of War","Blue Candle","Regal Pillow","Ornamental Fan","SlaversCollar","Toy Ornithopter","War Paint","Akabeko","Nunchaku","CaptainsWheel","Pandora\u0027s Box","Bottled Tornado","Pantograph","Potion Belt"],"acts_visited":["Exordium","TheCity","TheBeyond"],"potions_floor_usage":[6,7,11,20,23,30,33,33,35,45,46,48,50],"damage_taken":[{"damage":7,"enemies":"Cultist","floor":1,"turns":5},{"damage":7,"enemies":"Small Slimes","floor":2,"turns":5},{"damage":7,"enemies":"2 Louse","floor":4,"turns":3},{"damage":13,"enemies":"Blue Slaver","floor":5,"turns":4},{"damage":14,"enemies":"3 Sentries","floor":6,"turns":8},{"damage":11,"enemies":"Lots of Slimes","floor":7,"turns":6},{"damage":6,"enemies":"Lagavulin","floor":11,"turns":5},{"damage":16,"enemies":"Gremlin Nob","floor":13,"turns":3},{"damage":43,"enemies":"Slime Boss","floor":16,"turns":13},{"damage":6,"enemies":"Shell Parasite","floor":18,"turns":4},{"damage":11,"enemies":"2 Thieves","floor":20,"turns":4},{"damage":8,"enemies":"Chosen and Byrds","floor":22,"turns":4},{"damage":4,"enemies":"Slavers","floor":23,"turns":2},{"damage":28,"enemies":"Cultist and Chosen","floor":25,"turns":6},{"damage":30,"enemies":"Gremlin Leader","floor":27,"turns":5},{"damage":31,"enemies":"Book of Stabbing","floor":31,"turns":4},{"damage":23,"enemies":"Automaton","floor":33,"turns":6},{"damage":34,"enemies":"3 Darklings","floor":35,"turns":4},{"damage":58,"enemies":"3 Shapes","floor":38,"turns":5},{"damage":8,"enemies":"Spire Growth","floor":41,"turns":4},{"damage":0,"enemies":"Reptomancer","floor":45,"turns":3},{"damage":15,"enemies":"Writhing Mass","floor":46,"turns":6},{"damage":36,"enemies":"Transient","floor":47,"turns":5},{"damage":11,"enemies":"Nemesis","floor":48,"turns":4},{"damage":56,"enemies":"Donu and Deca","floor":50,"turns":9}],"seed_played":"-955984058211363894","potions_obtained":[{"floor":0,"key":"Poison Potion"},{"floor":0,"key":"GamblersBrew"},{"floor":1,"key":"Strength Potion"},{"floor":5,"key":"ColorlessPotion"},{"floor":16,"key":"CultistPotion"},{"floor":18,"key":"Fire Potion"},{"floor":21,"key":"AttackPotion"},{"floor":31,"key":"SteroidPotion"},{"floor":33,"key":"GamblersBrew"},{"floor":38,"key":"CunningPotion"},{"floor":45,"key":"Dexterity Potion"},{"floor":48,"key":"DistilledChaos"}],"is_trial":false,"path_per_floor":["M","M","?","M","M","E","M","R","T","$","E","R","E","?","R","B",null,"M","?","M","?","M","E","?","M","T","E","R","?","$","E","R","B",null,"M","$","?","M","?","R","M","R","T","R","E","M","M","E","R","B",null],"character_chosen":"THE_SILENT","items_purchased":["Blade Dance","PowerPotion","Cloak And Dagger","Well Laid Plans","Fruit Juice","Footwork","Dodge and Roll","CunningPotion"],"campfire_rested":8,"item_purchase_floors":[10,10,10,30,30,36,36,36],"current_hp_per_floor":[56,49,49,42,29,15,4,25,25,25,19,40,24,21,57,14,56,50,50,44,44,36,37,60,32,32,2,38,32,42,11,48,35,65,36,36,66,8,8,42,34,34,34,66,66,51,15,9,43,10],"gold":212,"neow_bonus":"THREE_SMALL_POTIONS","is_daily":false,"chose_seed":false,"campfire_upgraded":1,"win_rate":0.0,"timestamp":1613961296,"path_taken":["M","?","?","M","M","E","M","R","T","?","E","R","E","?","R","BOSS","M","?","M","?","?","E","?","M","T","E","R","?","$","E","R","BOSS","M","$","?","M","?","R","M","R","T","R","E","M","M","E","R","BOSS"],"items_purchased_type":["Card","Potion","Card","Card","Potion","Card","Card","Potion"],"build_version":"2020-12-22","purchased_purges":2,"victory":true,"max_hp_per_floor":[70,70,70,70,70,70,70,70,70,70,70,70,70,70,70,70,70,70,70,70,70,70,70,70,70,70,70,70,70,75,75,75,75,75,75,75,66,66,66,66,66,66,66,66,66,66,66,66,66,66],"relic_stats":{"Regal Pillow":88,"counters":[25,127],"Blue Candle":[1],"PreservedInsect":326,"War Paint":["Defend_G","Defend_G"],"Nunchaku":[23],"Ornamental Fan":[392],"Pantograph":23,"Pandora\u0027s Box":["Quick Slash","Catalyst","Quick Slash","Underhanded Strike","Reflex","Well Laid Plans","Well Laid Plans","Backstab"],"Art of War":[4],"obtain_stats":[{"Potion Belt":48,"Regal Pillow":13,"Blue Candle":11,"PreservedInsect":3,"Omamori":6,"War Paint":23,"Bottled Tornado":43,"Akabeko":26,"SlaversCollar":17,"Nunchaku":27,"CaptainsWheel":31,"Ornamental Fan":14,"Pantograph":45,"Pandora\u0027s Box":34,"Art of War":9,"Toy Ornithopter":19,"Ring of the Snake":0},{"Potion Belt":24,"Regal Pillow":8,"Blue Candle":7,"PreservedInsect":2,"Omamori":5,"War Paint":13,"Bottled Tornado":20,"Akabeko":14,"SlaversCollar":9,"Nunchaku":15,"CaptainsWheel":16,"Ornamental Fan":8,"Pantograph":21,"Pandora\u0027s Box":17,"Art of War":6,"Toy Ornithopter":10,"Ring of the Snake":0},{"Potion Belt":118,"Regal Pillow":39,"Blue Candle":36,"PreservedInsect":10,"Omamori":25,"War Paint":66,"Bottled Tornado":100,"Akabeko":72,"SlaversCollar":52,"Nunchaku":77,"CaptainsWheel":81,"Ornamental Fan":39,"Pantograph":103,"Pandora\u0027s Box":87,"Art of War":31,"Toy Ornithopter":56,"Ring of the Snake":0}],"Toy Ornithopter":35,"Ring of the Snake":[50]},"card_choices":[{"not_picked":["Dodge and Roll","Prepared"],"picked":"Sucker Punch","floor":1},{"not_picked":["Acrobatics","PiercingWail"],"picked":"Endless Agony","floor":2},{"not_picked":["Calculated Gamble","Blur","Bane"],"picked":"SKIP","floor":4},{"not_picked":["Dodge and Roll","Flying Knee"],"picked":"Heel Hook","floor":5},{"not_picked":["Deadly Poison","Distraction","Concentrate"],"picked":"SKIP","floor":6},{"not_picked":["Die Die Die","Outmaneuver"],"picked":"Blade Dance","floor":7},{"not_picked":["Backstab","Accuracy"],"picked":"Terror","floor":11},{"not_picked":["Outmaneuver","Heel Hook"],"picked":"Footwork","floor":13},{"not_picked":["Corpse Explosion","Burst"],"picked":"Phantasmal Killer","floor":16},{"not_picked":["PiercingWail","Deadly Poison"],"picked":"Backstab+1","floor":18},{"not_picked":["Endless Agony","Choke"],"picked":"Blade Dance+1","floor":20},{"not_picked":["Cloak And Dagger","Acrobatics","Quick Slash"],"picked":"SKIP","floor":22},{"not_picked":["Dagger Spray","Catalyst"],"picked":"Blade Dance+1","floor":23},{"not_picked":["Outmaneuver","Cloak And Dagger"],"picked":"Backflip","floor":25},{"not_picked":["Outmaneuver","Concentrate","Deadly Poison+1"],"picked":"SKIP","floor":27},{"not_picked":["Dagger Spray","Predator"],"picked":"Backflip+1","floor":31},{"not_picked":["Envenom","Unload"],"picked":"Glass Knife","floor":33},{"not_picked":["PiercingWail","Flechettes"],"picked":"Accuracy","floor":35},{"not_picked":["Flechettes","Riddle With Holes+1"],"picked":"Backflip+1","floor":38},{"not_picked":["Flying Knee","Dagger Spray"],"picked":"Cloak And Dagger","floor":41},{"not_picked":["Catalyst","Flying Knee"],"picked":"Acrobatics+1","floor":45},{"not_picked":["Caltrops","Backflip"],"picked":"Finisher","floor":46},{"not_picked":["Backflip","Flying Knee"],"picked":"Acrobatics","floor":47},{"not_picked":["Bane","Phantasmal Killer"],"picked":"Outmaneuver","floor":48}],"player_experience":758763,"relics_obtained":[{"floor":6,"key":"Omamori"},{"floor":9,"key":"Art of War"},{"floor":11,"key":"Blue Candle"},{"floor":13,"key":"Regal Pillow"},{"floor":23,"key":"War Paint"},{"floor":26,"key":"Akabeko"},{"floor":27,"key":"Nunchaku"},{"floor":31,"key":"CaptainsWheel"},{"floor":43,"key":"Bottled Tornado"},{"floor":45,"key":"Pantograph"},{"floor":48,"key":"Potion Belt"}],"event_choices":[{"damage_healed":0,"gold_gain":0,"player_choice":"Gave Potion","damage_taken":0,"relics_obtained":["PreservedInsect"],"max_hp_gain":0,"max_hp_loss":0,"event_name":"WeMeetAgain","floor":3,"gold_loss":0},{"damage_healed":0,"gold_gain":0,"player_choice":"Success","damage_taken":3,"relics_obtained":["Ornamental Fan"],"max_hp_gain":0,"max_hp_loss":0,"event_name":"Scrap Ooze","floor":14,"gold_loss":0},{"damage_healed":0,"gold_gain":0,"player_choice":"Opened","damage_taken":0,"relics_obtained":["Toy Ornithopter"],"max_hp_gain":0,"max_hp_loss":0,"event_name":"The Mausoleum","floor":19,"gold_loss":0},{"damage_healed":0,"gold_gain":0,"player_choice":"Got Potions","damage_taken":0,"max_hp_gain":0,"max_hp_loss":0,"event_name":"Lab","floor":21,"gold_loss":0},{"damage_healed":23,"gold_gain":0,"player_choice":"Heal","damage_taken":0,"max_hp_gain":0,"max_hp_loss":0,"event_name":"The Library","floor":24,"gold_loss":0},{"damage_healed":0,"gold_gain":0,"player_choice":"Joined the Cult","damage_taken":6,"max_hp_gain":0,"max_hp_loss":0,"event_name":"Nest","floor":29,"gold_loss":0,"cards_obtained":["RitualDagger"]},{"damage_healed":66,"gold_gain":0,"player_choice":"Heal","damage_taken":0,"max_hp_gain":0,"max_hp_loss":9,"event_name":"The Moai Head","floor":37,"gold_loss":0},{"cards_removed":["Endless Agony"],"damage_healed":0,"gold_gain":0,"player_choice":"Removed Attack","damage_taken":0,"max_hp_gain":0,"max_hp_loss":0,"event_name":"Falling","floor":39,"gold_loss":0}],"is_beta":false,"boss_relics":[{"not_picked":["Empty Cage","Velvet Choker"],"picked":"SlaversCollar"},{"not_picked":["Sozu","Busted Crown"],"picked":"Pandora\u0027s Box"}],"items_purged_floors":[10,30],"is_endless":false,"potions_floor_spawned":[1,5,16,18,22,31,33,38,45,48],"ascension_level":12}}