{"host":"en4narc5947t7k9n","time":1613984322,"event":{"mods":["AchievementEnabler","BaseMod","Colored Map","Minty Spire (QoL Compilation)","SuperFastMode"],"gold_per_floor":[116,116,131,306,139,139,151,151,151,184,194,206,221,254,254,353,353,371,383,71,81,95,95,109,109,109,109,109,121,121,121,121],"floor_reached":31,"language":"KOR","playtime":1437,"items_purged":["Pain"],"score":249,"play_id":"c152d4f2-b1c1-40fd-b096-25e293d5e4b3","local_time":"20210222175842","is_ascension_mode":false,"campfire_choices":[{"floor":6,"key":"RECALL"},{"data":"Carnage","floor":8,"key":"SMITH"},{"data":"Intimidate","floor":15,"key":"SMITH"},{"data":"Seeing Red","floor":23,"key":"SMITH"},{"floor":25,"key":"REST"},{"data":"Corruption","floor":30,"key":"SMITH"}],"circlet_count":0,"master_deck":["Strike_R","Strike_R","Strike_R","Strike_R","Strike_R","Defend_R","Defend_R","Defend_R","Defend_R","Bash","Discovery","Intimidate+1","Heavy Blade","Doubt","Good Instincts","Carnage+1","Limit Break","Shrug It Off","Spot Weakness","Armaments","Corruption+1","Seeing Red+1","True Grit","Flex","Headbutt","Hemokinesis+1","Headbutt+1"],"relics":["Burning Blood","WarpedTongs","Anchor","Bird Faced Urn","Velvet Choker","Sling","Nunchaku","Singing Bowl"],"acts_visited":["Exordium","TheCity"],"potions_floor_usage":[10,14,16,21,21],"damage_taken":[{"damage":13,"enemies":"Jaw Worm","floor":1,"turns":3},{"damage":18,"enemies":"Cultist","floor":3,"turns":5},{"damage":0,"enemies":"2 Louse","floor":7,"turns":2},{"damage":33,"enemies":"3 Sentries","floor":10,"turns":8},{"damage":23,"enemies":"Exordium Thugs","floor":11,"turns":7},{"damage":6,"enemies":"Exordium Wildlife","floor":12,"turns":6},{"damage":0,"enemies":"Large Slime","floor":13,"turns":5},{"damage":28,"enemies":"Lagavulin","floor":14,"turns":7},{"damage":10,"enemies":"Slime Boss","floor":16,"turns":10},{"damage":13,"enemies":"Spheric Guardian","floor":18,"turns":4},{"damage":3,"enemies":"3 Byrds","floor":19,"turns":5},{"damage":17,"enemies":"Snake Plant","floor":21,"turns":4},{"damage":46,"enemies":"3 Cultists","floor":22,"turns":8},{"damage":18,"enemies":"Shelled Parasite and Fungi","floor":24,"turns":5},{"damage":18,"enemies":"Snecko","floor":29,"turns":5},{"damage":27,"enemies":"Masked Bandits","floor":31,"turns":3}],"seed_played":"8408295862310528487","potions_obtained":[{"floor":1,"key":"LiquidMemories"},{"floor":11,"key":"Block Potion"},{"floor":12,"key":"BloodPotion"},{"floor":14,"key":"Energy Potion"},{"floor":18,"key":"PowerPotion"},{"floor":19,"key":"Dexterity Potion"}],"is_trial":false,"path_per_floor":["M","?","M","?","$","R","M","R","T","E","M","M","M","E","R","B",null,"M","M","$","M","M","R","M","R","T","?","$","M","R","?"],"character_chosen":"IRONCLAD","items_purchased":["Good Instincts","Sling","Nunchaku"],"campfire_rested":1,"item_purchase_floors":[5,20,20],"current_hp_per_floor":[73,73,61,61,61,61,67,67,67,40,23,23,29,23,23,21,80,73,78,78,71,35,35,25,49,49,34,34,24,24,0,0],"gold":121,"neow_bonus":"RANDOM_COLORLESS","is_daily":false,"chose_seed":false,"campfire_upgraded":4,"win_rate":0.0,"timestamp":1613984322,"path_taken":["M","?","?","?","$","R","M","R","T","E","M","M","M","E","R","BOSS","M","M","$","M","M","R","M","R","T","?","$","M","R","?"],"items_purchased_type":["Card","Relic","Relic"],"build_version":"2020-12-22","purchased_purges":1,"victory":false,"max_hp_per_floor":[80,80,80,80,80,80,80,80,80,80,80,80,80,80,80,80,80,80,80,80,80,80,80,80,80,80,85,85,85,85,85,85],"card_choices":[{"not_picked":["Forethought","Swift Strike"],"picked":"Discovery","floor":0},{"not_picked":["Wild Strike","Inflame"],"picked":"Intimidate","floor":1},{"not_picked":["Rupture","Twin Strike"],"picked":"Heavy Blade","floor":3},{"not_picked":["Battle Trance","Twin Strike"],"picked":"Carnage","floor":7},{"not_picked":["Perfected Strike","Clothesline"],"picked":"Limit Break","floor":10},{"not_picked":["Iron Wave","Headbutt"],"picked":"Shrug It Off","floor":11},{"not_picked":["Hemokinesis","Warcry"],"picked":"Spot Weakness","floor":12},{"not_picked":["Immolate","Body Slam"],"picked":"Armaments","floor":13},{"not_picked":["Power Through","Heavy Blade","Havoc"],"picked":"SKIP","floor":14},{"not_picked":["Brutality","Demon Form"],"picked":"Corruption","floor":16},{"not_picked":["Iron Wave","Anger+1"],"picked":"Seeing Red","floor":18},{"not_picked":["Dual Wield","Feel No Pain"],"picked":"True Grit","floor":19},{"not_picked":["Sword Boomerang","True Grit"],"picked":"Flex","floor":21},{"not_picked":["Clothesline","Spot Weakness"],"picked":"Headbutt","floor":22},{"not_picked":["True Grit","Havoc"],"picked":"Hemokinesis+1","floor":24},{"not_picked":["Body Slam","Cleave"],"picked":"Headbutt+1","floor":29}],"player_experience":152681,"relics_obtained":[{"floor":10,"key":"Anchor"},{"floor":14,"key":"Bird Faced Urn"},{"floor":26,"key":"Singing Bowl"}],"event_choices":[{"damage_healed":0,"gold_gain":0,"player_choice":"Rummage","damage_taken":0,"relics_obtained":["WarpedTongs"],"max_hp_gain":0,"max_hp_loss":0,"event_name":"Accursed Blacksmith","floor":2,"gold_loss":0,"cards_obtained":["Pain"]},{"damage_healed":0,"gold_gain":175,"player_choice":"AGREE","damage_taken":0,"max_hp_gain":0,"max_hp_loss":0,"event_name":"Liars Game","floor":4,"gold_loss":0,"cards_obtained":["Doubt"]},{"damage_healed":0,"gold_gain":0,"player_choice":"Shed Blood","damage_taken":20,"max_hp_gain":5,"max_hp_loss":0,"event_name":"Forgotten Altar","floor":27,"gold_loss":0},{"damage_healed":0,"gold_gain":0,"player_choice":"Fought Bandits","damage_taken":0,"max_hp_gain":0,"max_hp_loss":0,"event_name":"Masked Bandits","floor":31,"gold_loss":0}],"is_beta":false,"boss_relics":[{"not_picked":["Fusion Hammer","Snecko Eye"],"picked":"Velvet Choker"}],"items_purged_floors":[5],"is_endless":false,"potions_floor_spawned":[1,11,12,14,18,19],"killed_by":"Masked Bandits","ascension_level":0}}