{"host":"t9vqxmgmtrdkt9v9","time":1613975515,"event":{"mods":["AchievementEnabler","BaseMod","Colored Map","Minty Spire (QoL Compilation)","Permanent Neow","Relic Stats","StSLib"],"gold_per_floor":[111,123,137,20,40,69,69,102,127,127,194,194,194,227,227,304,304,324,324,54,66,83,113,113,113,137,137,150,150,162,162,162,234,234,246,56,81,81,0,35,35,65,65,65,99,148,161,171,171,171],"floor_reached":51,"language":"ENG","playtime":2830,"items_purged":["Dualcast","Multi-Cast"],"score":1464,"play_id":"aba75974-ae3a-4c8a-b0e6-db85580316ab","local_time":"20210222163155","is_ascension_mode":true,"campfire_choices":[{"floor":7.0,"key":"REST"},{"floor":10.0,"key":"REST"},{"data":"Reprogram","floor":12.0,"key":"SMITH"},{"floor":15.0,"key":"REST"},{"data":"Hyperbeam","floor":24.0,"key":"SMITH"},{"data":"Stack","floor":27.0,"key":"SMITH"},{"data":"Leap","floor":29.0,"key":"SMITH"},{"floor":32.0,"key":"REST"},{"floor":41,"key":"REST"},{"data":"Buffer","floor":44,"key":"SMITH"},{"data":"Steam Power","floor":49,"key":"SMITH"}],"circlet_count":0,"master_deck":["AscendersBane","FTL+1","Steam","Reprogram+1","Melter","Beam Cell","Beam Cell+1","Sweeping Beam","Hyperbeam+1","Machine Learning","Beam Cell","Go for the Eyes","Stack+1","Leap+1","Conserve Battery+1","Force Field+1","Sweeping Beam+1","Buffer+1","Steam Power+1","Rip and Tear+1","Leap","Self Repair","Conserve Battery+1","Streamline+1","Scrape+1"],"relics":["Empty Cage","Vajra","Smiling Mask","Bag of Preparation","Whetstone","Pandora\u0027s Box","Molten Egg 2","Sling","Ice Cream","Sundial","Ancient Tea Set","Cursed Key","Thread and Needle","Red Mask","War Paint","Emotion Chip","Pear","Mango"],"acts_visited":["Exordium","TheCity","TheBeyond"],"potions_floor_usage":[45],"damage_taken":[{"damage":2.0,"enemies":"2 Louse","floor":1.0,"turns":3.0},{"damage":2.0,"enemies":"Cultist","floor":2.0,"turns":4.0},{"damage":7.0,"enemies":"Jaw Worm","floor":3.0,"turns":3.0},{"damage":4.0,"enemies":"Looter","floor":5.0,"turns":4.0},{"damage":42.0,"enemies":"3 Sentries","floor":6.0,"turns":16.0},{"damage":11.0,"enemies":"Gremlin Nob","floor":8.0,"turns":3.0},{"damage":11.0,"enemies":"3 Sentries","floor":14.0,"turns":6.0},{"damage":21.0,"enemies":"The Guardian","floor":16.0,"turns":8.0},{"damage":0.0,"enemies":"Spheric Guardian","floor":18.0,"turns":2.0},{"damage":0.0,"enemies":"Chosen","floor":21.0,"turns":3.0},{"damage":4.0,"enemies":"Centurion and Healer","floor":22.0,"turns":4.0},{"damage":13.0,"enemies":"Gremlin Leader","floor":23.0,"turns":3.0},{"damage":10.0,"enemies":"Snecko","floor":28.0,"turns":3.0},{"damage":0.0,"enemies":"Snake Plant","floor":30.0,"turns":1.0},{"damage":9.0,"enemies":"Champ","floor":33.0,"turns":15.0},{"damage":9.0,"enemies":"3 Shapes","floor":35.0,"turns":11.0},{"damage":25,"enemies":"Mind Bloom Boss Battle","floor":37,"turns":5},{"damage":23,"enemies":"Reptomancer","floor":40,"turns":5},{"damage":0,"enemies":"Nemesis","floor":42,"turns":3},{"damage":3,"enemies":"Reptomancer","floor":45,"turns":6},{"damage":0,"enemies":"2 Orb Walkers","floor":46,"turns":4},{"damage":0,"enemies":"Orb Walker","floor":47,"turns":2},{"damage":1,"enemies":"Sphere and 2 Shapes","floor":48,"turns":4},{"damage":28,"enemies":"Awakened One","floor":50,"turns":12}],"seed_played":"-2998566472503947789","potions_obtained":[{"floor":1.0,"key":"Dexterity Potion"},{"floor":5.0,"key":"EssenceOfSteel"},{"floor":8.0,"key":"SteroidPotion"},{"floor":14.0,"key":"DistilledChaos"},{"floor":18.0,"key":"Weak Potion"},{"floor":22.0,"key":"Energy Potion"},{"floor":37,"key":"GamblersBrew"},{"floor":42,"key":"AttackPotion"},{"floor":47,"key":"PotionOfCapacity"}],"is_trial":false,"path_per_floor":["M","M","M","$","M","E","R","E","T","R","?","R","?","E","R","B",null,"M","?","$","M","M","E","R","T","T","R","M","R","M","?","R","B",null,"M","$","?","?","?","E","R","E","T","R","E","?","M","M","R","B",null],"character_chosen":"DEFECT","items_purchased":["Melter","Stack","Sling","Rip and Tear+1","Leap","Self Repair"],"campfire_rested":5,"item_purchase_floors":[4,20,20,36,36,36],"current_hp_per_floor":[62,60,53,53,49,7,28,17,17,38,38,38,38,27,48,27,60,60,60,60,60,56,43,43,43,43,43,33,33,33,33,54,45,65,56,56,38,38,38,22,43,50,50,50,64,85,92,95,95,67],"gold":171,"neow_bonus":"BOSS_RELIC","is_daily":false,"chose_seed":false,"campfire_upgraded":6,"win_rate":0.0,"timestamp":1613975515,"path_taken":["M","M","M","$","M","E","R","E","T","R","?","R","?","E","R","BOSS","M","?","$","?","M","E","R","?","T","R","M","R","M","?","R","BOSS","M","$","?","?","?","E","R","E","T","R","E","?","M","M","R","BOSS"],"items_purchased_type":["Card","Card","Relic","Card","Card","Card"],"build_version":"2020-12-22","purchased_purges":2,"victory":true,"max_hp_per_floor":[71,71,71,71,71,71,71,71,71,71,71,71,71,71,71,71,71,71,71,71,71,71,71,71,71,71,71,71,71,71,71,71,71,71,71,71,71,71,71,71,71,71,71,71,81,95,95,95,95,95],"relic_stats":{"Emotion Chip":[0,0,0,0,0],"counters":[24,130],"Sundial":[14],"Pandora\u0027s Box":["Amplify","Machine Learning","Multi-Cast","Streamline","Beam Cell","Go for the Eyes"],"Bag of Preparation":[36],"Whetstone":["FTL","Beam Cell"],"War Paint":["Conserve Battery","Force Field"],"Smiling Mask":50,"Cursed Key":0,"obtain_stats":[{"Ice Cream":23,"Pear":45,"Vajra":6,"Thread and Needle":37,"Mango":46,"Bag of Preparation":9,"Whetstone":14,"War Paint":40,"Empty Cage":0,"Smiling Mask":8,"Sling":20,"Ancient Tea Set":26,"Cursed Key":34,"Emotion Chip":42,"Sundial":25,"Pandora\u0027s Box":17,"Molten Egg 2":19,"Red Mask":39,"Cracked Core":0},{"Ice Cream":12,"Pear":20,"Vajra":5,"Thread and Needle":17,"Mango":21,"Bag of Preparation":6,"Whetstone":7,"War Paint":18,"Empty Cage":0,"Smiling Mask":6,"Sling":9,"Ancient Tea Set":12,"Cursed Key":15,"Emotion Chip":19,"Sundial":12,"Pandora\u0027s Box":8,"Molten Egg 2":9,"Red Mask":17,"Cracked Core":0},{"Ice Cream":59,"Pear":108,"Vajra":30,"Thread and Needle":94,"Mango":112,"Bag of Preparation":33,"Whetstone":39,"War Paint":99,"Empty Cage":0,"Smiling Mask":33,"Sling":49,"Ancient Tea Set":59,"Cursed Key":78,"Emotion Chip":102,"Sundial":59,"Pandora\u0027s Box":47,"Molten Egg 2":49,"Red Mask":94,"Cracked Core":0}]},"card_choices":[{"not_picked":["Scrape","Beam Cell"],"picked":"FTL","floor":1.0},{"not_picked":["Compile Driver","Stack"],"picked":"Steam","floor":2.0},{"not_picked":["Undo","Amplify"],"picked":"Reprogram","floor":3.0},{"not_picked":["Rebound","Conserve Battery"],"picked":"Beam Cell","floor":5.0},{"not_picked":["Defragment","Streamline"],"picked":"Beam Cell","floor":6.0},{"not_picked":["Redo","Cold Snap"],"picked":"Sweeping Beam","floor":8.0},{"not_picked":["Double Energy","Hologram","Electrodynamics"],"picked":"SKIP","floor":14.0},{"not_picked":["Multi-Cast","Thunder Strike"],"picked":"Hyperbeam","floor":16.0},{"not_picked":["Lockon+1","Coolheaded","Hello World"],"picked":"SKIP","floor":18.0},{"not_picked":["Recycle","Coolheaded+1"],"picked":"Leap","floor":21.0},{"not_picked":["Rebound+1","Redo","Capacitor"],"picked":"SKIP","floor":22.0},{"not_picked":["Ball Lightning+1","Recycle","Compile Driver+1"],"picked":"SKIP","floor":23.0},{"not_picked":["Ball Lightning+1","Recycle","Compile Driver+1"],"picked":"SKIP","floor":23.0},{"not_picked":["Barrage+1","Go for the Eyes+1"],"picked":"Steam","floor":28.0},{"not_picked":["Sweeping Beam+1","Beam Cell+1"],"picked":"Conserve Battery+1","floor":30.0},{"not_picked":["Creative AI","Electrodynamics"],"picked":"Buffer","floor":33.0},{"not_picked":["Consume","Loop"],"picked":"Steam Power","floor":35.0},{"not_picked":["Go for the Eyes+1","Rebound+1"],"picked":"Conserve Battery","floor":37},{"not_picked":["Turbo","Compile Driver+1"],"picked":"Streamline+1","floor":40},{"not_picked":["Consume","Streamline+1","Chill"],"picked":"SKIP","floor":42},{"not_picked":["Barrage+1","Ball Lightning+1"],"picked":"Scrape+1","floor":45},{"not_picked":["Darkness","Conserve Battery","Leap"],"picked":"SKIP","floor":47},{"not_picked":["Hello World+1","Rebound+1","Cold Snap+1"],"picked":"SKIP","floor":48}],"player_experience":466332,"relics_obtained":[{"floor":6.0,"key":"Vajra"},{"floor":8.0,"key":"Smiling Mask"},{"floor":9.0,"key":"Bag of Preparation"},{"floor":14.0,"key":"Whetstone"},{"floor":23.0,"key":"Ice Cream"},{"floor":25.0,"key":"Sundial"},{"floor":26.0,"key":"Ancient Tea Set"},{"floor":37,"key":"Thread and Needle"},{"floor":40,"key":"War Paint"},{"floor":42,"key":"Emotion Chip"},{"floor":45,"key":"Pear"},{"floor":46,"key":"Mango"}],"event_choices":[{"damage_healed":0.0,"max_hp_gain":0.0,"max_hp_loss":0.0,"gold_gain":67.0,"event_name":"Golden Wing","player_choice":"Gained Gold","floor":11.0,"gold_loss":0.0,"damage_taken":0.0},{"damage_healed":0.0,"max_hp_gain":0.0,"max_hp_loss":0.0,"gold_gain":0.0,"event_name":"Golden Idol","player_choice":"Ignored","floor":13.0,"gold_loss":0.0,"damage_taken":0.0},{"cards_removed":["Streamline"],"damage_healed":0.0,"max_hp_gain":0.0,"max_hp_loss":0.0,"gold_gain":0.0,"event_name":"WeMeetAgain","player_choice":"Gave Card","floor":19.0,"gold_loss":0.0,"damage_taken":0.0,"relics_obtained":["Molten Egg 2"]},{"damage_healed":0.0,"max_hp_gain":0.0,"max_hp_loss":0.0,"gold_gain":0.0,"cards_transformed":["Amplify","Zap"],"event_name":"Drug Dealer","player_choice":"Became Test Subject","floor":31.0,"gold_loss":0.0,"damage_taken":0.0,"cards_obtained":["Force Field","Sweeping Beam"]},{"damage_healed":0,"gold_gain":0,"player_choice":"Fight","damage_taken":0,"max_hp_gain":0,"max_hp_loss":0,"event_name":"MindBloom","floor":37,"gold_loss":0},{"cards_removed":["Steam"],"damage_healed":0,"gold_gain":0,"player_choice":"Removed Skill","damage_taken":0,"max_hp_gain":0,"max_hp_loss":0,"event_name":"Falling","floor":38,"gold_loss":0},{"damage_healed":0,"gold_gain":0,"player_choice":"Paid","damage_taken":0,"relics_obtained":["Red Mask"],"max_hp_gain":0,"max_hp_loss":0,"event_name":"Tomb of Lord Red Mask","floor":39,"gold_loss":81},{"damage_healed":0,"gold_gain":0,"player_choice":"Fight","damage_taken":0,"max_hp_gain":0,"max_hp_loss":0,"event_name":"Mysterious Sphere","floor":46,"gold_loss":0}],"is_beta":false,"boss_relics":[{"not_picked":["Busted Crown","Fusion Hammer"],"picked":"Pandora\u0027s Box"},{"not_picked":["Velvet Choker","Sozu"],"picked":"Cursed Key"}],"items_purged_floors":[4,20],"is_endless":false,"potions_floor_spawned":[1,5,8,14,18,22,37,40,42,47],"ascension_level":18}}