{"host":"l1pzlbpva2o8t11s","time":1613989348,"event":{"mods":["AchievementEnabler","BaseMod","Block Reminder","Colored Map","Minty Spire (QoL Compilation)","Random Character Button","Relic Stats","StSLib","The Jungle"],"gold_per_floor":[216,216,23,33,46,79,29,64,90,109,162,162,162],"floor_reached":12,"language":"ENG","playtime":594,"items_purged":["Regret"],"score":92,"play_id":"789ba0e3-ba34-4791-97ad-e40db41b0d0b","local_time":"20210222112228","is_ascension_mode":true,"campfire_choices":[],"circlet_count":0,"master_deck":["Strike_R","Strike_R","Strike_R","Strike_R","Defend_R","Defend_R","Defend_R","Defend_R","Bash+1","Pommel Strike+1","Twin Strike"],"relics":["Burning Blood","Nunchaku","Membership Card","Potion Belt","Shovel","Whetstone","Boot"],"acts_visited":["Exordium"],"potions_floor_usage":[],"damage_taken":[{"damage":0,"enemies":"Small Slimes","floor":1,"turns":3},{"damage":5,"enemies":"Jaw Worm","floor":4,"turns":5},{"damage":6,"enemies":"Cultist","floor":5,"turns":3},{"damage":39,"enemies":"3 Sentries","floor":6,"turns":10},{"damage":39,"enemies":"Lagavulin","floor":8,"turns":7},{"damage":0,"enemies":"Exordium Wildlife","floor":10,"turns":2},{"damage":11,"enemies":"3 Sentries","floor":12,"turns":2}],"seed_played":"-742405626479125340","potions_obtained":[{"floor":10,"key":"ElixirPotion"}],"is_trial":false,"path_per_floor":["M","?","$","M","M","E","?","E","T","M","T","E"],"character_chosen":"IRONCLAD","items_purchased":["Membership Card"],"campfire_rested":0,"item_purchase_floors":[3],"current_hp_per_floor":[80,80,80,80,80,47,47,14,14,20,20,9,9],"gold":162,"neow_bonus":"HUNDRED_GOLD","is_daily":false,"chose_seed":false,"campfire_upgraded":0,"win_rate":0.0,"timestamp":1613989348,"path_taken":["M","?","$","M","M","E","?","E","T","?","?","E"],"items_purchased_type":["Relic"],"build_version":"2020-12-22","purchased_purges":1,"victory":false,"max_hp_per_floor":[80,80,80,80,80,80,80,80,80,80,80,80,80],"relic_stats":{"Nunchaku":[5],"Shovel":0,"counters":[7,32],"Whetstone":["Pommel Strike","Bash"],"Boot":[0],"obtain_stats":[{"Potion Belt":6,"Nunchaku":2,"Shovel":8,"Membership Card":3,"Whetstone":9,"Boot":11,"Burning Blood":0},{"Potion Belt":4,"Nunchaku":1,"Shovel":5,"Membership Card":1,"Whetstone":5,"Boot":6,"Burning Blood":0},{"Potion Belt":21,"Nunchaku":3,"Shovel":28,"Membership Card":3,"Whetstone":28,"Boot":30,"Burning Blood":0}],"Burning Blood":29},"card_choices":[{"not_picked":["Wild Strike","Pummel"],"picked":"Pommel Strike","floor":1},{"not_picked":["Armaments","Headbutt"],"picked":"Twin Strike","floor":4},{"not_picked":["Anger","True Grit","Shrug It Off"],"picked":"SKIP","floor":5},{"not_picked":["Armaments","Headbutt","Shockwave"],"picked":"SKIP","floor":6},{"not_picked":["Headbutt","Dual Wield","Anger"],"picked":"SKIP","floor":8},{"not_picked":["Iron Wave","Double Tap","True Grit"],"picked":"SKIP","floor":10}],"player_experience":189234,"relics_obtained":[{"floor":6,"key":"Potion Belt"},{"floor":8,"key":"Shovel"},{"floor":9,"key":"Whetstone"},{"floor":11,"key":"Boot"}],"event_choices":[{"damage_healed":0,"gold_gain":0,"player_choice":"Box","damage_taken":0,"relics_obtained":["Nunchaku"],"max_hp_gain":0,"max_hp_loss":0,"event_name":"Big Fish","floor":2,"gold_loss":0,"cards_obtained":["Regret"]},{"cards_removed":["Strike_R"],"damage_healed":0,"gold_gain":0,"player_choice":"Card Removal","damage_taken":0,"max_hp_gain":0,"max_hp_loss":0,"event_name":"The Cleric","floor":7,"gold_loss":50}],"is_beta":false,"boss_relics":[],"items_purged_floors":[3],"is_endless":false,"potions_floor_spawned":[10],"killed_by":"3 Sentries","ascension_level":1}}