{"host":"72n3jwtrlpjobydj","time":1613973725,"event":{"mods":["AchievementEnabler","Act Like it!","Arknights","BaseMod","CapriCore","DeckTracker","Hermit","Koishi","Lobotomy","Marisa£¨Ùöéë¡¡Øª×âÞÞ£©","Minty Spire (QoL Compilation)","Permanent Neow","StSLib","SuperFastMode","The Cursed","The Gatherer","The Hierophant","The Immortal"],"gold_per_floor":[115,115,115,25,43,70,70,102,174,249,259,224,236,262,262,361,361,373,373,288,300,315,315,315,315],"floor_reached":24,"language":"KOR","playtime":989,"items_purged":[],"score":251,"play_id":"a6162418-d337-4d67-9928-a6e977a1baac","local_time":"20210222150205","is_ascension_mode":true,"campfire_choices":[{"floor":7,"key":"RECALL"},{"floor":15,"key":"REST"},{"data":"Capacitor","floor":23,"key":"SMITH"}],"circlet_count":0,"master_deck":["Strike_B","Strike_B","Strike_B","Defend_B","Defend_B","Defend_B","Defend_B","Zap","Dualcast","Glacier","Cold Snap","Capacitor+1","Glacier","Coolheaded+1","Cold Snap","Loop"],"relics":["Cracked Core","NeowsBlessing","Orichalcum","Gremlin Horn","Ginger","Velvet Choker","Bag of Marbles"],"acts_visited":["Exordium","TheCity"],"potions_floor_usage":[8,14,14,16],"damage_taken":[{"damage":0,"enemies":"Jaw Worm","floor":1,"turns":1},{"damage":0,"enemies":"ats:Genji","floor":5,"turns":1},{"damage":0,"enemies":"3 Sentries","floor":6,"turns":1},{"damage":20,"enemies":"Lagavulin","floor":8,"turns":8},{"damage":0,"enemies":"2 Louse","floor":11,"turns":2},{"damage":0,"enemies":"Large Slime","floor":13,"turns":8},{"damage":9,"enemies":"3 Sentries","floor":14,"turns":9},{"damage":28,"enemies":"The Guardian","floor":16,"turns":25},{"damage":16,"enemies":"Chosen","floor":18,"turns":8},{"damage":7,"enemies":"Spheric Guardian","floor":21,"turns":8},{"damage":0,"enemies":"Shelled Parasite and Fungi","floor":22,"turns":30},{"damage":52,"enemies":"Cultist and Chosen","floor":24,"turns":16}],"seed_played":"3600357930173875783","potions_obtained":[{"floor":6,"key":"Strength Potion"},{"floor":8,"key":"LiquidBronze"},{"floor":11,"key":"SpeedPotion"},{"floor":13,"key":"SkillPotion"},{"floor":18,"key":"SteroidPotion"},{"floor":21,"key":"CultistPotion"}],"is_trial":false,"path_per_floor":["M","$","?","$","M","E","R","E","T","?","M","?","M","E","R","B",null,"M","?","?","M","M","R","M"],"character_chosen":"DEFECT","items_purchased":["Glacier","Cold Snap"],"campfire_rested":1,"item_purchase_floors":[4,4],"current_hp_per_floor":[75,75,75,75,75,75,75,55,55,44,44,62,62,53,75,47,75,59,59,59,52,52,52,0,0],"gold":315,"neow_bonus":"THREE_ENEMY_KILL","is_daily":false,"chose_seed":false,"campfire_upgraded":1,"win_rate":0.0,"timestamp":1613973725,"path_taken":["M","$","?","$","M","E","R","E","T","?","M","?","?","E","R","BOSS","M","?","?","M","M","R","?"],"items_purchased_type":["Card","Card"],"build_version":"2020-12-22","purchased_purges":0,"victory":false,"max_hp_per_floor":[75,75,75,75,75,75,75,75,75,75,75,75,75,75,75,75,75,75,75,75,75,75,75,75,75],"card_choices":[{"not_picked":["Turbo","Sunder","Hologram"],"picked":"SKIP","floor":1},{"not_picked":["Streamline","Hologram","Barrage"],"picked":"SKIP","floor":5},{"not_picked":["Redo","Ball Lightning"],"picked":"Capacitor","floor":6},{"not_picked":["Fusion","Defragment"],"picked":"Glacier","floor":8},{"not_picked":["Biased Cognition","Sunder","Conserve Battery"],"picked":"SKIP","floor":11},{"not_picked":["BootSequence","Hologram","Turbo"],"picked":"SKIP","floor":13},{"not_picked":["Turbo","Compile Driver","Chaos"],"picked":"SKIP","floor":14},{"not_picked":["Consume+1","Rebound+1"],"picked":"Coolheaded+1","floor":18},{"not_picked":["Double Energy+1","Hologram","Rainbow"],"picked":"SKIP","floor":21},{"not_picked":["Ball Lightning","Self Repair"],"picked":"Loop","floor":22}],"player_experience":118876,"relics_obtained":[{"floor":6,"key":"Orichalcum"},{"floor":8,"key":"Gremlin Horn"},{"floor":14,"key":"Ginger"}],"event_choices":[{"cards_removed":["Strike_B"],"damage_healed":0,"gold_gain":0,"player_choice":"Forget","damage_taken":0,"max_hp_gain":0,"max_hp_loss":0,"event_name":"Living Wall","floor":3,"gold_loss":0},{"damage_healed":0,"gold_gain":75,"player_choice":"Gather Gold","damage_taken":11,"max_hp_gain":0,"max_hp_loss":0,"event_name":"World of Goop","floor":10,"gold_loss":0},{"damage_healed":18,"gold_gain":0,"player_choice":"Healed","damage_taken":0,"max_hp_gain":0,"max_hp_loss":0,"event_name":"The Cleric","floor":12,"gold_loss":35},{"damage_healed":0,"gold_gain":0,"player_choice":"Read","damage_taken":0,"max_hp_gain":0,"max_hp_loss":0,"event_name":"The Library","floor":19,"gold_loss":0,"cards_obtained":["Cold Snap"]},{"damage_healed":0,"gold_gain":0,"player_choice":"Obtained Relic","damage_taken":0,"relics_obtained":["Bag of Marbles"],"max_hp_gain":0,"max_hp_loss":0,"event_name":"Addict","floor":20,"gold_loss":85}],"is_beta":false,"boss_relics":[{"not_picked":["Busted Crown","Ectoplasm"],"picked":"Velvet Choker"}],"items_purged_floors":[],"is_endless":false,"potions_floor_spawned":[6,8,11,13,18,21],"killed_by":"Cultist and Chosen","ascension_level":1}}