{"host":"s229x1smnerk6mew","time":1613989686,"event":{"mods":["BaseMod","Bestiary","Minty Spire (QoL Compilation)","Relic Stats"],"gold_per_floor":[117,117,168,183,202,202,229,229,229,263,273,304,304,274,274,351,351,371,388,388,38,38,70,82,94,106,149,161,199,211,240,252,342,354,378,390,402,85,131,131,165,165,165,191,191,201,226,236,236,236,236],"floor_reached":50,"language":"ENG","playtime":2416,"items_purged":["Strike_B"],"score":1315,"play_id":"27e1207b-ab78-40ec-b264-c5c1f9c375e2","local_time":"20210222212806","is_ascension_mode":true,"campfire_choices":[{"data":"Ball Lightning","floor":6,"key":"SMITH"},{"floor":8,"key":"REST"},{"floor":15,"key":"REST"},{"floor":28,"key":"REST"},{"data":"Conserve Battery","floor":30,"key":"SMITH"},{"data":"Coolheaded","floor":32,"key":"SMITH"},{"data":"Doom and Gloom","floor":40,"key":"SMITH"},{"data":"Dualcast","floor":42,"key":"SMITH"},{"floor":49,"key":"RECALL"}],"circlet_count":0,"master_deck":["AscendersBane","Strike_B+1","Strike_B+1","Strike_B+1","Defend_B+1","Defend_B+1","Defend_B+1","Defend_B+1","Zap+1","Dualcast+1","Lockon+1","Ball Lightning+1","Compile Driver","BootSequence","Electrodynamics+1","Redo+1","Ball Lightning+1","Skim+1","Coolheaded+1","Buffer+1","Doom and Gloom+1","Capacitor+1","Injury","Self Repair+1","Beam Cell+1","Steam+1"],"relics":["FrozenCore","Vajra","Shuriken","Pen Nib","Oddly Smooth Stone","Regal Pillow","Frozen Egg 2","Question Card","Pear","MawBank","Gremlin Horn","HornCleat","Centennial Puzzle","Cursed Key","OrangePellets","Art of War","Lizard Tail","Boot","Darkstone Periapt","Emotion Chip"],"acts_visited":["Exordium","TheCity","TheBeyond"],"potions_floor_usage":[10,23,27,33,33,41,50],"damage_taken":[{"damage":4,"enemies":"Jaw Worm","floor":1,"turns":4},{"damage":0,"enemies":"Cultist","floor":4,"turns":2},{"damage":0,"enemies":"2 Louse","floor":5,"turns":1},{"damage":25,"enemies":"Lagavulin","floor":7,"turns":5},{"damage":10,"enemies":"3 Sentries","floor":10,"turns":4},{"damage":0,"enemies":"Looter","floor":11,"turns":2},{"damage":11,"enemies":"Gremlin Nob","floor":12,"turns":3},{"damage":0,"enemies":"Slime Boss","floor":16,"turns":7},{"damage":0,"enemies":"3 Byrds","floor":18,"turns":3},{"damage":23,"enemies":"Chosen","floor":19,"turns":4},{"damage":20,"enemies":"Slavers","floor":23,"turns":3},{"damage":30,"enemies":"Book of Stabbing","floor":27,"turns":4},{"damage":0,"enemies":"Gremlin Leader","floor":29,"turns":5},{"damage":0,"enemies":"Snecko","floor":31,"turns":3},{"damage":36,"enemies":"Collector","floor":33,"turns":8},{"damage":0,"enemies":"3 Darklings","floor":35,"turns":3},{"damage":30,"enemies":"2 Orb Walkers","floor":39,"turns":4},{"damage":86,"enemies":"Giant Head","floor":41,"turns":8},{"damage":34,"enemies":"Nemesis","floor":44,"turns":9},{"damage":0,"enemies":"Orb Walker","floor":46,"turns":4},{"damage":0,"enemies":"Mind Bloom Boss Battle","floor":47,"turns":5},{"damage":0,"enemies":"4 Shapes","floor":48,"turns":5},{"damage":41,"enemies":"Time Eater","floor":50,"turns":10}],"seed_played":"-3921541650215340039","potions_obtained":[{"floor":1,"key":"Strength Potion"},{"floor":4,"key":"Explosive Potion"},{"floor":14,"key":"Dexterity Potion"},{"floor":27,"key":"ColorlessPotion"},{"floor":29,"key":"Energy Potion"},{"floor":39,"key":"GamblersBrew"},{"floor":41,"key":"Dexterity Potion"},{"floor":48,"key":"DistilledChaos"}],"is_trial":false,"path_per_floor":["M","?","T","M","M","R","E","R","T","E","M","E","?","?","R","B",null,"M","M","?","$","T","E","?","?","T","E","R","E","R","M","R","B",null,"M","?","?","$","?","R","E","R","T","E","?","M","?","M","R","B"],"character_chosen":"DEFECT","items_purchased":["Question Card","OrangePellets","Art of War"],"campfire_rested":3,"item_purchase_floors":[21,38,38],"current_hp_per_floor":[67,44,44,44,44,44,19,42,42,32,32,21,3,3,41,41,69,69,46,46,46,56,36,36,36,36,6,47,47,47,47,47,11,69,69,69,69,69,39,39,44,44,44,10,10,20,30,40,40,0,0],"gold":236,"neow_bonus":"TEN_PERCENT_HP_BONUS","is_daily":false,"chose_seed":false,"campfire_upgraded":5,"win_rate":0.0,"timestamp":1613989686,"path_taken":["M","?","?","M","?","R","E","R","T","E","M","E","?","?","R","BOSS","M","M","?","$","?","E","?","?","T","E","R","E","R","M","R","BOSS","M","?","?","$","?","R","E","R","T","E","?","M","?","?","R","BOSS"],"items_purchased_type":["Relic","Relic","Relic"],"build_version":"2020-12-22","purchased_purges":1,"victory":false,"max_hp_per_floor":[78,78,78,78,78,78,78,78,78,78,78,78,78,78,78,78,78,78,78,78,78,88,88,88,88,88,88,88,88,88,88,88,88,88,88,88,88,88,88,88,88,88,88,88,84,84,84,84,84,84,84],"relic_stats":{"Darkstone Periapt":0,"Regal Pillow":30,"Gremlin Horn":[14,14],"counters":[23,106],"Pen Nib":[14],"Question Card":12,"MawBank":180,"Cursed Key":1,"Boot":[20],"FrozenCore":[26],"OrangePellets":[2],"Centennial Puzzle":[15],"Lizard Tail":44,"Emotion Chip":[14,0,11,3,0],"Shuriken":[24],"Art of War":[14],"obtain_stats":[{"Darkstone Periapt":44,"Regal Pillow":12,"Pear":22,"Gremlin Horn":26,"Vajra":3,"Oddly Smooth Stone":10,"Pen Nib":9,"Frozen Egg 2":13,"Question Card":21,"MawBank":23,"Cursed Key":34,"Boot":41,"FrozenCore":17,"OrangePellets":38,"Centennial Puzzle":29,"Lizard Tail":39,"Emotion Chip":47,"HornCleat":27,"Shuriken":7,"Art of War":38,"Cracked Core":0},{"Darkstone Periapt":19,"Regal Pillow":7,"Pear":10,"Gremlin Horn":11,"Vajra":1,"Oddly Smooth Stone":5,"Pen Nib":4,"Frozen Egg 2":7,"Question Card":10,"MawBank":11,"Cursed Key":15,"Boot":18,"FrozenCore":8,"OrangePellets":16,"Centennial Puzzle":13,"Lizard Tail":17,"Emotion Chip":21,"HornCleat":12,"Shuriken":4,"Art of War":16,"Cracked Core":0},{"Darkstone Periapt":82,"Regal Pillow":21,"Pear":35,"Gremlin Horn":38,"Vajra":4,"Oddly Smooth Stone":16,"Pen Nib":12,"Frozen Egg 2":21,"Question Card":35,"MawBank":38,"Cursed Key":58,"Boot":73,"FrozenCore":28,"OrangePellets":61,"Centennial Puzzle":47,"Lizard Tail":65,"Emotion Chip":91,"HornCleat":42,"Shuriken":12,"Art of War":61,"Cracked Core":0}]},"card_choices":[{"not_picked":["Undo","Rebound"],"picked":"Lockon","floor":1},{"not_picked":["Hello World","Gash"],"picked":"Ball Lightning","floor":4},{"not_picked":["Leap","Reprogram"],"picked":"Compile Driver","floor":5},{"not_picked":["Storm","Double Energy","Turbo"],"picked":"SKIP","floor":7},{"not_picked":["Chaos","Force Field","Leap"],"picked":"SKIP","floor":10},{"not_picked":["Compile Driver","Barrage","Leap"],"picked":"SKIP","floor":11},{"not_picked":["Streamline","Ball Lightning"],"picked":"BootSequence","floor":12},{"not_picked":["All For One","Amplify"],"picked":"Electrodynamics+1","floor":16},{"not_picked":["Steam","Ball Lightning"],"picked":"Redo+1","floor":18},{"not_picked":["Rebound+1","Darkness","Beam Cell"],"picked":"SKIP","floor":19},{"not_picked":["Double Energy","Auto Shields","Storm+1"],"picked":"Conserve Battery","floor":23},{"not_picked":["All For One","Turbo","Leap","Darkness"],"picked":"SKIP","floor":27},{"not_picked":["BootSequence","Turbo","Stack+1"],"picked":"Skim+1","floor":29},{"not_picked":["Stack","Genetic Algorithm","Go for the Eyes"],"picked":"Coolheaded","floor":31},{"not_picked":["Electrodynamics+1","Multi-Cast","Fission"],"picked":"Buffer+1","floor":33},{"not_picked":["Rebound","Barrage","Steam","Stack"],"picked":"SKIP","floor":35},{"not_picked":["Gash","Compile Driver+1","Steam"],"picked":"Doom and Gloom","floor":39},{"not_picked":["Streamline","Chaos+1","Auto Shields"],"picked":"Capacitor+1","floor":41},{"not_picked":["Rainbow","Conserve Battery","Beam Cell+1"],"picked":"Self Repair+1","floor":44},{"not_picked":["Turbo","Sweeping Beam+1","Conserve Battery"],"picked":"Beam Cell+1","floor":46},{"not_picked":["BootSequence","Ball Lightning","Scrape"],"picked":"Steam+1","floor":47},{"not_picked":["Hyperbeam","BootSequence","Streamline+1","Genetic Algorithm"],"picked":"SKIP","floor":48}],"player_experience":2092186,"relics_obtained":[{"floor":3,"key":"Vajra"},{"floor":7,"key":"Shuriken"},{"floor":9,"key":"Pen Nib"},{"floor":10,"key":"Oddly Smooth Stone"},{"floor":12,"key":"Regal Pillow"},{"floor":22,"key":"Pear"},{"floor":23,"key":"MawBank"},{"floor":26,"key":"Gremlin Horn"},{"floor":27,"key":"HornCleat"},{"floor":29,"key":"Centennial Puzzle"},{"floor":39,"key":"Lizard Tail"},{"floor":41,"key":"Boot"},{"floor":44,"key":"Darkstone Periapt"},{"floor":47,"key":"Emotion Chip"}],"event_choices":[{"damage_healed":0,"gold_gain":0,"player_choice":"Entered Light","damage_taken":23,"max_hp_gain":0,"max_hp_loss":0,"event_name":"Shining Light","floor":2,"gold_loss":0,"cards_upgraded":["Zap","Lockon"]},{"damage_healed":0,"gold_gain":0,"player_choice":"Success","damage_taken":18,"relics_obtained":["Frozen Egg 2"],"max_hp_gain":0,"max_hp_loss":0,"event_name":"Scrap Ooze","floor":13,"gold_loss":0},{"damage_healed":0,"gold_gain":0,"player_choice":"Bought 2 Potions","damage_taken":0,"max_hp_gain":0,"max_hp_loss":0,"event_name":"The Woman in Blue","floor":14,"gold_loss":0},{"damage_healed":0,"gold_gain":0,"player_choice":"Copied","damage_taken":0,"max_hp_gain":0,"max_hp_loss":0,"event_name":"Duplicator","floor":20,"gold_loss":0,"cards_obtained":["Ball Lightning"]},{"damage_healed":0,"gold_gain":0,"player_choice":"Simplicity","damage_taken":0,"max_hp_gain":0,"max_hp_loss":0,"event_name":"Back to Basics","floor":25,"gold_loss":0,"cards_upgraded":["Strike_B","Strike_B","Strike_B","Defend_B","Defend_B","Defend_B","Defend_B"]},{"cards_removed":["Conserve Battery"],"damage_healed":0,"gold_gain":0,"player_choice":"Removed Skill","damage_taken":0,"max_hp_gain":0,"max_hp_loss":0,"event_name":"Falling","floor":36,"gold_loss":0},{"damage_healed":0,"gold_gain":0,"player_choice":"Ignored","damage_taken":0,"max_hp_gain":0,"max_hp_loss":0,"event_name":"Tomb of Lord Red Mask","floor":37,"gold_loss":0},{"damage_healed":0,"gold_gain":0,"player_choice":"Fight","damage_taken":0,"max_hp_gain":0,"max_hp_loss":0,"event_name":"Mysterious Sphere","floor":39,"gold_loss":0},{"damage_healed":0,"gold_gain":0,"player_choice":"Max HP","damage_taken":0,"max_hp_gain":0,"max_hp_loss":4,"event_name":"Winding Halls","floor":45,"gold_loss":0},{"damage_healed":0,"gold_gain":0,"player_choice":"Fight","damage_taken":0,"max_hp_gain":0,"max_hp_loss":0,"event_name":"MindBloom","floor":47,"gold_loss":0}],"is_beta":false,"boss_relics":[{"not_picked":["Tiny House","Runic Pyramid"],"picked":"FrozenCore"},{"not_picked":["Empty Cage","Calling Bell"],"picked":"Cursed Key"}],"items_purged_floors":[21],"is_endless":false,"potions_floor_spawned":[1,4,5,16,19,27,29,39,41,48],"killed_by":"Time Eater","ascension_level":20}}