{"host":"w71ztq0fmb7m1c2b","time":1613952243,"event":{"mods":["BaseMod","Colored Map","Colored Powertips","Downfall","Hermit","Minty Spire (QoL Compilation)","Robot Space Explorer","StSLib","The Cursed","The Servant 0.9.4"],"gold_per_floor":[111,128,228,244,258,288,304,318,391,407,426,439,473,487,487,591,591,611,629,99,99,23,48,48,76,76,76,86,86,86],"floor_reached":29,"language":"ENG","playtime":2091,"items_purged":["downfall:Bewildered"],"score":406,"play_id":"e761af35-9122-461d-9215-84560ef35a67","local_time":"20210222010403","is_ascension_mode":false,"campfire_choices":[{"floor":15.0,"key":"RECALL"},{"floor":24.0,"key":"REST"},{"floor":27.0,"key":"REST"}],"circlet_count":0,"master_deck":["hermit:Strike_Hermit","hermit:Strike_Hermit","hermit:Strike_Hermit","hermit:Strike_Hermit","hermit:Defend_Hermit","hermit:Defend_Hermit","hermit:Defend_Hermit+1","hermit:Defend_Hermit","hermit:Snapshot","hermit:Covet","hermit:Headshot","hermit:Combo","downfall:Malfunctioning","hermit:ItchyTrigger","hermit:Vantage+1","hermit:Reprieve","hermit:Snipe","hermit:CalledShot","downfall:Malfunctioning","hermit:LowProfile","hermit:TakeAim","hermit:Enervate","hermit:TakeCover","hermit:Headshot","hermit:OverwhelmingPower","hermit:ItchyTrigger+1","hermit:Coalescence","hermit:Deadeye","hermit:BigShot","downfall:Bewildered","hermit:BigShot","hermit:Headshot","hermit:EyeOfTheStorm","Normality","Writhe","hermit:FullyLoaded+1"],"relics":["hermit:Momento","NeowsBlessing","downfall:ExtraCursedKey","hermit:RyeStalk","Question Card","Mummified Hand","SlaversCollar","Nunchaku","War Paint","sneckomod:BabySnecko","Calipers","MealTicket"],"acts_visited":["Exordium","TheCity"],"potions_floor_usage":[28,28,29],"damage_taken":[{"damage":0.0,"enemies":"Small Slimes","floor":1.0,"turns":2.0},{"damage":0.0,"enemies":"Jaw Worm","floor":2.0,"turns":1.0},{"damage":0.0,"enemies":"2 Louse","floor":4.0,"turns":1.0},{"damage":1.0,"enemies":"Large Slime","floor":5.0,"turns":4.0},{"damage":14.0,"enemies":"Gremlin Nob","floor":6.0,"turns":4.0},{"damage":10.0,"enemies":"Exordium Wildlife","floor":7.0,"turns":3.0},{"damage":1.0,"enemies":"Lots of Slimes","floor":8.0,"turns":2.0},{"damage":5.0,"enemies":"Blue Slaver","floor":10.0,"turns":3.0},{"damage":0.0,"enemies":"3 Louse","floor":11.0,"turns":4.0},{"damage":3.0,"enemies":"Looter","floor":12.0,"turns":2.0},{"damage":24.0,"enemies":"Lagavulin","floor":13.0,"turns":7.0},{"damage":3.0,"enemies":"Large Slime","floor":14.0,"turns":4.0},{"damage":29.0,"enemies":"Hexaghost","floor":16.0,"turns":10.0},{"damage":47.0,"enemies":"Chosen","floor":18.0,"turns":7.0},{"damage":8.0,"enemies":"2 Thieves","floor":19.0,"turns":2.0},{"damage":37.0,"enemies":"Book of Stabbing","floor":23.0,"turns":5.0},{"damage":44.0,"enemies":"Slavers","floor":25.0,"turns":6.0},{"damage":15,"enemies":"Snake Plant","floor":28,"turns":4},{"damage":17,"enemies":"Centurion and Healer","floor":29,"turns":2}],"seed_played":"6085883556146871730","potions_obtained":[{"floor":1.0,"key":"Explosive Potion"},{"floor":7.0,"key":"Strength Potion"},{"floor":8.0,"key":"SkillPotion"},{"floor":10.0,"key":"Regen Potion"},{"floor":14.0,"key":"FairyPotion"},{"floor":16.0,"key":"SpeedPotion"},{"floor":23.0,"key":"Dexterity Potion"},{"floor":28,"key":"LiquidMemories"}],"is_trial":false,"path_per_floor":["M","M","?","M","M","E","M","M","T","M","M","M","E","M","R","B",null,"M","M","$","?","$","E","R","E","T","R","M","M"],"character_chosen":"HERMIT","items_purchased":["Nunchaku","War Paint","hermit:Deadeye","hermit:BigShot","hermit:BigShot"],"campfire_rested":2,"item_purchase_floors":[20,20,20,20,22],"current_hp_per_floor":[75,75,75,75,74,60,54,53,53,48,48,45,47,56,56,27,75,36,28,28,28,28,18,40,8,8,30,15,0,0],"gold":86,"neow_bonus":"THREE_ENEMY_KILL","is_daily":false,"chose_seed":false,"campfire_upgraded":0,"win_rate":0.0,"timestamp":1613952243,"path_taken":["M","M","?","M","M","E","M","M","T","M","M","M","E","M","R","BOSS","M","M","$","?","?","E","R","E","T","R","M","M"],"items_purchased_type":["Relic","Relic","Card","Card","Card"],"build_version":"2020-12-22","purchased_purges":1,"victory":false,"max_hp_per_floor":[75,75,75,75,75,75,75,75,75,75,75,75,75,75,75,75,75,75,75,75,75,75,75,75,75,75,75,75,75,75],"card_choices":[{"not_picked":["hermit:ShadowCloak","hermit:FullyLoaded"],"picked":"hermit:Headshot","floor":1.0},{"not_picked":["hermit:Headshot","hermit:HoleUp"],"picked":"hermit:Combo","floor":2.0},{"not_picked":["hermit:Ricochet","hermit:Coalescence"],"picked":"hermit:ItchyTrigger","floor":4.0},{"not_picked":["hermit:Coalescence","hermit:FullyLoaded"],"picked":"hermit:Vantage","floor":5.0},{"not_picked":["hermit:SprayPray","hermit:Misfire"],"picked":"hermit:Reprieve","floor":6.0},{"not_picked":["hermit:Roulette","hermit:Misfire"],"picked":"hermit:Snipe","floor":7.0},{"not_picked":["hermit:Roulette","hermit:SprayPray"],"picked":"hermit:CalledShot","floor":8.0},{"not_picked":["hermit:Dive","hermit:HighNoon","hermit:Manifest"],"picked":"hermit:LowProfile","floor":10.0},{"not_picked":["hermit:Coalescence","hermit:Feint","hermit:TakeCover"],"picked":"hermit:TakeAim","floor":11.0},{"not_picked":["hermit:ShadowCloak","hermit:SprayPray","hermit:Manifest"],"picked":"hermit:Enervate","floor":12.0},{"not_picked":["hermit:LowProfile","hermit:BodyArmor","hermit:Snipe"],"picked":"hermit:TakeCover","floor":13.0},{"not_picked":["hermit:Manifest","hermit:HighNoon","hermit:TrackingShot"],"picked":"hermit:Headshot","floor":14.0},{"not_picked":["hermit:Adapt","hermit:BlackWind","hermit:Magnum"],"picked":"hermit:OverwhelmingPower","floor":16.0},{"not_picked":["hermit:Headshot","hermit:TrackingShot","hermit:Dive"],"picked":"hermit:ItchyTrigger+1","floor":18.0},{"not_picked":["hermit:Feint+1","hermit:Misfire","hermit:Cheat"],"picked":"hermit:Coalescence","floor":19.0},{"not_picked":["hermit:CursedWeapon","hermit:HighCaliber","hermit:Glare"],"picked":"hermit:Headshot","floor":23.0},{"not_picked":["hermit:WideOpen","hermit:DeadOrAlive","hermit:BigShot"],"picked":"hermit:EyeOfTheStorm","floor":25.0},{"not_picked":["hermit:SprayPray","hermit:Snipe","hermit:Roulette"],"picked":"hermit:FullyLoaded+1","floor":28}],"player_experience":223877,"relics_obtained":[{"floor":6.0,"key":"hermit:RyeStalk"},{"floor":9.0,"key":"Question Card"},{"floor":13.0,"key":"Mummified Hand"},{"floor":23.0,"key":"Calipers"},{"floor":25.0,"key":"MealTicket"}],"event_choices":[],"is_beta":false,"boss_relics":[{"not_picked":["Philosopher\u0027s Stone","bronze:MakeshiftBattery"],"picked":"SlaversCollar"}],"items_purged_floors":[20],"is_endless":false,"potions_floor_spawned":[1,7,8,10,12,14,16,23,28],"killed_by":"Centurion and Healer","ascension_level":0}}