{"host":"ssahdsoo349p0ms1","time":1613967243,"event":{"mods":["AchievementEnabler","BaseMod","Colored Powertips","Filter the Spire","Minty Spire (QoL Compilation)","StSLib"],"gold_per_floor":[116,131,150,163,163,163,195,206,254,254,264,276,286,317,317,421,421,435,450,464,284,284,311,311,311,311,311,311,311,311,311],"floor_reached":30,"language":"ENG","playtime":1195,"items_purged":[],"score":393,"play_id":"88e92a57-a0e3-462c-b2bd-ceefe89a5d64","local_time":"20210221221403","is_ascension_mode":true,"campfire_choices":[{"data":"Streamline","floor":6.0,"key":"SMITH"},{"data":"Go for the Eyes","floor":10.0,"key":"SMITH"},{"data":"Coolheaded","floor":15,"key":"SMITH"},{"floor":24,"key":"REST"},{"data":"Creative AI","floor":28,"key":"SMITH"}],"circlet_count":0,"master_deck":["AscendersBane","Strike_B+1","Strike_B+1","Defend_B+1","Defend_B+1","Defend_B+1","Defend_B+1","Zap","Dualcast","Glacier","Barrage","BootSequence","Streamline+1","Melter","Go for the Eyes+1","Doom and Gloom","Coolheaded+1","Creative AI+1","Electrodynamics","Amplify","Coolheaded+1","Redo+1","Capacitor","RitualDagger","White Noise","Auto Shields"],"relics":["Cracked Core","TungstenRod","Art of War","Bag of Preparation","Darkstone Periapt","Runic Dome","PreservedInsect","Anchor","HornCleat"],"acts_visited":["Exordium","TheCity"],"potions_floor_usage":[19,23],"damage_taken":[{"damage":0.0,"enemies":"Cultist","floor":1.0,"turns":4.0},{"damage":0.0,"enemies":"2 Louse","floor":2.0,"turns":3.0},{"damage":0.0,"enemies":"Small Slimes","floor":3.0,"turns":3.0},{"damage":4.0,"enemies":"2 Fungi Beasts","floor":4.0,"turns":3.0},{"damage":5.0,"enemies":"3 Sentries","floor":7.0,"turns":8.0},{"damage":7.0,"enemies":"3 Louse","floor":8.0,"turns":3.0},{"damage":0.0,"enemies":"Exordium Wildlife","floor":11.0,"turns":3.0},{"damage":2,"enemies":"Lots of Slimes","floor":12,"turns":3},{"damage":0,"enemies":"Looter","floor":13,"turns":2},{"damage":12,"enemies":"Gremlin Nob","floor":14,"turns":4},{"damage":19,"enemies":"The Guardian","floor":16,"turns":13},{"damage":0,"enemies":"Spheric Guardian","floor":18,"turns":2},{"damage":0,"enemies":"Shell Parasite","floor":19,"turns":4},{"damage":19,"enemies":"Snake Plant","floor":20,"turns":8},{"damage":20,"enemies":"Gremlin Leader","floor":23,"turns":5},{"damage":28,"enemies":"Book of Stabbing","floor":30,"turns":4}],"seed_played":"-3366645424180200537","potions_obtained":[{"floor":1.0,"key":"Block Potion"},{"floor":2.0,"key":"BlessingOfTheForge"},{"floor":5.0,"key":"FocusPotion"},{"floor":5.0,"key":"EssenceOfDarkness"},{"floor":11,"key":"Swift Potion"},{"floor":20,"key":"FocusPotion"}],"is_trial":false,"path_per_floor":["M","M","M","M","?","R","E","M","T","R","M","M","M","E","R","B",null,"M","M","M","$","?","E","R","?","T","?","R","?","E"],"character_chosen":"DEFECT","items_purchased":["PreservedInsect","Capacitor"],"campfire_rested":1,"item_purchase_floors":[21,21],"current_hp_per_floor":[50,50,50,46,46,46,41,34,34,34,34,32,32,20,20,1,57,57,57,38,38,25,5,29,24,24,24,24,24,0,0],"gold":311,"neow_bonus":"ONE_RARE_RELIC","is_daily":false,"chose_seed":false,"campfire_upgraded":4,"win_rate":0.0,"timestamp":1613967243,"path_taken":["M","M","M","?","?","R","E","M","T","R","M","M","M","E","R","BOSS","M","?","M","$","?","E","R","?","T","?","R","?","E"],"items_purchased_type":["Relic","Card"],"build_version":"2020-12-22","purchased_purges":0,"victory":false,"max_hp_per_floor":[75,75,75,75,75,75,75,75,75,75,75,75,75,75,75,75,75,75,75,75,75,80,80,80,80,80,80,80,80,80,80],"card_choices":[{"not_picked":["White Noise","Redo"],"picked":"Glacier","floor":1.0},{"not_picked":["Turbo","Hologram"],"picked":"Barrage","floor":2.0},{"not_picked":["Redo","Tempest"],"picked":"BootSequence","floor":3.0},{"not_picked":["Go for the Eyes","Blizzard"],"picked":"Streamline","floor":4.0},{"not_picked":["Capacitor","Creative AI"],"picked":"Melter","floor":7.0},{"not_picked":["Steam","Compile Driver"],"picked":"Go for the Eyes","floor":8.0},{"not_picked":["Gash","Self Repair"],"picked":"Doom and Gloom","floor":11},{"not_picked":["Turbo","Compile Driver"],"picked":"Coolheaded","floor":12},{"not_picked":["Heatsinks","Go for the Eyes"],"picked":"Creative AI","floor":13},{"not_picked":["Streamline","Stack"],"picked":"Electrodynamics","floor":14},{"not_picked":["Core Surge","Creative AI"],"picked":"Amplify","floor":16},{"not_picked":["Auto Shields+1","Compile Driver+1"],"picked":"Coolheaded+1","floor":18},{"not_picked":["Stack","BootSequence+1","Reprogram"],"picked":"SKIP","floor":19},{"not_picked":["Leap+1","Cold Snap"],"picked":"Redo+1","floor":20},{"not_picked":["Chaos","Darkness","Rebound"],"picked":"SKIP","floor":23}],"player_experience":622053,"relics_obtained":[{"floor":7.0,"key":"Art of War"},{"floor":9.0,"key":"Bag of Preparation"},{"floor":14,"key":"Darkstone Periapt"},{"floor":23,"key":"Anchor"},{"floor":26,"key":"HornCleat"}],"event_choices":[{"damage_healed":0.0,"max_hp_gain":0.0,"max_hp_loss":0.0,"gold_gain":0.0,"event_name":"Lab","player_choice":"Got Potions","floor":5.0,"gold_loss":0.0,"damage_taken":0.0},{"damage_healed":0,"gold_gain":0,"player_choice":"Shed Blood","damage_taken":19,"max_hp_gain":5,"max_hp_loss":0,"event_name":"Forgotten Altar","floor":22,"gold_loss":0},{"damage_healed":0,"gold_gain":0,"player_choice":"Joined the Cult","damage_taken":6,"max_hp_gain":0,"max_hp_loss":0,"event_name":"Nest","floor":25,"gold_loss":0,"cards_obtained":["RitualDagger"]},{"damage_healed":0,"gold_gain":0,"cards_transformed":["Strike_B","Strike_B"],"player_choice":"Became Test Subject","damage_taken":0,"max_hp_gain":0,"max_hp_loss":0,"event_name":"Drug Dealer","floor":27,"gold_loss":0,"cards_obtained":["White Noise","Auto Shields"]},{"damage_healed":0,"gold_gain":0,"player_choice":"Simplicity","damage_taken":0,"max_hp_gain":0,"max_hp_loss":0,"event_name":"Back to Basics","floor":29,"gold_loss":0,"cards_upgraded":["Strike_B","Strike_B","Defend_B","Defend_B","Defend_B","Defend_B"]}],"is_beta":false,"boss_relics":[{"not_picked":["Sozu","Calling Bell"],"picked":"Runic Dome"}],"items_purged_floors":[],"is_endless":false,"potions_floor_spawned":[1,2,11,14,20],"killed_by":"Book of Stabbing","ascension_level":10}}