{"host":"bczg3e1yq3rp3pkk","time":1613965205,"event":{"mods":["100% Spire Juice","ATMod(阿瑾Mod)","Act Like it!","Aspiration","BaseMod","Conspire","Hermit","KinomotoSakuraMod(木之本樱)","Marisa（F雨　魔理沙）","Marked Mod","Minty Spire (QoL Compilation)","Quick Restart","Reliquary","Replay The Spire","RumiaBox-露米娅的神秘盒子","Ryuuou龙王","SOS（斯巴达之子）","Shop Mod","StSLib","The Blackbeard","The Bug Knight","The Construct","The Hierophant","The Servant 0.9.4","Warlord Emblem","[GremlinLeader]The Maniac","【功能Mod】混沌之环修复补丁","【遗物卡牌】REMEMod"],"gold_per_floor":[111,61,75,75,87,87,99,99,122,136,25,43,60,75,75,176,176,186,9,24,24,38,73,73,73,100,125,152,152,182,207,207,207,207,207],"floor_reached":33,"language":"ZHS","playtime":1717,"items_purged":["blackbeard:BlackbeardStrike","blackbeard:BlackbeardStrike"],"score":290,"play_id":"92002567-166a-40e8-b592-d580d54221a3","local_time":"20210222114005","is_ascension_mode":false,"campfire_choices":[{"data":"blackbeard:Cutlass","floor":6,"key":"SMITH"},{"data":"blackbeard:GoldenDefense","floor":8,"key":"SMITH"},{"data":"blackbeard:RearmingStrike","floor":15,"key":"SMITH"},{"data":"AT_EmpoweredMortalDraw","floor":24,"key":"SMITH"},{"data":"blackbeard:CatONineTails","floor":29,"key":"SMITH"},{"data":"blackbeard:MegaUpgrade","floor":32,"key":"SMITH"}],"circlet_count":0,"master_deck":["blackbeard:BlackbeardStrike","blackbeard:BlackbeardStrike","blackbeard:IntimidatingStrike","blackbeard:BlackbeardDefend","blackbeard:BlackbeardDefend","blackbeard:BlackbeardDefend","blackbeard:Cutlass+1","AT_FamilyPortrait","blackbeard:GoldenDefense+1","blackbeard:BlackbeardStrike","blackbeard:Dagger","blackbeard:BlindAttacks","blackbeard:GhostInTheRum","blackbeard:FieryDefense","blackbeard:TerrorOfTheSeas","blackbeard:RearmingStrike+1","blackbeard:Rum","AT_EmpoweredMortalDraw+1","blackbeard:SwordDance","blackbeard:CatONineTails+1","blackbeard:Sword+1","blackbeard:Dagger","blackbeard:Spear","blackbeard:Fencing","blackbeard:MegaUpgrade+1","blackbeard:Spear"],"relics":["blackbeard:LoadTheCannons","REME_ComplimentaryCards","AT_ATBox","NeowsBlessing","PreservedInsect","AT_MortalBlade","Lantern","blackbeard:TreasureChest"],"acts_visited":["Exordium","TheCity"],"potions_floor_usage":[13,22,23,33,33],"damage_taken":[{"damage":0,"enemies":"conspire:RoseBush","floor":1,"turns":1},{"damage":0,"enemies":"Jaw Worm","floor":3,"turns":1},{"damage":0,"enemies":"Cultist","floor":5,"turns":1},{"damage":7,"enemies":"Blue Slaver","floor":7,"turns":3},{"damage":3,"enemies":"Large Slime","floor":10,"turns":4},{"damage":10,"enemies":"Looter","floor":12,"turns":2},{"damage":0,"enemies":"Blue Slaver","floor":13,"turns":1},{"damage":3,"enemies":"Exordium Wildlife","floor":14,"turns":3},{"damage":43,"enemies":"Fading Forest","floor":16,"turns":11},{"damage":13,"enemies":"conspire:FuzzyDice","floor":18,"turns":3},{"damage":0,"enemies":"3 Byrds","floor":20,"turns":1},{"damage":18,"enemies":"Snake Plant","floor":22,"turns":4},{"damage":0,"enemies":"REME_1_Revenger","floor":23,"turns":2},{"damage":15,"enemies":"Centurion and Healer","floor":27,"turns":2},{"damage":0,"enemies":"3 Cultists","floor":28,"turns":2},{"damage":0,"enemies":"Snecko","floor":30,"turns":4},{"damage":10,"enemies":"Chosen and Byrds","floor":31,"turns":3},{"damage":65,"enemies":"Automaton","floor":33,"turns":8}],"seed_played":"-8734982253137551762","potions_obtained":[{"floor":1,"key":"Explosive Potion"},{"floor":3,"key":"Energy Potion"},{"floor":7,"key":"Venom Potion"},{"floor":14,"key":"Languid Potion"},{"floor":28,"key":"Languid Potion"},{"floor":31,"key":"AttackPotion"}],"is_trial":false,"path_per_floor":["M","?","M","?","M","R","M","R","T","M","$","M","M","M","R","B",null,"M","$","M","$","M","E","R","?","T","M","M","R","M","M","R","B"],"character_chosen":"BLACKBEARD_CLASS","items_purchased":["blackbeard:TerrorOfTheSeas","blackbeard:CatONineTails"],"campfire_rested":0,"item_purchase_floors":[11,19],"current_hp_per_floor":[75,75,75,75,75,75,68,68,68,65,65,55,55,52,52,35,75,62,62,62,62,44,44,44,85,85,70,70,70,70,60,60,0,0,0],"gold":207,"neow_bonus":"THREE_ENEMY_KILL","is_daily":false,"chose_seed":false,"campfire_upgraded":6,"win_rate":0.0,"timestamp":1613965205,"path_taken":["M","?","M","?","M","R","M","R","T","M","?","M","?","M","R","BOSS","M","$","M","?","M","E","R","?","T","M","M","R","M","M","R","BOSS"],"items_purchased_type":["Card","Card"],"build_version":"2020-12-22","purchased_purges":2,"victory":false,"max_hp_per_floor":[75,75,75,75,75,75,75,75,75,75,75,75,75,75,75,75,75,75,75,75,75,75,75,75,85,85,85,85,85,85,85,85,85,85,85],"card_choices":[{"not_picked":["blackbeard:Toast","blackbeard:WiseDefense"],"picked":"blackbeard:GoldenDefense","floor":1},{"not_picked":["blackbeard:Toast","blackbeard:TacticalRetreat"],"picked":"blackbeard:Dagger","floor":3},{"not_picked":["blackbeard:BeatUp","blackbeard:GoldenDefense"],"picked":"blackbeard:BlindAttacks","floor":5},{"not_picked":["blackbeard:Shrapnel","blackbeard:WeaponMastery"],"picked":"blackbeard:GhostInTheRum","floor":7},{"not_picked":["blackbeard:CloakAndCannonball","blackbeard:PirateEarring"],"picked":"blackbeard:FieryDefense","floor":10},{"not_picked":["blackbeard:PirateHook","blackbeard:GhostInTheRum"],"picked":"blackbeard:RearmingStrike","floor":12},{"not_picked":["blackbeard:PirateHook","blackbeard:BeatUp"],"picked":"blackbeard:Rum","floor":13},{"not_picked":["blackbeard:WoodenLeg","blackbeard:TacticalRetreat","blackbeard:CaptainsCabin"],"picked":"SKIP","floor":14},{"not_picked":["blackbeard:TheDrunkenSailor","blackbeard:PowerHungry"],"picked":"blackbeard:PirateStrength","floor":16},{"not_picked":["blackbeard:JollyRoger","blackbeard:CloakAndCannonball+1"],"picked":"blackbeard:SwordDance","floor":18},{"not_picked":["blackbeard:GoldenDefense+1","blackbeard:CloakAndCannonball"],"picked":"blackbeard:Sword+1","floor":20},{"not_picked":["blackbeard:BlindAttacks","blackbeard:Revenge"],"picked":"blackbeard:Dagger","floor":22},{"not_picked":["blackbeard:DeadlyArsenal","blackbeard:Toast+1"],"picked":"blackbeard:Spear","floor":23},{"not_picked":["blackbeard:RearmingStrike","blackbeard:FieryDefense","blackbeard:VengefulSpirit"],"picked":"SKIP","floor":27},{"not_picked":["blackbeard:RearmingStrike+1","blackbeard:BuriedTreasure"],"picked":"blackbeard:Fencing","floor":28},{"not_picked":["blackbeard:FieryDefense+1","blackbeard:SwordDance"],"picked":"blackbeard:MegaUpgrade","floor":30},{"not_picked":["blackbeard:FieryDefense","blackbeard:Bandana+1"],"picked":"blackbeard:Spear","floor":31}],"player_experience":398578,"relics_obtained":[{"floor":9,"key":"PreservedInsect"},{"floor":23,"key":"Lantern"},{"floor":26,"key":"blackbeard:TreasureChest"}],"event_choices":[{"cards_removed":["blackbeard:PirateStrength"],"damage_healed":31,"gold_gain":0,"player_choice":"Offered Rare","damage_taken":0,"max_hp_gain":10,"max_hp_loss":0,"event_name":"Bonfire Elementals","floor":25,"gold_loss":0}],"is_beta":false,"boss_relics":[{"not_picked":["aspiration:PoetsPen_weak","Calling Bell"],"picked":"AT_MortalBlade"}],"items_purged_floors":[11,19],"is_endless":false,"potions_floor_spawned":[1,3,7,12,14,20,28,31],"killed_by":"Automaton","ascension_level":0}}