{"host":"w8xisjf5mgmfjvmt","time":1613963734,"event":{"mods":["BaseMod","BetterRewards","Challenge The Spire","Conspire","Energized Spire","Filter the Spire","Minty Spire (QoL Compilation)","Quarter Circle Forward PUNCH!","Quick Restart","Relic Filter Mod","Relic Stats","Reliquary","Replay The Spire","Say the Spire","Shop Mod","Spicy Shops","StSLib","¡¾ÒÅÎï¿¨ÅÆ¡¿REMEMod","óô»ðÖ¸ÄÏ"],"gold_per_floor":[117,192,207,224,224,224,236,236,236],"floor_reached":8,"language":"ZHS","playtime":189,"items_purged":[],"score":96,"play_id":"f9df4dd1-b5d3-4aba-9682-fbcadf919acc","local_time":"20210222111534","is_ascension_mode":true,"campfire_choices":[{"data":"Replay:Poison Smokescreen","floor":6,"key":"SMITH"}],"circlet_count":0,"master_deck":["AscendersBane","Strike_G","Strike_G","Strike_G","Strike_G","Defend_G","Defend_G","Defend_G+1","Defend_G","Defend_G+1","Survivor","Neutralize","Corpse Explosion","Bane","LessonLearned","Masterful Stab","Replay:Poison Smokescreen+1","Cloak And Dagger"],"relics":["Ring of the Snake","REME_ComplimentaryCards"],"acts_visited":["Exordium"],"potions_floor_usage":[],"damage_taken":[{"damage":4,"enemies":"2 Louse","floor":1,"turns":2},{"damage":4,"enemies":"Cultist","floor":3,"turns":4},{"damage":3,"enemies":"Jaw Worm","floor":4,"turns":3},{"damage":26,"enemies":"Large Slime","floor":7,"turns":7},{"damage":0,"enemies":"Lagavulin","floor":8,"turns":2}],"seed_played":"4590828435269479241","potions_obtained":[{"floor":7,"key":"Dexterity Potion"}],"is_trial":false,"path_per_floor":["M","?","M","M","?","R","M","E"],"character_chosen":"THE_SILENT","items_purchased":[],"campfire_rested":0,"item_purchase_floors":[],"current_hp_per_floor":[55,44,40,37,37,37,11,11,11],"gold":236,"neow_bonus":"THREE_RARE_CARDS","is_daily":false,"chose_seed":false,"campfire_upgraded":1,"win_rate":0.0,"timestamp":1613963734,"path_taken":["M","?","M","M","?","R","?","E"],"items_purchased_type":[],"build_version":"2020-12-22","purchased_purges":0,"victory":false,"max_hp_per_floor":[60,60,60,60,60,60,60,60,60],"relic_stats":{"counters":[5,18],"obtain_stats":[{"Ring of the Snake":0,"REME_ComplimentaryCards":0},{"Ring of the Snake":0,"REME_ComplimentaryCards":0},{"Ring of the Snake":0,"REME_ComplimentaryCards":0}],"Ring of the Snake":[10]},"card_choices":[{"not_picked":["Adrenaline","Bullet Time"],"picked":"Corpse Explosion","floor":0},{"not_picked":["Sucker Punch","PiercingWail"],"picked":"Bane","floor":1},{"not_picked":["PiercingWail","ReplayTheSpireMod:Speed Training"],"picked":"Masterful Stab","floor":3},{"not_picked":["Corpse Explosion","Expertise"],"picked":"Replay:Poison Smokescreen","floor":4},{"not_picked":["PiercingWail","Sneak Up"],"picked":"Cloak And Dagger","floor":7}],"player_experience":1384336,"relics_obtained":[],"event_choices":[{"damage_healed":0,"gold_gain":75,"player_choice":"Gather Gold","damage_taken":11,"max_hp_gain":0,"max_hp_loss":0,"event_name":"World of Goop","floor":2,"gold_loss":0},{"cards_removed":["Strike_G"],"damage_healed":0,"gold_gain":0,"player_choice":"Purged","damage_taken":0,"max_hp_gain":0,"max_hp_loss":0,"event_name":"Purifier","floor":5,"gold_loss":0}],"is_beta":false,"boss_relics":[],"items_purged_floors":[],"is_endless":false,"potions_floor_spawned":[7],"killed_by":"Lagavulin","ascension_level":20}}