{"host":"qc268ltokmxwqyrx","time":1613969512,"event":{"mods":["BaseMod","Colored Map","Minty Spire (QoL Compilation)","Relic Stats","Slay the Relics Exporter","StSLib","ojb\u0027s Info Mod"],"gold_per_floor":[165,165,4,16,26,26,26],"floor_reached":6,"language":"ENG","playtime":304,"items_purged":[],"score":72,"play_id":"2b05baab-3cf9-4d0c-b77a-cc7c00673043","local_time":"20210221225152","is_ascension_mode":true,"campfire_choices":[],"circlet_count":0,"master_deck":["AscendersBane","Strike_G","Strike_G","Strike_G","Strike_G","Strike_G","Defend_G","Defend_G","Defend_G+1","Defend_G+1","Defend_G","Survivor","Neutralize+1","Deadly Poison","Blade Dance","After Image"],"relics":["Tiny House","Membership Card"],"acts_visited":["Exordium"],"potions_floor_usage":[6],"damage_taken":[{"damage":1,"enemies":"Small Slimes","floor":1,"turns":4},{"damage":0,"enemies":"Jaw Worm","floor":4,"turns":4},{"damage":0,"enemies":"Cultist","floor":5,"turns":4},{"damage":58,"enemies":"Gremlin Nob","floor":6,"turns":4}],"seed_played":"4238390272351801107","potions_obtained":[{"floor":0,"key":"FearPotion"}],"is_trial":false,"path_per_floor":["M","?","$","M","M","E"],"character_chosen":"THE_SILENT","items_purchased":["Membership Card"],"campfire_rested":0,"item_purchase_floors":[3],"current_hp_per_floor":[63,42,42,42,42,0,0],"gold":26,"neow_bonus":"BOSS_RELIC","is_daily":false,"chose_seed":false,"campfire_upgraded":0,"win_rate":0.0,"timestamp":1613969512,"path_taken":["M","?","$","M","M","E"],"items_purchased_type":["Relic"],"build_version":"2020-12-22","purchased_purges":0,"victory":false,"max_hp_per_floor":[71,71,71,71,71,71,71],"relic_stats":{"counters":[4,16],"obtain_stats":[{"Tiny House":0,"Membership Card":3,"Ring of the Snake":0},{"Tiny House":0,"Membership Card":1,"Ring of the Snake":0},{"Tiny House":0,"Membership Card":4,"Ring of the Snake":0}]},"card_choices":[{"not_picked":["Caltrops","Escape Plan"],"picked":"Deadly Poison","floor":0},{"not_picked":["Riddle With Holes","All Out Attack"],"picked":"Blade Dance","floor":1},{"not_picked":["Backflip","Distraction","Escape Plan"],"picked":"SKIP","floor":4},{"not_picked":["Backflip","Distraction","Escape Plan"],"picked":"SKIP","floor":4},{"not_picked":["Sucker Punch","Deadly Poison"],"picked":"After Image","floor":5}],"player_experience":1899448,"relics_obtained":[],"event_choices":[{"damage_healed":0,"gold_gain":0,"player_choice":"Entered Light","damage_taken":21,"max_hp_gain":0,"max_hp_loss":0,"event_name":"Shining Light","floor":2,"gold_loss":0,"cards_upgraded":["Neutralize","Defend_G"]}],"is_beta":false,"boss_relics":[],"items_purged_floors":[],"is_endless":false,"potions_floor_spawned":[],"killed_by":"Gremlin Nob","ascension_level":20}}