{"host":"hlo0wt5fjlilsn9r","time":1613964942,"event":{"mods":["2.2 Compatiblity","AchievementEnabler","Aspiration","Bard","BaseMod","Beaked The Cultist","Better Altar","Better Match","Better Note","Better Sensory Stone","Better Skull","Better Third Choice","BetterRewards","CCEM2","Colored Map","Conspire","Downfall","Friendly Minions","GifTheSpireLib","Halation","Hermit","Highlight Path","Hubris","Hunter ?人","Jedi Mod","Jorbs\u0027s Wanderer Trilogy","Kiyohime（清?）","Mad Scientist","Marisa（霧雨　魔理沙）","Mimic Mod","Minty Spire (QoL Compilation)","Permanent Neow","Replay The Spire","Shade Mod","Spicy Shops","StSLib","Stuff the Spire","Td1madao Mod","The Administrix","The Blackbeard","The Bug Knight","The Construct","The Cursed","The Disciple","The Gatherer","The Hierophant","The Marked","The Mystic","The Necromancer","The Runesmith","The Servant 0.9.4","The Spell Scribe","The Witch","Unceasing Turn Reminder"],"gold_per_floor":[110,124,124,136,155,186,197,229,229,257,257,257,275,288,288,393,393,408,4,4,4,4,4,4,4,34,34,34,44,44,44,44,44,44],"floor_reached":33,"language":"ENG","playtime":2728,"items_purged":["theMarked:Strike","theMarked:Strike"],"score":288,"play_id":"e7d47bef-16e5-4d27-9a22-1a333ffe7fbf","local_time":"20210221193542","is_ascension_mode":false,"campfire_choices":[{"data":"theMarked:ComboAttacks","floor":12,"key":"SMITH"},{"floor":15,"key":"REST"},{"floor":23,"key":"REST"},{"floor":25,"key":"REST"},{"data":"theMarked:EmpowerWeapon","floor":28,"key":"SMITH"},{"floor":30,"key":"REST"},{"data":"theMarked:WardOff","floor":32,"key":"SMITH"}],"circlet_count":0,"master_deck":["theMarked:Defend","theMarked:Defend","theMarked:SoldierOfQuellstein+1","theMarked:WardOff","theMarked:GodGivenPower","theMarked:ComboAttacks+1","theMarked:WardOff","theMarked:BanishingStrike","theMarked:Abjuration","theMarked:WardOff+1","theMarked:ComboAttacks","theMarked:StartUp","theMarked:EmpowerWeapon+1","theMarked:Toughness","Decay","SwitchThreat","theMarked:BanishingStrike","theMarked:MuscleMemory","theMarked:MuscleMemory+1","StuffTheSpire:Brawn","Pain","theMarked:ElectricStrings","J.A.X."],"relics":["theMarked:ArtifactOfAir","Juzu Bracelet","CCEMRelics:GrindingGear","The Courier","Pen Nib","halation:Thesaurus","halation:SmartPhone","DollysMirror","Blood Vial","Onion Ring"],"acts_visited":["Exordium","TheCity"],"potions_floor_usage":[8,16,18],"damage_taken":[{"damage":0,"enemies":"2 Louse","floor":1,"turns":3},{"damage":5,"enemies":"Cultist","floor":2,"turns":4},{"damage":0,"enemies":"conspire:RoseBush","floor":4,"turns":4},{"damage":4,"enemies":"Lots of Slimes","floor":5,"turns":6},{"damage":19,"enemies":"HollowMod:MossKnight","floor":6,"turns":6},{"damage":1,"enemies":"Large Slime","floor":7,"turns":6},{"damage":0,"enemies":"Replay:BlueRogue","floor":8,"turns":5},{"damage":8,"enemies":"3 Sentries","floor":10,"turns":8},{"damage":6,"enemies":"2 Fungi Beasts","floor":13,"turns":4},{"damage":8,"enemies":"Red Slaver","floor":14,"turns":5},{"damage":24,"enemies":"Hexaghost","floor":16,"turns":8},{"damage":42,"enemies":"3 Byrds","floor":18,"turns":6},{"damage":17,"enemies":"Shell Parasite","floor":26,"turns":9},{"damage":6,"enemies":"Shell Parasite","floor":29,"turns":3},{"damage":64,"enemies":"hubris:MusketHawk","floor":33,"turns":6}],"seed_played":"4751024374125022421","potions_obtained":[{"floor":1,"key":"theMarked:HoverShot"},{"floor":6,"key":"PowerPotion"},{"floor":8,"key":"sneckomod:MuddlingPotion"},{"floor":14,"key":"Reflective Coating"},{"floor":16,"key":"jedi:StrikingPotion"}],"is_trial":false,"path_per_floor":["M","M","?","M","M","E","M","E","T","E","?","R","M","M","R","B",null,"M","$","?","?","?","R","?","R","MIM","$","R","M","R","?","R","B"],"character_chosen":"THE_DEFAULT","items_purchased":["theMarked:MuscleMemory","halation:Thesaurus","DollysMirror"],"campfire_rested":4,"item_purchase_floors":[19,19,19],"current_hp_per_floor":[72,67,67,67,63,44,43,43,43,35,40,40,34,26,49,25,77,35,35,35,35,35,58,38,61,46,46,46,35,58,58,58,0,0],"gold":44,"neow_bonus":"THREE_CARDS","is_daily":false,"chose_seed":false,"campfire_upgraded":3,"win_rate":0.0,"timestamp":1613964942,"path_taken":["M","M","?","?","M","E","M","E","T","E","?","R","M","M","R","BOSS","M","$","?","?","?","R","?","R","MIM","$","R","M","R","?","R","BOSS"],"items_purchased_type":["Card","Relic","Relic"],"build_version":"2020-12-22","purchased_purges":2,"victory":false,"max_hp_per_floor":[72,72,72,72,72,72,72,72,72,72,77,77,77,77,77,77,77,77,77,77,77,77,77,77,77,77,77,77,77,77,77,77,77,77],"card_choices":[{"not_picked":["theMarked:Aftermath","theMarked:Frustration"],"picked":"theMarked:WardOff","floor":0},{"not_picked":["theMarked:Maelstrom","theMarked:Electrocute"],"picked":"theMarked:GodGivenPower","floor":1},{"not_picked":["theMarked:Frustration","theMarked:ParalyzingBlade"],"picked":"theMarked:ComboAttacks","floor":2},{"not_picked":["theMarked:ChainLightning","theMarked:EnhanceMovement"],"picked":"theMarked:WardOff","floor":4},{"not_picked":["theMarked:TwofoldDefense","theMarked:ResourceFulStrike"],"picked":"theMarked:BanishingStrike","floor":5},{"not_picked":["theMarked:BanishingWave","theMarked:EmpowerWeapon"],"picked":"theMarked:Abjuration","floor":6},{"not_picked":["theMarked:TwofoldDefense","theMarked:Overthink","theMarked:Aftermath"],"picked":"SKIP","floor":7},{"not_picked":["theMarked:Abjuration","theMarked:Pokerface"],"picked":"theMarked:WardOff","floor":8},{"not_picked":["theMarked:Aftermath","theMarked:Panic"],"picked":"theMarked:ComboAttacks","floor":10},{"not_picked":["theMarked:ElectricStrings","theMarked:RepellingDischarge"],"picked":"theMarked:StartUp","floor":13},{"not_picked":["theMarked:RepellingDischarge","theMarked:HeightenedSenses"],"picked":"theMarked:EmpowerWeapon","floor":14},{"not_picked":["theMarked:BiggerThanFate","theMarked:MagusForm"],"picked":"theMarked:Toughness","floor":16},{"not_picked":["theMarked:Aftermath","theMarked:Indomitable+1"],"picked":"theMarked:BanishingStrike","floor":18},{"not_picked":["theMarked:SwordAndMagic","theMarked:WardOff+1"],"picked":"theMarked:ElectricStrings","floor":26},{"not_picked":["theMarked:Parry","theMarked:Electrify","theMarked:WastefulAttack"],"picked":"SKIP","floor":29}],"player_experience":236441,"relics_obtained":[{"floor":6,"key":"Juzu Bracelet"},{"floor":8,"key":"CCEMRelics:GrindingGear"},{"floor":9,"key":"The Courier"},{"floor":10,"key":"Pen Nib"},{"floor":26,"key":"Onion Ring"}],"event_choices":[{"damage_healed":0,"gold_gain":0,"player_choice":"Ignored","damage_taken":0,"max_hp_gain":0,"max_hp_loss":0,"event_name":"betterNote:BetterNote","floor":3,"gold_loss":0,"cards_obtained":["Enlightenment"]},{"damage_healed":0,"gold_gain":0,"player_choice":"Donut","damage_taken":0,"max_hp_gain":5,"max_hp_loss":0,"event_name":"Big Fish","floor":11,"gold_loss":0},{"damage_healed":0,"gold_gain":0,"player_choice":"Forge","damage_taken":0,"max_hp_gain":0,"max_hp_loss":0,"event_name":"Accursed Blacksmith","floor":20,"gold_loss":0,"cards_upgraded":["theMarked:MuscleMemory"]},{"damage_healed":0,"gold_gain":0,"player_choice":"Upgraded","damage_taken":0,"max_hp_gain":0,"max_hp_loss":0,"event_name":"Upgrade Shrine","floor":22,"gold_loss":0,"cards_upgraded":["theMarked:SoldierOfQuellstein"]},{"damage_healed":0,"gold_gain":0,"player_choice":" Vial ","damage_taken":20,"relics_obtained":["Blood Vial"],"max_hp_gain":58,"max_hp_loss":38,"event_name":"betterAltar:BetterAltar","floor":24,"potions_obtained":[],"relics_lost":[],"gold_loss":0},{"damage_healed":0,"gold_gain":0,"player_choice":"Obtain J.A.X.","damage_taken":0,"max_hp_gain":0,"max_hp_loss":0,"event_name":"Drug Dealer","floor":31,"gold_loss":0,"cards_obtained":["J.A.X."]}],"is_beta":false,"boss_relics":[{"not_picked":["Busted Crown","halation:PlatinumPhoenix"],"picked":"Kintsugi"}],"items_purged_floors":[19,19],"is_endless":false,"potions_floor_spawned":[1,6,8,14,16],"killed_by":"hubris:MusketHawk","ascension_level":0}}