{"host":"3j2m8n0ywf988fwb","time":1613960593,"event":{"mods":["2.2 Compatiblity","AchievementEnabler","Act Like it!","Aspiration","Astrologer","BaseMod","Better Altar","Better Match","Better Note","Better Sensory Stone","Better Skull","Better Third Choice","CCEM2","CapriCore","Colored Map","Colored Powertips","Dark Map","GifTheSpireLib","Halation","Highlight Path","Hubris","Infinite Spire","Jedi Mod","Koishi","Marisa????????","Marked Mod","Minty Spire (QoL Compilation)","Permanent Neow","Random Character Button","Relic Stats","Reliquary","Replay The Spire","Ruina","Shop Mod","StSLib","Stuff the Spire","The Alterego","The Animator","The Immortal","The Senshi","The Servant 0.9.4","Unceasing Turn Reminder","Weighted Paths","everything is the same but u backflip on backflip"],"gold_per_floor":[117,171,189,200,210,237,89,89,89],"floor_reached":8,"language":"ENG","playtime":570,"items_purged":[],"score":58,"play_id":"f20715c5-5a5d-41ec-92ee-016870599051","local_time":"20210221202313","is_ascension_mode":false,"campfire_choices":[],"circlet_count":0,"master_deck":["Strike_S","Strike_S","Strike_S","Strike_S","Defend_S","Defend_S","Defend_S","Defend_S","KidneyShot","Exchange","FastForward","Shuttle","SpecialFormula","Luminosity","MoonPhase","InstantArmor"],"relics":["Uniform","Regal Pillow","Replay:Mystery Machine","Tiny Chest"],"acts_visited":["Exordium"],"potions_floor_usage":[6,8],"damage_taken":[{"damage":9,"enemies":"Cultist","floor":1,"turns":5},{"damage":0,"enemies":"2 Louse","floor":3,"turns":2},{"damage":0,"enemies":"Jaw Worm","floor":4,"turns":5},{"damage":1,"enemies":"2 Fungi Beasts","floor":5,"turns":5},{"damage":61,"enemies":"3 Sentries","floor":6,"turns":17},{"damage":12,"enemies":"Gremlin Nob","floor":8,"turns":3}],"seed_played":"-7694675975594772727","potions_obtained":[{"floor":1,"key":"Block Potion"},{"floor":4,"key":"Strength Potion"},{"floor":5,"key":"ColorlessPotion"},{"floor":6,"key":"Milkshake"}],"is_trial":false,"path_per_floor":["M","T","M","M","M","E","$","E"],"character_chosen":"THE_SERVANT","items_purchased":["MoonPhase","InstantArmor"],"campfire_rested":0,"item_purchase_floors":[7,7],"current_hp_per_floor":[56,56,56,56,60,4,4,0,0],"gold":89,"neow_bonus":"RANDOM_COMMON_RELIC","is_daily":false,"chose_seed":false,"campfire_upgraded":0,"win_rate":0.0,"timestamp":1613960593,"path_taken":["M","?","M","M","M","E","$","E"],"items_purchased_type":["Card","Card"],"build_version":"2020-12-22","purchased_purges":0,"victory":false,"max_hp_per_floor":[65,65,65,65,65,65,65,65,65],"relic_stats":{"Regal Pillow":0,"counters":[6,37],"Tiny Chest":0,"obtain_stats":[{"Regal Pillow":0,"Tiny Chest":6,"Uniform":0,"Replay:Mystery Machine":2},{"Regal Pillow":0,"Tiny Chest":5,"Uniform":0,"Replay:Mystery Machine":1},{"Regal Pillow":0,"Tiny Chest":34,"Uniform":0,"Replay:Mystery Machine":5}]},"card_choices":[{"not_picked":["TimeTheft","Moondial"],"picked":"FastForward","floor":1},{"not_picked":["Contraction","Potential"],"picked":"Shuttle","floor":3},{"not_picked":["Potential","Rewind"],"picked":"SpecialFormula","floor":4},{"not_picked":["Ricochet","Moondial","Misdirection"],"picked":"SKIP","floor":5},{"not_picked":["Gouge","DoubleEdge"],"picked":"Luminosity","floor":6}],"player_experience":939673,"relics_obtained":[{"floor":2,"key":"Replay:Mystery Machine"},{"floor":6,"key":"Tiny Chest"}],"event_choices":[],"is_beta":false,"boss_relics":[],"items_purged_floors":[],"is_endless":false,"potions_floor_spawned":[1,4,5,6],"killed_by":"Gremlin Nob","ascension_level":0}}