{"host":"zdahj580pq9zy75i","time":1613953686,"event":{"mods":["BaseMod","Colored Map","Minty Spire (QoL Compilation)","StSLib"],"gold_per_floor":[112,112,112,112,135,135,171,185,185,221,41,41,64,114,114,213,213,236,75,75,93,109,109,159,159,206,206,240,259,275,314,314,314,314],"floor_reached":33,"language":"ENG","playtime":1419,"items_purged":[],"score":636,"play_id":"1c56e36f-c800-436a-bc5d-7c240b29ed29","local_time":"20210221192806","is_ascension_mode":true,"campfire_choices":[{"data":"Pommel Strike","floor":6,"key":"SMITH"},{"data":"Fiend Fire","floor":12,"key":"SMITH"},{"floor":15,"key":"REST"},{"data":"Flex","floor":23,"key":"SMITH"},{"data":"Dark Embrace","floor":25,"key":"SMITH"},{"data":"Battle Trance","floor":27,"key":"SMITH"},{"floor":32,"key":"REST"}],"circlet_count":0,"master_deck":["AscendersBane","Strike_R","Strike_R","Defend_R","Defend_R","Bash","Armaments","Pommel Strike+1","Clothesline","Battle Trance+1","Offering","Fiend Fire+1","Flex+1","Impervious","Flame Barrier+1","Shrug It Off+1","Dropkick+1","Dark Embrace+1","Cleave","Thunderclap"],"relics":["Burning Blood","Golden Idol","Self Forming Clay","Orichalcum","Happy Flower","Astrolabe","Lantern","MealTicket","Thread and Needle","PreservedInsect"],"acts_visited":["Exordium","TheCity"],"potions_floor_usage":[28,31,33],"damage_taken":[{"damage":11,"enemies":"Small Slimes","floor":1,"turns":5},{"damage":1,"enemies":"2 Louse","floor":5,"turns":3},{"damage":40,"enemies":"Gremlin Nob","floor":7,"turns":5},{"damage":0,"enemies":"Cultist","floor":8,"turns":3},{"damage":31,"enemies":"3 Sentries","floor":10,"turns":10},{"damage":6,"enemies":"2 Fungi Beasts","floor":13,"turns":2},{"damage":20,"enemies":"Slime Boss","floor":16,"turns":7},{"damage":21,"enemies":"2 Thieves","floor":18,"turns":3},{"damage":6,"enemies":"Chosen","floor":21,"turns":2},{"damage":7,"enemies":"3 Cultists","floor":22,"turns":5},{"damage":15,"enemies":"Gremlin Leader","floor":28,"turns":4},{"damage":0,"enemies":"Sentry and Sphere","floor":29,"turns":3},{"damage":13,"enemies":"Centurion and Healer","floor":30,"turns":5},{"damage":6,"enemies":"Slavers","floor":31,"turns":5},{"damage":56,"enemies":"Automaton","floor":33,"turns":6}],"seed_played":"-2376964339102074909","potions_obtained":[{"floor":7,"key":"LiquidMemories"},{"floor":10,"key":"Block Potion"},{"floor":16,"key":"FearPotion"},{"floor":21,"key":"DistilledChaos"},{"floor":30,"key":"Explosive Potion"}],"is_trial":false,"path_per_floor":["M","?","?","?","M","R","E","M","T","E","$","R","M","?","R","B",null,"M","$","?","M","M","R","?","R","T","R","E","M","M","E","R","B"],"character_chosen":"IRONCLAD","items_purchased":["Fiend Fire","Lantern"],"campfire_rested":2,"item_purchase_floors":[11,19],"current_hp_per_floor":[63,63,63,63,68,68,34,40,40,15,15,15,15,15,35,21,56,41,41,41,41,40,40,40,40,40,40,31,37,30,30,50,0,0],"gold":314,"neow_bonus":"TRANSFORM_CARD","is_daily":false,"chose_seed":false,"campfire_upgraded":5,"win_rate":0.0,"timestamp":1613953686,"path_taken":["M","?","?","?","M","R","E","M","T","E","$","R","M","?","R","BOSS","M","$","?","M","M","R","?","R","T","R","E","?","?","E","R","BOSS"],"items_purchased_type":["Card","Relic"],"build_version":"2020-12-22","purchased_purges":0,"victory":false,"max_hp_per_floor":[75,68,68,68,68,68,68,68,68,68,68,68,68,68,68,68,68,68,68,68,68,68,68,68,68,68,68,68,68,68,68,68,68,68],"card_choices":[{"not_picked":["Body Slam","Shockwave"],"picked":"Pommel Strike","floor":1},{"not_picked":["Metallicize","Sword Boomerang"],"picked":"Battle Trance","floor":5},{"not_picked":["Perfected Strike","Carnage"],"picked":"Offering","floor":7},{"not_picked":["Body Slam","Heavy Blade","True Grit"],"picked":"SKIP","floor":8},{"not_picked":["Body Slam","Clothesline","Seeing Red"],"picked":"SKIP","floor":10},{"not_picked":["Body Slam","Twin Strike"],"picked":"Flex","floor":13},{"not_picked":["Reaper","Barricade"],"picked":"Impervious","floor":16},{"not_picked":["Havoc","Wild Strike"],"picked":"Dark Embrace","floor":18},{"not_picked":["Clash","Entrench"],"picked":"Cleave","floor":21},{"not_picked":["Clothesline","Havoc","Headbutt"],"picked":"SKIP","floor":22},{"not_picked":["Sever Soul","Armaments","Offering"],"picked":"SKIP","floor":28},{"not_picked":["Sentinel","Cleave","Havoc"],"picked":"SKIP","floor":29},{"not_picked":["Havoc","Sever Soul","Perfected Strike"],"picked":"SKIP","floor":30},{"not_picked":["Cleave","Twin Strike"],"picked":"Thunderclap","floor":31}],"player_experience":789603,"relics_obtained":[{"floor":7,"key":"Self Forming Clay"},{"floor":9,"key":"Orichalcum"},{"floor":10,"key":"Happy Flower"},{"floor":26,"key":"MealTicket"},{"floor":28,"key":"Thread and Needle"},{"floor":31,"key":"PreservedInsect"}],"event_choices":[{"damage_healed":0,"gold_gain":0,"player_choice":"Lose Max HP","damage_taken":0,"relics_obtained":["Golden Idol"],"max_hp_gain":0,"max_hp_loss":7,"event_name":"Golden Idol","floor":2,"gold_loss":0},{"damage_healed":0,"gold_gain":0,"cards_transformed":["Strike_R"],"player_choice":"Change","damage_taken":0,"max_hp_gain":0,"max_hp_loss":0,"event_name":"Living Wall","floor":3,"gold_loss":0,"cards_obtained":["Clothesline"]},{"damage_healed":0,"gold_gain":0,"player_choice":"Ignored","damage_taken":0,"max_hp_gain":0,"max_hp_loss":0,"event_name":"Liars Game","floor":4,"gold_loss":0},{"damage_healed":0,"gold_gain":50,"player_choice":"Pray","damage_taken":0,"max_hp_gain":0,"max_hp_loss":0,"event_name":"Golden Shrine","floor":14,"gold_loss":0},{"damage_healed":0,"gold_gain":0,"player_choice":"Ignored","damage_taken":0,"max_hp_gain":0,"max_hp_loss":0,"event_name":"Vampires","floor":20,"gold_loss":0},{"damage_healed":0,"gold_gain":50,"player_choice":"Pray","damage_taken":0,"max_hp_gain":0,"max_hp_loss":0,"event_name":"Golden Shrine","floor":24,"gold_loss":0}],"is_beta":false,"boss_relics":[{"not_picked":["Velvet Choker","Empty Cage"],"picked":"Astrolabe"}],"items_purged_floors":[],"is_endless":false,"potions_floor_spawned":[7,10,16,21,22,30],"killed_by":"Automaton","ascension_level":20}}