{"host":"kvh5342rl0c7vxi5","time":1613965785,"event":{"mods":["Act Like it!","BaseMod","Bestiary","Better Third Choice","Challenge The Spire","Downfall","Duelist Mod","GifTheSpireLib","Gremlin Mod","Hermit","Hubris","Ironclad Rager","Jorbs\u0027s Wanderer Trilogy","Melee Mod","Minty Spire (QoL Compilation)","Potionbrewer","Quick Restart","Relic Stats","Replay The Spire","Spicy Shops","Spire Arcade","StSLib","SuperFastMode","The Forsaken","The Judge","The Mystic","The Poker Player","The Sage","slay the spire mod where everything is the same but ironclad has a cowboy hat"],"gold_per_floor":[196,68,101,127,156,156,156,156,186,186,186],"floor_reached":10,"language":"ENG","playtime":433,"items_purged":["Strike_B","Strike_B","Strike_B"],"score":180,"play_id":"dc054f99-1163-458a-8a7c-283f9328a6be","local_time":"20210221224945","daily_mods":["challengethespire:Platinum Difficulty","challengethespire:Elite Rush","Uncertain Future"],"is_ascension_mode":true,"campfire_choices":[{"floor":7,"key":"REST"},{"floor":8,"key":"REST"}],"circlet_count":0,"master_deck":["AscendersBane","Defend_B","Defend_B","Zap","Dualcast","Ball Lightning","Turbo","Loop","Swift Strike","Sweeping Beam","Conserve Battery","Streamline","Gash","Machine Learning","Coolheaded","Echo Form+1","ReplayTheSpireMod:Fabricate Wheel+1","Capacitor+1"],"relics":["Cracked Core","Black Star","Sling","PreservedInsect","Membership Card","Runic Capacitor","hubris:CrystalStatue","Nunchaku","bronze:DecasWashers","ReplayTheSpireMod:Ninjato","Anchor","ReplayTheSpireMod:Shallot","Calipers","hubris:SphereOfDissonance","Replay:Grab Bag","Sozu","Fusion Hammer","Astrolabe","Vajra","Regal Pillow"],"acts_visited":["Exordium"],"potions_floor_usage":[2,5,10],"damage_taken":[{"damage":21,"enemies":"3 Sentries","floor":3,"turns":5},{"damage":13,"enemies":"Lagavulin","floor":4,"turns":4},{"damage":6,"enemies":"Gremlin Nob","floor":5,"turns":3},{"damage":54,"enemies":"Slavers","floor":9,"turns":7},{"damage":18,"enemies":"Book of Stabbing","floor":10,"turns":2}],"seed_played":"6048817133515242470","potions_obtained":[{"floor":3,"key":"LiquidMemories"},{"floor":4,"key":"potionbrewer:NoxiousPotion"}],"is_trial":true,"path_per_floor":["$","$","E","E","E","T","R","R","E","E"],"character_chosen":"DEFECT","items_purchased":["Membership Card","Runic Capacitor","Ball Lightning","Turbo","Loop","hubris:CrystalStatue","sagemod:Wine","Swift Strike","Sweeping Beam","Nunchaku","Conserve Battery","Streamline"],"campfire_rested":2,"item_purchase_floors":[1,1,1,1,1,1,1,1,2,2,2,2],"current_hp_per_floor":[64,64,43,30,24,24,45,66,12,0,0],"gold":186,"neow_bonus":"","is_daily":false,"chose_seed":false,"campfire_upgraded":0,"win_rate":0.0,"timestamp":1613965785,"path_taken":["$","$","E","E","E","T","R","R","E","E"],"items_purchased_type":["Relic","Relic","Card","Card","Card","Relic","Potion","Card","Card","Relic","Card","Card"],"build_version":"2020-12-22","purchased_purges":3,"victory":false,"max_hp_per_floor":[71,71,71,71,71,71,71,71,71,71,71],"relic_stats":{"Sozu":1,"Nunchaku":[3],"Regal Pillow":0,"counters":[5,21],"Astrolabe":["Echo Form","ReplayTheSpireMod:Fabricate Wheel","Capacitor"],"PreservedInsect":189,"Black Star":4,"obtain_stats":[{"Regal Pillow":9,"hubris:CrystalStatue":1,"ReplayTheSpireMod:Ninjato":3,"Calipers":5,"bronze:DecasWashers":3,"Replay:Grab Bag":6,"Astrolabe":6,"hubris:SphereOfDissonance":5,"Vajra":9,"PreservedInsect":0,"Runic Capacitor":1,"Sling":0,"Sozu":6,"Nunchaku":2,"Anchor":4,"ReplayTheSpireMod:Shallot":4,"Fusion Hammer":6,"Black Star":0,"Membership Card":1,"Cracked Core":0},{"Regal Pillow":4,"hubris:CrystalStatue":0,"ReplayTheSpireMod:Ninjato":1,"Calipers":3,"bronze:DecasWashers":1,"Replay:Grab Bag":3,"Astrolabe":3,"hubris:SphereOfDissonance":3,"Vajra":4,"PreservedInsect":0,"Runic Capacitor":0,"Sling":0,"Sozu":3,"Nunchaku":0,"Anchor":2,"ReplayTheSpireMod:Shallot":2,"Fusion Hammer":3,"Black Star":0,"Membership Card":0,"Cracked Core":0},{"Regal Pillow":19,"hubris:CrystalStatue":0,"ReplayTheSpireMod:Ninjato":5,"Calipers":12,"bronze:DecasWashers":5,"Replay:Grab Bag":12,"Astrolabe":12,"hubris:SphereOfDissonance":12,"Vajra":19,"PreservedInsect":0,"Runic Capacitor":0,"Sling":0,"Sozu":12,"Nunchaku":0,"Anchor":9,"ReplayTheSpireMod:Shallot":9,"Fusion Hammer":12,"Black Star":0,"Membership Card":0,"Cracked Core":0}]},"card_choices":[],"player_experience":592921,"relics_obtained":[{"floor":3,"key":"bronze:DecasWashers"},{"floor":3,"key":"ReplayTheSpireMod:Ninjato"},{"floor":4,"key":"Anchor"},{"floor":4,"key":"ReplayTheSpireMod:Shallot"},{"floor":5,"key":"Calipers"},{"floor":5,"key":"hubris:SphereOfDissonance"},{"floor":9,"key":"Vajra"},{"floor":9,"key":"Regal Pillow"}],"event_choices":[],"is_beta":false,"boss_relics":[{"not_picked":["Calling Bell","Runic Pyramid"],"picked":"Replay:Grab Bag"},{"not_picked":["Velvet Choker","Philosopher\u0027s Stone"],"picked":"Sozu"},{"not_picked":["ReplayTheSpireMod:Onyx Gauntlets","bronze:MakeshiftBattery"],"picked":"Fusion Hammer"},{"not_picked":["hubris:BlackHole","Snecko Eye"],"picked":"Astrolabe"}],"items_purged_floors":[1,2,2],"is_endless":false,"potions_floor_spawned":[3,4,9],"killed_by":"Book of Stabbing","ascension_level":20}}