{"host":"fwdkxxz7291ipt0p","time":1613981348,"event":{"mods":["Act Like it!","BaseMod","GifTheSpireLib","Minty Spire (QoL Compilation)","Reimu£®≤©¿ˆ¡È√Œ£©","Relic Filter Mod","StSLib","Stuff the Spire"],"gold_per_floor":[118,130,130,144,144,159,159,84,84,119,119,129,140,153,153,250,250,265,265,65,75,75,75,86,86,86,86,23,40,40,60,60,60,60],"floor_reached":33,"language":"ENG","playtime":2355,"items_purged":["Strike_B","Strike_B","Strike_B"],"score":324,"play_id":"2871b11a-b8f5-4733-a40c-a1c22aca7c02","local_time":"20210222160908","is_ascension_mode":true,"campfire_choices":[{"data":"Dualcast","floor":7.0,"key":"SMITH"},{"data":"Zap","floor":11.0,"key":"SMITH"},{"floor":15.0,"key":"REST"},{"data":"Coolheaded","floor":23.0,"key":"SMITH"},{"data":"Darkness","floor":25.0,"key":"SMITH"},{"data":"Defend_B","floor":27.0,"key":"PURGE"},{"floor":30.0,"key":"REST"},{"data":"Defragment","floor":32.0,"key":"SMITH"}],"circlet_count":0,"master_deck":["Defend_B","Defend_B","Defend_B","Zap+1","Dualcast+1","Darkness+1","StuffTheSpire:Plugnplay","StuffTheSpire:LoadUp","Lockon","Core Surge","Coolheaded+1","Seek","Conserve Battery","Finesse","StuffTheSpire:EventHorizon","Defragment+1"],"relics":["Cracked Core","Mummified Hand","Peace Pipe","SlaversCollar","Membership Card","Bag of Marbles","StuffTheSpire:SapphireSignet"],"acts_visited":["Exordium","TheCity"],"potions_floor_usage":[],"damage_taken":[{"damage":1.0,"enemies":"Cultist","floor":1.0,"turns":3.0},{"damage":3.0,"enemies":"2 Louse","floor":2.0,"turns":2.0},{"damage":12.0,"enemies":"Jaw Worm","floor":4.0,"turns":3.0},{"damage":2.0,"enemies":"Large Slime","floor":6.0,"turns":3.0},{"damage":22.0,"enemies":"Gremlin Nob","floor":10.0,"turns":3.0},{"damage":0.0,"enemies":"2 Fungi Beasts","floor":12.0,"turns":2.0},{"damage":11.0,"enemies":"3 Louse","floor":13.0,"turns":3.0},{"damage":0.0,"enemies":"Looter","floor":14.0,"turns":1.0},{"damage":13.0,"enemies":"The Guardian","floor":16.0,"turns":6.0},{"damage":9.0,"enemies":"3 Byrds","floor":18.0,"turns":5.0},{"damage":4.0,"enemies":"Spheric Guardian","floor":21.0,"turns":3.0},{"damage":15.0,"enemies":"Chosen and Byrds","floor":24.0,"turns":6.0},{"damage":14.0,"enemies":"Cultist and Chosen","floor":29.0,"turns":4.0},{"damage":11.0,"enemies":"Snecko","floor":31.0,"turns":4.0},{"damage":15,"enemies":"Automaton","floor":33,"turns":6}],"seed_played":"4136991558545128444","potions_obtained":[{"floor":1.0,"key":"Ancient Potion"},{"floor":4.0,"key":"Dexterity Potion"},{"floor":10.0,"key":"FearPotion"},{"floor":12.0,"key":"DuplicationPotion"},{"floor":16.0,"key":"SkillPotion"},{"floor":18.0,"key":"GrandPatriotsElixir:ReiMu"}],"is_trial":false,"path_per_floor":["M","M","$","M","$","M","R","$","T","E","R","M","M","M","R","B",null,"M","?","$","M","T","R","M","R","T","R","$","M","R","M","R","B"],"character_chosen":"DEFECT","items_purchased":["Membership Card"],"campfire_rested":2,"item_purchase_floors":[20],"current_hp_per_floor":[67,64,64,52,52,50,50,50,50,28,28,28,17,17,39,26,63,54,54,54,50,50,50,35,35,35,35,35,21,43,32,32,17,17],"gold":60,"neow_bonus":"REMOVE_CARD","is_daily":false,"chose_seed":false,"campfire_upgraded":5,"win_rate":0.0,"timestamp":1613981348,"path_taken":["M","M","$","M","$","M","R","$","T","E","R","M","M","?","R","BOSS","M","?","?","M","?","R","M","R","T","R","$","M","R","M","R","BOSS"],"items_purchased_type":["Relic"],"build_version":"2020-12-22","purchased_purges":3,"victory":false,"max_hp_per_floor":[75,75,75,75,75,75,75,75,75,75,75,75,75,75,75,75,75,75,75,75,75,75,75,75,75,75,75,75,75,75,75,75,75,75],"card_choices":[{"not_picked":["Barrage","FTL"],"picked":"Darkness","floor":1.0},{"not_picked":["Redo","StuffTheSpire:Synthwave"],"picked":"StuffTheSpire:Plugnplay","floor":2.0},{"not_picked":["Reinforced Body","Conserve Battery"],"picked":"StuffTheSpire:LoadUp","floor":4.0},{"not_picked":["Aggregate","Consume"],"picked":"Lockon","floor":6.0},{"not_picked":["Streamline","Stack"],"picked":"Core Surge","floor":10.0},{"not_picked":["Sunder","StuffTheSpire:SnapShoot","Gash"],"picked":"SKIP","floor":12.0},{"not_picked":["Storm","StuffTheSpire:LoadUp"],"picked":"Coolheaded","floor":13.0},{"not_picked":["Ball Lightning","Streamline","Leap"],"picked":"SKIP","floor":14.0},{"not_picked":["Multi-Cast","Machine Learning"],"picked":"Seek","floor":16.0},{"not_picked":["Sweeping Beam","BootSequence"],"picked":"Conserve Battery","floor":18.0},{"not_picked":["Storm","Steam","Sweeping Beam+1"],"picked":"SKIP","floor":21.0},{"not_picked":["Sweeping Beam","Blizzard","Cold Snap"],"picked":"SKIP","floor":24.0},{"not_picked":["Compile Driver","Cold Snap","Ball Lightning"],"picked":"SKIP","floor":29.0},{"not_picked":["White Noise","Steam+1"],"picked":"Defragment","floor":31.0}],"player_experience":522726,"relics_obtained":[{"floor":9.0,"key":"Mummified Hand"},{"floor":10.0,"key":"Peace Pipe"},{"floor":22.0,"key":"Bag of Marbles"},{"floor":26.0,"key":"StuffTheSpire:SapphireSignet"}],"event_choices":[{"damage_healed":0.0,"max_hp_gain":0.0,"max_hp_loss":0.0,"gold_gain":0.0,"event_name":"Match and Keep!","player_choice":"2 cards matched","floor":19.0,"gold_loss":0.0,"damage_taken":0.0,"cards_obtained":["Finesse","StuffTheSpire:EventHorizon"]},{"damage_healed":0.0,"max_hp_gain":0.0,"max_hp_loss":0.0,"gold_gain":0.0,"event_name":"Match and Keep!","player_choice":"2 cards matched","floor":19.0,"gold_loss":0.0,"damage_taken":0.0,"cards_obtained":["Finesse","StuffTheSpire:EventHorizon"]}],"is_beta":false,"boss_relics":[{"not_picked":["Pandora\u0027s Box","Busted Crown"],"picked":"SlaversCollar"}],"items_purged_floors":[8,20,28],"is_endless":false,"potions_floor_spawned":[1,4,10,12,16,18],"killed_by":"Automaton","ascension_level":6}}