{"host":"dt8tt9y5uobrbn6j","time":1613966870,"event":{"mods":["Act Like it!","BaseMod","Better Third Choice","BetterRewards","Bossed Relics","Card Forge","Colored Powertips","Conspire","Dota2Spire","Minty Spire (QoL Compilation)","Quick Restart","Relic Stats","Reliquary","Retaliation","Ruina","Shop Mod","StSLib","¡¾ÒÅÎï¿¨ÅÆ¡¿REMEMod","óô»ðÖ¸ÄÏ"],"gold_per_floor":[109,127,127,127,52,52,80,80,80,98,124,124,158,204,204,303,303,313,333,348,362,362,395,295,305,381,428,781,794,811,861,861,940,940,957,424,442,455,468,496,495,495,495,494,433,467,478,470,340,340,300,300,257,726,753,413],"floor_reached":57,"language":"ZHS","playtime":5085,"items_purged":["Strike_R","Strike_R","Strike_R","Bash","Sword Boomerang+1","DDmod:EasePowerCard+1","DDmod:PlatedThornsSkill"],"score":4292,"play_id":"b6633f5e-99e8-4953-bb55-d69c7e65482c","local_time":"20210222120750","is_ascension_mode":true,"campfire_choices":[{"data":"Corruption","floor":6.0,"key":"SMITH"},{"data":"Whirlwind","floor":8.0,"key":"SMITH"},{"data":"Barricade","floor":15.0,"key":"SMITH"},{"data":"DDmod:EasePowerCard","floor":32.0,"key":"SMITH"},{"floor":42.0,"key":"RECALL"}],"circlet_count":0,"master_deck":["AscendersBane","Defend_R","Defend_R","Entrench","Corruption+1","Feel No Pain+1","Sentinel","Whirlwind+1","Barricade+1","Limit Break","CurseOfTheBell","Armaments+1","Battle Trance","Warcry+1","Second Wind","conspire:Purge","True Grit+1","Bloodletting+1"],"relics":["Burning Blood","Hammer of Thor","Seething Fire","Anvil of the Gods","REME_ComplimentaryCards","Brimstone","reliquary:Firecrackers","Sundial","Blue Candle","HandDrill","Shovel","Question Card","Lantern","reliquary:Bookmark","Chemical X","Dota2Spire:MantaStyle","Dota2Spire:LinkenSphere","Calling Bell","Akabeko","InkBottle","DDmod:StuhbiRelic","Dota2Spire:ArmletOfMordiggian","Old Coin","Dota2Spire:OrchidMalevolence","Coffee Dripper","REME_OnlineShoppingPlatform","MerchantsRug","Bottled Tornado","reliquary:HotPoker","conspire:GiftBox","Akabeko","REME_LimitBreaker","Medical Kit","Dota2Spire:DrumOfEndurance","Mummified Hand","Bag of Marbles","Dota2Spire:ShadowBlade","Frozen Eye","Red Skull"],"acts_visited":["Exordium","ruina:Briah","TheBeyond","TheEnding"],"potions_floor_usage":[56,56,56,56,56,56,56,56,56,56,56,56,56,56,56,56,56],"damage_taken":[{"damage":9.0,"enemies":"conspire:RoseBush","floor":1.0,"turns":2.0},{"damage":13.0,"enemies":"Jaw Worm","floor":2.0,"turns":3.0},{"damage":24.0,"enemies":"Lagavulin","floor":7.0,"turns":4.0},{"damage":0.0,"enemies":"2 Louse","floor":10.0,"turns":1.0},{"damage":0.0,"enemies":"Gremlin Nob","floor":11.0,"turns":2.0},{"damage":16.0,"enemies":"Exordium Wildlife","floor":13.0,"turns":3.0},{"damage":0.0,"enemies":"Lagavulin","floor":14.0,"turns":5.0},{"damage":32.0,"enemies":"Hexaghost","floor":16.0,"turns":8.0},{"damage":18.0,"enemies":"ruina:Nosferatu","floor":18.0,"turns":3.0},{"damage":38.0,"enemies":"ruina:BadWolf","floor":19.0,"turns":6.0},{"damage":4.0,"enemies":"ruina:3_Scarecrows","floor":20.0,"turns":4.0},{"damage":15.0,"enemies":"ruina:Woodsman","floor":21.0,"turns":4.0},{"damage":32.0,"enemies":"ruina:ServantOfWrath","floor":23.0,"turns":4.0},{"damage":2.0,"enemies":"ruina:KingOfGreed","floor":25.0,"turns":4.0},{"damage":2.0,"enemies":"conspire:MimicChest","floor":27.0,"turns":6.0},{"damage":52.0,"enemies":"ruina:RoadHome","floor":28.0,"turns":4.0},{"damage":25.0,"enemies":"ruina:KnightOfDespair","floor":29.0,"turns":4.0},{"damage":11.0,"enemies":"ruina:Nos_and_Bat","floor":30.0,"turns":5.0},{"damage":45.0,"enemies":"ruina:ServantOfWrath","floor":31.0,"turns":3.0},{"damage":5.0,"enemies":"ruina:JesterOfNihil","floor":33.0,"turns":6.0},{"damage":21.0,"enemies":"3 Darklings","floor":35.0,"turns":5.0},{"damage":1.0,"enemies":"3 Shapes","floor":37.0,"turns":1.0},{"damage":18.0,"enemies":"Sphere and 2 Shapes","floor":38.0,"turns":3.0},{"damage":1.0,"enemies":"Spire Growth","floor":39.0,"turns":2.0},{"damage":4.0,"enemies":"Giant Head","floor":40.0,"turns":2.0},{"damage":42.0,"enemies":"4 Shapes","floor":41.0,"turns":3.0},{"damage":13.0,"enemies":"Transient","floor":44.0,"turns":2.0},{"damage":0.0,"enemies":"Reptomancer","floor":46.0,"turns":2.0},{"damage":0.0,"enemies":"Spire Growth","floor":47.0,"turns":1.0},{"damage":9.0,"enemies":"Giant Head","floor":48.0,"turns":4.0},{"damage":11.0,"enemies":"conspire:OrnateMirror","floor":50.0,"turns":20.0},{"damage":25.0,"enemies":"Awakened One","floor":51.0,"turns":8.0},{"damage":1.0,"enemies":"Shield and Spear","floor":55.0,"turns":1.0},{"damage":7,"enemies":"The Heart","floor":56,"turns":80}],"seed_played":"-5307908072676830152","potions_obtained":[{"floor":7.0,"key":"Explosive Potion"},{"floor":11.0,"key":"Block Potion"},{"floor":14.0,"key":"BloodPotion"},{"floor":18.0,"key":"EssenceOfSteel"},{"floor":23.0,"key":"SpeedPotion"},{"floor":25.0,"key":"Energy Potion"},{"floor":29.0,"key":"Block Potion"},{"floor":33.0,"key":"PowerPotion"}],"is_trial":false,"path_per_floor":["M","M","$","?","$","R","E","R","T","M","E","?","M","E","R","B",null,"M","M","M","M","?","E","R","M","T","?","E","M","M","E","R","B",null,"M","$","M","M","M","E","M","R","T","M","R","E","M","E","R","B","B",null,"R","$","E","B",null],"character_chosen":"IRONCLAD","items_purchased":["Brimstone","DDmod:EasePowerCard","reliquary:Firecrackers","Sundial","Entrench","Lee\u0027s Waffle","Blue Candle","HandDrill","Shovel","Corruption","HandOfGreed","Question Card","Lantern","Feel No Pain","reliquary:Bookmark","Chemical X","REME_OnlineShoppingPlatform","MerchantsRug","Bottled Tornado","reliquary:HotPoker","REME_LimitBreaker","Medical Kit","Bag of Marbles","Dota2Spire:ShadowBlade","Frozen Eye"],"campfire_rested":0,"item_purchase_floors":[0,0,0,0,0,0,0,0,0,0,0,0,0,0,0,0,36,36,36,36,45,45,49,53,54],"current_hp_per_floor":[79,72,72,72,72,72,59,59,59,65,71,46,36,42,42,20,67,63,49,53,50,50,24,24,30,30,84,50,40,50,19,19,87,87,89,89,89,77,82,89,85,85,85,93,93,93,93,90,90,95,95,95,95,95,95,94],"gold":413,"neow_bonus":"","is_daily":false,"chose_seed":false,"campfire_upgraded":4,"win_rate":0.0,"timestamp":1613966870,"path_taken":["M","M","$","?","?","R","E","R","T","M","E","?","M","E","R","BOSS","M","M","M","M","?","E","R","M","T","?","E","M","M","E","R","BOSS","M","$","M","M","M","E","M","R","T","M","R","E","M","E","R","BOSS","BOSS","R","$","E","BOSS"],"items_purchased_type":["Relic","Card","Relic","Relic","Card","Relic","Relic","Relic","Relic","Card","Card","Relic","Relic","Card","Relic","Relic","Relic","Relic","Relic","Relic","Relic","Relic","Relic","Relic","Relic"],"build_version":"2020-12-22","purchased_purges":7,"victory":true,"max_hp_per_floor":[82,82,82,82,82,82,82,82,82,82,82,82,82,82,82,82,82,82,82,84,84,84,84,84,84,84,84,84,84,84,84,84,87,87,89,89,89,89,89,89,89,89,89,93,93,93,93,93,93,95,95,95,95,95,95,95],"relic_stats":{"Shovel":6,"counters":[68,334],"Sundial":[90],"Mummified Hand":[91],"Blue Candle":[22],"HandDrill":[78],"Chemical X":[53],"Question Card":33,"Medical Kit":[0],"obtain_stats":[{"Dota2Spire:MaskOfMadness":23,"Dota2Spire:PowerTreads":55,"Gremlin Horn":3,"Dota2Spire:ArmletOfMordiggian":14,"Hammer of Thor":0,"Dota2Spire:RefresherOrb":34,"Dota2Spire:ShadowBlade":53,"reliquary:Tamtam":0,"Bottled Tornado":36,"reliquary:QuartzCube":0,"Old Coin":42,"Dota2Spire:CrimsonGuard":8,"Sundial":0,"HandDrill":0,"reliquary:FingerTrap":0,"reliquary:Vitrine":15,"REME_OnlineShoppingPlatform":36,"Dota2Spire:HandOfMidas":31,"Girya":23,"MerchantsRug":36,"Happy Flower":46,"Blue Candle":0,"Dead Branch":17,"REME_LimitBreaker":45,"Question Card":0,"Akabeko":10,"reliquary:Bookmark":0,"Bottled Flame":45,"conspire:GiftBox":40,"reliquary:PorcupineQuills":27,"DDmod:StuhbiRelic":22,"Anvil of the Gods":0,"Brimstone":0,"reliquary:SculptingSteel":43,"reliquary:BrokenClock":0,"Dota2Spire:MonkeyKingBar":53,"Dota2Spire:PhaseBoots":22,"Lantern":0,"Regal Pillow":7,"reliquary:Firecrackers":25,"Dota2Spire:OrchidMalevolence":31,"Mango":0,"Dota2Spire:DrumOfEndurance":46,"PrismaticShard":0,"Smiling Mask":48,"Burning Blood":0,"reliquary:TridentHead":0,"Frozen Eye":20,"reliquary:HotPoker":43,"Shovel":0,"TheAbacus":37,"Mummified Hand":48,"Gambling Chip":12,"reliquary:Buckler":0,"Dota2Spire:AssaultCuirass":49,"Chemical X":0,"InkBottle":17,"Red Skull":55,"Runic Pyramid":17,"Potion Belt":11,"Lee\u0027s Waffle":45,"Dota2Spire:MantaStyle":9,"The Courier":40,"Seething Fire":0,"Medical Kit":45,"reliquary:IridiumChain":7,"Calling Bell":17,"CaptainsWheel":26,"Dota2Spire:LinkenSphere":14,"Dota2Spire:OctarineCore":38,"Coffee Dripper":34,"Bag of Marbles":49,"Champion Belt":32,"DDmod:BarbedSlagRelic":36,"REME_ComplimentaryCards":0},{"Dota2Spire:MaskOfMadness":15,"Dota2Spire:PowerTreads":33,"Gremlin Horn":2,"Dota2Spire:ArmletOfMordiggian":10,"Hammer of Thor":0,"Dota2Spire:RefresherOrb":22,"Dota2Spire:ShadowBlade":66,"reliquary:Tamtam":0,"Bottled Tornado":55,"reliquary:QuartzCube":0,"Old Coin":27,"Dota2Spire:CrimsonGuard":5,"Sundial":34,"HandDrill":0,"reliquary:FingerTrap":0,"reliquary:Vitrine":10,"REME_OnlineShoppingPlatform":55,"Dota2Spire:HandOfMidas":21,"Girya":47,"MerchantsRug":55,"Happy Flower":29,"Blue Candle":34,"Dead Branch":42,"REME_LimitBreaker":61,"Question Card":34,"Akabeko":6,"reliquary:Bookmark":34,"Bottled Flame":28,"conspire:GiftBox":59,"reliquary:PorcupineQuills":17,"DDmod:StuhbiRelic":46,"Anvil of the Gods":0,"Brimstone":34,"reliquary:SculptingSteel":60,"reliquary:BrokenClock":0,"Dota2Spire:MonkeyKingBar":32,"Dota2Spire:PhaseBoots":14,"Lantern":0,"Regal Pillow":5,"reliquary:Firecrackers":16,"Dota2Spire:OrchidMalevolence":53,"Mango":0,"Dota2Spire:DrumOfEndurance":62,"PrismaticShard":0,"Smiling Mask":30,"Burning Blood":0,"reliquary:TridentHead":0,"Frozen Eye":12,"reliquary:HotPoker":27,"Shovel":0,"TheAbacus":23,"Mummified Hand":64,"Gambling Chip":8,"reliquary:Buckler":0,"Dota2Spire:AssaultCuirass":30,"Chemical X":34,"InkBottle":42,"Red Skull":67,"Runic Pyramid":11,"Potion Belt":39,"Lee\u0027s Waffle":28,"Dota2Spire:MantaStyle":37,"The Courier":25,"Seething Fire":0,"Medical Kit":61,"reliquary:IridiumChain":37,"Calling Bell":42,"CaptainsWheel":16,"Dota2Spire:LinkenSphere":41,"Dota2Spire:OctarineCore":24,"Coffee Dripper":54,"Bag of Marbles":64,"Champion Belt":21,"DDmod:BarbedSlagRelic":23,"REME_ComplimentaryCards":0},{"Dota2Spire:MaskOfMadness":53,"Dota2Spire:PowerTreads":110,"Gremlin Horn":2,"Dota2Spire:ArmletOfMordiggian":29,"Hammer of Thor":0,"Dota2Spire:RefresherOrb":79,"Dota2Spire:ShadowBlade":253,"reliquary:Tamtam":0,"Bottled Tornado":205,"reliquary:QuartzCube":0,"Old Coin":91,"Dota2Spire:CrimsonGuard":11,"Sundial":119,"HandDrill":0,"reliquary:FingerTrap":0,"reliquary:Vitrine":29,"REME_OnlineShoppingPlatform":205,"Dota2Spire:HandOfMidas":70,"Girya":168,"MerchantsRug":205,"Happy Flower":97,"Blue Candle":119,"Dead Branch":147,"REME_LimitBreaker":218,"Question Card":119,"Akabeko":17,"reliquary:Bookmark":119,"Bottled Flame":94,"conspire:GiftBox":213,"reliquary:PorcupineQuills":58,"DDmod:StuhbiRelic":164,"Anvil of the Gods":0,"Brimstone":119,"reliquary:SculptingSteel":216,"reliquary:BrokenClock":0,"Dota2Spire:MonkeyKingBar":109,"Dota2Spire:PhaseBoots":49,"Lantern":0,"Regal Pillow":11,"reliquary:Firecrackers":56,"Dota2Spire:OrchidMalevolence":194,"Mango":0,"Dota2Spire:DrumOfEndurance":220,"PrismaticShard":0,"Smiling Mask":100,"Burning Blood":0,"reliquary:TridentHead":0,"Frozen Eye":45,"reliquary:HotPoker":91,"Shovel":0,"TheAbacus":82,"Mummified Hand":225,"Gambling Chip":24,"reliquary:Buckler":0,"Dota2Spire:AssaultCuirass":100,"Chemical X":119,"InkBottle":147,"Red Skull":254,"Runic Pyramid":42,"Potion Belt":131,"Lee\u0027s Waffle":94,"Dota2Spire:MantaStyle":128,"The Courier":85,"Seething Fire":0,"Medical Kit":218,"reliquary:IridiumChain":128,"Calling Bell":147,"CaptainsWheel":56,"Dota2Spire:LinkenSphere":139,"Dota2Spire:OctarineCore":83,"Coffee Dripper":200,"Bag of Marbles":225,"Champion Belt":70,"DDmod:BarbedSlagRelic":82,"REME_ComplimentaryCards":0}],"Burning Blood":315,"InkBottle":[61]},"card_choices":[{"not_picked":["DDmod:CallousedSkill","DDmod:SpikedSkill","Warcry"],"picked":"Sentinel","floor":1.0},{"not_picked":["DDmod:UnstoppableAttack","DDmod:PokeAttack","conspire:ExplosiveBarrier"],"picked":"Whirlwind","floor":2.0},{"not_picked":["Warcry","Sword Boomerang","Combust","REME_SingleHolding"],"picked":"SKIP","floor":7.0},{"not_picked":["Warcry","Sword Boomerang","Combust","REME_SingleHolding"],"picked":"SKIP","floor":7.0},{"not_picked":["Warcry","Sword Boomerang","Combust","REME_SingleHolding"],"picked":"SKIP","floor":7.0},{"not_picked":["Anger","Flex","True Grit","Entrench"],"picked":"SKIP","floor":10.0},{"not_picked":["Thunderclap","conspire:Charge","Twin Strike","Sever Soul"],"picked":"SKIP","floor":11.0},{"not_picked":["Wild Strike","Rage","Hemokinesis"],"picked":"Limit Break","floor":13.0},{"not_picked":["Hemokinesis","Entrench","Warcry","DDmod:SpikedSkill"],"picked":"SKIP","floor":14.0},{"not_picked":["Anger","Sword Boomerang+1","Clash","Headbutt"],"picked":"SKIP","floor":18.0},{"not_picked":["Anger","Clash","Headbutt"],"picked":"Sword Boomerang+1","floor":18.0},{"not_picked":["Flex","DDmod:UnstoppableAttack","Warcry"],"picked":"Shrug It Off","floor":19.0},{"not_picked":["Perfected Strike","Metallicize","Wild Strike+1","DDmod:CallousedSkill"],"picked":"SKIP","floor":20.0},{"not_picked":["Entrench","Dual Wield","Perfected Strike","True Grit"],"picked":"SKIP","floor":21.0},{"not_picked":["DDmod:ScaleUpSkill","Pommel Strike","conspire:Charge"],"picked":"Armaments+1","floor":23.0},{"not_picked":["Blood for Blood","Power Through","DDmod:UnstoppableAttack","Sentinel"],"picked":"SKIP","floor":25.0},{"not_picked":["Spot Weakness","Searing Blow","Reaper"],"picked":"Battle Trance","floor":28.0},{"not_picked":["Carnage","DDmod:BurningFumesPowerCard","Headbutt","Dual Wield+1"],"picked":"SKIP","floor":29.0},{"not_picked":["DDmod:SpikedSkill","Cleave+1","Rampage","Clothesline"],"picked":"SKIP","floor":30.0},{"not_picked":["Infernal Blade","REME_SingleHolding+1","DDmod:PokeAttack","Immolate"],"picked":"SKIP","floor":31.0},{"not_picked":["Fiend Fire","Brutality","Reaper"],"picked":"DDmod:PlatedThornsSkill","floor":33.0},{"not_picked":["Perfected Strike","Anger+1","DDmod:EasePowerCard+1"],"picked":"Warcry+1","floor":35.0},{"not_picked":["Cleave+1","Clothesline","Clash","DDmod:SpikedSkill"],"picked":"SKIP","floor":37.0},{"not_picked":["DDmod:PokeAttack","Body Slam","DDmod:BurningFumesPowerCard+1"],"picked":"Second Wind","floor":38.0},{"not_picked":["Infernal Blade+1","Flex","Pommel Strike","Sever Soul+1"],"picked":"SKIP","floor":39.0},{"not_picked":["Infernal Blade+1","Flex","Pommel Strike","Sever Soul+1"],"picked":"SKIP","floor":39.0},{"not_picked":["DDmod:AllInSkill","Fiend Fire","Immolate"],"picked":"conspire:Purge","floor":40.0},{"not_picked":["Exhume","Perfected Strike","Uppercut"],"picked":"True Grit+1","floor":40.0},{"not_picked":["Thunderclap","Sword Boomerang","DDmod:BurningFumesPowerCard+1","Iron Wave"],"picked":"SKIP","floor":41.0},{"not_picked":["Flame Barrier+1","Sword Boomerang+1","conspire:Charge","Flex"],"picked":"SKIP","floor":44.0},{"not_picked":["Pommel Strike","Anger+1","Heavy Blade","DDmod:EasePowerCard+1"],"picked":"SKIP","floor":46.0},{"not_picked":["Evolve","Corruption","Clash","Iron Wave"],"picked":"SKIP","floor":47.0},{"not_picked":["Evolve+1","Rupture+1","Second Wind"],"picked":"Bloodletting+1","floor":48.0},{"not_picked":["Battle Trance","Iron Wave+1","Metallicize","Carnage"],"picked":"SKIP","floor":55.0}],"player_experience":910504,"relics_obtained":[{"floor":7.0,"key":"reliquary:IridiumChain"},{"floor":9.0,"key":"Dota2Spire:MantaStyle"},{"floor":11.0,"key":"Potion Belt"},{"floor":14.0,"key":"Dota2Spire:LinkenSphere"},{"floor":17.0,"key":"Akabeko"},{"floor":17.0,"key":"InkBottle"},{"floor":17.0,"key":"Dead Branch"},{"floor":23.0,"key":"Girya"},{"floor":27.0,"key":"Dota2Spire:ArmletOfMordiggian"},{"floor":28.0,"key":"Old Coin"},{"floor":31.0,"key":"Dota2Spire:OrchidMalevolence"},{"floor":40.0,"key":"conspire:GiftBox"},{"floor":43.0,"key":"reliquary:SculptingSteel"},{"floor":46.0,"key":"Dota2Spire:DrumOfEndurance"},{"floor":48.0,"key":"Mummified Hand"},{"floor":55.0,"key":"Red Skull"}],"event_choices":[{"damage_healed":0.0,"max_hp_gain":0.0,"max_hp_loss":0.0,"gold_gain":0.0,"cards_transformed":["Strike_R"],"event_name":"Transmorgrifier","player_choice":"Transformed","floor":4.0,"gold_loss":0.0,"damage_taken":0.0,"cards_obtained":["Barricade"]},{"damage_healed":71.0,"max_hp_gain":0.0,"max_hp_loss":82.0,"gold_gain":0.0,"event_name":"betterThird:BetterShining","player_choice":"Upgrade","floor":12.0,"gold_loss":0.0,"damage_taken":25.0,"cards_upgraded":["Feel No Pain","Defend_R"]}],"is_beta":false,"boss_relics":[{"not_picked":["SlaversCollar","conspire:SpecialSausage"],"picked":"Calling Bell"},{"not_picked":["Empty Cage","conspire:RunicOctahedron"],"picked":"Coffee Dripper"}],"items_purged_floors":[5,24,36,45,49,53,54],"is_endless":false,"potions_floor_spawned":[7,11,14,18,23,25,29,31,33,37,38,39,47,55],"ascension_level":20}}