{"host":"pnjthw6sukprvbcr","time":1613953485,"event":{"mods":["AchievementEnabler","BaseMod","Block Reminder","Highlight Path","Minty Spire (QoL Compilation)","Relic Stats"],"gold_per_floor":[110,110,135,155,169,195,205,233,279,314,284,296,296,32,32,128,128,147,246,23,23,31,31,31,42,42,42,65,76,101,131,143,155,155],"floor_reached":33,"language":"ENG","playtime":1734,"items_purged":["Strike_B"],"score":324,"play_id":"3a6194fc-5354-4675-bc3d-5e6400b5e8f9","local_time":"20210221192445","is_ascension_mode":true,"campfire_choices":[{"floor":15,"key":"REST"},{"floor":23,"key":"RECALL"},{"data":"Consume","floor":27,"key":"SMITH"},{"floor":32,"key":"REST"}],"circlet_count":0,"master_deck":["Strike_B","Strike_B","Defend_B","Defend_B","Defend_B","Zap","Dualcast","Doom and Gloom","Beam Cell","Turbo","Seek","Go for the Eyes","Melter","Stack","White Noise","Conserve Battery","Rainbow","Darkness+1","Undo","Coolheaded","Consume+1","Genetic Algorithm","Doom and Gloom+1","Reinforced Body","Conserve Battery+1"],"relics":["Runic Dome","Strawberry","Juzu Bracelet","Mango","Art of War","Regal Pillow","DataDisk","Runic Capacitor","Black Star","Happy Flower","StoneCalendar","Vajra","Ginger","MawBank"],"acts_visited":["Exordium","TheCity"],"potions_floor_usage":[6,6,8,12,16,16,16,30,30,31],"damage_taken":[{"damage":0,"enemies":"Cultist","floor":1,"turns":4},{"damage":6,"enemies":"Jaw Worm","floor":4,"turns":4},{"damage":0,"enemies":"Small Slimes","floor":5,"turns":2},{"damage":21,"enemies":"3 Sentries","floor":6,"turns":6},{"damage":24,"enemies":"Exordium Thugs","floor":7,"turns":5},{"damage":22,"enemies":"Gremlin Nob","floor":8,"turns":5},{"damage":15,"enemies":"3 Sentries","floor":10,"turns":7},{"damage":0,"enemies":"Looter","floor":12,"turns":1},{"damage":34,"enemies":"Hexaghost","floor":16,"turns":10},{"damage":0,"enemies":"Spheric Guardian","floor":18,"turns":2},{"damage":13,"enemies":"2 Thieves","floor":22,"turns":4},{"damage":26,"enemies":"Snake Plant","floor":25,"turns":4},{"damage":12,"enemies":"Centurion and Healer","floor":29,"turns":4},{"damage":43,"enemies":"Slavers","floor":30,"turns":5},{"damage":0,"enemies":"Snecko","floor":31,"turns":4},{"damage":64,"enemies":"Collector","floor":33,"turns":7}],"seed_played":"8935754393852401222","potions_obtained":[{"floor":4,"key":"SneckoOil"},{"floor":5,"key":"FocusPotion"},{"floor":6,"key":"EssenceOfSteel"},{"floor":10,"key":"AttackPotion"},{"floor":11,"key":"DistilledChaos"},{"floor":11,"key":"EntropicBrew"},{"floor":12,"key":"Weak Potion"},{"floor":16,"key":"FearPotion"},{"floor":30,"key":"Dexterity Potion"}],"is_trial":false,"path_per_floor":["M","T","T","M","M","E","M","E","T","E","?","M","?","$","R","B",null,"M","?","$","?","M","R","?","M","T","R","T","M","E","M","R","B"],"character_chosen":"DEFECT","items_purchased":["Runic Capacitor","Conserve Battery","Happy Flower","Undo"],"campfire_rested":2,"item_purchase_floors":[14,14,20,20],"current_hp_per_floor":[75,75,82,76,76,55,31,23,23,8,8,8,8,8,51,17,96,96,96,96,96,83,83,83,57,57,57,57,45,2,2,45,0,0],"gold":155,"neow_bonus":"BOSS_RELIC","is_daily":false,"chose_seed":false,"campfire_upgraded":1,"win_rate":0.0,"timestamp":1613953485,"path_taken":["M","?","?","M","M","E","M","E","T","E","?","M","?","?","R","BOSS","M","?","$","?","M","R","?","M","T","R","?","M","E","M","R","BOSS"],"items_purchased_type":["Relic","Card","Relic","Card"],"build_version":"2020-12-22","purchased_purges":1,"victory":false,"max_hp_per_floor":[75,75,82,82,82,82,82,96,96,96,96,96,96,96,96,96,96,96,96,96,96,96,96,96,96,96,96,96,96,96,96,96,96,96],"relic_stats":{"Regal Pillow":30,"Happy Flower":[9],"counters":[16,74],"StoneCalendar":[52],"Juzu Bracelet":1,"Art of War":[10],"Black Star":1,"Ginger":[3],"MawBank":36,"obtain_stats":[{"Regal Pillow":10,"Happy Flower":20,"Vajra":28,"Mango":8,"StoneCalendar":26,"Juzu Bracelet":6,"Runic Capacitor":14,"Ginger":30,"MawBank":30,"Runic Dome":0,"DataDisk":13,"Strawberry":3,"Art of War":9,"Black Star":17,"Cracked Core":0},{"Regal Pillow":7,"Happy Flower":10,"Vajra":12,"Mango":6,"StoneCalendar":12,"Juzu Bracelet":4,"Runic Capacitor":8,"Ginger":14,"MawBank":14,"Runic Dome":0,"DataDisk":8,"Strawberry":1,"Art of War":6,"Black Star":9,"Cracked Core":0},{"Regal Pillow":33,"Happy Flower":46,"Vajra":54,"Mango":26,"StoneCalendar":54,"Juzu Bracelet":16,"Runic Capacitor":34,"Ginger":63,"MawBank":63,"Runic Dome":0,"DataDisk":34,"Strawberry":4,"Art of War":26,"Black Star":44,"Cracked Core":0}]},"card_choices":[{"not_picked":["Stack","Streamline"],"picked":"Doom and Gloom","floor":1},{"not_picked":["Barrage","Ball Lightning"],"picked":"Beam Cell","floor":4},{"not_picked":["Gash","Heatsinks"],"picked":"Turbo","floor":5},{"not_picked":["Turbo","Hello World"],"picked":"Seek","floor":6},{"not_picked":["Beam Cell","Aggregate"],"picked":"Go for the Eyes","floor":7},{"not_picked":["Recycle","Doom and Gloom"],"picked":"Melter","floor":8},{"not_picked":["Sunder","Meteor Strike"],"picked":"Stack","floor":10},{"not_picked":["Stack","Compile Driver"],"picked":"White Noise","floor":12},{"not_picked":["Amplify","Core Surge"],"picked":"Rainbow","floor":16},{"not_picked":["Conserve Battery","Coolheaded"],"picked":"Darkness+1","floor":18},{"not_picked":["Chill","Doom and Gloom"],"picked":"Coolheaded","floor":22},{"not_picked":["Leap","Streamline"],"picked":"Doom and Gloom+1","floor":25},{"not_picked":["Chill","Blizzard+1"],"picked":"Reinforced Body","floor":29},{"not_picked":["Aggregate","Sunder+1","Hologram"],"picked":"SKIP","floor":30},{"not_picked":["Steam+1","Rebound"],"picked":"Conserve Battery+1","floor":31}],"player_experience":206917,"relics_obtained":[{"floor":3,"key":"Strawberry"},{"floor":6,"key":"Juzu Bracelet"},{"floor":8,"key":"Mango"},{"floor":9,"key":"Art of War"},{"floor":10,"key":"Regal Pillow"},{"floor":26,"key":"StoneCalendar"},{"floor":28,"key":"Vajra"},{"floor":30,"key":"Ginger"},{"floor":30,"key":"MawBank"}],"event_choices":[{"damage_healed":0,"gold_gain":0,"player_choice":"Bought 2 Potions","damage_taken":0,"max_hp_gain":0,"max_hp_loss":0,"event_name":"The Woman in Blue","floor":11,"gold_loss":0},{"damage_healed":0,"gold_gain":0,"player_choice":"Gave Potion","damage_taken":0,"relics_obtained":["DataDisk"],"max_hp_gain":0,"max_hp_loss":0,"event_name":"WeMeetAgain","floor":13,"gold_loss":0},{"damage_healed":0,"gold_gain":99,"player_choice":"Stole From Cult","damage_taken":0,"max_hp_gain":0,"max_hp_loss":0,"event_name":"Nest","floor":19,"gold_loss":0},{"damage_healed":0,"gold_gain":0,"player_choice":"Ignored","damage_taken":0,"max_hp_gain":0,"max_hp_loss":0,"event_name":"Ghosts","floor":21,"gold_loss":0},{"damage_healed":0,"gold_gain":0,"cards_transformed":["Strike_B","Defend_B"],"player_choice":"Became Test Subject","damage_taken":0,"max_hp_gain":0,"max_hp_loss":0,"event_name":"Drug Dealer","floor":24,"gold_loss":0,"cards_obtained":["Consume","Genetic Algorithm"]}],"is_beta":false,"boss_relics":[{"not_picked":["Coffee Dripper","Inserter"],"picked":"Black Star"}],"items_purged_floors":[14],"is_endless":false,"potions_floor_spawned":[4,5,6,10,12,16,22,30],"killed_by":"Collector","ascension_level":1}}