{"host":"9tgfjs6cfo6gkncq","time":1613975365,"event":{"mods":["Aspiration","BaseMod","Better Vampires","Better-Laid Plans","CapriCore","Colored Powertips","Friendly Minions","GifTheSpireLib","KinomotoSakuraMod(木之本樱)","Marisa（F雨　魔理沙）","Minty Spire (QoL Compilation)","MostiFishMod","Quick Restart","Reimu（博丽灵梦）","Replay The Spire","Spicy Shops","StSLib","The Alterego","The Immortal","The Servant 0.9.4","WarShipGirlsR/战舰少女R mod","[IsaacMod]以撒尖塔","【功能Mod】聪明的最终Boss"],"gold_per_floor":[116,133,308,319,339,365,365,365,365],"floor_reached":8,"language":"ZHS","playtime":384,"items_purged":[],"score":58,"play_id":"5a7dba27-2c9c-4dd2-85fa-5e3edf3b9064","local_time":"20210222142925","is_ascension_mode":false,"campfire_choices":[],"circlet_count":0,"master_deck":["rmod:strick","rmod:strick","rmod:strick","rmod:strick","rmod:defend","rmod:defend","rmod:defend","rmod:defend","rmod:basicallowance","rmod:maingunfire","rmod:maintain","Doubt","rmod:desperatesituation","rmod:openingtorpedo","rmod:aluminumsupply"],"relics":["rmod:firstchargereward","HushsDoor","DaveBox","ChiXiaoBlade","PillsDrop","NeowsBlessing","SynthV:TestCard","Frozen Egg 2","Ring of Fury"],"acts_visited":["Exordium"],"potions_floor_usage":[6],"damage_taken":[{"damage":0,"enemies":"2 Louse","floor":1,"turns":1},{"damage":0,"enemies":"Small Slimes","floor":2,"turns":1},{"damage":0,"enemies":"Jaw Worm","floor":4,"turns":1},{"damage":0,"enemies":"Gremlin Gang","floor":5,"turns":1},{"damage":69,"enemies":"3 Sentries","floor":6,"turns":11},{"damage":26,"enemies":"Lagavulin","floor":8,"turns":6}],"seed_played":"-8823240225631164380","potions_obtained":[{"floor":1,"key":"ZuzhouPotion:ReiMu"},{"floor":2,"key":"Ancient Potion"},{"floor":4,"key":"Elixir"},{"floor":5,"key":"Block Potion"}],"is_trial":false,"path_per_floor":["M","M","?","M","M","E","?","E"],"character_chosen":"PRAEFECT","items_purchased":[],"campfire_rested":0,"item_purchase_floors":[],"current_hp_per_floor":[75,78,78,78,78,9,9,0,0],"gold":365,"neow_bonus":"THREE_ENEMY_KILL","is_daily":false,"chose_seed":false,"campfire_upgraded":0,"win_rate":0.0,"timestamp":1613975365,"path_taken":["M","M","?","M","M","E","?","E"],"items_purchased_type":[],"build_version":"2020-12-22","purchased_purges":0,"victory":false,"max_hp_per_floor":[75,78,78,78,78,78,78,78,78],"card_choices":[{"not_picked":[],"picked":"ChaosCard","floor":0},{"not_picked":["rmod:bulid","rmod:fletcherpendant"],"picked":"Bomb","floor":1},{"not_picked":["rmod:launchingtorpedo","rmod:supportescort","rmod:sl","rmod:wolves"],"picked":"rmod:maintain","floor":2},{"not_picked":["rmod:luckystar","rmod:punchline","rmod:aluminumsupply","rmod:victimresponsibility"],"picked":"rmod:desperatesituation","floor":4},{"not_picked":["rmod:unsinkable","rmod:aviationdawn","rmod:launchingtorpedo","rmod:aluminumsupply"],"picked":"rmod:openingtorpedo","floor":5},{"not_picked":["rmod:sl","rmod:aviationdawn","rmod:selfconfidence","rmod:punchline"],"picked":"rmod:aluminumsupply","floor":6}],"player_experience":132250,"relics_obtained":[{"floor":1,"key":"SynthV:TestCard"},{"floor":6,"key":"Frozen Egg 2"},{"floor":7,"key":"Ring of Fury"}],"event_choices":[{"damage_healed":0,"gold_gain":175,"player_choice":"AGREE","damage_taken":0,"max_hp_gain":0,"max_hp_loss":0,"event_name":"Liars Game","floor":3,"gold_loss":0,"cards_obtained":["Doubt"]}],"is_beta":false,"boss_relics":[],"items_purged_floors":[],"is_endless":false,"potions_floor_spawned":[1,2,4,5],"killed_by":"Lagavulin","ascension_level":0}}