{"host":"0kk91h4bq4kgfj0u","time":1613957088,"event":{"mods":["BaseMod","Bestiary","Block Reminder","Colored Map","Colored Powertips","Curses Come First","Highlight Path","Minty Spire (QoL Compilation)","Relic Stats","StSLib"],"gold_per_floor":[111,111,123,140,152,178,18,31,31,65,65,85,85,112,112,207,207,222,137,86,115,136,136,136],"floor_reached":23,"language":"ENG","playtime":669,"items_purged":[],"score":309,"play_id":"99858005-fd91-410e-ad97-b3ee6a4de838","local_time":"20210221202448","is_ascension_mode":true,"campfire_choices":[{"floor":11,"key":"RECALL"},{"data":"Inflame","floor":13,"key":"SMITH"},{"data":"Spot Weakness","floor":15,"key":"SMITH"}],"circlet_count":0,"master_deck":["Strike_R","Strike_R","Strike_R","Strike_R","Strike_R","Defend_R","Defend_R","Defend_R","Defend_R","Bash+1","Flex","Spot Weakness+1","Pommel Strike","Inflame+1","Heavy Blade","Anger","Immolate","Power Through","Rupture+1","Demon Form+1","Clothesline","Reckless Charge","Wild Strike+1"],"relics":["Burning Blood","MawBank","Lantern","Eternal Feather","Frozen Egg 2","Bottled Tornado","Mark of Pain","CeramicFish"],"acts_visited":["Exordium","TheCity"],"potions_floor_usage":[6,6,14,22,23],"damage_taken":[{"damage":8,"enemies":"Jaw Worm","floor":1,"turns":6},{"damage":6,"enemies":"Cultist","floor":3,"turns":3},{"damage":10,"enemies":"2 Louse","floor":4,"turns":3},{"damage":8,"enemies":"Large Slime","floor":5,"turns":6},{"damage":20,"enemies":"Gremlin Nob","floor":6,"turns":3},{"damage":1,"enemies":"Exordium Wildlife","floor":8,"turns":3},{"damage":15,"enemies":"3 Sentries","floor":10,"turns":5},{"damage":10,"enemies":"Lots of Slimes","floor":12,"turns":2},{"damage":30,"enemies":"Lagavulin","floor":14,"turns":5},{"damage":18,"enemies":"Slime Boss","floor":16,"turns":7},{"damage":17,"enemies":"2 Thieves","floor":18,"turns":3},{"damage":11,"enemies":"3 Byrds","floor":21,"turns":4},{"damage":32,"enemies":"Snake Plant","floor":22,"turns":4},{"damage":34,"enemies":"Slavers","floor":23,"turns":4}],"seed_played":"5954362259394557371","potions_obtained":[{"floor":1,"key":"Fire Potion"},{"floor":4,"key":"Explosive Potion"},{"floor":5,"key":"SkillPotion"},{"floor":6,"key":"Fire Potion"},{"floor":10,"key":"CultistPotion"}],"is_trial":false,"path_per_floor":["M","?","M","M","M","E","$","M","T","E","R","M","R","E","R","B",null,"M","?","$","M","M","E"],"character_chosen":"IRONCLAD","items_purchased":["Lantern","Heavy Blade","Energy Potion"],"campfire_rested":0,"item_purchase_floors":[7,7,20],"current_hp_per_floor":[78,78,78,74,72,58,58,63,63,54,63,59,68,44,53,41,76,65,65,65,60,34,0,0],"gold":136,"neow_bonus":"TEN_PERCENT_HP_BONUS","is_daily":false,"chose_seed":false,"campfire_upgraded":2,"win_rate":0.0,"timestamp":1613957088,"path_taken":["M","?","M","M","M","E","?","M","T","E","R","M","R","E","R","BOSS","M","?","$","M","M","E"],"items_purchased_type":["Relic","Card","Potion"],"build_version":"2020-12-22","purchased_purges":0,"victory":false,"max_hp_per_floor":[88,88,88,88,88,88,88,88,88,88,88,88,88,88,88,88,88,88,88,88,88,88,88,88],"relic_stats":{"counters":[14,58],"CeramicFish":18,"Eternal Feather":27,"MawBank":12,"obtain_stats":[{"Lantern":7,"CeramicFish":19,"Eternal Feather":9,"Mark of Pain":17,"Frozen Egg 2":10,"Bottled Tornado":14,"MawBank":6,"Burning Blood":0},{"Lantern":5,"CeramicFish":11,"Eternal Feather":6,"Mark of Pain":10,"Frozen Egg 2":7,"Bottled Tornado":9,"MawBank":5,"Burning Blood":0},{"Lantern":21,"CeramicFish":46,"Eternal Feather":24,"Mark of Pain":43,"Frozen Egg 2":29,"Bottled Tornado":36,"MawBank":21,"Burning Blood":0}],"Burning Blood":78},"card_choices":[{"not_picked":["Burning Pact","Disarm","Seeing Red"],"picked":"SKIP","floor":1},{"not_picked":["Body Slam","Sever Soul"],"picked":"Flex","floor":3},{"not_picked":["Metallicize","Clash"],"picked":"Spot Weakness","floor":4},{"not_picked":["Burning Pact","Havoc"],"picked":"Pommel Strike","floor":5},{"not_picked":["Wild Strike","Reckless Charge"],"picked":"Inflame","floor":6},{"not_picked":["Shrug It Off","Disarm"],"picked":"Anger","floor":8},{"not_picked":["Burning Pact","Berserk+1"],"picked":"Immolate","floor":10},{"not_picked":["Warcry","Disarm"],"picked":"Power Through","floor":12},{"not_picked":["Carnage","Wild Strike"],"picked":"Rupture+1","floor":14},{"not_picked":["Corruption+1","Juggernaut+1"],"picked":"Demon Form+1","floor":16},{"not_picked":["Body Slam","Dark Embrace+1"],"picked":"Clothesline","floor":18},{"not_picked":["Intimidate","Seeing Red"],"picked":"Reckless Charge","floor":21},{"not_picked":["Ghostly Armor","True Grit"],"picked":"Wild Strike+1","floor":22}],"player_experience":904272,"relics_obtained":[{"floor":6,"key":"MawBank"},{"floor":9,"key":"Eternal Feather"},{"floor":10,"key":"Frozen Egg 2"},{"floor":14,"key":"Bottled Tornado"}],"event_choices":[{"damage_healed":0,"gold_gain":0,"player_choice":"Upgraded","damage_taken":0,"max_hp_gain":0,"max_hp_loss":0,"event_name":"Upgrade Shrine","floor":2,"gold_loss":0,"cards_upgraded":["Bash"]},{"damage_healed":0,"gold_gain":0,"player_choice":"Obtained Relic","damage_taken":0,"relics_obtained":["CeramicFish"],"max_hp_gain":0,"max_hp_loss":0,"event_name":"Addict","floor":19,"gold_loss":85}],"is_beta":false,"boss_relics":[{"not_picked":["Pandora\u0027s Box","Astrolabe"],"picked":"Mark of Pain"}],"items_purged_floors":[],"is_endless":false,"potions_floor_spawned":[1,4,5,6,10],"killed_by":"Slavers","ascension_level":9}}