{"host":"and8eo8sydud92t3","time":1613955023,"event":{"mods":["AchievementEnabler","BaseMod","Bestiary","Colored Map","Colored Powertips","Highlight Path","Minty Spire (QoL Compilation)","Relic Stats","StSLib"],"gold_per_floor":[110,285,303,303,303,303,331,345,370,370,370],"floor_reached":10,"language":"ENG","playtime":396,"items_purged":[],"score":69,"play_id":"c529fd50-726e-4a6d-98fc-e31f473c41fb","local_time":"20210221195023","is_ascension_mode":true,"campfire_choices":[{"floor":6,"key":"RECALL"}],"circlet_count":0,"master_deck":["Strike_P","Strike_P","Strike_P","Strike_P","Defend_P","Defend_P","Defend_P","Defend_P","Eruption+1","Vigilance","InnerPeace","Doubt","PathToVictory","EmptyFist","PathToVictory"],"relics":["PureWater","Happy Flower","Smiling Mask","Bronze Scales"],"acts_visited":["Exordium"],"potions_floor_usage":[7,7],"damage_taken":[{"damage":0,"enemies":"2 Louse","floor":1,"turns":4},{"damage":5,"enemies":"Small Slimes","floor":3,"turns":2},{"damage":19,"enemies":"Lagavulin","floor":7,"turns":7},{"damage":0,"enemies":"Jaw Worm","floor":8,"turns":2},{"damage":53,"enemies":"3 Sentries","floor":10,"turns":10}],"seed_played":"3750789351751416521","potions_obtained":[{"floor":1,"key":"PowerPotion"},{"floor":3,"key":"SkillPotion"}],"is_trial":false,"path_per_floor":["M","?","M","?","?","R","E","M","T","E"],"character_chosen":"WATCHER","items_purchased":[],"campfire_rested":0,"item_purchase_floors":[],"current_hp_per_floor":[79,79,74,67,67,67,48,48,48,0,0],"gold":370,"neow_bonus":"TEN_PERCENT_HP_BONUS","is_daily":false,"chose_seed":false,"campfire_upgraded":0,"win_rate":0.0,"timestamp":1613955023,"path_taken":["M","?","M","?","?","R","E","?","T","E"],"items_purchased_type":[],"build_version":"2020-12-22","purchased_purges":0,"victory":false,"max_hp_per_floor":[79,79,79,79,79,79,79,79,79,79,79],"relic_stats":{"Happy Flower":[6],"counters":[5,25],"Bronze Scales":[30],"Smiling Mask":0,"obtain_stats":[{"Happy Flower":4,"Bronze Scales":9,"PureWater":0,"Smiling Mask":7},{"Happy Flower":2,"Bronze Scales":4,"PureWater":0,"Smiling Mask":3},{"Happy Flower":6,"Bronze Scales":15,"PureWater":0,"Smiling Mask":13}]},"card_choices":[{"not_picked":["DeceiveReality","Protect"],"picked":"InnerPeace","floor":1},{"not_picked":["ThirdEye","CrushJoints"],"picked":"PathToVictory","floor":3},{"not_picked":["JustLucky","Collect"],"picked":"EmptyFist","floor":7},{"not_picked":["BowlingBash","Protect"],"picked":"PathToVictory","floor":8}],"player_experience":371098,"relics_obtained":[{"floor":7,"key":"Smiling Mask"},{"floor":9,"key":"Bronze Scales"}],"event_choices":[{"damage_healed":0,"gold_gain":175,"player_choice":"AGREE","damage_taken":0,"max_hp_gain":0,"max_hp_loss":0,"event_name":"Liars Game","floor":2,"gold_loss":0,"cards_obtained":["Doubt"]},{"damage_healed":0,"gold_gain":0,"player_choice":"Success","damage_taken":7,"relics_obtained":["Happy Flower"],"max_hp_gain":0,"max_hp_loss":0,"event_name":"Scrap Ooze","floor":4,"gold_loss":0},{"damage_healed":0,"gold_gain":0,"player_choice":"Grow","damage_taken":0,"max_hp_gain":0,"max_hp_loss":0,"event_name":"Living Wall","floor":5,"gold_loss":0,"cards_upgraded":["Eruption"]}],"is_beta":false,"boss_relics":[],"items_purged_floors":[],"is_endless":false,"potions_floor_spawned":[1,3],"killed_by":"3 Sentries","ascension_level":1}}