{"host":"u4xl3cfa8ez93srb","time":1613971055,"event":{"mods":["BaseMod","Colored Map","Minty Spire (QoL Compilation)","StSLib"],"gold_per_floor":[215,20,34,54,54,71,71,103,183,214,235,252,252,295,295,405,405,433,457,163,172,199,199,241,241,250,250,292,103,123,136,136,247,247,273,300,318,334,334,368,69,101,133,133,161,193,209,32,32,32,32],"floor_reached":50,"language":"ENG","playtime":2533,"items_purged":["Strike_G","Pain","Strike_G","Pain"],"score":982,"play_id":"b4300585-a50f-4f6e-bd4d-f762c16f76e5","local_time":"20210222161735","is_ascension_mode":true,"campfire_choices":[{"data":"Accuracy","floor":13.0,"key":"SMITH"},{"data":"Accuracy","floor":15.0,"key":"SMITH"},{"data":"Blade Dance","floor":23.0,"key":"SMITH"},{"floor":27.0,"key":"REST"},{"floor":32.0,"key":"REST"},{"floor":44,"key":"REST"},{"floor":49,"key":"RECALL"}],"circlet_count":0,"master_deck":["Strike_G","Strike_G","Strike_G+1","Defend_G","Defend_G","Defend_G","Defend_G","Defend_G","Survivor","Neutralize","Poisoned Stab+1","Blade Dance+1","Accuracy+1","Cloak And Dagger","Cloak And Dagger","Escape Plan","Accuracy+1","Accuracy","Burst","PiercingWail","Infinite Blades+1","Caltrops","Blade Dance+1","Well Laid Plans","Deflect","Footwork","Adrenaline","Backflip","Envenom","PiercingWail","Dark Shackles","Flash of Steel","Secret Technique","Madness","Madness","Infinite Blades","Acrobatics","Clumsy","Infinite Blades+1","A Thousand Cuts"],"relics":["Ring of the Snake","Snake Skull","Calipers","Mummified Hand","CeramicFish","Art of War","Cursed Key","Oddly Smooth Stone","WarpedTongs","Smiling Mask","Unceasing Top","Bottled Tornado","Busted Crown","Turnip","OrangePellets","Whetstone","Gremlin Horn"],"acts_visited":["Exordium","TheCity","TheBeyond"],"potions_floor_usage":[46],"damage_taken":[{"damage":0.0,"enemies":"Cultist","floor":1.0,"turns":4.0},{"damage":3.0,"enemies":"2 Louse","floor":3.0,"turns":2.0},{"damage":0.0,"enemies":"Jaw Worm","floor":4.0,"turns":3.0},{"damage":9.0,"enemies":"Red Slaver","floor":6.0,"turns":6.0},{"damage":9.0,"enemies":"Gremlin Nob","floor":8.0,"turns":3.0},{"damage":13.0,"enemies":"Lagavulin","floor":10.0,"turns":5.0},{"damage":0.0,"enemies":"2 Fungi Beasts","floor":11.0,"turns":3.0},{"damage":0.0,"enemies":"Exordium Thugs","floor":12.0,"turns":2.0},{"damage":1.0,"enemies":"Gremlin Nob","floor":14.0,"turns":3.0},{"damage":13.0,"enemies":"The Guardian","floor":16.0,"turns":7.0},{"damage":7.0,"enemies":"Chosen","floor":18.0,"turns":4.0},{"damage":9.0,"enemies":"3 Byrds","floor":19.0,"turns":5.0},{"damage":0.0,"enemies":"Snecko","floor":22.0,"turns":2.0},{"damage":10.0,"enemies":"Book of Stabbing","floor":24.0,"turns":4.0},{"damage":29.0,"enemies":"Gremlin Leader","floor":28.0,"turns":4.0},{"damage":5.0,"enemies":"Chosen and Byrds","floor":30.0,"turns":3.0},{"damage":3.0,"enemies":"Shelled Parasite and Fungi","floor":31.0,"turns":4.0},{"damage":6.0,"enemies":"Automaton","floor":33.0,"turns":6.0},{"damage":1.0,"enemies":"3 Darklings","floor":35.0,"turns":3.0},{"damage":0.0,"enemies":"Orb Walker","floor":38.0,"turns":2.0},{"damage":1.0,"enemies":"Reptomancer","floor":40.0,"turns":4.0},{"damage":29,"enemies":"Nemesis","floor":42,"turns":5},{"damage":0,"enemies":"Jaw Worm Horde","floor":45,"turns":2},{"damage":22,"enemies":"Reptomancer","floor":46,"turns":4},{"damage":3,"enemies":"3 Darklings","floor":47,"turns":3},{"damage":6,"enemies":"Time Eater","floor":50,"turns":1}],"seed_played":"-1719226980922184923","potions_obtained":[{"floor":1.0,"key":"CunningPotion"},{"floor":10.0,"key":"PowerPotion"},{"floor":11.0,"key":"PowerPotion"},{"floor":12.0,"key":"SmokeBomb"},{"floor":16.0,"key":"Ancient Potion"},{"floor":18.0,"key":"Dexterity Potion"},{"floor":46,"key":"ColorlessPotion"}],"is_trial":false,"path_per_floor":["M","$","M","M","$","M","?","E","T","E","M","M","R","E","R","B",null,"M","M","$","?","M","R","E","?","T","R","E","$","M","M","R","B",null,"M","?","?","M","?","E","$","E","T","R","M","E","M","$","R","B"],"character_chosen":"THE_SILENT","items_purchased":["Snake Skull","Blade Dance","Caltrops","Oddly Smooth Stone","Footwork","Adrenaline","Infinite Blades","Acrobatics","OrangePellets","A Thousand Cuts"],"campfire_rested":3,"item_purchase_floors":[2,2,20,20,29,29,41,41,41,48],"current_hp_per_floor":[63,63,60,60,60,51,51,42,42,29,29,29,29,28,28,15,56,49,40,40,40,40,40,30,30,30,51,22,22,17,14,35,29,60,59,49,40,40,40,39,39,10,10,31,31,9,6,6,6,0,0],"gold":32,"neow_bonus":"HUNDRED_GOLD","is_daily":false,"chose_seed":false,"campfire_upgraded":3,"win_rate":0.0,"timestamp":1613971055,"path_taken":["M","$","M","M","?","M","?","E","T","E","M","M","R","E","R","BOSS","M","M","$","?","?","R","E","?","T","R","E","$","M","M","R","BOSS","M","?","?","M","?","E","$","E","T","R","M","E","?","$","R","BOSS"],"items_purchased_type":["Relic","Card","Card","Relic","Card","Card","Card","Card","Relic","Card"],"build_version":"2020-12-22","purchased_purges":4,"victory":false,"max_hp_per_floor":[70,70,70,70,70,70,70,70,70,70,70,70,70,70,70,70,70,70,70,70,70,70,70,70,70,70,70,70,70,70,70,70,70,70,70,70,70,70,70,70,70,70,70,70,70,70,70,70,70,70,70],"card_choices":[{"not_picked":["Flechettes","Acrobatics"],"picked":"Poisoned Stab","floor":1.0},{"not_picked":["Slice","Quick Slash"],"picked":"Accuracy","floor":3.0},{"not_picked":["Slice","Endless Agony"],"picked":"Cloak And Dagger","floor":4.0},{"not_picked":["Concentrate","Prepared"],"picked":"Cloak And Dagger","floor":6.0},{"not_picked":["Reflex","Phantasmal Killer"],"picked":"Escape Plan","floor":8.0},{"not_picked":["Distraction","Dagger Throw","Cloak And Dagger"],"picked":"SKIP","floor":10.0},{"not_picked":["Predator","Flying Knee"],"picked":"Accuracy","floor":11.0},{"not_picked":["Bane","Deflect","Poisoned Stab"],"picked":"SKIP","floor":12.0},{"not_picked":["Infinite Blades","Well Laid Plans"],"picked":"Accuracy","floor":14.0},{"not_picked":["Glass Knife","Bullet Time"],"picked":"Burst","floor":16.0},{"not_picked":["Dagger Throw","Poisoned Stab"],"picked":"PiercingWail","floor":18.0},{"not_picked":["Slice+1","Bane"],"picked":"Infinite Blades+1","floor":19.0},{"not_picked":["Grand Finale","Concentrate"],"picked":"Blade Dance","floor":22.0},{"not_picked":["Backstab+1","Sucker Punch"],"picked":"Well Laid Plans","floor":24.0},{"not_picked":["Well Laid Plans+1","Acrobatics"],"picked":"Deflect","floor":28.0},{"not_picked":["Outmaneuver+1","PiercingWail"],"picked":"Backflip","floor":30.0},{"not_picked":["Dagger Spray","Outmaneuver","Masterful Stab"],"picked":"SKIP","floor":31.0},{"not_picked":["Unload","Burst"],"picked":"Envenom","floor":33.0},{"not_picked":[],"picked":"PiercingWail","floor":35.0},{"not_picked":[],"picked":"Dark Shackles","floor":36.0},{"not_picked":[],"picked":"Flash of Steel","floor":36.0},{"not_picked":[],"picked":"Secret Technique","floor":36.0},{"not_picked":["Masterful Stab+1"],"picked":"SKIP","floor":38.0},{"not_picked":["Dagger Throw"],"picked":"SKIP","floor":40},{"not_picked":["Skewer"],"picked":"SKIP","floor":42},{"not_picked":[],"picked":"Infinite Blades+1","floor":45},{"not_picked":["Bouncing Flask+1"],"picked":"SKIP","floor":46},{"not_picked":["Expertise"],"picked":"SKIP","floor":47}],"player_experience":959305,"relics_obtained":[{"floor":8.0,"key":"Calipers"},{"floor":9.0,"key":"Mummified Hand"},{"floor":10.0,"key":"CeramicFish"},{"floor":14.0,"key":"Art of War"},{"floor":24.0,"key":"Smiling Mask"},{"floor":26.0,"key":"Unceasing Top"},{"floor":28.0,"key":"Bottled Tornado"},{"floor":40,"key":"Turnip"},{"floor":42,"key":"Whetstone"},{"floor":46,"key":"Gremlin Horn"}],"event_choices":[{"damage_healed":0.0,"max_hp_gain":0.0,"max_hp_loss":0.0,"gold_gain":0.0,"event_name":"Living Wall","player_choice":"Grow","floor":7.0,"gold_loss":0.0,"damage_taken":0.0,"cards_upgraded":["Blade Dance"]},{"damage_healed":0.0,"max_hp_gain":0.0,"max_hp_loss":0.0,"gold_gain":0.0,"event_name":"Accursed Blacksmith","player_choice":"Rummage","floor":21.0,"gold_loss":0.0,"damage_taken":0.0,"relics_obtained":["WarpedTongs"],"cards_obtained":["Pain"]},{"damage_healed":0.0,"max_hp_gain":0.0,"max_hp_loss":0.0,"gold_gain":0.0,"event_name":"Cursed Tome","player_choice":"Ignored","floor":25.0,"gold_loss":0.0,"damage_taken":0.0},{"damage_healed":0.0,"max_hp_gain":0.0,"max_hp_loss":0.0,"gold_gain":0.0,"event_name":"SensoryStone","player_choice":"Memory 3","floor":36.0,"gold_loss":0.0,"damage_taken":10.0},{"damage_healed":0.0,"max_hp_gain":0.0,"max_hp_loss":0.0,"gold_gain":0.0,"event_name":"Winding Halls","player_choice":"Embrace Madness","floor":37.0,"gold_loss":0.0,"damage_taken":9.0,"cards_obtained":["Madness","Madness"]},{"damage_healed":0.0,"max_hp_gain":0.0,"max_hp_loss":0.0,"gold_gain":0.0,"event_name":"SecretPortal","player_choice":"Ignored","floor":39.0,"gold_loss":0.0,"damage_taken":0.0}],"is_beta":false,"boss_relics":[{"not_picked":["SlaversCollar","Fusion Hammer"],"picked":"Cursed Key"},{"not_picked":["Runic Pyramid","Velvet Choker"],"picked":"Busted Crown"}],"items_purged_floors":[20,29,41,48],"is_endless":false,"potions_floor_spawned":[1,10,11,12,16,18,19,22,31,35,46,47],"killed_by":"Time Eater","ascension_level":7}}