{"host":"o3b7ow6d1xe49css","time":1613979139,"event":{"mods":["Act Like it!","Aspiration","BaseMod","Bestiary","Better Altar","Better Match","Better Note","Better Sensory Stone","Better Skull","Better Third Choice","Colored Powertips","Conspire","Energized Spire","Force Act Four","GifTheSpireLib","Halation","Hermit","Hubris","Infinite Spire","Lobotomy","Minty Spire (QoL Compilation)","Quick Restart","Rare Cards Sparkle","Relic Filter Mod","Reliquary","Replay The Spire","Spicy Shops","Spikes Relics","StSLib","Stuff the Spire","The Blue Laboratory","The Hierophant","The Jungle","Wandering Minibosses"],"gold_per_floor":[113,129,141,141,151,151,179,204,204,229,229,229,229,260,260,360,360,375,27,38,38,38,38,38],"floor_reached":23,"language":"ENG","playtime":1354,"items_purged":["Strike_P"],"score":334,"play_id":"fe5a8c65-a6c8-4ebb-b974-9db026f37065","local_time":"20210221223219","daily_mods":["Heirloom","Flight"],"is_ascension_mode":true,"campfire_choices":[{"data":"Eruption","floor":6,"key":"SMITH"},{"data":"Replay:AtTheReady","floor":11,"key":"SMITH"},{"data":"Pot Of Greed","floor":13,"key":"SMITH"},{"floor":15,"key":"DIG"}],"circlet_count":0,"master_deck":["Strike_P","Strike_P","Strike_P","Defend_P","Defend_P","Defend_P","Defend_P","Eruption+1","Vigilance","Replay:AtTheReady+1","DeusExMachina","Consecrate","ClearTheMind","Halt","Pot Of Greed+1","Pot Of Greed","BowlingBash","Omniscience","Consecrate+1","infinitespire:Menacing"],"relics":["PureWater","Ring of Chaos","hubris:Spice","CogitoBucket","Grinning Jar","halation:BlackBeret","hubris:TerracottaHorce","BargainBundle","reliquary:IvoryTrinket"],"acts_visited":["Exordium","Exordium"],"potions_floor_usage":[8,10,16,18,23,23],"damage_taken":[{"damage":0,"enemies":"Cultist","floor":1,"turns":2},{"damage":0,"enemies":"2 Louse","floor":2,"turns":3},{"damage":0,"enemies":"Small Slimes","floor":3,"turns":1},{"damage":0,"enemies":"3 Louse","floor":5,"turns":3},{"damage":0,"enemies":"Lagavulin","floor":7,"turns":5},{"damage":18,"enemies":"Gremlin Nob","floor":8,"turns":4},{"damage":10,"enemies":"3 Sentries","floor":10,"turns":3},{"damage":0,"enemies":"Lagavulin","floor":14,"turns":4},{"damage":30,"enemies":"Hexaghost","floor":16,"turns":8},{"damage":0,"enemies":"theJungle:Flameango_and_Byrd","floor":18,"turns":2},{"damage":2,"enemies":"theJungle:GiantWrat","floor":20,"turns":6},{"damage":51,"enemies":"Nightmare","floor":23,"turns":6}],"seed_played":"4874298405121926369","potions_obtained":[{"floor":1,"key":"Block Potion"},{"floor":7,"key":"Explosive Potion"},{"floor":10,"key":"blueLaboratory:FruitPunch"},{"floor":16,"key":"GamblersBrew"},{"floor":20,"key":"StancePotion"}],"is_trial":true,"path_per_floor":["M","M","M","$","M","R","E","E","T","E","R","?","R","E","R","B",null,"M","$","M","$","?","NM"],"character_chosen":"WATCHER","items_purchased":["BargainBundle","Swift Potion","Weak Potion","blueLaboratory:BottledHope","reliquary:IvoryTrinket"],"campfire_rested":0,"item_purchase_floors":[19,19,19,19,19],"current_hp_per_floor":[80,80,80,80,80,80,80,62,62,52,52,60,60,60,60,32,70,70,70,68,68,48,0,0],"gold":38,"neow_bonus":"","is_daily":false,"chose_seed":false,"campfire_upgraded":3,"win_rate":0.0,"timestamp":1613979139,"path_taken":["M","M","M","$","?","R","E","E","T","E","R","?","R","E","R","BOSS","M","$","M","?","?","NM"],"items_purchased_type":["Relic","Potion","Potion","Potion","Relic"],"build_version":"2020-12-22","purchased_purges":1,"victory":false,"max_hp_per_floor":[80,80,80,80,80,80,80,80,80,80,80,80,80,80,80,82,82,82,82,82,82,82,82,82],"card_choices":[{"not_picked":["InnerPeace","Replay:ManipulateFuture"],"picked":"Replay:AtTheReady","floor":1},{"not_picked":["Murderer","OSAHOGD","MeatLantern"],"picked":"Singing Bowl","floor":1},{"not_picked":["SashWhip","Replay:Cycle"],"picked":"DeusExMachina","floor":2},{"not_picked":["BlackSwan","Yin","MHz"],"picked":"Singing Bowl","floor":2},{"not_picked":["Wireheading","Halt"],"picked":"Consecrate","floor":3},{"not_picked":["OldLady","BeautyBeast","Freischutz"],"picked":"Singing Bowl","floor":3},{"not_picked":["FollowUp","Conclude"],"picked":"ClearTheMind","floor":5},{"not_picked":["Replay:ManipulateFuture","Swivel"],"picked":"Halt","floor":7},{"not_picked":["Evaluate","LikeWater"],"picked":"BowlingBash","floor":8},{"not_picked":["VoidDream","HeroicMonk","LittlePrince"],"picked":"Singing Bowl","floor":8},{"not_picked":["CarveReality","EmptyFist","Adaptation"],"picked":"SKIP","floor":10},{"not_picked":["Weave","EmptyFist","Replay:Battleflow"],"picked":"SKIP","floor":14},{"not_picked":["DeusExMachina","SpiritShield"],"picked":"Omniscience","floor":16},{"not_picked":["Yin","Funeral","Rudolta"],"picked":"Singing Bowl","floor":16},{"not_picked":["Evaluate","PathToVictory","MentalFortress+1"],"picked":"SKIP","floor":18},{"not_picked":["WhiteNight","Murderer","SnowQueen"],"picked":"Singing Bowl","floor":18},{"not_picked":["Evaluate","PathToVictory","MentalFortress+1"],"picked":"SKIP","floor":18},{"not_picked":["QueenOfHatred","WhiteNight","Woodsman"],"picked":"Singing Bowl","floor":20},{"not_picked":["Replay:Cycle","Replay:ManipulateFuture"],"picked":"Consecrate+1","floor":20},{"not_picked":["infinitespire:Gouge","ReplayTheSpireMod:??????????????????????"],"picked":"infinitespire:Menacing","floor":22}],"player_experience":1454377,"relics_obtained":[{"floor":8,"key":"Grinning Jar"},{"floor":14,"key":"halation:BlackBeret"}],"event_choices":[],"is_beta":false,"boss_relics":[{"not_picked":["reliquary:Ember","Runic Pyramid"],"picked":"hubris:TerracottaHorce"}],"items_purged_floors":[19],"is_endless":false,"potions_floor_spawned":[1,7,10,16,20],"killed_by":"Nightmare","ascension_level":5}}