{"host":"drl4gs3853zme1q6","time":1613957587,"event":{"mods":["BaseMod","Colored Map","Colored Powertips","Hermit","Hubris","Infinite Spire","Minty Spire (QoL Compilation)","Replay The Spire","StSLib","The Cursed"],"gold_per_floor":[116,116,133,147,205,205,205,205,229,240,240,240,273,285,285,389,389,404,404,422,422,431,431,451,490,569,588,623,623,639,655,655,761,788,800,827,827,827],"floor_reached":37,"language":"ENG","playtime":7139,"items_purged":[],"score":536,"play_id":"ad2b73e3-0a72-4c8a-8a1b-5ea3810d0a81","local_time":"20210221193307","daily_mods":["ControlledChaos","Heirloom","Time Dilation"],"is_ascension_mode":false,"campfire_choices":[{"data":"infinitespire:Punishment","floor":6,"key":"SMITH"},{"data":"TheCursedMod:AntiAging","floor":8,"key":"SMITH"},{"data":"TheCursedMod:SoulReap","floor":12,"key":"SMITH"},{"data":"TheCursedMod:CircleOfFlame","floor":15,"key":"SMITH"},{"data":"TheCursedMod:VoidForm","floor":23,"key":"SMITH"},{"data":"TheCursedMod:Grudge","floor":29,"key":"SMITH"},{"data":"TheCursedMod:OutForBlood","floor":32,"key":"SMITH"}],"circlet_count":0,"master_deck":["TheCursedMod:Strike_TheCursed","TheCursedMod:Strike_TheCursed","TheCursedMod:Strike_TheCursed","TheCursedMod:Strike_TheCursed","TheCursedMod:Defend_TheCursed","TheCursedMod:Defend_TheCursed","TheCursedMod:Defend_TheCursed","TheCursedMod:Defend_TheCursed","TheCursedMod:CursedWand","TheCursedMod:CleanUpWorkshop+1","TheCursedMod:Dregs","TheCursedMod:CursedArmor","hubris:Lust","Looming Evil","infinitespire:Punishment+1","TheCursedMod:TacticalStrike","TheCursedMod:AbyssShockwave","TheCursedMod:CursedStaff","TheCursedMod:AntiAging+1","TheCursedMod:SoulReap+1","TheCursedMod:SpitefulPlan","TheCursedMod:CircleOfFlame+1","TheCursedMod:VoidForm+1","TheCursedMod:CircleOfBlood","infinitespire:Punishment+1","TheCursedMod:Grudge+1","TheCursedMod:OutForBlood+1","TheCursedMod:NeowsMight+1","Injury","Injury","Voices","TheCursedMod:SoulReap+1"],"relics":["TheCursedMod:BlackMagic101","Frozen Eye","Counterbalance","Orichalcum","Blood Vial","TheCursedMod:FourLeafCloverCharm","CeramicFish","Sozu","Potion Belt","Gremlin Horn","Garlic","Replay:Ancient Bell","Vajra","HornCleat","Torii"],"acts_visited":["Exordium","TheCity","TheBeyond"],"potions_floor_usage":[16,16],"damage_taken":[{"damage":0,"enemies":"Small Slimes","floor":1,"turns":4},{"damage":3,"enemies":"Jaw Worm","floor":3,"turns":2},{"damage":0,"enemies":"2 Louse","floor":4,"turns":3},{"damage":6,"enemies":"Gremlin Gang","floor":10,"turns":2},{"damage":13,"enemies":"Replay:BlueRogue","floor":13,"turns":2},{"damage":3,"enemies":"3 Louse","floor":14,"turns":3},{"damage":15,"enemies":"Fading Forest","floor":16,"turns":11},{"damage":14,"enemies":"2 Thieves","floor":18,"turns":3},{"damage":5,"enemies":"Chosen","floor":20,"turns":3},{"damage":2,"enemies":"Centurion and Healer","floor":24,"turns":3},{"damage":22,"enemies":"Nightmare","floor":25,"turns":4},{"damage":0,"enemies":"Snake Plant","floor":27,"turns":1},{"damage":9,"enemies":"Book of Stabbing","floor":28,"turns":2},{"damage":0,"enemies":"Shelled Parasite and Fungi","floor":30,"turns":1},{"damage":14,"enemies":"3 Cultists","floor":31,"turns":5},{"damage":33,"enemies":"Collector","floor":33,"turns":4},{"damage":3,"enemies":"3 Darklings","floor":35,"turns":4},{"damage":3,"enemies":"3 Shapes","floor":36,"turns":2}],"seed_played":"-4896663866509077593","potions_obtained":[{"floor":3,"key":"LifebloodPotion"},{"floor":4,"key":"Energy Potion"},{"floor":10,"key":"Doom Potion"}],"is_trial":true,"path_per_floor":["M","?","M","M","?","R","?","R","T","M","?","R","E","M","R","B",null,"M","AVR","M","?","?","R","M","NM","T","M","E","R","M","M","R_BF","B",null,"M","M","?"],"character_chosen":"THE_CURSED","items_purchased":[],"campfire_rested":0,"item_purchase_floors":[],"current_hp_per_floor":[75,75,72,72,72,72,72,72,72,66,66,66,55,61,61,51,78,77,77,77,77,77,77,82,65,65,67,64,64,66,64,64,50,87,87,84,84,84],"gold":827,"neow_bonus":"","is_daily":false,"chose_seed":false,"campfire_upgraded":7,"win_rate":0.0,"timestamp":1613957587,"path_taken":["M","?","M","M","?","R","?","R","T","?","?","R","E","M","R","BOSS","M","AVR","M","?","?","R","M","NM","T","?","E","R","M","M","R_BF","BOSS","M","M","?"],"items_purchased_type":[],"build_version":"2020-12-22","purchased_purges":0,"victory":false,"max_hp_per_floor":[75,75,75,75,75,75,75,75,75,75,75,75,75,75,75,78,78,81,81,84,84,84,84,84,87,87,87,87,87,87,87,87,87,87,87,87,87,87],"card_choices":[{"not_picked":["TheCursedMod:SmokeScreen","TheCursedMod:CircleOfCorruption"],"picked":"TheCursedMod:CursedArmor","floor":1},{"not_picked":["infinitespire:FinalStrike","Replay:Fractal Strike"],"picked":"infinitespire:Punishment","floor":2},{"not_picked":["TheCursedMod:CircleOfFocus","TheCursedMod:CircleOfWindfury"],"picked":"TheCursedMod:TacticalStrike","floor":3},{"not_picked":["TheCursedMod:EmpowerCircles","TheCursedMod:CursedAmulet"],"picked":"TheCursedMod:AbyssShockwave","floor":4},{"not_picked":["TheCursedMod:Grudge","TheCursedMod:StingEye"],"picked":"TheCursedMod:SoulReap","floor":10},{"not_picked":["TheCursedMod:CircleOfAmplification","TheCursedMod:WearCloak"],"picked":"TheCursedMod:SpitefulPlan","floor":13},{"not_picked":["TheCursedMod:Stigma","TheCursedMod:CursedAmulet"],"picked":"TheCursedMod:CircleOfFlame","floor":14},{"not_picked":["TheCursedMod:ManaCirculation","TheCursedMod:NeowsMight"],"picked":"TheCursedMod:VoidForm","floor":16},{"not_picked":["TheCursedMod:CursedArmor","TheCursedMod:CursedBlade"],"picked":"TheCursedMod:CircleOfBlood","floor":18},{"not_picked":["TheCursedMod:DoubleShield","TheCursedMod:Stretching","TheCursedMod:EmpowerCircles"],"picked":"SKIP","floor":20},{"not_picked":["TheCursedMod:Mangle","TheCursedMod:CircleOfFlame"],"picked":"TheCursedMod:Grudge","floor":24},{"not_picked":["TheCursedMod:Stretching","TheCursedMod:SpreadPlague"],"picked":"TheCursedMod:OutForBlood","floor":25},{"not_picked":["TheCursedMod:WearCloak","TheCursedMod:CircleOfCorruption","TheCursedMod:CursedShiv"],"picked":"SKIP","floor":27},{"not_picked":["TheCursedMod:ShockAndAwe","TheCursedMod:WearCloak","TheCursedMod:RapidMovement+1"],"picked":"SKIP","floor":28},{"not_picked":["TheCursedMod:CircleOfAmplification","TheCursedMod:CursedMace+1","TheCursedMod:SurpriseAttack"],"picked":"SKIP","floor":30},{"not_picked":["TheCursedMod:TacticalStrike","TheCursedMod:WearCloak","TheCursedMod:ForbiddenAlchemy"],"picked":"SKIP","floor":31},{"not_picked":["TheCursedMod:DemonicPact","TheCursedMod:ForbiddenAlchemy"],"picked":"TheCursedMod:NeowsMight","floor":33},{"not_picked":["ReplayTheSpireMod:Restless Dread","Clumsy"],"picked":"Injury","floor":34},{"not_picked":["ReplayTheSpireMod:Faulty Equipment","CurseOfTheBell"],"picked":"Injury","floor":34},{"not_picked":["hubris:Lust","hubris:Sloth"],"picked":"Voices","floor":34},{"not_picked":["TheCursedMod:Obscuration","TheCursedMod:CollectTribute","TheCursedMod:Torture"],"picked":"SKIP","floor":35},{"not_picked":["TheCursedMod:Stretching","TheCursedMod:VitalStrike"],"picked":"TheCursedMod:SoulReap+1","floor":36}],"player_experience":380085,"relics_obtained":[{"floor":9,"key":"Orichalcum"},{"floor":13,"key":"Blood Vial"},{"floor":25,"key":"Potion Belt"},{"floor":26,"key":"Gremlin Horn"},{"floor":28,"key":"Garlic"}],"event_choices":[{"damage_healed":0,"gold_gain":58,"player_choice":"Gained Gold","damage_taken":0,"max_hp_gain":0,"max_hp_loss":0,"event_name":"Golden Wing","floor":5,"gold_loss":0},{"damage_healed":0,"gold_gain":0,"player_choice":"2 cards matched","damage_taken":0,"max_hp_gain":0,"max_hp_loss":0,"event_name":"Match and Keep!","floor":7,"gold_loss":0,"cards_obtained":["TheCursedMod:CursedStaff","TheCursedMod:AntiAging"]},{"damage_healed":0,"gold_gain":0,"player_choice":"Ignored","damage_taken":0,"max_hp_gain":0,"max_hp_loss":0,"event_name":"Vampires","floor":21,"gold_loss":0},{"damage_healed":0,"gold_gain":0,"player_choice":"Copied","damage_taken":0,"max_hp_gain":0,"max_hp_loss":0,"event_name":"Duplicator","floor":22,"gold_loss":0,"cards_obtained":["infinitespire:Punishment"]}],"is_beta":false,"boss_relics":[{"not_picked":["hubris:RunicObelisk","SacredBark"],"picked":"TheCursedMod:FourLeafCloverCharm"},{"not_picked":["Honey Jar","Calling Bell"],"picked":"Replay:Ancient Bell"},{"not_picked":["Happy Flower","Replay:Baseball"],"picked":"Vajra"},{"not_picked":["hubris:BottledRain","hubris:Reverence"],"picked":"HornCleat"},{"not_picked":["infinitespire:Joker Card","Incense Burner"],"picked":"Torii"}],"items_purged_floors":[],"is_endless":true,"potions_floor_spawned":[3,4,10,20,28,30,33,36],"ascension_level":0}}