{"host":"u7lm8z2rvb4dg2oo","time":1613974832,"event":{"mods":["AchievementEnabler","BaseMod","Bestiary","Block Reminder","Colored Map","Colored Powertips","Curses Come First","DeckTracker","Googly Eyes","Highlight Path","Minty Spire (QoL Compilation)","Quick Restart","StSLib"],"gold_per_floor":[115,127,147,163,163,193,204,244,271,271,303,43,60,21,21,92,92,110,110,130,130,147,182,182,211,211,211,136,136,165,181,181,257,257,267,267,282,296,306,337,337,372,372,372,69,69,94,114,114,114],"floor_reached":51,"language":"ENG","playtime":2462,"items_purged":["Strike_G"],"score":1487,"play_id":"73c42fdd-491e-4b3d-894a-73e7dda6299f","local_time":"20210222012032","is_ascension_mode":true,"campfire_choices":[{"floor":10.0,"key":"REST"},{"floor":15.0,"key":"REST"},{"floor":24.0,"key":"REST"},{"floor":27.0,"key":"REST"},{"floor":29.0,"key":"REST"},{"data":"Apotheosis","floor":32.0,"key":"SMITH"},{"floor":41,"key":"REST"},{"floor":44,"key":"REST"},{"floor":46,"key":"REST"},{"data":"Blade Dance","floor":49,"key":"SMITH"}],"circlet_count":0,"master_deck":["AscendersBane","Strike_G+1","Defend_G+1","Defend_G+1","Defend_G+1","Defend_G+1","Defend_G+1","Survivor","Neutralize","Leg Sweep","Dagger Spray","Accuracy","Backflip","Cloak And Dagger","Apotheosis+1","Blur","Adrenaline","Blade Dance+1","Backstab","Infinite Blades","Phantasmal Killer","Envenom+1","Malaise","Footwork+1","Adrenaline","Terror","Choke+1","Mind Blast+1","Cloak And Dagger+1"],"relics":["Ring of the Snake","Vajra","Ginger","Tough Bandages","Ancient Tea Set","Akabeko","WristBlade","Tiny Chest","InkBottle","Frozen Egg 2","Bag of Marbles","Empty Cage","Omamori","Molten Egg 2","Toxic Egg 2","Regal Pillow","Incense Burner"],"acts_visited":["Exordium","TheCity","TheBeyond"],"potions_floor_usage":[48,50,50],"damage_taken":[{"damage":0.0,"enemies":"Cultist","floor":1.0,"turns":4.0},{"damage":1.0,"enemies":"Jaw Worm","floor":2.0,"turns":4.0},{"damage":6.0,"enemies":"2 Louse","floor":3.0,"turns":3.0},{"damage":1.0,"enemies":"Exordium Wildlife","floor":4.0,"turns":4.0},{"damage":26.0,"enemies":"Gremlin Nob","floor":6.0,"turns":5.0},{"damage":7.0,"enemies":"2 Fungi Beasts","floor":7.0,"turns":4.0},{"damage":0.0,"enemies":"Red Slaver","floor":8.0,"turns":3.0},{"damage":13.0,"enemies":"3 Sentries","floor":11.0,"turns":10.0},{"damage":0.0,"enemies":"Large Slime","floor":13.0,"turns":6.0},{"damage":17.0,"enemies":"Slime Boss","floor":16.0,"turns":8.0},{"damage":12.0,"enemies":"Chosen","floor":18.0,"turns":6.0},{"damage":1.0,"enemies":"Shell Parasite","floor":20.0,"turns":4.0},{"damage":3.0,"enemies":"Snake Plant","floor":22.0,"turns":3.0},{"damage":20.0,"enemies":"Book of Stabbing","floor":23.0,"turns":6.0},{"damage":18.0,"enemies":"Slavers","floor":25.0,"turns":4.0},{"damage":0.0,"enemies":"Gremlin Leader","floor":30.0,"turns":5.0},{"damage":3.0,"enemies":"Centurion and Healer","floor":31.0,"turns":2.0},{"damage":28.0,"enemies":"Automaton","floor":33.0,"turns":11.0},{"damage":1.0,"enemies":"3 Darklings","floor":35.0,"turns":4.0},{"damage":3.0,"enemies":"3 Shapes","floor":37.0,"turns":7.0},{"damage":38.0,"enemies":"Writhing Mass","floor":38.0,"turns":4.0},{"damage":17.0,"enemies":"Spire Growth","floor":39.0,"turns":5.0},{"damage":0,"enemies":"Giant Head","floor":40,"turns":4},{"damage":20,"enemies":"Reptomancer","floor":42,"turns":5},{"damage":0,"enemies":"Mind Bloom Boss Battle","floor":47,"turns":2},{"damage":0,"enemies":"Maw","floor":48,"turns":4},{"damage":28,"enemies":"Donu and Deca","floor":50,"turns":7}],"seed_played":"215464338781399817","potions_obtained":[{"floor":3.0,"key":"CultistPotion"},{"floor":7.0,"key":"ColorlessPotion"},{"floor":8.0,"key":"Dexterity Potion"},{"floor":11.0,"key":"LiquidMemories"},{"floor":13.0,"key":"ColorlessPotion"},{"floor":18.0,"key":"GamblersBrew"},{"floor":25.0,"key":"FairyPotion"},{"floor":33.0,"key":"Strength Potion"},{"floor":47,"key":"FearPotion"},{"floor":48,"key":"Explosive Potion"}],"is_trial":false,"path_per_floor":["M","M","M","M","?","E","M","M","T","R","E","$","M","$","R","B",null,"M","?","M","?","M","E","R","E","T","R","?","R","E","M","R","B",null,"M","?","M","M","M","E","R","E","T","R","$","R","?","M","R","B",null],"character_chosen":"THE_SILENT","items_purchased":["Apotheosis","Blur","Regal Pillow","PowerPotion","Mind Blast+1"],"campfire_rested":8,"item_purchase_floors":[12,14,45,45,45],"current_hp_per_floor":[59,58,52,51,51,25,18,18,18,37,24,24,24,24,43,26,56,44,44,43,43,40,20,39,21,21,40,40,59,59,56,56,28,57,56,56,53,15,17,17,36,16,16,35,35,66,66,66,66,38],"gold":114,"neow_bonus":"RANDOM_COMMON_RELIC","is_daily":false,"chose_seed":false,"campfire_upgraded":2,"win_rate":0.0,"timestamp":1613974832,"path_taken":["M","M","M","?","?","E","M","M","T","R","E","?","M","$","R","BOSS","M","?","M","?","M","E","R","E","T","R","?","R","E","M","R","BOSS","M","?","M","M","M","E","R","E","T","R","$","R","?","M","R","BOSS"],"items_purchased_type":["Card","Card","Relic","Potion","Card"],"build_version":"2020-12-22","purchased_purges":1,"victory":true,"max_hp_per_floor":[66,66,66,66,66,66,66,66,66,66,66,66,66,66,66,66,66,66,66,66,66,66,66,66,66,66,66,66,66,66,66,66,66,66,66,66,66,66,66,66,66,66,66,66,66,66,66,66,66,66],"card_choices":[{"not_picked":["Underhanded Strike","Heel Hook"],"picked":"Leg Sweep","floor":1.0},{"not_picked":["Infinite Blades","Acrobatics"],"picked":"Dagger Spray","floor":2.0},{"not_picked":["Flying Knee","Dagger Throw"],"picked":"Crippling Poison","floor":3.0},{"not_picked":["Outmaneuver","Backflip"],"picked":"Accuracy","floor":4.0},{"not_picked":["Heel Hook","Skewer"],"picked":"Backflip","floor":6.0},{"not_picked":["Skewer","Acrobatics","Deflect"],"picked":"SKIP","floor":7.0},{"not_picked":["Bane","Dodge and Roll","Slice"],"picked":"SKIP","floor":8.0},{"not_picked":["Bane","Sucker Punch"],"picked":"Cloak And Dagger","floor":11.0},{"not_picked":["Quick Slash","Dodge and Roll","Reflex"],"picked":"SKIP","floor":13.0},{"not_picked":["Corpse Explosion","Night Terror"],"picked":"Adrenaline","floor":16.0},{"not_picked":["Dodge and Roll","Acrobatics"],"picked":"Blade Dance","floor":18.0},{"not_picked":["Escape Plan","Backflip"],"picked":"Backstab","floor":20.0},{"not_picked":["Deflect","Corpse Explosion","Flying Knee+1"],"picked":"SKIP","floor":22.0},{"not_picked":["Tactician","Quick Slash"],"picked":"Infinite Blades","floor":23.0},{"not_picked":["Crippling Poison","Dagger Spray"],"picked":"Phantasmal Killer","floor":25.0},{"not_picked":["Quick Slash","Poisoned Stab","Noxious Fumes+1"],"picked":"SKIP","floor":30.0},{"not_picked":["PiercingWail","Well Laid Plans+1"],"picked":"Footwork+1","floor":31.0},{"not_picked":["Tools of the Trade+1","Die Die Die"],"picked":"Adrenaline","floor":33.0},{"not_picked":["Cloak And Dagger","Deadly Poison"],"picked":"Terror","floor":35.0},{"not_picked":["Calculated Gamble","Sucker Punch","Backflip"],"picked":"SKIP","floor":37.0},{"not_picked":["Crippling Poison","Acrobatics","Underhanded Strike"],"picked":"SKIP","floor":38.0},{"not_picked":["Dagger Spray","Quick Slash","Deadly Poison"],"picked":"SKIP","floor":39.0},{"not_picked":["Flying Knee","Sucker Punch+1","Terror"],"picked":"SKIP","floor":40},{"not_picked":["Setup+1","Sucker Punch+1"],"picked":"Choke+1","floor":42},{"not_picked":["Endless Agony+1","Backstab+1"],"picked":"Cloak And Dagger+1","floor":48}],"player_experience":776087,"relics_obtained":[{"floor":5.0,"key":"Ginger"},{"floor":6.0,"key":"Tough Bandages"},{"floor":9.0,"key":"Ancient Tea Set"},{"floor":11.0,"key":"Akabeko"},{"floor":23.0,"key":"Tiny Chest"},{"floor":25.0,"key":"InkBottle"},{"floor":26.0,"key":"Frozen Egg 2"},{"floor":30.0,"key":"Bag of Marbles"},{"floor":40,"key":"Omamori"},{"floor":42,"key":"Molten Egg 2"},{"floor":43,"key":"Toxic Egg 2"},{"floor":47,"key":"Incense Burner"}],"event_choices":[{"damage_healed":0.0,"max_hp_gain":0.0,"max_hp_loss":0.0,"gold_gain":0.0,"event_name":"Wheel of Change","player_choice":"Relic","floor":5.0,"gold_loss":0.0,"damage_taken":0.0},{"damage_healed":0.0,"max_hp_gain":0.0,"max_hp_loss":0.0,"gold_gain":0.0,"event_name":"Back to Basics","player_choice":"Simplicity","floor":19.0,"gold_loss":0.0,"damage_taken":0.0,"cards_upgraded":["Strike_G","Strike_G","Strike_G","Strike_G","Defend_G","Defend_G","Defend_G","Defend_G","Defend_G"]},{"damage_healed":0.0,"max_hp_gain":0.0,"max_hp_loss":0.0,"gold_gain":0.0,"event_name":"Vampires","player_choice":"Ignored","floor":21.0,"gold_loss":0.0,"damage_taken":0.0},{"damage_healed":0.0,"max_hp_gain":0.0,"max_hp_loss":0.0,"gold_gain":0.0,"cards_transformed":["Crippling Poison","Strike_G"],"event_name":"Designer","player_choice":"Transformed Cards","floor":28.0,"gold_loss":75.0,"damage_taken":0.0,"cards_obtained":["Envenom","Malaise"]},{"damage_healed":0.0,"max_hp_gain":0.0,"max_hp_loss":0.0,"gold_gain":0.0,"event_name":"Tomb of Lord Red Mask","player_choice":"Ignored","floor":36.0,"gold_loss":0.0,"damage_taken":0.0},{"damage_healed":0,"gold_gain":0,"player_choice":"Fight","damage_taken":0,"max_hp_gain":0,"max_hp_loss":0,"event_name":"MindBloom","floor":47,"gold_loss":0}],"is_beta":false,"boss_relics":[{"not_picked":["Runic Pyramid","Astrolabe"],"picked":"WristBlade"},{"not_picked":["Runic Dome","Sozu"],"picked":"Empty Cage"}],"items_purged_floors":[12],"is_endless":false,"potions_floor_spawned":[3,7,8,11,13,18,25,33,35,47,48],"ascension_level":17}}