{"host":"fauqrvll5t0ss0vm","time":1613987106,"event":{"mods":["2.2 Compatiblity","Act Like it!","Aspiration","Bard","BaseMod","Beaked The Cultist","Better Altar","Better Match","Better Note","Better Sensory Stone","Better Skull","Better Third Choice","Better Vampires","Card Filter","Clockwork Mod","Colored Map","Conspire","Displayed Cursed Tome","Downfall","Emptier Cage","Energized Spire","Friendly Minions","GifTheSpireLib","Glutton Mod","Gremlin Mod","Gremlin Skip","Halation","Hermit","Highlight Path","Hubris","Jorbs\u0027s Wanderer Trilogy","Mad Scientist","Marked Mod","Minty Spire (QoL Compilation)","Permanent Neow","Random Character Button","Relic Filter","Reorder Act Four","Replay The Spire","Shop Mod","Somnambulant","Spikes Relics","StSLib","Stuff the Spire","SuperFastMode","The Construct","The Cursed","The Disciple","The Elementalist","The Judge","The Juggle","The Mystic","The Runesmith","The Sage","The Servant 0.9.4","The Valiant","Trackpad","Uncapped"],"gold_per_floor":[115,131,141,152,132,132,145,145,145,145,176,176,11,27,27,128,128,139,139,155,155,167,167,201,201,201,201,212,229,229,229,254,265,265,368,368,387,446,462,462,14,14,14,46,98,124,144,216,216,236,236,236,236,4,4,36,36],"floor_reached":58,"language":"ENG","playtime":31011,"items_purged":["bronze:Strike","Corruption"],"score":1132,"play_id":"af3d4143-c163-4d54-9988-cc4a997b6425","local_time":"20210222104506","is_ascension_mode":false,"campfire_choices":[{"data":"bronze:SpaghettiCode","floor":6,"key":"SMITH"},{"data":"bronze:DelayedSlice","floor":10,"key":"SMITH"},{"data":"bronze:Boost","floor":12,"key":"SMITH"},{"data":"conspire:Banana","floor":15,"key":"SMITH"},{"data":"bronze:Invalidate","floor":23,"key":"SMITH"},{"data":"Exhume","floor":25,"key":"SMITH"},{"data":"bronze:Replicate","floor":27,"key":"SMITH"},{"floor":34,"key":"RECALL"},{"data":"ReplayTheSpireMod:Splinters","floor":42,"key":"SMITH"},{"data":"Writhe","floor":49,"key":"SMITH"},{"data":"beaked:AwakenedForm","floor":55,"key":"SMITH"}],"circlet_count":0,"master_deck":["bronze:Strike","bronze:Defend","bronze:Defend","bronze:Defend","bronze:Defend","bronze:Replicate+1","bronze:Goto","sagemod:Perplexing_Glare","bronze:CutThrough","bronze:DelayedSlice+1","bronze:Boost+1","bronze:SpaghettiCode+1","bronze:Shield","bronze:Return","conspire:Banana+1","bronze:Iterate","Exhume+1","bronze:BronzeOrb+1","Conclude+1","Eclipse","bronze:Invalidate+1","Disarm","bronze:Safeguard","bronze:Repair","Double Tap","beaked:AwakenedForm+1","bronze:DelayedGuard+1","bronze:BronzeOrb+1","bronze:Deprecate+1","bronze:Repulsor","bronze:Repulsor","Flash of Steel+1","bronze:Iterate","Sharp Hide","Magnetism+1","bronze:Safeguard+1","bronze:FindAndReplace","Dark Shackles"],"relics":["bronze:BronzeCore","RoseTintedShades","hubris:DisguiseKit","halation:Prosthetics","trackpad:BottledShadow","halation:PrussianBluePaint","beaked:SacredDeck","conspire:Dentures","trackpad:AdjectivePendant","bronze:SilverBullet","Replay:Wax Seal","hubris:SphereOfDissonance","Bottled Lightning","StuffTheSpire:Rhapsscallions"],"acts_visited":["Exordium","TheCity","TheBeyond","TheEnding"],"potions_floor_usage":[11,16,20,20,20,20,35,35,39,56,57],"damage_taken":[{"damage":1,"enemies":"Cultist","floor":1,"turns":4},{"damage":1,"enemies":"2 Louse","floor":2,"turns":3},{"damage":6,"enemies":"Jaw Worm","floor":3,"turns":2},{"damage":9,"enemies":"2 Fungi Beasts","floor":4,"turns":3},{"damage":0,"enemies":"Looter","floor":7,"turns":2},{"damage":6,"enemies":"Gremlin Nob","floor":11,"turns":4},{"damage":0,"enemies":"Exordium Wildlife","floor":14,"turns":2},{"damage":18,"enemies":"Fading Forest","floor":16,"turns":11},{"damage":8,"enemies":"2 Thieves","floor":18,"turns":5},{"damage":0,"enemies":"Spheric Guardian","floor":20,"turns":3},{"damage":5,"enemies":"3 Cultists","floor":22,"turns":4},{"damage":0,"enemies":"conspire:Head Lice","floor":24,"turns":5},{"damage":0,"enemies":"Snake Plant","floor":28,"turns":2},{"damage":0,"enemies":"Shelled Parasite and Fungi","floor":29,"turns":5},{"damage":11,"enemies":"Slavers","floor":32,"turns":3},{"damage":0,"enemies":"3 Cultists","floor":33,"turns":4},{"damage":19,"enemies":"hubris:MusketHawk","floor":35,"turns":9},{"damage":16,"enemies":"3 Darklings","floor":37,"turns":6},{"damage":21,"enemies":"Orb Walker","floor":39,"turns":9},{"damage":40,"enemies":"Giant Head","floor":44,"turns":9},{"damage":36,"enemies":"beaked:SuperParasite","floor":46,"turns":10},{"damage":20,"enemies":"Transient","floor":47,"turns":5},{"damage":0,"enemies":"Jaw Worm Horde","floor":50,"turns":4},{"damage":43,"enemies":"Replay:Hell Engine","floor":52,"turns":9},{"damage":40,"enemies":"Shield and Spear","floor":56,"turns":8},{"damage":55,"enemies":"The Heart","floor":57,"turns":11}],"seed_played":"-2878181795373067884","potions_obtained":[{"floor":4,"key":"PowerPotion"},{"floor":5,"key":"Flashbang"},{"floor":7,"key":"SpeedPotion"},{"floor":14,"key":"BlessingOfTheForge"},{"floor":16,"key":"EntropicBrew"},{"floor":28,"key":"Regen Potion"},{"floor":35,"key":"SkillPotion"},{"floor":50,"key":"ColorlessPotion"}],"is_trial":false,"path_per_floor":["M","M","M","M","?","R","M","?","T","R","E","R","$","M","R","B",null,"M","?","M","?","M","R","E","R","T","R","M","M","PTL","PTL","E","M","R_BF","B",null,"M","?","M","?","$","R","?","E","T","E","M","T","R","M","R_BF","B",null,"$","R","E","B",null],"character_chosen":"THE_AUTOMATON","items_purchased":["conspire:Banana","trackpad:AdjectivePendant","bronze:Repulsor","Flash of Steel","bronze:Iterate","bronze:FindAndReplace","Dark Shackles"],"campfire_rested":0,"item_purchase_floors":[13,41,41,41,41,54,54],"current_hp_per_floor":[69,68,62,53,53,53,53,53,53,53,47,47,47,47,47,54,37,33,33,35,35,34,34,36,36,36,36,44,52,52,52,41,56,56,74,81,73,73,67,91,91,91,91,66,66,45,32,32,32,43,78,50,125,125,125,101,57],"gold":36,"neow_bonus":"RANDOM_COLORLESS","is_daily":false,"chose_seed":false,"campfire_upgraded":10,"win_rate":0.0,"timestamp":1613987106,"path_taken":["M","M","?","M","?","R","?","?","T","R","E","R","$","?","R","BOSS","M","?","M","?","M","R","E","R","T","R","M","M","PTL","PTL","E","M","R_BF","BOSS","M","?","M","?","$","R","?","E","T","E","M","?","R","M","R_BF","BOSS","$","R","E","BOSS"],"items_purchased_type":["Card","Relic","Card","Card","Card","Card","Card"],"build_version":"2020-12-22","purchased_purges":2,"victory":true,"max_hp_per_floor":[70,70,70,70,70,70,70,70,70,70,70,70,70,70,70,72,37,41,41,43,43,47,47,49,49,49,49,57,65,65,65,65,73,73,81,81,89,89,97,97,97,97,97,105,105,113,113,113,113,117,117,125,125,125,125,134,138],"card_choices":[{"not_picked":["Specialist","Survey Options"],"picked":"sagemod:Perplexing_Glare","floor":0},{"not_picked":["bronze:ChildClass","bronze:FollowUp"],"picked":"bronze:CutThrough","floor":1},{"not_picked":["bronze:Frontload","bronze:DelayedGuard"],"picked":"bronze:DelayedSlice","floor":2},{"not_picked":["bronze:Return","bronze:BronzeArmor"],"picked":"bronze:Boost","floor":3},{"not_picked":["bronze:BuggyMess","bronze:Iterate"],"picked":"bronze:SpaghettiCode","floor":4},{"not_picked":["bronze:BuggyMess","bronze:ItsAFeature"],"picked":"bronze:Shield","floor":7},{"not_picked":["bronze:Invalidate","bronze:BuggyMess"],"picked":"bronze:Return","floor":11},{"not_picked":["bronze:BugBarrage","bronze:CutThrough","Shrug It Off"],"picked":"bronze:Iterate","floor":14},{"not_picked":["bronze:Mutator","bronze:FindAndReplace","bronze:Break"],"picked":"Exhume","floor":16},{"not_picked":["bronze:DelayedSlice","bronze:OilSpill","True Grit"],"picked":"bronze:BronzeOrb+1","floor":18},{"not_picked":["bronze:NullPointer","bronze:Shell","bronze:OilSpill+1"],"picked":"Eclipse","floor":20},{"not_picked":["bronze:OilSpill","bronze:BronzeArmor+1","StuffTheSpire:RockThrow"],"picked":"bronze:Invalidate","floor":22},{"not_picked":["bronze:DigitalCarnage+1","bronze:WildBeam","bronze:NullPointer","Massacre"],"picked":"SKIP","floor":24},{"not_picked":["bronze:Branch+1","bronze:Overload","bronze:ForceShield"],"picked":"Disarm","floor":28},{"not_picked":["bronze:Philosophize+1","bronze:Shield","Massacre"],"picked":"bronze:Safeguard","floor":29},{"not_picked":["bronze:ClassDefault","bronze:OilSpill+1","Sword Boomerang"],"picked":"bronze:Repair","floor":32},{"not_picked":["bronze:CutThrough","bronze:NullPointer","bronze:GetLatest"],"picked":"Corruption","floor":33},{"not_picked":["bronze:ShipIt","bronze:Assembly","bronze:Break"],"picked":"Double Tap","floor":35},{"not_picked":["bronze:BitShift+1","bronze:Shield+1","ReplayTheSpireMod:Strike From Hell"],"picked":"bronze:DelayedGuard+1","floor":37},{"not_picked":["bronze:Invalidate","bronze:Optimize","Seeing Red"],"picked":"bronze:BronzeOrb+1","floor":38},{"not_picked":["bronze:BitShift","bronze:DigitalCarnage+1","Battle Trance"],"picked":"bronze:Deprecate","floor":38},{"not_picked":["bronze:WildBeam+1","bronze:Optimize+1","bronze:CloningBeam","Havoc"],"picked":"SKIP","floor":39},{"not_picked":["Secret Technique","Specialist"],"picked":"Sharp Hide","floor":43},{"not_picked":["Secret Weapon","sagemod:Refine"],"picked":"Magnetism","floor":43},{"not_picked":["bronze:FineTuning+1","bronze:BugBarrage+1","bronze:Optimize+1","True Grit"],"picked":"SKIP","floor":44},{"not_picked":["bronze:ChosenStrike+1","bronze:Overheat+1","bronze:WildBeam+1","Warcry"],"picked":"SKIP","floor":46},{"not_picked":["bronze:Invalidate+1","bronze:Backtrace+1","StuffTheSpire:Slingshot"],"picked":"bronze:Safeguard+1","floor":47},{"not_picked":["bronze:Repulsor+1","bronze:BuggyMess","bronze:Overload+1","Hemogenesis"],"picked":"SKIP","floor":50},{"not_picked":["bronze:Flail+1","bronze:BugBarrage","bronze:Backtrace+1","Iron Wave"],"picked":"SKIP","floor":56}],"player_experience":7609136,"relics_obtained":[{"floor":9,"key":"RoseTintedShades"},{"floor":11,"key":"hubris:DisguiseKit"},{"floor":24,"key":"trackpad:BottledShadow"},{"floor":32,"key":"halation:PrussianBluePaint"},{"floor":38,"key":"conspire:Dentures"},{"floor":44,"key":"bronze:SilverBullet"},{"floor":45,"key":"Replay:Wax Seal"},{"floor":46,"key":"hubris:SphereOfDissonance"},{"floor":48,"key":"Bottled Lightning"},{"floor":56,"key":"StuffTheSpire:Rhapsscallions"}],"event_choices":[{"damage_healed":0,"gold_gain":0,"player_choice":"Bought 1 Potion","damage_taken":0,"max_hp_gain":0,"max_hp_loss":0,"event_name":"The Woman in Blue","floor":5,"gold_loss":0},{"cards_removed":["bronze:Strike"],"damage_healed":0,"gold_gain":0,"player_choice":"Purged","damage_taken":0,"max_hp_gain":0,"max_hp_loss":0,"event_name":"Purifier","floor":8,"gold_loss":0},{"cards_removed":["conspire:Banana"],"damage_healed":0,"gold_gain":0,"player_choice":"Take \u0026 Give","damage_taken":0,"max_hp_gain":0,"max_hp_loss":0,"event_name":"betterNote:BetterNote","floor":19,"gold_loss":0,"cards_obtained":["Conclude"]},{"damage_healed":24,"gold_gain":0,"player_choice":"Writhe","damage_taken":0,"max_hp_gain":0,"max_hp_loss":0,"event_name":"Winding Halls","floor":40,"gold_loss":0,"cards_obtained":["Writhe"]},{"damage_healed":0,"gold_gain":3,"player_choice":"1","damage_taken":0,"max_hp_gain":0,"max_hp_loss":0,"event_name":"betterStone:BetterStone","floor":43,"gold_loss":0}],"is_beta":false,"boss_relics":[{"not_picked":["Replay:Drink Me","Busted Crown"],"picked":"halation:Prosthetics"},{"not_picked":["construct:ClawGrip","halation:HeavySnake"],"picked":"beaked:SacredDeck"}],"items_purged_floors":[13,41],"is_endless":false,"potions_floor_spawned":[4,7,14,16,28,29,35,50],"ascension_level":0}}