{"host":"0y90508114dtmhdq","time":1613999212,"event":{"mods":["BaseMod","Colored Powertips","Luminous","Marisa£®ÏF”Í°°ƒß¿Ì…≥£©","Minty Spire (QoL Compilation)","Reimu£®≤©¿ˆ¡È√Œ£©","Remilia£®¿Ÿ√◊¿Ú—«£©","Replay The Spire","SOS£®Àπ∞Õ¥Ô÷Æ◊”£©","StSLib","Td1madao Mod","The Bug Knight","The Cursed","The Saiyan","The Servant 0.9.4","Warlord Emblem","Youmu£®ªÍ∆«—˝√Œ£©","Yuri Mod"],"gold_per_floor":[93,93,105,116,130,156,156,184,210,17,51,51,110,110,110,210,210,230,275,295,45,45,45,45],"floor_reached":23,"language":"ZHS","playtime":2215,"items_purged":[],"score":244,"play_id":"76f5f026-5e77-4710-b592-9f04a696d502","local_time":"20210222210652","is_ascension_mode":true,"campfire_choices":[{"data":"Saiyan:DragonRadar","floor":7,"key":"SMITH"},{"floor":12,"key":"REST"},{"data":"Saiyan:LastResort","floor":15,"key":"SMITH"}],"circlet_count":0,"master_deck":["Saiyan:SAIYA_Strike","Saiyan:SAIYA_Strike","Saiyan:SAIYA_Strike","Saiyan:SAIYA_Strike","Saiyan:SAIYA_Defend+1","Saiyan:SAIYA_Defend+1","Saiyan:SAIYA_Defend+1","Saiyan:SAIYA_Defend","Saiyan:EnergyBlast","Saiyan:KaioKen","Saiyan:RuthlessBlow+1","Saiyan:LastResort+1","Saiyan:Medicine","Saiyan:FingerParry","Saiyan:KiStrike","Saiyan:DragonRadar+1","Saiyan:PowerUp","Saiyan:TurtleShell","Saiyan:KameHameHa","Saiyan:HyperTimeChamber","Saiyan:PowerStance","Saiyan:SuperSaiyanForm","Saiyan:UltraInstinct","Saiyan:PowerPole+1"],"relics":["SaiyanSoul","SaiyanHeart","Girya","ScarletDevilRocket","Happy Flower","Pen Nib","ReplayFunnel","ReplayTheSpireMod:DimensionalGlitch","War Paint","Replay:Bottled Flurry","MutagenicStrength"],"acts_visited":["Exordium","TheCity"],"potions_floor_usage":[11,23],"damage_taken":[{"damage":0,"enemies":"2 Louse","floor":1,"turns":2},{"damage":0,"enemies":"Cultist","floor":3,"turns":2},{"damage":0,"enemies":"Small Slimes","floor":4,"turns":2},{"damage":3,"enemies":"Blue Slaver","floor":5,"turns":5},{"damage":8,"enemies":"Replay:BlueRogue","floor":6,"turns":6},{"damage":19,"enemies":"HollowMod:MossKnight","floor":8,"turns":11},{"damage":36,"enemies":"Gremlin Nob","floor":11,"turns":6},{"damage":20,"enemies":"The Guardian","floor":16,"turns":8},{"damage":0,"enemies":"Chosen","floor":18,"turns":6},{"damage":10,"enemies":"Centurion and Healer","floor":20,"turns":10},{"damage":60,"enemies":"Slavers","floor":23,"turns":7}],"seed_played":"-3124759089731926527","potions_obtained":[{"floor":3,"key":"SpeedPotion"},{"floor":4,"key":"Toxic Potion"},{"floor":16,"key":"Energy Potion"},{"floor":19,"key":"Doom Potion"},{"floor":20,"key":"Death Potion"}],"is_trial":false,"path_per_floor":["M","?","M","M","M","E","R","E","T","$","E","R","?","?","R","B",null,"M","?","M","$","?","E"],"character_chosen":"SAIYAJIN","items_purchased":["Saiyan:TurtleShell","Pen Nib","Replay:Bottled Flurry"],"campfire_rested":1,"item_purchase_floors":[10,10,21],"current_hp_per_floor":[61,61,61,63,62,59,59,44,44,44,12,32,32,32,32,16,70,71,54,47,47,47,0,0],"gold":45,"neow_bonus":"RANDOM_EVENT","is_daily":false,"chose_seed":false,"campfire_upgraded":2,"win_rate":0.0,"timestamp":1613999212,"path_taken":["M","?","M","M","?","E","R","E","T","$","E","R","?","?","R","BOSS","M","?","M","$","?","E"],"items_purchased_type":["Card","Relic","Relic"],"build_version":"2020-12-22","purchased_purges":0,"victory":false,"max_hp_per_floor":[61,61,61,63,65,67,67,68,68,68,69,69,69,69,69,70,70,71,71,72,72,72,73,73],"card_choices":[{"not_picked":["Saiyan:DragonFist","Saiyan:Flurry"],"picked":"Saiyan:LastResort","floor":1},{"not_picked":["Saiyan:PressOn","Saiyan:MeteorDash"],"picked":"Saiyan:Medicine","floor":3},{"not_picked":["Saiyan:DoubleMasenko","Saiyan:DrainingStrike"],"picked":"Saiyan:FingerParry","floor":4},{"not_picked":["Saiyan:PowerPole","Saiyan:Twize"],"picked":"Saiyan:KiStrike","floor":5},{"not_picked":["Saiyan:PlotArmor","Saiyan:BackAttack"],"picked":"Saiyan:DragonRadar","floor":6},{"not_picked":["Saiyan:PlotArmor","Saiyan:Twize"],"picked":"Saiyan:PowerUp","floor":8},{"not_picked":["Saiyan:DoubleMasenko","Saiyan:SoulSpice"],"picked":"Saiyan:KameHameHa","floor":11},{"not_picked":["Saiyan:SolarFlare","Saiyan:GenkiDama"],"picked":"Saiyan:HyperTimeChamber","floor":16},{"not_picked":["Saiyan:DrainingStrike","Saiyan:MeteorDash"],"picked":"Saiyan:PowerStance","floor":18},{"not_picked":["Saiyan:MeteorDash","Saiyan:SpiritSword+1"],"picked":"Saiyan:SuperSaiyanForm","floor":19},{"not_picked":["Saiyan:MeteorDash","Saiyan:SaiyanHubris"],"picked":"Saiyan:UltraInstinct","floor":19},{"not_picked":["Saiyan:Scouter","Saiyan:Quickening"],"picked":"Saiyan:PowerPole+1","floor":20}],"player_experience":30095,"relics_obtained":[{"floor":6,"key":"Girya"},{"floor":8,"key":"ScarletDevilRocket"},{"floor":9,"key":"Happy Flower"},{"floor":11,"key":"ReplayFunnel"},{"floor":19,"key":"War Paint"}],"event_choices":[{"damage_healed":0,"gold_gain":0,"player_choice":"Grow","damage_taken":0,"max_hp_gain":0,"max_hp_loss":0,"event_name":"Living Wall","floor":0,"gold_loss":0,"cards_upgraded":["Saiyan:RuthlessBlow"]},{"damage_healed":0,"gold_gain":0,"player_choice":"Ignored","damage_taken":0,"max_hp_gain":0,"max_hp_loss":0,"event_name":"Purifier","floor":2,"gold_loss":0},{"damage_healed":0,"gold_gain":59,"player_choice":"Gained Gold","damage_taken":0,"max_hp_gain":0,"max_hp_loss":0,"event_name":"Golden Wing","floor":13,"gold_loss":0},{"damage_healed":0,"gold_gain":0,"player_choice":"Inject Mutagens","damage_taken":0,"relics_obtained":["MutagenicStrength"],"max_hp_gain":0,"max_hp_loss":0,"event_name":"Drug Dealer","floor":22,"gold_loss":0}],"is_beta":false,"boss_relics":[{"not_picked":["Runic Dome","Empty Cage"],"picked":"ReplayTheSpireMod:DimensionalGlitch"}],"items_purged_floors":[],"is_endless":false,"potions_floor_spawned":[3,4,16,20],"killed_by":"Slavers","ascension_level":1}}