{"host":"ssahdsoo349p0ms1","time":1613965946,"event":{"mods":["AchievementEnabler","BaseMod","Colored Powertips","Filter the Spire","Minty Spire (QoL Compilation)","StSLib"],"gold_per_floor":[113,126,136,153,164,164,190,190,190,190,0,32,32,42,42,138,138,158,208,223,239,251,251,285,285,311,311,341,0,0,0,0],"floor_reached":31,"language":"ENG","playtime":1256,"items_purged":["Strike_B"],"score":515,"play_id":"470e1172-b52f-4442-9caf-90acf8748063","local_time":"20210221215226","is_ascension_mode":true,"campfire_choices":[{"floor":6.0,"key":"REST"},{"floor":8.0,"key":"REST"},{"data":"Capacitor","floor":13.0,"key":"SMITH"},{"data":"Zap","floor":15.0,"key":"SMITH"},{"data":"Barrage","floor":23.0,"key":"SMITH"},{"floor":25.0,"key":"DIG"}],"circlet_count":0,"master_deck":["AscendersBane","Defend_B","Defend_B","Defend_B","Defend_B","Zap+1","Dualcast","Compile Driver","Capacitor+1","Sweeping Beam","Ball Lightning","Electrodynamics","White Noise","Barrage+1","Core Surge","Redo","Double Energy","Conserve Battery","Bite","Bite","Bite","Bite","Bite","Genetic Algorithm+1","Self Repair","Aggregate","Ghostly","Ghostly","Ghostly","Ghostly","Ghostly"],"relics":["Nuclear Battery","Kunai","Gremlin Horn","Ice Cream","Strawberry","Coffee Dripper","Shovel","Emotion Chip","Bronze Scales","CaptainsWheel","Pocketwatch"],"acts_visited":["Exordium","TheCity"],"potions_floor_usage":[],"damage_taken":[{"damage":0.0,"enemies":"Small Slimes","floor":1.0,"turns":4.0},{"damage":2.0,"enemies":"2 Louse","floor":2.0,"turns":3.0},{"damage":10.0,"enemies":"Cultist","floor":3.0,"turns":4.0},{"damage":22.0,"enemies":"Gremlin Gang","floor":4.0,"turns":5.0},{"damage":6.0,"enemies":"Blue Slaver","floor":5.0,"turns":3.0},{"damage":34.0,"enemies":"Gremlin Nob","floor":7.0,"turns":5.0},{"damage":0.0,"enemies":"Lagavulin","floor":12.0,"turns":5.0},{"damage":12.0,"enemies":"Exordium Wildlife","floor":14.0,"turns":2.0},{"damage":19.0,"enemies":"Hexaghost","floor":16.0,"turns":6.0},{"damage":9.0,"enemies":"3 Byrds","floor":18.0,"turns":3.0},{"damage":0.0,"enemies":"Spheric Guardian","floor":20.0,"turns":3.0},{"damage":19.0,"enemies":"Centurion and Healer","floor":21.0,"turns":4.0},{"damage":0.0,"enemies":"3 Cultists","floor":22.0,"turns":3.0},{"damage":42.0,"enemies":"Slavers","floor":24.0,"turns":5.0},{"damage":8.0,"enemies":"Gremlin Leader","floor":28.0,"turns":6.0},{"damage":21,"enemies":"Slavers","floor":31,"turns":1}],"seed_played":"907645947183979209","potions_obtained":[{"floor":2.0,"key":"Fruit Juice"},{"floor":7.0,"key":"Swift Potion"},{"floor":14.0,"key":"LiquidBronze"},{"floor":16.0,"key":"SkillPotion"},{"floor":22.0,"key":"AttackPotion"},{"floor":24.0,"key":"EssenceOfSteel"}],"is_trial":false,"path_per_floor":["M","M","M","M","M","R","E","R","T","?","$","E","R","M","R","B",null,"M","?","M","M","M","R","E","R","T","?","E","$","?","E"],"character_chosen":"DEFECT","items_purchased":["EntropicBrew","Ice Cream","Self Repair","Aggregate","Pocketwatch"],"campfire_rested":2,"item_purchase_floors":[11,11,29,29,29],"current_hp_per_floor":[68,66,56,34,28,50,16,38,38,43,43,50,50,43,43,24,75,66,66,66,47,47,47,5,5,5,5,17,17,17,0,0],"gold":0,"neow_bonus":"BOSS_RELIC","is_daily":false,"chose_seed":false,"campfire_upgraded":3,"win_rate":0.0,"timestamp":1613965946,"path_taken":["M","M","M","M","M","R","E","R","T","?","$","E","R","M","R","BOSS","M","?","?","M","?","R","E","R","T","?","E","$","?","E"],"items_purchased_type":["Potion","Relic","Card","Card","Relic"],"build_version":"2020-12-22","purchased_purges":1,"victory":false,"max_hp_per_floor":[75,75,75,75,75,75,75,75,75,80,80,87,87,92,92,92,92,92,92,92,92,92,92,92,92,92,64,64,64,32,32,32],"card_choices":[{"not_picked":["Ball Lightning","Gash"],"picked":"Compile Driver","floor":1.0},{"not_picked":["Go for the Eyes","Compile Driver"],"picked":"Capacitor","floor":2.0},{"not_picked":["Hologram","Go for the Eyes"],"picked":"Sweeping Beam","floor":3.0},{"not_picked":["Melter","Conserve Battery"],"picked":"Ball Lightning","floor":4.0},{"not_picked":["Undo","Conserve Battery"],"picked":"Electrodynamics","floor":5.0},{"not_picked":["Leap","Turbo"],"picked":"White Noise","floor":7.0},{"not_picked":["Turbo","Leap"],"picked":"Barrage","floor":12.0},{"not_picked":["Steam","Compile Driver","Sweeping Beam"],"picked":"SKIP","floor":14.0},{"not_picked":["All For One","Reboot"],"picked":"Core Surge","floor":16.0},{"not_picked":["Ball Lightning","Rip and Tear+1"],"picked":"Redo","floor":18.0},{"not_picked":["Rebound","Storm"],"picked":"Double Energy","floor":20.0},{"not_picked":["Gash","Beam Cell+1","Reprogram+1"],"picked":"SKIP","floor":21.0},{"not_picked":["Melter","Turbo"],"picked":"Conserve Battery","floor":22.0},{"not_picked":["Conserve Battery","Chaos","Barrage"],"picked":"SKIP","floor":24.0},{"not_picked":["Barrage","Beam Cell"],"picked":"Genetic Algorithm+1","floor":28.0}],"player_experience":620797,"relics_obtained":[{"floor":7.0,"key":"Kunai"},{"floor":9.0,"key":"Gremlin Horn"},{"floor":12.0,"key":"Strawberry"},{"floor":24.0,"key":"Shovel"},{"floor":25.0,"key":"Emotion Chip"},{"floor":26.0,"key":"Bronze Scales"},{"floor":28.0,"key":"CaptainsWheel"}],"event_choices":[{"damage_healed":0.0,"max_hp_gain":5.0,"max_hp_loss":0.0,"gold_gain":0.0,"event_name":"Big Fish","player_choice":"Donut","floor":10.0,"gold_loss":0.0,"damage_taken":0.0},{"damage_healed":0.0,"max_hp_gain":0.0,"max_hp_loss":0.0,"gold_gain":100.0,"event_name":"The Joust","player_choice":"Bet on Murderer","floor":19.0,"gold_loss":50.0,"damage_taken":0.0},{"damage_healed":0.0,"max_hp_gain":0.0,"max_hp_loss":28.0,"gold_gain":0.0,"event_name":"Vampires","player_choice":"Became a vampire","floor":27.0,"gold_loss":0.0,"damage_taken":0.0,"cards_obtained":["Bite","Bite","Bite","Bite","Bite"]},{"damage_healed":0.0,"max_hp_gain":0.0,"max_hp_loss":32.0,"gold_gain":0.0,"event_name":"Ghosts","player_choice":"Became a Ghost","floor":30.0,"gold_loss":0.0,"damage_taken":0.0,"cards_obtained":["Ghostly","Ghostly","Ghostly","Ghostly","Ghostly"]}],"is_beta":false,"boss_relics":[{"not_picked":["SacredBark","Busted Crown"],"picked":"Coffee Dripper"}],"items_purged_floors":[11],"is_endless":false,"potions_floor_spawned":[2,7,12,14,16,22,24],"killed_by":"Slavers","ascension_level":10}}