{"host":"cpvm3mnra03oywg8","time":1613967631,"event":{"mods":["AchievementEnabler","BaseMod","Colored Map","Colored Powertips","Curses Come First","Downfall","Highlight Path","Minty Spire (QoL Compilation)","StSLib","The Necromancer","The Servant 0.9.4"],"gold_per_floor":[119,4,15,15,15,15,30,30,30,42,61,79,79,91,91,192,192,132,132,3,3,3,3,3,3,3,3,3,3,3,3,3,3,3,3,3,3,3,3,3,3,3,3],"floor_reached":42,"language":"ENG","playtime":3215,"items_purged":[],"score":441,"play_id":"f743d289-bdc1-4b17-9b45-21bdd23c74fe","local_time":"20210221222031","daily_mods":["Allstar","Heirloom"],"is_ascension_mode":false,"campfire_choices":[{"floor":6,"key":"DIG"},{"floor":8,"key":"DIG"},{"floor":15,"key":"DIG"},{"data":"Summon_Undead_Army","floor":23,"key":"SMITH"},{"floor":25,"key":"DIG"},{"floor":28,"key":"REST"},{"floor":32,"key":"REST"},{"floor":40,"key":"REST"}],"circlet_count":0,"master_deck":["Strike_W","Strike_W","Strike_W","Strike_W","Defend_W","Defend_W","Defend_W","Defend_W","Negative_Energy_Arrows","Bone_Wall","Panacea","Magnetism","Swift Strike","Forethought","Dramatic Entrance","Bones_to_Steel","Summon_Lich","Stop_Heart","Consume_Illness","Negative_Energy_Sphere","Finger_Of_Death","Summon_Death_Knight","Siphon_Strength","Negative_Energy_Sphere","Cloudkill","Blood_Curse","RitualDagger","Plague_Bolt","Blood_Curse","Summon_Undead_Army+1","Shackles_Of_Pain","Bone_Spikes","Shade_Step+1","Death_March_Dance+1","Necrotic_Claws","Skeleton_Dragon","Summon_Undead_Army+1","Negative_Energy_Sphere+1","Chill_Blood","Bone_Armory+1","Bone_Bullets+1","Chill_Blood+1"],"relics":["Vampire_Amulet","Shovel","champ:DeflectingBracers","Kunai","Gremlin Horn","hexamod:BolsterEngine","Ectoplasm","InkBottle","Shuriken","Pocketwatch","Bottled Tornado","sneckomod:SneckoTalon"],"acts_visited":["Exordium","TheCity","TheBeyond"],"potions_floor_usage":[10,14,16,29,31,36,39,39,39,41,41],"damage_taken":[{"damage":0,"enemies":"Small Slimes","floor":1,"turns":3},{"damage":5,"enemies":"Cultist","floor":3,"turns":4},{"damage":6,"enemies":"Jaw Worm","floor":7,"turns":2},{"damage":3,"enemies":"Large Slime","floor":10,"turns":6},{"damage":5,"enemies":"Looter","floor":11,"turns":4},{"damage":8,"enemies":"Red Slaver","floor":12,"turns":4},{"damage":5,"enemies":"Exordium Wildlife","floor":14,"turns":3},{"damage":11,"enemies":"Slime Boss","floor":16,"turns":7},{"damage":13,"enemies":"2 Thieves","floor":18,"turns":4},{"damage":6,"enemies":"Chosen","floor":22,"turns":4},{"damage":36,"enemies":"Slavers","floor":27,"turns":4},{"damage":13,"enemies":"Centurion and Healer","floor":29,"turns":5},{"damage":0,"enemies":"Snecko","floor":30,"turns":3},{"damage":10,"enemies":"Snake Plant","floor":31,"turns":3},{"damage":16,"enemies":"Collector","floor":33,"turns":7},{"damage":21,"enemies":"3 Darklings","floor":35,"turns":4},{"damage":3,"enemies":"Orb Walker","floor":36,"turns":2},{"damage":13,"enemies":"Jaw Worm Horde","floor":37,"turns":3},{"damage":24,"enemies":"3 Darklings","floor":38,"turns":4},{"damage":18,"enemies":"Sphere and 2 Shapes","floor":39,"turns":3},{"damage":22,"enemies":"Jaw Worm Horde","floor":41,"turns":3},{"damage":27,"enemies":"Maw","floor":42,"turns":5}],"seed_played":"2736048700953812270","potions_obtained":[{"floor":1,"key":"Guardian:BlockOnCardUsePotion"},{"floor":3,"key":"LiquidMemories"},{"floor":7,"key":"Ancient Potion"},{"floor":11,"key":"Dexterity Potion"},{"floor":12,"key":"AttackPotion"},{"floor":18,"key":"Explosive Potion"},{"floor":27,"key":"SkillPotion"},{"floor":29,"key":"FearPotion"},{"floor":33,"key":"Fire Potion"},{"floor":36,"key":"hexamod:SoulburnPotion"},{"floor":38,"key":"EntropicBrew"}],"is_trial":true,"path_per_floor":["M","$","M","?","$","R","M","R","T","M","M","M","?","M","R","B",null,"M","?","$","?","M","R","?","R","T","E","R","M","M","M","R","B",null,"M","M","M","M","M","R","M","M"],"character_chosen":"NECROMANCER","items_purchased":["Summon_Lich","Stop_Heart","Plague_Bolt","Blood_Curse"],"campfire_rested":3,"item_purchase_floors":[2,2,20,20],"current_hp_per_floor":[75,75,72,72,72,72,68,68,68,72,69,63,63,62,62,55,75,66,60,60,60,56,56,56,56,56,26,48,39,41,33,55,52,75,56,55,48,26,14,36,26,0,0],"gold":3,"neow_bonus":"","is_daily":false,"chose_seed":false,"campfire_upgraded":1,"win_rate":0.0,"timestamp":1613967631,"path_taken":["M","$","M","?","$","R","M","R","T","M","M","?","?","M","R","BOSS","M","?","$","?","M","R","?","R","T","E","R","M","?","M","R","BOSS","M","M","M","M","M","R","M","M"],"items_purchased_type":["Card","Card","Card","Card"],"build_version":"2020-12-22","purchased_purges":0,"victory":false,"max_hp_per_floor":[75,75,75,75,75,75,75,75,75,75,75,75,75,75,75,75,75,75,75,75,75,75,75,75,75,75,75,75,75,75,75,75,75,75,75,75,75,75,75,75,75,75,75],"card_choices":[{"not_picked":["Scare","Stop_Heart"],"picked":"Bones_to_Steel","floor":1},{"not_picked":["Toxic_Smoke_Screen","Negative_Energy_Shield"],"picked":"Consume_Illness","floor":3},{"not_picked":["Chill_Blood","Scare"],"picked":"Negative_Energy_Sphere","floor":7},{"not_picked":["Corrupt","Vampiric_Strike"],"picked":"Finger_Of_Death","floor":10},{"not_picked":["Exploit","Bone_Armor"],"picked":"Summon_Death_Knight","floor":11},{"not_picked":["Blood_Is_Power","Blood_Whip"],"picked":"Siphon_Strength","floor":12},{"not_picked":["Negative_Energy_Mist","Bone_Shift"],"picked":"Negative_Energy_Sphere","floor":14},{"not_picked":["Summon_Vampire_Lady","Detonate_Bones"],"picked":"Cloudkill","floor":16},{"not_picked":["Death_Coil","Strike_from_Beyond"],"picked":"Blood_Curse","floor":18},{"not_picked":["Bone_Shift","Chill_Blood"],"picked":"Shackles_Of_Pain","floor":22},{"not_picked":["Detonate_Bones","Blood_Curse"],"picked":"Bone_Spikes","floor":27},{"not_picked":["Bone_Shift","Bones_to_Steel"],"picked":"Shade_Step+1","floor":29},{"not_picked":["Negative_Energy_Sphere","Consume_Illness"],"picked":"Death_March_Dance+1","floor":30},{"not_picked":["Shade_Step","Summon_Undead_Army+1"],"picked":"Necrotic_Claws","floor":31},{"not_picked":["Blood_Wake","Blood_Magic"],"picked":"Skeleton_Dragon","floor":33},{"not_picked":["Bone_Shift","Negative_Energy_Sphere"],"picked":"Summon_Undead_Army+1","floor":35},{"not_picked":["Bones_to_Steel","Stop_Heart+1"],"picked":"Negative_Energy_Sphere+1","floor":36},{"not_picked":["Whirlwind_of_Bones","Blood_Curse"],"picked":"Chill_Blood","floor":37},{"not_picked":["Finger_Of_Death+1","Stop_Heart+1"],"picked":"Bone_Armory+1","floor":38},{"not_picked":["Negative_Energy_Mist","Necrotic_Claws+1"],"picked":"Bone_Bullets+1","floor":39},{"not_picked":["Bones_to_Steel","Thousand_Bone_Knives"],"picked":"Chill_Blood+1","floor":41}],"player_experience":7114,"relics_obtained":[{"floor":6,"key":"champ:DeflectingBracers"},{"floor":8,"key":"Kunai"},{"floor":9,"key":"Gremlin Horn"},{"floor":15,"key":"hexamod:BolsterEngine"},{"floor":25,"key":"Shuriken"},{"floor":26,"key":"Pocketwatch"},{"floor":27,"key":"Bottled Tornado"}],"event_choices":[{"damage_healed":0,"gold_gain":0,"player_choice":"Ignored","damage_taken":0,"max_hp_gain":0,"max_hp_loss":0,"event_name":"NoteForYourself","floor":4,"gold_loss":0},{"damage_healed":0,"gold_gain":0,"player_choice":"Ignored","damage_taken":0,"max_hp_gain":0,"max_hp_loss":0,"event_name":"Golden Wing","floor":13,"gold_loss":0},{"damage_healed":0,"gold_gain":0,"player_choice":"Joined the Cult","damage_taken":6,"max_hp_gain":0,"max_hp_loss":0,"event_name":"Nest","floor":19,"gold_loss":0,"cards_obtained":["RitualDagger"]},{"damage_healed":0,"gold_gain":0,"player_choice":"Read","damage_taken":0,"max_hp_gain":0,"max_hp_loss":0,"event_name":"The Library","floor":21,"gold_loss":0,"cards_obtained":["Summon_Undead_Army"]},{"damage_healed":0,"gold_gain":0,"player_choice":"Gave Potion","damage_taken":0,"relics_obtained":["InkBottle"],"max_hp_gain":0,"max_hp_loss":0,"event_name":"WeMeetAgain","floor":24,"gold_loss":0}],"is_beta":false,"boss_relics":[{"not_picked":["Philosopher\u0027s Stone","bronze:MakeshiftBattery"],"picked":"Ectoplasm"},{"not_picked":["Tiny House","Snecko Eye"],"picked":"sneckomod:SneckoTalon"}],"items_purged_floors":[],"is_endless":false,"potions_floor_spawned":[1,3,7,11,12,18,27,29,33,36,38],"killed_by":"Maw","ascension_level":0}}