{"host":"eaiphzh066bwqdh7","time":1613952962,"event":{"mods":["AchievementEnabler","Aspiration","BaseMod","Bestiary","Better Note","Better Third Choice","Colored Powertips","Curses Come First","GifTheSpireLib","Halation","Highlight Path","Hubris","Infinite Spire","Minty Spire (QoL Compilation)","Quick Restart","Reliquary","Replay The Spire","StSLib","Stuff the Spire"],"gold_per_floor":[109,120,45,45,56,56,90,90,113,138,103,113,113,131,131,131,131],"floor_reached":16,"language":"ENG","playtime":788,"items_purged":["Defend_P"],"score":162,"play_id":"e53acd3b-25a7-4031-94de-62d68c1f6d01","local_time":"20210221191602","is_ascension_mode":true,"campfire_choices":[{"data":"Vigilance","floor":6,"key":"SMITH"},{"floor":8,"key":"REST"},{"data":"Study","floor":15,"key":"SMITH"}],"circlet_count":0,"master_deck":["Strike_P","Strike_P","Strike_P","Strike_P","Defend_P","Defend_P","Defend_P","Eruption","Vigilance+1","Prostrate","Prostrate","Protect","Prostrate","Study+1","DeusExMachina"],"relics":["PureWater","NeowsBlessing","Akabeko","StuffTheSpire:GrapeVine","reliquary:Spinner"],"acts_visited":["Exordium"],"potions_floor_usage":[10,16,16],"damage_taken":[{"damage":0,"enemies":"Cultist","floor":1,"turns":1},{"damage":0,"enemies":"Jaw Worm","floor":2,"turns":1},{"damage":0,"enemies":"infinitespire:Voidling","floor":5,"turns":1},{"damage":34,"enemies":"3 Sentries","floor":7,"turns":12},{"damage":0,"enemies":"Replay:BlueRogue","floor":10,"turns":7},{"damage":4,"enemies":"2 Fungi Beasts","floor":12,"turns":3},{"damage":0,"enemies":"Looter","floor":14,"turns":4},{"damage":68,"enemies":"Hexaghost","floor":16,"turns":11}],"seed_played":"-6101782146657061603","potions_obtained":[{"floor":1,"key":"Weak Potion"},{"floor":7,"key":"Explosive Potion"},{"floor":14,"key":"DuplicationPotion"}],"is_trial":false,"path_per_floor":["M","M","$","$","M","R","E","R","T","E","?","M","?","M","R","B"],"character_chosen":"WATCHER","items_purchased":[],"campfire_rested":1,"item_purchase_floors":[],"current_hp_per_floor":[72,72,72,72,72,72,38,59,59,59,72,68,68,68,68,0,0],"gold":131,"neow_bonus":"THREE_ENEMY_KILL","is_daily":false,"chose_seed":false,"campfire_upgraded":2,"win_rate":0.0,"timestamp":1613952962,"path_taken":["M","M","?","$","M","R","E","R","T","E","?","M","?","?","R","BOSS"],"items_purchased_type":[],"build_version":"2020-12-22","purchased_purges":1,"victory":false,"max_hp_per_floor":[72,72,72,72,72,72,72,72,72,72,72,72,72,72,72,72,72],"card_choices":[{"not_picked":["Evaluate","FlyingSleeves"],"picked":"Prostrate","floor":1},{"not_picked":["EmptyMind","Replay:ManipulateFuture","Consecrate"],"picked":"SKIP","floor":2},{"not_picked":["Conclude","CutThroughFate"],"picked":"Prostrate","floor":5},{"not_picked":["Wireheading","Scrawl"],"picked":"Protect","floor":7},{"not_picked":["Tantrum","Evaluate"],"picked":"Prostrate","floor":10},{"not_picked":["WheelKick","Replay:ManipulateFuture"],"picked":"Study","floor":12},{"not_picked":["SandsOfTime","ThirdEye","JustLucky"],"picked":"SKIP","floor":14}],"player_experience":343766,"relics_obtained":[{"floor":7,"key":"Akabeko"},{"floor":9,"key":"StuffTheSpire:GrapeVine"},{"floor":10,"key":"reliquary:Spinner"}],"event_choices":[{"damage_healed":18,"gold_gain":0,"player_choice":"Healed","damage_taken":0,"max_hp_gain":0,"max_hp_loss":0,"event_name":"The Cleric","floor":11,"gold_loss":35},{"damage_healed":0,"gold_gain":0,"player_choice":"1 cards matched","damage_taken":0,"max_hp_gain":0,"max_hp_loss":0,"event_name":"Match and Keep!","floor":13,"gold_loss":0,"cards_obtained":["DeusExMachina"]}],"is_beta":false,"boss_relics":[],"items_purged_floors":[3],"is_endless":false,"potions_floor_spawned":[1,7,14],"killed_by":"Hexaghost","ascension_level":4}}