{"host":"sc0o2qwpf9j16a4i","time":1613984558,"event":{"mods":["AchievementEnabler","BaseMod","BetterRewards","Block Reminder","Colored Map","Colored Powertips","Custom Start","Highlight Path","Minty Spire (QoL Compilation)","Relic Stats"],"gold_per_floor":[156,192,192,237,8,59,59,59,59,89,43,43,43,142,142,451,451,496,595,595,186,240,333,333,438,462,519,561,39,144,192,192,501,501,561,561,1560,2025,2025,2130,895,918,918,963,1008,14,14,104,104,104],"floor_reached":51,"language":"ENG","playtime":1965,"items_purged":["Normality","Normality"],"score":1411,"play_id":"04a1b7fb-400b-4f83-8123-a29da40c1633","local_time":"20210222110238","daily_mods":["Insanity","Colorless Cards","Midas"],"is_ascension_mode":false,"campfire_choices":[{"floor":8,"key":"REST"},{"floor":15,"key":"REST"},{"floor":24,"key":"REST"},{"floor":32,"key":"REST"},{"floor":47,"key":"REST"},{"floor":49,"key":"REST"}],"circlet_count":0,"master_deck":["Genetic Algorithm","Coolheaded","Stack","Beam Cell","Genetic Algorithm","Gash","Compile Driver","FTL","Streamline","Conserve Battery","Leap","Compile Driver","Finesse","Ball Lightning","Blind","Chill","Barrage","Double Energy","Redo","Turbo","Recycle","Sweeping Beam","Hologram","BootSequence","Chill","BootSequence","Gash","Barrage","Heatsinks","Barrage","Beam Cell","Sweeping Beam","Compile Driver","Turbo","Barrage+1","Panacea","Sweeping Beam","Reinforced Body","Blind","Barrage","Sweeping Beam","Deep Breath","Gash","Rebound","Finesse","Stack","Enlightenment","Go for the Eyes","Ball Lightning","Rebound","Leap","Stack","Stack","Beam Cell+1","Turbo","Ball Lightning","Leap","Coolheaded","Doom and Gloom","Apotheosis","Gash","Ball Lightning","Gash+1","Go for the Eyes","Redo","Coolheaded","Rebound","Double Energy","Beam Cell","Electrodynamics","Compile Driver","Glacier+1","Meteor Strike","Coolheaded","FTL+1","Conserve Battery","Secret Technique","All For One"],"relics":["Cracked Core","WarpedTongs","Akabeko","CultistMask","Kunai","StoneCalendar","Philosopher\u0027s Stone","Nloth\u0027s Gift","Dead Branch","The Courier","Oddly Smooth Stone","Whetstone","DataDisk","Runic Capacitor","PreservedInsect","Vajra","Pocketwatch","Fusion Hammer","Old Coin","Boot","Question Card","Medical Kit","Bottled Tornado","Centennial Puzzle","Thread and Needle","Bag of Marbles","Strawberry","Blood Vial","Mercury Hourglass","Ornamental Fan","Symbiotic Virus","Cables","Strange Spoon","Toy Ornithopter"],"acts_visited":["Exordium","TheCity","TheBeyond"],"potions_floor_usage":[10,14,16,22,23,25,30,33,50,50,50],"damage_taken":[{"damage":0,"enemies":"Small Slimes","floor":1,"turns":2},{"damage":0,"enemies":"2 Louse","floor":2,"turns":2},{"damage":0,"enemies":"Cultist","floor":4,"turns":2},{"damage":0,"enemies":"Exordium Wildlife","floor":6,"turns":2},{"damage":8,"enemies":"Red Slaver","floor":10,"turns":4},{"damage":0,"enemies":"Gremlin Nob","floor":14,"turns":3},{"damage":2,"enemies":"Slime Boss","floor":16,"turns":6},{"damage":0,"enemies":"2 Thieves","floor":18,"turns":4},{"damage":0,"enemies":"Shell Parasite","floor":22,"turns":2},{"damage":4,"enemies":"Book of Stabbing","floor":23,"turns":5},{"damage":0,"enemies":"Gremlin Leader","floor":25,"turns":3},{"damage":15,"enemies":"Snake Plant","floor":27,"turns":5},{"damage":8,"enemies":"Shelled Parasite and Fungi","floor":28,"turns":4},{"damage":0,"enemies":"Slavers","floor":30,"turns":4},{"damage":0,"enemies":"Chosen and Byrds","floor":31,"turns":4},{"damage":0,"enemies":"Collector","floor":33,"turns":4},{"damage":0,"enemies":"Orb Walker","floor":35,"turns":3},{"damage":0,"enemies":"2 Orb Walkers","floor":38,"turns":3},{"damage":0,"enemies":"Nemesis","floor":40,"turns":5},{"damage":0,"enemies":"3 Shapes","floor":44,"turns":2},{"damage":0,"enemies":"Maw","floor":45,"turns":5},{"damage":0,"enemies":"Giant Head","floor":48,"turns":3},{"damage":0,"enemies":"Time Eater","floor":50,"turns":7}],"seed_played":"-8060584737842650049","potions_obtained":[{"floor":1,"key":"Energy Potion"},{"floor":4,"key":"EssenceOfDarkness"},{"floor":6,"key":"Regen Potion"},{"floor":10,"key":"SkillPotion"},{"floor":14,"key":"Energy Potion"},{"floor":16,"key":"Regen Potion"},{"floor":18,"key":"SkillPotion"},{"floor":22,"key":"ColorlessPotion"},{"floor":23,"key":"BlessingOfTheForge"},{"floor":25,"key":"Explosive Potion"},{"floor":31,"key":"FocusPotion"},{"floor":33,"key":"Block Potion"},{"floor":45,"key":"Strength Potion"}],"is_trial":true,"path_per_floor":["M","M","?","M","$","M","?","R","T","M","$","T","?","E","R","B",null,"M","?","?","$","M","E","R","E","T","M","M","$","E","M","R","B",null,"M","?","?","?","?","E","$","T","T","M","M","$","R","E","R","B",null],"character_chosen":"DEFECT","items_purchased":["Akabeko","Beam Cell","Turbo","Coolheaded","Dead Branch","Gash","Ball Lightning","DataDisk","Runic Capacitor","PreservedInsect","Vajra","Rebound","Question Card","Medical Kit","Bottled Tornado","Centennial Puzzle","Thread and Needle","Bag of Marbles","Strawberry","Coolheaded","Ornamental Fan","Symbiotic Virus","Cables","Strange Spoon","Secret Technique","FocusPotion"],"campfire_rested":6,"item_purchase_floors":[5,5,5,11,21,21,21,29,29,29,29,29,41,41,41,41,41,41,41,41,46,46,46,46,46,46],"current_hp_per_floor":[75,75,75,75,75,75,75,75,75,67,67,67,67,67,75,73,75,75,75,75,75,75,71,75,75,75,60,52,52,64,64,75,75,75,75,75,75,75,71,71,78,78,78,78,78,78,78,78,78,78],"gold":104,"neow_bonus":"","is_daily":false,"chose_seed":false,"campfire_upgraded":0,"win_rate":0.0,"timestamp":1613984558,"path_taken":["M","M","?","M","?","M","?","R","T","?","?","?","?","E","R","BOSS","M","?","?","$","M","E","R","E","T","?","M","?","E","M","R","BOSS","M","?","?","?","?","E","$","?","T","M","M","$","R","E","R","BOSS"],"items_purchased_type":["Relic","Card","Card","Card","Relic","Card","Card","Relic","Relic","Relic","Relic","Card","Relic","Relic","Relic","Relic","Relic","Relic","Relic","Card","Relic","Relic","Relic","Relic","Card","Potion"],"build_version":"2020-12-22","purchased_purges":2,"victory":true,"max_hp_per_floor":[75,75,75,75,75,75,75,75,75,75,75,75,75,75,75,75,75,75,75,75,75,75,75,75,75,75,75,75,75,75,75,75,75,75,75,75,75,75,71,71,78,78,78,78,78,78,78,78,78,78],"relic_stats":{"counters":[23,84],"Dead Branch":[74],"StoneCalendar":[0],"PreservedInsect":212,"Whetstone":["Barrage","Beam Cell"],"Boot":[19],"Question Card":3,"Medical Kit":[0],"WarpedTongs":[62],"Mercury Hourglass":[54],"Cables":[8,4,0,4,0],"Blood Vial":0,"Strange Spoon":[11],"Centennial Puzzle":[0],"Ornamental Fan":[16],"Nloth\u0027s Gift":4,"Kunai":[37],"obtain_stats":[{"Vajra":29,"StoneCalendar":14,"Runic Capacitor":29,"Whetstone":26,"Bottled Tornado":41,"Boot":40,"Old Coin":38,"Blood Vial":42,"Centennial Puzzle":41,"Strawberry":41,"Philosopher\u0027s Stone":17,"Fusion Hammer":34,"Kunai":12,"Cracked Core":0,"Dead Branch":21,"Oddly Smooth Stone":25,"Thread and Needle":41,"The Courier":23,"PreservedInsect":29,"Question Card":41,"Medical Kit":41,"Akabeko":5,"White Beast Statue":9,"WarpedTongs":3,"Mercury Hourglass":43,"Cables":46,"Strange Spoon":46,"DataDisk":29,"Ornamental Fan":46,"CultistMask":7,"Nloth\u0027s Gift":20,"Bag of Marbles":41,"Symbiotic Virus":46,"Toy Ornithopter":48,"Pocketwatch":30},{"Vajra":13,"StoneCalendar":6,"Runic Capacitor":13,"Whetstone":11,"Bottled Tornado":19,"Boot":19,"Old Coin":18,"Blood Vial":19,"Centennial Puzzle":19,"Strawberry":19,"Philosopher\u0027s Stone":7,"Fusion Hammer":16,"Kunai":5,"Cracked Core":0,"Dead Branch":8,"Oddly Smooth Stone":11,"Thread and Needle":19,"The Courier":10,"PreservedInsect":13,"Question Card":19,"Medical Kit":19,"Akabeko":3,"White Beast Statue":4,"WarpedTongs":2,"Mercury Hourglass":19,"Cables":21,"Strange Spoon":21,"DataDisk":13,"Ornamental Fan":21,"CultistMask":4,"Nloth\u0027s Gift":8,"Bag of Marbles":19,"Symbiotic Virus":21,"Toy Ornithopter":22,"Pocketwatch":14},{"Vajra":44,"StoneCalendar":15,"Runic Capacitor":44,"Whetstone":35,"Bottled Tornado":67,"Boot":67,"Old Coin":62,"Blood Vial":67,"Centennial Puzzle":67,"Strawberry":67,"Philosopher\u0027s Stone":21,"Fusion Hammer":56,"Kunai":12,"Cracked Core":0,"Dead Branch":25,"Oddly Smooth Stone":35,"Thread and Needle":67,"The Courier":32,"PreservedInsect":44,"Question Card":67,"Medical Kit":67,"Akabeko":6,"White Beast Statue":8,"WarpedTongs":4,"Mercury Hourglass":67,"Cables":74,"Strange Spoon":74,"DataDisk":44,"Ornamental Fan":74,"CultistMask":8,"Nloth\u0027s Gift":25,"Bag of Marbles":67,"Symbiotic Virus":74,"Toy Ornithopter":77,"Pocketwatch":48}],"Toy Ornithopter":0,"Pocketwatch":[18]},"card_choices":[{"not_picked":["Dramatic Entrance","Steam"],"picked":"Leap","floor":1},{"not_picked":["Rebound","Cold Snap"],"picked":"Stack","floor":2},{"not_picked":["Discovery","Thunder Strike"],"picked":"Stack","floor":4},{"not_picked":["Sweeping Beam","Tempest"],"picked":"Ball Lightning","floor":6},{"not_picked":["Thinking Ahead","Coolheaded"],"picked":"Leap","floor":10},{"not_picked":["Sweeping Beam","Auto Shields"],"picked":"Doom and Gloom","floor":14},{"not_picked":["Biased Cognition","Meteor Strike"],"picked":"Apotheosis","floor":16},{"not_picked":["Go for the Eyes","Hologram+1"],"picked":"Turbo","floor":18},{"not_picked":["Stack+1","Madness","Darkness"],"picked":"SKIP","floor":22},{"not_picked":["Auto Shields","Tempest"],"picked":"Gash+1","floor":23},{"not_picked":["Storm+1","Steam"],"picked":"Go for the Eyes","floor":25},{"not_picked":["Jack Of All Trades","Turbo"],"picked":"Redo","floor":27},{"not_picked":["Flash of Steel","The Bomb"],"picked":"Coolheaded","floor":28},{"not_picked":["Fusion+1","Barrage"],"picked":"Double Energy","floor":30},{"not_picked":["Jack Of All Trades","Conserve Battery"],"picked":"Beam Cell","floor":31},{"not_picked":["Apotheosis","Seek"],"picked":"Electrodynamics","floor":33},{"not_picked":["Cold Snap","Capacitor"],"picked":"Compile Driver","floor":35},{"not_picked":["Good Instincts","Blizzard"],"picked":"Glacier+1","floor":38},{"not_picked":["Streamline+1","Reboot"],"picked":"Meteor Strike","floor":40},{"not_picked":["Steam","Turbo","Aggregate"],"picked":"FTL+1","floor":44},{"not_picked":["Sadistic Nature","Go for the Eyes","Sweeping Beam+1"],"picked":"Conserve Battery","floor":45},{"not_picked":["Fusion","Rebound","Skim+1"],"picked":"All For One","floor":48}],"player_experience":1510236,"relics_obtained":[{"floor":9,"key":"White Beast Statue"},{"floor":12,"key":"Kunai"},{"floor":14,"key":"StoneCalendar"},{"floor":23,"key":"The Courier"},{"floor":25,"key":"Oddly Smooth Stone"},{"floor":26,"key":"Whetstone"},{"floor":30,"key":"Pocketwatch"},{"floor":38,"key":"Old Coin"},{"floor":40,"key":"Boot"},{"floor":42,"key":"Blood Vial"},{"floor":43,"key":"Mercury Hourglass"},{"floor":48,"key":"Toy Ornithopter"}],"event_choices":[{"damage_healed":0,"gold_gain":0,"player_choice":"Rummage","damage_taken":0,"relics_obtained":["WarpedTongs"],"max_hp_gain":0,"max_hp_loss":0,"event_name":"Accursed Blacksmith","floor":3,"gold_loss":0,"cards_obtained":["Pain"]},{"damage_healed":0,"gold_gain":0,"player_choice":"Trade","damage_taken":0,"relics_obtained":["CultistMask"],"max_hp_gain":0,"max_hp_loss":0,"event_name":"FaceTrader","floor":7,"gold_loss":0},{"cards_removed":["Pain"],"damage_healed":0,"gold_gain":0,"player_choice":"Forget","damage_taken":0,"max_hp_gain":0,"max_hp_loss":0,"event_name":"Living Wall","floor":13,"gold_loss":0},{"damage_healed":0,"gold_gain":99,"player_choice":"Stole From Cult","damage_taken":0,"max_hp_gain":0,"max_hp_loss":0,"event_name":"Nest","floor":19,"gold_loss":0},{"damage_healed":0,"gold_gain":0,"player_choice":"Traded Relic","damage_taken":0,"relics_obtained":["Nloth\u0027s Gift"],"max_hp_gain":0,"max_hp_loss":0,"event_name":"N\u0027loth","floor":20,"relics_lost":["White Beast Statue"],"gold_loss":0},{"cards_removed":["Turbo"],"damage_healed":0,"gold_gain":0,"player_choice":"Removed Skill","damage_taken":0,"max_hp_gain":0,"max_hp_loss":0,"event_name":"Falling","floor":36,"gold_loss":0},{"damage_healed":0,"gold_gain":999,"player_choice":"Gold","damage_taken":0,"max_hp_gain":0,"max_hp_loss":0,"event_name":"MindBloom","floor":37,"gold_loss":0,"cards_obtained":["Normality","Normality"]},{"damage_healed":0,"gold_gain":0,"player_choice":"Fight","damage_taken":0,"max_hp_gain":0,"max_hp_loss":0,"event_name":"Mysterious Sphere","floor":38,"gold_loss":0},{"damage_healed":0,"gold_gain":0,"player_choice":"Max HP","damage_taken":0,"max_hp_gain":0,"max_hp_loss":4,"event_name":"Winding Halls","floor":39,"gold_loss":0}],"is_beta":false,"boss_relics":[{"not_picked":["Inserter","Astrolabe"],"picked":"Philosopher\u0027s Stone"},{"not_picked":["Runic Pyramid","Cursed Key"],"picked":"Fusion Hammer"}],"items_purged_floors":[41,46],"is_endless":false,"potions_floor_spawned":[1,4,6,10,14,16,18,22,23,25,31,33,45,48],"ascension_level":0}}