{"host":"jxmsv4d84jcvxth5","time":1613959256,"event":{"mods":["AchievementEnabler","BaseMod","Colored Map","Minty Spire (QoL Compilation)","Relic Stats","StSLib"],"gold_per_floor":[117,22,22,22,38,38,64,77,103,117,144,144,144,170,170,246,246,246,246,246,246,246,246,246,246,246,5,5,5,5,5,5,5,5],"floor_reached":33,"language":"ENG","playtime":1649,"items_purged":["Strike_R"],"score":660,"play_id":"e4654651-7ef0-4b8b-80f9-6937d6d8e736","local_time":"20210221210056","is_ascension_mode":true,"campfire_choices":[{"data":"Uppercut","floor":6.0,"key":"SMITH"},{"data":"Whirlwind","floor":12.0,"key":"SMITH"},{"data":"Limit Break","floor":15.0,"key":"SMITH"},{"data":"Impervious","floor":23.0,"key":"SMITH"},{"data":"Battle Trance","floor":32,"key":"SMITH"}],"circlet_count":0,"master_deck":["AscendersBane","Strike_R","Strike_R","Strike_R","Defend_R","Defend_R","Defend_R","Defend_R","Bash","Uppercut+1","Shrug It Off","Whirlwind+1","Iron Wave","Anger","Limit Break+1","Double Tap","Impervious+1","Flame Barrier","Spot Weakness","Battle Trance+1","Sword Boomerang"],"relics":["Burning Blood","NeowsBlessing","Potion Belt","Boot","Nunchaku","Du-Vu Doll","Omamori","Ectoplasm","Ancient Tea Set","StrikeDummy","Oddly Smooth Stone","Strawberry"],"acts_visited":["Exordium","TheCity"],"potions_floor_usage":[25,28,29,33,33,33],"damage_taken":[{"damage":0.0,"enemies":"Small Slimes","floor":1.0,"turns":1.0},{"damage":0.0,"enemies":"Cultist","floor":5.0,"turns":1.0},{"damage":0.0,"enemies":"3 Sentries","floor":7.0,"turns":2.0},{"damage":2.0,"enemies":"Jaw Worm","floor":8.0,"turns":3.0},{"damage":3.0,"enemies":"Looter","floor":10.0,"turns":3.0},{"damage":24.0,"enemies":"Gremlin Nob","floor":11.0,"turns":4.0},{"damage":21.0,"enemies":"Lagavulin","floor":14.0,"turns":6.0},{"damage":12.0,"enemies":"Slime Boss","floor":16.0,"turns":6.0},{"damage":18.0,"enemies":"Shell Parasite","floor":18.0,"turns":6.0},{"damage":4.0,"enemies":"3 Byrds","floor":19.0,"turns":4.0},{"damage":8.0,"enemies":"3 Cultists","floor":20.0,"turns":3.0},{"damage":5,"enemies":"Gremlin Leader","floor":25,"turns":7},{"damage":8,"enemies":"Centurion and Healer","floor":28,"turns":5},{"damage":23,"enemies":"Book of Stabbing","floor":29,"turns":4},{"damage":1,"enemies":"Snecko","floor":30,"turns":4},{"damage":13,"enemies":"Shelled Parasite and Fungi","floor":31,"turns":4},{"damage":61,"enemies":"Automaton","floor":33,"turns":6}],"seed_played":"-1300063521258222939","potions_obtained":[{"floor":1.0,"key":"AttackPotion"},{"floor":7.0,"key":"CultistPotion"},{"floor":8.0,"key":"PowerPotion"},{"floor":13.0,"key":"ElixirPotion"},{"floor":13.0,"key":"Explosive Potion"},{"floor":20.0,"key":"SpeedPotion"},{"floor":25,"key":"Swift Potion"},{"floor":30,"key":"ElixirPotion"}],"is_trial":false,"path_per_floor":["M","$","?","?","M","R","E","M","T","M","E","R","?","E","R","B",null,"M","M","M","?","?","R","?","E","T","$","M","E","M","M","R","B"],"character_chosen":"IRONCLAD","items_purchased":["Shrug It Off","Whirlwind","Flame Barrier","Spot Weakness"],"campfire_rested":0,"item_purchase_floors":[2,2,27,27],"current_hp_per_floor":[74,74,56,56,62,62,68,72,72,75,57,57,57,42,42,36,65,53,55,53,53,53,53,53,54,54,54,52,42,47,40,40,0,0],"gold":5,"neow_bonus":"THREE_ENEMY_KILL","is_daily":false,"chose_seed":false,"campfire_upgraded":5,"win_rate":0.0,"timestamp":1613959256,"path_taken":["M","$","?","?","M","R","E","?","T","M","E","R","?","E","R","BOSS","M","M","M","?","?","R","?","E","T","$","M","E","M","M","R","BOSS"],"items_purchased_type":["Card","Card","Card","Card"],"build_version":"2020-12-22","purchased_purges":1,"victory":false,"max_hp_per_floor":[75,75,75,75,75,75,75,75,75,75,75,75,75,75,75,75,75,75,75,75,75,75,75,75,75,75,75,75,82,82,82,82,82,82],"relic_stats":{"Nunchaku":[12],"counters":[17,69],"Ectoplasm":174,"Boot":[43],"obtain_stats":[{"Potion Belt":3,"Du-Vu Doll":11,"Nunchaku":9,"NeowsBlessing":0,"Strawberry":29,"Oddly Smooth Stone":26,"Ectoplasm":17,"Omamori":14,"Boot":7,"Ancient Tea Set":21,"StrikeDummy":25,"Burning Blood":0},{"Potion Belt":1,"Du-Vu Doll":6,"Nunchaku":4,"NeowsBlessing":0,"Strawberry":14,"Oddly Smooth Stone":12,"Ectoplasm":8,"Omamori":7,"Boot":3,"Ancient Tea Set":11,"StrikeDummy":12,"Burning Blood":0},{"Potion Belt":1,"Du-Vu Doll":14,"Nunchaku":7,"NeowsBlessing":0,"Strawberry":55,"Oddly Smooth Stone":46,"Ectoplasm":26,"Omamori":20,"Boot":4,"Ancient Tea Set":39,"StrikeDummy":46,"Burning Blood":0}],"Burning Blood":96},"card_choices":[{"not_picked":["Iron Wave","Dropkick"],"picked":"Uppercut","floor":1.0},{"not_picked":["Perfected Strike","Infernal Blade"],"picked":"Iron Wave","floor":5.0},{"not_picked":["Sentinel","Seeing Red"],"picked":"Anger","floor":7.0},{"not_picked":["Searing Blow","Thunderclap","Flex"],"picked":"SKIP","floor":8.0},{"not_picked":["Clothesline","Warcry","Limit Break"],"picked":"SKIP","floor":10.0},{"not_picked":["Clothesline","Warcry"],"picked":"Limit Break","floor":10.0},{"not_picked":["Flex","Fire Breathing"],"picked":"Double Tap","floor":11.0},{"not_picked":["Clothesline","Clash","Power Through"],"picked":"SKIP","floor":14.0},{"not_picked":["Offering","Immolate"],"picked":"Impervious","floor":16.0},{"not_picked":["Feel No Pain+1","Pommel Strike","Perfected Strike"],"picked":"SKIP","floor":18.0},{"not_picked":["Havoc","Evolve","Hemokinesis"],"picked":"SKIP","floor":19.0},{"not_picked":["Clash","Havoc","Dropkick"],"picked":"SKIP","floor":20.0},{"not_picked":["Thunderclap","Clothesline","Perfected Strike"],"picked":"SKIP","floor":25},{"not_picked":["Bludgeon","Pommel Strike","Blood for Blood"],"picked":"SKIP","floor":28},{"not_picked":["Sever Soul","Burning Pact"],"picked":"Battle Trance","floor":29},{"not_picked":["Warcry","Rampage","Battle Trance"],"picked":"SKIP","floor":30},{"not_picked":["Havoc","Warcry"],"picked":"Sword Boomerang","floor":31}],"player_experience":1594973,"relics_obtained":[{"floor":7.0,"key":"Boot"},{"floor":9.0,"key":"Nunchaku"},{"floor":11.0,"key":"Du-Vu Doll"},{"floor":14.0,"key":"Omamori"},{"floor":25,"key":"StrikeDummy"},{"floor":26,"key":"Oddly Smooth Stone"},{"floor":29,"key":"Strawberry"}],"event_choices":[{"damage_healed":0.0,"max_hp_gain":0.0,"max_hp_loss":0.0,"gold_gain":0.0,"event_name":"Scrap Ooze","player_choice":"Success","floor":3.0,"gold_loss":0.0,"damage_taken":18.0,"relics_obtained":["Potion Belt"]},{"cards_removed":["Strike_R"],"damage_healed":0.0,"max_hp_gain":0.0,"max_hp_loss":0.0,"gold_gain":0.0,"event_name":"Purifier","player_choice":"Purged","floor":4.0,"gold_loss":0.0,"damage_taken":0.0},{"damage_healed":0.0,"max_hp_gain":0.0,"max_hp_loss":0.0,"gold_gain":0.0,"event_name":"Lab","player_choice":"Got Potions","floor":13.0,"gold_loss":0.0,"damage_taken":0.0},{"damage_healed":0.0,"max_hp_gain":0.0,"max_hp_loss":0.0,"gold_gain":0.0,"event_name":"Addict","player_choice":"Stole Relic","floor":21.0,"gold_loss":0.0,"damage_taken":0.0,"relics_obtained":["Ancient Tea Set"],"cards_obtained":["Shame"]},{"damage_healed":0.0,"max_hp_gain":0.0,"max_hp_loss":0.0,"gold_gain":0.0,"event_name":"Forgotten Altar","player_choice":"Smashed Altar","floor":22.0,"gold_loss":0.0,"damage_taken":0.0,"cards_obtained":["Decay"]},{"damage_healed":0.0,"max_hp_gain":0.0,"max_hp_loss":0.0,"gold_gain":0.0,"event_name":"The Mausoleum","player_choice":"Ignored","floor":24.0,"gold_loss":0.0,"damage_taken":0.0}],"is_beta":false,"boss_relics":[{"not_picked":["Coffee Dripper","SacredBark"],"picked":"Ectoplasm"}],"items_purged_floors":[27],"is_endless":false,"potions_floor_spawned":[1,7,8,20,25,30],"killed_by":"Automaton","ascension_level":20}}