{"host":"dkr0dog13pegamnp","time":1613977168,"event":{"mods":["AchievementEnabler","BaseMod","Minty Spire (QoL Compilation)","Rare Cards Sparkle","StSLib","SuperFastMode","everything is the same but u backflip on backflip"],"gold_per_floor":[109,109,184,195,195,221,221,241,241,266,266,284,298,312,312,414,414,432,443,542,559,25,25,25,45,95,95,95],"floor_reached":27,"language":"KOR","playtime":634,"items_purged":[],"score":400,"play_id":"310ed579-b180-4275-8114-b25bb935b197","local_time":"20210222155928","is_ascension_mode":true,"campfire_choices":[{"data":"Dagger Spray","floor":7,"key":"SMITH"},{"data":"Dash","floor":11,"key":"SMITH"},{"data":"Footwork","floor":15,"key":"SMITH"},{"data":"Apotheosis","floor":23,"key":"SMITH"}],"circlet_count":0,"master_deck":["AscendersBane","Strike_G","Strike_G","Strike_G","Strike_G","Strike_G","Defend_G","Defend_G","Defend_G","Defend_G","Defend_G","Survivor","Neutralize","Backstab+1","Poisoned Stab","Dagger Spray+1","Dash+1","Escape Plan","PiercingWail","Footwork+1","Apotheosis+1","Blade Dance","Cloak And Dagger"],"relics":["Ring of the Snake","NeowsBlessing","WingedGreaves","Meat on the Bone","WristBlade","Torii","Omamori"],"acts_visited":["Exordium","TheCity"],"potions_floor_usage":[10,27],"damage_taken":[{"damage":0,"enemies":"Small Slimes","floor":1,"turns":1},{"damage":0,"enemies":"2 Louse","floor":4,"turns":1},{"damage":0,"enemies":"Gremlin Nob","floor":6,"turns":1},{"damage":0,"enemies":"Cultist","floor":8,"turns":2},{"damage":31,"enemies":"Lagavulin","floor":10,"turns":6},{"damage":4,"enemies":"Exordium Thugs","floor":12,"turns":3},{"damage":3,"enemies":"Blue Slaver","floor":13,"turns":3},{"damage":1,"enemies":"Looter","floor":14,"turns":3},{"damage":42,"enemies":"The Guardian","floor":16,"turns":19},{"damage":6,"enemies":"3 Byrds","floor":18,"turns":7},{"damage":14,"enemies":"Shell Parasite","floor":19,"turns":8},{"damage":33,"enemies":"Sentry and Sphere","floor":21,"turns":13},{"damage":1,"enemies":"Snecko","floor":25,"turns":5},{"damage":21,"enemies":"Book of Stabbing","floor":27,"turns":3}],"seed_played":"-3432053988678937767","potions_obtained":[{"floor":1,"key":"AttackPotion"},{"floor":6,"key":"FairyPotion"},{"floor":16,"key":"Energy Potion"},{"floor":18,"key":"LiquidBronze"}],"is_trial":false,"path_per_floor":["M","?","?","M","?","E","R","M","T","E","R","M","M","M","R","B",null,"M","M","?","M","$","R","?","M","T","E"],"character_chosen":"THE_SILENT","items_purchased":["Torii","Apotheosis","Blade Dance"],"campfire_rested":0,"item_purchase_floors":[22,22,22],"current_hp_per_floor":[63,68,57,57,57,57,57,57,57,26,26,34,43,42,42,34,65,59,45,45,24,24,24,10,21,21,0,0],"gold":95,"neow_bonus":"THREE_ENEMY_KILL","is_daily":false,"chose_seed":false,"campfire_upgraded":4,"win_rate":0.0,"timestamp":1613977168,"path_taken":["M","?","?","M","?","E","R","M","T","E","R","M","M","?","R","BOSS","M","M","?","M","$","R","?","M","T","E"],"items_purchased_type":["Relic","Card","Card"],"build_version":"2020-12-22","purchased_purges":0,"victory":false,"max_hp_per_floor":[70,75,75,75,75,75,75,75,75,75,75,75,75,75,75,75,75,75,75,75,75,75,75,80,80,80,80,80],"card_choices":[{"not_picked":["Eviscerate","Dash"],"picked":"Backstab","floor":1},{"not_picked":["Acrobatics","Quick Slash"],"picked":"Poisoned Stab","floor":4},{"not_picked":["Distraction","Caltrops"],"picked":"Dagger Spray","floor":6},{"not_picked":["Deflect","Choke"],"picked":"Dash","floor":8},{"not_picked":["Bullet Time","Sucker Punch"],"picked":"Escape Plan","floor":10},{"not_picked":["Poisoned Stab","Masterful Stab","Dagger Spray"],"picked":"SKIP","floor":12},{"not_picked":["Eviscerate","Flying Knee"],"picked":"PiercingWail","floor":13},{"not_picked":["Cloak And Dagger","Dagger Spray"],"picked":"Footwork","floor":14},{"not_picked":["Poisoned Stab+1","Outmaneuver","Sucker Punch"],"picked":"SKIP","floor":18},{"not_picked":["Flechettes","Deadly Poison","Skewer"],"picked":"SKIP","floor":19},{"not_picked":["Quick Slash","Tactician","Poisoned Stab"],"picked":"SKIP","floor":21},{"not_picked":["Calculated Gamble","Finisher"],"picked":"Cloak And Dagger","floor":25}],"player_experience":81190,"relics_obtained":[{"floor":6,"key":"WingedGreaves"},{"floor":10,"key":"Meat on the Bone"},{"floor":26,"key":"Omamori"}],"event_choices":[{"damage_healed":0,"gold_gain":0,"player_choice":"Donut","damage_taken":0,"max_hp_gain":5,"max_hp_loss":0,"event_name":"Big Fish","floor":2,"gold_loss":0},{"damage_healed":0,"gold_gain":75,"player_choice":"Gather Gold","damage_taken":11,"max_hp_gain":0,"max_hp_loss":0,"event_name":"World of Goop","floor":3,"gold_loss":0},{"damage_healed":0,"gold_gain":0,"player_choice":"Upgraded","damage_taken":0,"max_hp_gain":0,"max_hp_loss":0,"event_name":"Upgrade Shrine","floor":5,"gold_loss":0,"cards_upgraded":["Backstab"]},{"damage_healed":0,"gold_gain":99,"player_choice":"Stole From Cult","damage_taken":0,"max_hp_gain":0,"max_hp_loss":0,"event_name":"Nest","floor":20,"gold_loss":0},{"damage_healed":0,"gold_gain":0,"player_choice":"Shed Blood","damage_taken":19,"max_hp_gain":5,"max_hp_loss":0,"event_name":"Forgotten Altar","floor":24,"gold_loss":0}],"is_beta":false,"boss_relics":[{"not_picked":["Calling Bell","Velvet Choker"],"picked":"WristBlade"}],"items_purged_floors":[],"is_endless":false,"potions_floor_spawned":[1,6,8,16,18],"killed_by":"Book of Stabbing","ascension_level":12}}