{"host":"kda2p2afd6bvz6qo","time":1613958288,"event":{"mods":["BaseMod","Colored Map","Minty Spire (QoL Compilation)","Relic Stats"],"gold_per_floor":[119,131,150,33,48,48,75,75,75,94,113,113,113,147,147,224,274,291,10,10,10,10,37,37,69,94,94,114,114,127,147,147,224,224,235,249,260,270,270,303,303,303,380,411,95,129,129,154,154,154,154],"floor_reached":50,"language":"ENG","playtime":3234,"items_purged":[],"score":1416,"play_id":"b3c4ab85-9b61-47dc-8d04-4ac2a074225f","local_time":"20210222014448","is_ascension_mode":true,"campfire_choices":[{"floor":8.0,"key":"REST"},{"data":"Blade Dance","floor":12.0,"key":"SMITH"},{"data":"Leg Sweep","floor":15.0,"key":"SMITH"},{"floor":24.0,"key":"REST"},{"floor":27.0,"key":"REST"},{"floor":32.0,"key":"REST"},{"data":"Noxious Fumes","floor":41,"key":"SMITH"},{"floor":49,"key":"RECALL"}],"circlet_count":0,"master_deck":["AscendersBane","Strike_G+1","Strike_G+1","Strike_G+1","Defend_G+1","Defend_G+1","Defend_G+1","Defend_G+1","Defend_G+1","Survivor+1","Neutralize","Prepared","Acrobatics+1","Underhanded Strike+1","Reflex","All Out Attack","Blade Dance+1","After Image","Blur","Leg Sweep+1","Acrobatics+1","Envenom","Blur+1","Calculated Gamble+1","Noxious Fumes+1","Expertise+1","Blade Dance+1","Backflip+1","Tactician+1","Blur+1","Flechettes","Burst+1","Dagger Throw+1","Concentrate+1","Well Laid Plans+1","Terror+1","After Image","Bandage Up+1","Blur+1"],"relics":["HoveringKite","Calipers","Shuriken","Toxic Egg 2","Tiny House","OrangePellets","Enchiridion","Boot","Bottled Flame","Lantern","SlaversCollar","Potion Belt","Bottled Lightning","Tingsha","Question Card","War Paint"],"acts_visited":["Exordium","TheCity","TheBeyond"],"potions_floor_usage":[46,46],"damage_taken":[{"damage":19.0,"enemies":"Cultist","floor":1.0,"turns":7.0},{"damage":2.0,"enemies":"2 Louse","floor":2.0,"turns":3.0},{"damage":0.0,"enemies":"Jaw Worm","floor":3.0,"turns":5.0},{"damage":1.0,"enemies":"2 Fungi Beasts","floor":5.0,"turns":3.0},{"damage":7.0,"enemies":"3 Sentries","floor":7.0,"turns":5.0},{"damage":0.0,"enemies":"Looter","floor":10.0,"turns":3.0},{"damage":0.0,"enemies":"Large Slime","floor":11.0,"turns":4.0},{"damage":6.0,"enemies":"Gremlin Nob","floor":14.0,"turns":4.0},{"damage":21.0,"enemies":"Hexaghost","floor":16.0,"turns":11.0},{"damage":22.0,"enemies":"Chosen","floor":18.0,"turns":6.0},{"damage":30.0,"enemies":"Gremlin Leader","floor":23.0,"turns":9.0},{"damage":22.0,"enemies":"Book of Stabbing","floor":25.0,"turns":6.0},{"damage":0.0,"enemies":"2 Thieves","floor":28.0,"turns":4.0},{"damage":6.0,"enemies":"Centurion and Healer","floor":30.0,"turns":4.0},{"damage":0.0,"enemies":"Shelled Parasite and Fungi","floor":31.0,"turns":1.0},{"damage":13.0,"enemies":"Champ","floor":33.0,"turns":10.0},{"damage":0.0,"enemies":"Orb Walker","floor":35.0,"turns":2.0},{"damage":11.0,"enemies":"3 Darklings","floor":36.0,"turns":5.0},{"damage":1,"enemies":"Sphere and 2 Shapes","floor":37,"turns":5},{"damage":10,"enemies":"Jaw Worm Horde","floor":38,"turns":3},{"damage":0,"enemies":"Reptomancer","floor":40,"turns":6},{"damage":0,"enemies":"Giant Head","floor":44,"turns":7},{"damage":7,"enemies":"Reptomancer","floor":46,"turns":6},{"damage":0,"enemies":"Nemesis","floor":48,"turns":5},{"damage":68,"enemies":"Time Eater","floor":50,"turns":9}],"seed_played":"-1161480767157803540","potions_obtained":[{"floor":2.0,"key":"CultistPotion"},{"floor":3.0,"key":"SmokeBomb"},{"floor":7.0,"key":"Weak Potion"},{"floor":10.0,"key":"FairyPotion"},{"floor":11.0,"key":"ColorlessPotion"},{"floor":16.0,"key":"ColorlessPotion"},{"floor":17.0,"key":"SteroidPotion"},{"floor":25.0,"key":"SteroidPotion"},{"floor":28.0,"key":"CunningPotion"},{"floor":31.0,"key":"BlessingOfTheForge"},{"floor":40,"key":"Fire Potion"},{"floor":46,"key":"FearPotion"}],"is_trial":false,"path_per_floor":["M","M","M","$","M","?","E","R","T","M","M","R","?","E","R","B",null,"M","$","?","?","?","E","R","E","T","R","M","?","M","M","R","B",null,"M","M","M","M","?","E","R","?","T","E","$","E","?","E","R","B"],"character_chosen":"THE_SILENT","items_purchased":["Reflex","All Out Attack","OrangePellets","Noxious Fumes","Expertise+1","Tingsha"],"campfire_rested":4,"item_purchase_floors":[4,4,19,19,19,45],"current_hp_per_floor":[40,38,38,38,37,30,23,42,42,42,42,42,42,36,36,15,58,36,36,36,36,15,10,31,9,9,30,30,10,4,4,26,13,60,60,49,48,38,38,38,38,62,62,62,62,55,55,61,61,0,0],"gold":154,"neow_bonus":"BOSS_RELIC","is_daily":false,"chose_seed":false,"campfire_upgraded":3,"win_rate":0.0,"timestamp":1613958288,"path_taken":["M","?","M","$","M","?","E","R","T","M","M","R","?","E","R","BOSS","M","$","?","?","?","E","R","E","T","R","M","?","M","M","R","BOSS","M","M","M","M","?","E","R","?","T","E","$","E","?","E","R","BOSS"],"items_purchased_type":["Card","Card","Relic","Card","Card","Relic"],"build_version":"2020-12-22","purchased_purges":0,"victory":false,"max_hp_per_floor":[66,66,66,66,66,66,66,66,66,66,66,66,66,66,66,66,71,71,71,71,71,71,71,71,71,71,71,71,76,76,76,76,76,76,76,76,76,76,76,76,76,62,62,62,62,62,62,62,62,62,62],"relic_stats":{"OrangePellets":[5],"counters":[25,133],"Shuriken":[88],"HoveringKite":[95],"Tingsha":[83],"War Paint":["Acrobatics","Survivor"],"Boot":[80],"Question Card":2,"obtain_stats":[{"Potion Belt":40,"Lantern":26,"Calipers":7,"Tiny House":17,"HoveringKite":0,"Enchiridion":22,"Tingsha":45,"War Paint":48,"Boot":23,"Question Card":46,"OrangePellets":19,"SlaversCollar":34,"Bottled Flame":25,"Shuriken":9,"Bottled Lightning":44,"Toxic Egg 2":14,"Ring of the Snake":0},{"Potion Belt":21,"Lantern":12,"Calipers":5,"Tiny House":9,"HoveringKite":0,"Enchiridion":10,"Tingsha":22,"War Paint":24,"Boot":11,"Question Card":23,"OrangePellets":10,"SlaversCollar":16,"Bottled Flame":12,"Shuriken":5,"Bottled Lightning":22,"Toxic Egg 2":8,"Ring of the Snake":0},{"Potion Belt":106,"Lantern":66,"Calipers":23,"Tiny House":45,"HoveringKite":0,"Enchiridion":51,"Tingsha":113,"War Paint":124,"Boot":60,"Question Card":119,"OrangePellets":51,"SlaversCollar":85,"Bottled Flame":66,"Shuriken":23,"Bottled Lightning":113,"Toxic Egg 2":34,"Ring of the Snake":0}]},"card_choices":[{"not_picked":["Slice","Calculated Gamble"],"picked":"Prepared","floor":1.0},{"not_picked":["Blur","Sucker Punch"],"picked":"Acrobatics","floor":2.0},{"not_picked":["Dodge and Roll","Infinite Blades"],"picked":"Underhanded Strike","floor":3.0},{"not_picked":["Poisoned Stab","Bane"],"picked":"Blade Dance","floor":5.0},{"not_picked":["Blur","Crippling Poison"],"picked":"After Image","floor":7.0},{"not_picked":["PiercingWail","Dodge and Roll"],"picked":"Blur","floor":10.0},{"not_picked":["Quick Slash","Masterful Stab"],"picked":"Leg Sweep","floor":11.0},{"not_picked":["Die Die Die","Dagger Throw"],"picked":"Acrobatics+1","floor":14.0},{"not_picked":["After Image","Venomology+1"],"picked":"Envenom","floor":16.0},{"not_picked":["Escape Plan+1","Deflect+1"],"picked":"Blur+1","floor":17.0},{"not_picked":["Escape Plan+1","Slice"],"picked":"Calculated Gamble+1","floor":18.0},{"not_picked":["Prepared+1","Underhanded Strike"],"picked":"Blade Dance+1","floor":23.0},{"not_picked":["Grand Finale","Skewer"],"picked":"Backflip+1","floor":25.0},{"not_picked":["Predator","Dagger Throw"],"picked":"Tactician+1","floor":28.0},{"not_picked":["Quick Slash","Deflect+1"],"picked":"Blur+1","floor":30.0},{"not_picked":["Dagger Throw","Reflex+1"],"picked":"Flechettes","floor":31.0},{"not_picked":["Venomology+1","Bullet Time+1"],"picked":"Burst+1","floor":33.0},{"not_picked":["Deflect+1","Sucker Punch"],"picked":"Dagger Throw+1","floor":35.0},{"not_picked":["Blade Dance+1","Poisoned Stab+1"],"picked":"Concentrate+1","floor":36.0},{"not_picked":["Infinite Blades","Deadly Poison+1","Sucker Punch"],"picked":"SKIP","floor":37},{"not_picked":["Unload","Endless Agony+1","Heel Hook"],"picked":"SKIP","floor":38},{"not_picked":["Cloak And Dagger+1","Dagger Throw"],"picked":"Well Laid Plans+1","floor":40},{"not_picked":["Tactician+1","Doppelganger+1"],"picked":"Terror+1","floor":44},{"not_picked":["Crippling Poison+1","Endless Agony"],"picked":"After Image","floor":46},{"not_picked":["Purity+1","Finesse+1","Thinking Ahead+1"],"picked":"Bandage Up+1","floor":47},{"not_picked":["Dodge and Roll+1","Underhanded Strike","Venomology+1"],"picked":"Blur+1","floor":48}],"player_experience":285379,"relics_obtained":[{"floor":7.0,"key":"Calipers"},{"floor":9.0,"key":"Shuriken"},{"floor":14.0,"key":"Toxic Egg 2"},{"floor":22.0,"key":"Enchiridion"},{"floor":23.0,"key":"Boot"},{"floor":25.0,"key":"Bottled Flame"},{"floor":26.0,"key":"Lantern"},{"floor":40,"key":"Potion Belt"},{"floor":44,"key":"Bottled Lightning"},{"floor":46,"key":"Question Card"},{"floor":48,"key":"War Paint"}],"event_choices":[{"cards_removed":["Strike_G"],"damage_healed":0.0,"max_hp_gain":0.0,"max_hp_loss":0.0,"gold_gain":0.0,"event_name":"Golden Wing","player_choice":"Card Removal","floor":6.0,"gold_loss":0.0,"damage_taken":7.0},{"damage_healed":0.0,"max_hp_gain":0.0,"max_hp_loss":0.0,"gold_gain":0.0,"event_name":"Liars Game","player_choice":"Ignored","floor":13.0,"gold_loss":0.0,"damage_taken":0.0},{"damage_healed":0.0,"max_hp_gain":0.0,"max_hp_loss":0.0,"gold_gain":0.0,"event_name":"Back to Basics","player_choice":"Simplicity","floor":20.0,"gold_loss":0.0,"damage_taken":0.0,"cards_upgraded":["Strike_G","Strike_G","Strike_G","Strike_G","Defend_G","Defend_G","Defend_G","Defend_G","Defend_G"]},{"damage_healed":0.0,"max_hp_gain":0.0,"max_hp_loss":0.0,"gold_gain":0.0,"event_name":"Vampires","player_choice":"Ignored","floor":21.0,"gold_loss":0.0,"damage_taken":0.0},{"damage_healed":0.0,"max_hp_gain":0.0,"max_hp_loss":0.0,"gold_gain":0.0,"event_name":"Cursed Tome","player_choice":"Obtained Book","floor":22.0,"gold_loss":0.0,"damage_taken":21.0},{"damage_healed":0.0,"max_hp_gain":5.0,"max_hp_loss":0.0,"gold_gain":0.0,"event_name":"Forgotten Altar","player_choice":"Shed Blood","floor":29.0,"gold_loss":0.0,"damage_taken":25.0},{"cards_removed":["Strike_G"],"damage_healed":0,"gold_gain":0,"player_choice":"Removed Attack","damage_taken":0,"max_hp_gain":0,"max_hp_loss":0,"event_name":"Falling","floor":39,"gold_loss":0},{"damage_healed":62,"gold_gain":0,"player_choice":"Heal","damage_taken":0,"max_hp_gain":0,"max_hp_loss":14,"event_name":"The Moai Head","floor":42,"gold_loss":0},{"damage_healed":0,"gold_gain":0,"player_choice":"Memory 1","damage_taken":0,"max_hp_gain":0,"max_hp_loss":0,"event_name":"SensoryStone","floor":47,"gold_loss":0}],"is_beta":false,"boss_relics":[{"not_picked":["Snecko Eye","Fusion Hammer"],"picked":"Tiny House"},{"not_picked":["Empty Cage","Velvet Choker"],"picked":"SlaversCollar"}],"items_purged_floors":[],"is_endless":false,"potions_floor_spawned":[2,3,7,10,11,16,25,28,30,31,35,40,46],"killed_by":"Time Eater","ascension_level":20}}