{"host":"kda2p2afd6bvz6qo","time":1613959339,"event":{"mods":["BaseMod","Colored Map","Minty Spire (QoL Compilation)","Relic Stats"],"gold_per_floor":[115,134,209,223,44,78,78,78,125,156,156,81,94,114,114,213,213,232,32,131,131,151,151,151],"floor_reached":23,"language":"ENG","playtime":895,"items_purged":["Pain"],"score":289,"play_id":"0a129c3e-2d5e-4d59-95ee-c79d3819a3dd","local_time":"20210222020219","is_ascension_mode":true,"campfire_choices":[{"floor":8.0,"key":"REST"},{"data":"Streamline","floor":11.0,"key":"SMITH"},{"data":"Beam Cell","floor":15.0,"key":"SMITH"}],"circlet_count":0,"master_deck":["Strike_B","Strike_B","Strike_B","Strike_B","Defend_B","Defend_B","Defend_B","Defend_B","Zap","Dualcast","Gash","Streamline+1","Self Repair","Scrape","Undo","Gash","Beam Cell+1","Echo Form","Melter+1","Meteor Strike","Go for the Eyes"],"relics":["Sozu","Bronze Scales","WarpedTongs","Shuriken","Nuclear Battery"],"acts_visited":["Exordium","TheCity"],"potions_floor_usage":[],"damage_taken":[{"damage":8.0,"enemies":"Small Slimes","floor":1.0,"turns":3.0},{"damage":10.0,"enemies":"2 Louse","floor":2.0,"turns":2.0},{"damage":0.0,"enemies":"Cultist","floor":4.0,"turns":3.0},{"damage":24.0,"enemies":"Gremlin Nob","floor":6.0,"turns":5.0},{"damage":13.0,"enemies":"Lagavulin","floor":10.0,"turns":7.0},{"damage":4.0,"enemies":"2 Fungi Beasts","floor":13.0,"turns":3.0},{"damage":12.0,"enemies":"Exordium Thugs","floor":14.0,"turns":4.0},{"damage":18.0,"enemies":"The Guardian","floor":16.0,"turns":8.0},{"damage":15,"enemies":"Shell Parasite","floor":18,"turns":5},{"damage":41,"enemies":"2 Thieves","floor":22,"turns":5},{"damage":34,"enemies":"Slavers","floor":23,"turns":1}],"seed_played":"165889695827452685","potions_obtained":[],"is_trial":false,"path_per_floor":["M","M","?","M","$","E","?","R","T","E","R","$","M","M","R","B",null,"M","$","?","?","M","E"],"character_chosen":"DEFECT","items_purchased":["Self Repair","Scrape","Undo","Meteor Strike","Go for the Eyes"],"campfire_rested":1,"item_purchase_floors":[5,5,5,19,19],"current_hp_per_floor":[60,50,39,39,39,22,22,44,44,38,38,38,41,36,36,28,63,68,68,68,68,27,0,0],"gold":151,"neow_bonus":"BOSS_RELIC","is_daily":false,"chose_seed":false,"campfire_upgraded":2,"win_rate":0.0,"timestamp":1613959339,"path_taken":["M","M","?","M","$","E","?","R","T","E","R","$","M","M","R","BOSS","M","$","?","?","M","E"],"items_purchased_type":["Card","Card","Card","Card","Card"],"build_version":"2020-12-22","purchased_purges":1,"victory":false,"max_hp_per_floor":[75,75,75,75,75,75,75,75,75,75,75,75,75,75,75,75,75,75,75,75,75,75,75,75],"relic_stats":{"Sozu":5,"counters":[11,46],"Shuriken":[9],"Bronze Scales":[75],"obtain_stats":[{"Sozu":0,"Shuriken":10,"Bronze Scales":6,"Cracked Core":0,"WarpedTongs":7,"Nuclear Battery":17},{"Sozu":0,"Shuriken":5,"Bronze Scales":4,"Cracked Core":0,"WarpedTongs":4,"Nuclear Battery":8},{"Sozu":0,"Shuriken":20,"Bronze Scales":13,"Cracked Core":0,"WarpedTongs":13,"Nuclear Battery":35}],"WarpedTongs":[33]},"card_choices":[{"not_picked":["Storm","Recycle","Stack"],"picked":"SKIP","floor":1.0},{"not_picked":["Glacier","Leap"],"picked":"Gash","floor":2.0},{"not_picked":["Rebound","Reinforced Body"],"picked":"Streamline","floor":4.0},{"not_picked":["Steam Power","Turbo","Lockon"],"picked":"SKIP","floor":6.0},{"not_picked":["Auto Shields","Loop"],"picked":"Gash","floor":10.0},{"not_picked":["Recycle","Barrage","Heatsinks"],"picked":"SKIP","floor":13.0},{"not_picked":["Leap","Undo"],"picked":"Beam Cell","floor":14.0},{"not_picked":["Amplify","Biased Cognition"],"picked":"Echo Form","floor":16.0},{"not_picked":["Compile Driver","Static Discharge"],"picked":"Melter+1","floor":18},{"not_picked":["Streamline","Cold Snap+1","Steam"],"picked":"SKIP","floor":22}],"player_experience":288613,"relics_obtained":[{"floor":6.0,"key":"Bronze Scales"},{"floor":10.0,"key":"Shuriken"}],"event_choices":[{"damage_healed":0.0,"max_hp_gain":0.0,"max_hp_loss":0.0,"gold_gain":75.0,"event_name":"World of Goop","player_choice":"Gather Gold","floor":3.0,"gold_loss":0.0,"damage_taken":11.0},{"damage_healed":0.0,"max_hp_gain":0.0,"max_hp_loss":0.0,"gold_gain":0.0,"event_name":"Accursed Blacksmith","player_choice":"Rummage","floor":7.0,"gold_loss":0.0,"damage_taken":0.0,"relics_obtained":["WarpedTongs"],"cards_obtained":["Pain"]},{"damage_healed":0,"gold_gain":99,"player_choice":"Stole From Cult","damage_taken":0,"max_hp_gain":0,"max_hp_loss":0,"event_name":"Nest","floor":20,"gold_loss":0},{"damage_healed":0,"gold_gain":0,"player_choice":"0 cards matched","damage_taken":0,"max_hp_gain":0,"max_hp_loss":0,"event_name":"Match and Keep!","floor":21,"gold_loss":0,"cards_obtained":[]}],"is_beta":false,"boss_relics":[{"not_picked":["Runic Dome","Inserter"],"picked":"Nuclear Battery"}],"items_purged_floors":[12],"is_endless":false,"potions_floor_spawned":[1,6,10,16,18],"killed_by":"Slavers","ascension_level":9}}