{"host":"f5gffvlv6a66yqkd","time":1613988092,"event":{"mods":["2.2 Compatiblity","BaseMod","Colored Map","Custom Start","DeckTracker","Keyboard Shortcuts","Minty Spire (QoL Compilation)","Permanent Neow","Quick Restart","Relic Stats","StSLib","SuperFastMode"],"gold_per_floor":[110,127,144,157,173,173,203,218,218,218,233,233,233,35,35,35,35],"floor_reached":16,"language":"KOR","playtime":234,"items_purged":[],"score":208,"play_id":"509f7ac5-74cd-4666-a398-2f197a46b028","local_time":"20210222190132","is_ascension_mode":true,"campfire_choices":[{"floor":6,"key":"REST"},{"floor":10,"key":"REST"},{"data":"Defragment","floor":12,"key":"SMITH"},{"data":"Fission","floor":15,"key":"SMITH"}],"circlet_count":0,"master_deck":["AscendersBane","Strike_B","Strike_B","Strike_B","Strike_B","Defend_B","Defend_B","Defend_B","Defend_B","Zap+1","Dualcast","Ball Lightning","Loop","Streamline","Defragment+1","Fission+1","Coolheaded","Turbo"],"relics":["Cracked Core","Pear","TungstenRod","Runic Capacitor"],"acts_visited":["Exordium"],"potions_floor_usage":[8],"damage_taken":[{"damage":0.0,"enemies":"Cultist","floor":1.0,"turns":3.0},{"damage":7.0,"enemies":"Small Slimes","floor":2.0,"turns":2.0},{"damage":24.0,"enemies":"Jaw Worm","floor":3.0,"turns":4.0},{"damage":7.0,"enemies":"Looter","floor":4.0,"turns":3.0},{"damage":8.0,"enemies":"Blue Slaver","floor":5.0,"turns":3.0},{"damage":30,"enemies":"Lagavulin","floor":7,"turns":5},{"damage":2,"enemies":"2 Fungi Beasts","floor":8,"turns":3},{"damage":5,"enemies":"3 Louse","floor":11,"turns":5},{"damage":29,"enemies":"The Guardian","floor":16,"turns":5}],"seed_played":"-4228635347328466820","potions_obtained":[{"floor":1.0,"key":"Fire Potion"},{"floor":5.0,"key":"LiquidBronze"},{"floor":8,"key":"SpeedPotion"}],"is_trial":false,"path_per_floor":["M","M","M","M","M","R","E","M","T","R","M","R","T","$","R","B"],"character_chosen":"DEFECT","items_purchased":["Runic Capacitor","Turbo"],"campfire_rested":2,"item_purchase_floors":[14,14],"current_hp_per_floor":[64,57,33,26,18,39,19,17,17,41,36,36,36,36,36,7,7],"gold":35,"neow_bonus":"UPGRADE_CARD","is_daily":false,"chose_seed":false,"campfire_upgraded":2,"win_rate":0.0,"timestamp":1613988092,"path_taken":["M","M","M","M","M","R","E","M","T","R","?","R","?","?","R","BOSS"],"items_purchased_type":["Relic","Card"],"build_version":"2020-12-22","purchased_purges":0,"victory":false,"max_hp_per_floor":[71,71,71,71,71,71,81,81,81,81,81,81,81,81,81,81,81],"relic_stats":{"counters":[9,30],"obtain_stats":[{"Pear":7,"Runic Capacitor":14,"Cracked Core":0,"TungstenRod":13},{"Pear":6,"Runic Capacitor":8,"Cracked Core":0,"TungstenRod":8},{"Pear":18,"Runic Capacitor":25,"Cracked Core":0,"TungstenRod":25}],"TungstenRod":3},"card_choices":[{"not_picked":["Lockon","Gash"],"picked":"Ball Lightning","floor":1.0},{"not_picked":["Redo","Compile Driver"],"picked":"Loop","floor":2.0},{"not_picked":["Stack","Hologram"],"picked":"Streamline","floor":3.0},{"not_picked":["Hologram","Sweeping Beam"],"picked":"Defragment","floor":4.0},{"not_picked":["Melter","Skim"],"picked":"Fission","floor":5.0},{"not_picked":["Aggregate","Ball Lightning","Doom and Gloom"],"picked":"SKIP","floor":7},{"not_picked":["Ball Lightning","Cold Snap"],"picked":"Coolheaded","floor":8},{"not_picked":["Compile Driver","Leap","Reprogram"],"picked":"SKIP","floor":11}],"player_experience":1555553,"relics_obtained":[{"floor":7,"key":"Pear"},{"floor":13,"key":"TungstenRod"}],"event_choices":[],"is_beta":false,"boss_relics":[],"items_purged_floors":[],"is_endless":false,"potions_floor_spawned":[1,5,8],"killed_by":"The Guardian","ascension_level":20}}