{"host":"p8bnstsjdxjza4jm","time":1613980541,"event":{"mods":["BaseMod","Colored Powertips","Minty Spire (QoL Compilation)","Quick Restart","StSLib","Together in Spire"],"gold_per_floor":[117,132,232,251,270,270,289,320,372,407,45,57,67,83,83,185,185,197,197,47,47,65,91,109,109,109,109,121,133,152,16,16,119,169,187,187,199,199,214,214,0,0,54,74,74,74,124,152,152,152],"floor_reached":51,"language":"KOR","playtime":6828,"items_purged":["Strike_G","Defend_G"],"score":719,"play_id":"ad72cbdb-770b-47e5-87ee-e9036dd958d3","local_time":"20210222165541","is_ascension_mode":true,"campfire_choices":[{"data":"Accuracy","floor":6.0,"key":"SMITH"},{"floor":15.0,"key":"REST"},{"data":"Infinite Blades","floor":25.0,"key":"SMITH"},{"data":"Cloak And Dagger","floor":27.0,"key":"SMITH"},{"floor":32.0,"key":"REST"},{"data":"Infinite Blades","floor":40.0,"key":"SMITH"},{"data":"After Image","floor":42.0,"key":"SMITH"},{"floor":46.0,"key":"REST"},{"floor":49,"key":"REST"}],"circlet_count":0,"master_deck":["Strike_G","Strike_G+1","Strike_G","Defend_G","Defend_G","Defend_G","Survivor","Neutralize","Accuracy+1","Cloak And Dagger+1","Slice","Dagger Throw","Backstab","PiercingWail","Infinite Blades+1","Blade Dance","Backstab","Blade Dance","After Image+1","A Thousand Cuts","Infinite Blades+1","Slice","Blade Dance+1","Enlightenment"],"relics":["Ring of the Snake","NeowsBlessing","Mango","Vajra","Shuriken","Torii","WristBlade","Nilry\u0027s Codex","MealTicket","Bottled Flame","Tiny House","Red Mask","Happy Flower","TungstenRod","Incense Burner"],"acts_visited":["Exordium","TheCity","TheBeyond"],"potions_floor_usage":[50,50],"damage_taken":[{"damage":0.0,"enemies":"2 Louse","floor":1.0,"turns":1.0},{"damage":0.0,"enemies":"Cultist","floor":2.0,"turns":1.0},{"damage":0.0,"enemies":"Small Slimes","floor":4.0,"turns":1.0},{"damage":0.0,"enemies":"2 Fungi Beasts","floor":5.0,"turns":6.0},{"damage":0.0,"enemies":"Exordium Thugs","floor":7.0,"turns":6.0},{"damage":32.0,"enemies":"Lagavulin","floor":8.0,"turns":8.0},{"damage":17.0,"enemies":"3 Sentries","floor":10.0,"turns":8.0},{"damage":0.0,"enemies":"Looter","floor":12.0,"turns":2.0},{"damage":8.0,"enemies":"Large Slime","floor":13.0,"turns":5.0},{"damage":0.0,"enemies":"3 Louse","floor":14.0,"turns":3.0},{"damage":30.0,"enemies":"The Guardian","floor":16.0,"turns":11.0},{"damage":4.0,"enemies":"3 Byrds","floor":18.0,"turns":6.0},{"damage":0.0,"enemies":"Chosen","floor":22.0,"turns":3.0},{"damage":14.0,"enemies":"Gremlin Leader","floor":23.0,"turns":4.0},{"damage":0.0,"enemies":"Snake Plant","floor":24.0,"turns":2.0},{"damage":13.0,"enemies":"Centurion and Healer","floor":28.0,"turns":3.0},{"damage":0.0,"enemies":"Chosen and Byrds","floor":29.0,"turns":4.0},{"damage":0.0,"enemies":"Shelled Parasite and Fungi","floor":30.0,"turns":1.0},{"damage":37.0,"enemies":"Champ","floor":33.0,"turns":6.0},{"damage":11.0,"enemies":"3 Shapes","floor":35.0,"turns":3.0},{"damage":10.0,"enemies":"3 Darklings","floor":37.0,"turns":4.0},{"damage":13.0,"enemies":"Spire Growth","floor":39.0,"turns":3.0},{"damage":0.0,"enemies":"Maw","floor":44.0,"turns":4.0},{"damage":23.0,"enemies":"2 Orb Walkers","floor":47.0,"turns":4.0},{"damage":22,"enemies":"Nemesis","floor":48,"turns":5},{"damage":57,"enemies":"Time Eater","floor":50,"turns":8}],"seed_played":"3518233283805102344","potions_obtained":[{"floor":1.0,"key":"SmokeBomb"},{"floor":4.0,"key":"EssenceOfSteel"},{"floor":5.0,"key":"LiquidBronze"},{"floor":10.0,"key":"Regen Potion"},{"floor":14.0,"key":"Block Potion"},{"floor":18.0,"key":"LiquidBronze"},{"floor":28.0,"key":"CunningPotion"},{"floor":29.0,"key":"SkillPotion"},{"floor":30.0,"key":"Explosive Potion"},{"floor":34.0,"key":"Strength Potion"},{"floor":35.0,"key":"CultistPotion"},{"floor":48,"key":"Explosive Potion"}],"is_trial":false,"path_per_floor":["M","M","?","M","M","R","M","E","T","E","$","M","M","M","R","B",null,"M","?","$","?","M","E","M","R","T","R","M","M","M","$","R","B",null,"M","?","M","?","M","R","?","R","T","M","?","R","?","E","R","B",null],"character_chosen":"THE_SILENT","items_purchased":["Torii","Blade Dance","After Image"],"campfire_rested":4,"item_purchase_floors":[11,20,31],"current_hp_per_floor":[70,70,70,70,70,70,70,52,52,35,35,35,27,27,52,37,84,80,64,64,64,64,50,50,50,50,50,37,37,37,52,77,40,89,78,78,68,68,55,55,55,55,55,55,55,80,57,35,60,3],"gold":152,"neow_bonus":"THREE_ENEMY_KILL","is_daily":false,"chose_seed":false,"campfire_upgraded":5,"win_rate":0.0,"timestamp":1613980541,"path_taken":["M","M","?","M","M","R","M","E","T","E","$","M","M","?","R","BOSS","M","?","$","?","M","E","?","R","T","R","M","M","M","$","R","BOSS","M","?","M","?","M","R","?","R","T","M","?","R","?","E","R","BOSS"],"items_purchased_type":["Relic","Card","Card"],"build_version":"2020-12-22","purchased_purges":2,"victory":true,"max_hp_per_floor":[70,70,70,70,70,70,70,84,84,84,84,84,84,84,84,84,84,84,84,84,84,84,84,84,84,84,84,84,84,84,84,84,84,89,89,85,85,85,85,85,85,85,85,85,85,85,85,85,85,85],"card_choices":[{"not_picked":["Choke","Deflect"],"picked":"Accuracy","floor":1.0},{"not_picked":["Catalyst","Sucker Punch"],"picked":"Cloak And Dagger","floor":2.0},{"not_picked":["Dodge and Roll","Sucker Punch","Quick Slash"],"picked":"SKIP","floor":4.0},{"not_picked":["Deadly Poison","Catalyst","Tactician"],"picked":"SKIP","floor":5.0},{"not_picked":["Quick Slash","Poisoned Stab"],"picked":"Slice","floor":7.0},{"not_picked":["Expertise","Outmaneuver"],"picked":"Dagger Throw","floor":8.0},{"not_picked":["Bane","Choke"],"picked":"Backstab","floor":10.0},{"not_picked":["Bane","Riddle With Holes"],"picked":"PiercingWail","floor":12.0},{"not_picked":["Masterful Stab","Expertise","Acrobatics"],"picked":"SKIP","floor":13.0},{"not_picked":["Die Die Die","Sucker Punch","Backflip"],"picked":"SKIP","floor":14.0},{"not_picked":["Dagger Spray","Deadly Poison"],"picked":"Infinite Blades","floor":18.0},{"not_picked":["Eviscerate","Poisoned Stab","Deadly Poison"],"picked":"SKIP","floor":22.0},{"not_picked":["Poisoned Stab","Glass Knife"],"picked":"Backstab","floor":23.0},{"not_picked":["Bane","Blur+1","Dagger Spray"],"picked":"SKIP","floor":24.0},{"not_picked":["Catalyst+1","Tactician+1","Predator+1"],"picked":"SKIP","floor":28.0},{"not_picked":["Acrobatics","Dodge and Roll+1"],"picked":"Blade Dance","floor":29.0},{"not_picked":["PiercingWail+1","Caltrops","Poisoned Stab"],"picked":"SKIP","floor":30.0},{"not_picked":["Envenom","Tools of the Trade"],"picked":"A Thousand Cuts","floor":33.0},{"not_picked":["Cloak And Dagger","Backflip"],"picked":"Infinite Blades","floor":34.0},{"not_picked":["All Out Attack","Outmaneuver"],"picked":"Slice","floor":35.0},{"not_picked":["Catalyst+1","Predator"],"picked":"Blade Dance+1","floor":37.0},{"not_picked":["Concentrate+1","Noxious Fumes+1","Quick Slash+1"],"picked":"SKIP","floor":39.0},{"not_picked":["Backflip+1","Reflex","Corpse Explosion"],"picked":"SKIP","floor":44.0},{"not_picked":["Mind Blast","Trip"],"picked":"Enlightenment","floor":45.0},{"not_picked":["Heel Hook","Escape Plan+1","Outmaneuver"],"picked":"SKIP","floor":48}],"player_experience":103774,"relics_obtained":[{"floor":8.0,"key":"Mango"},{"floor":9.0,"key":"Vajra"},{"floor":10.0,"key":"Shuriken"},{"floor":19.0,"key":"Nilry\u0027s Codex"},{"floor":23.0,"key":"MealTicket"},{"floor":26.0,"key":"Bottled Flame"},{"floor":43.0,"key":"Happy Flower"},{"floor":47.0,"key":"TungstenRod"},{"floor":48,"key":"Incense Burner"}],"event_choices":[{"damage_healed":0.0,"max_hp_gain":0.0,"max_hp_loss":0.0,"gold_gain":100.0,"event_name":"Golden Shrine","player_choice":"Pray","floor":3.0,"gold_loss":0.0,"damage_taken":0.0},{"damage_healed":0.0,"max_hp_gain":0.0,"max_hp_loss":0.0,"gold_gain":0.0,"event_name":"Cursed Tome","player_choice":"Obtained Book","floor":19.0,"gold_loss":0.0,"damage_taken":16.0},{"cards_removed":["Strike_G"],"damage_healed":0.0,"max_hp_gain":0.0,"max_hp_loss":0.0,"gold_gain":0.0,"event_name":"Bonfire Elementals","player_choice":"Offered Basic","floor":21.0,"gold_loss":0.0,"damage_taken":0.0},{"damage_healed":0.0,"max_hp_gain":0.0,"max_hp_loss":4.0,"gold_gain":0.0,"event_name":"Winding Halls","player_choice":"Max HP","floor":36.0,"gold_loss":0.0,"damage_taken":0.0},{"cards_removed":["Defend_G"],"damage_healed":0.0,"max_hp_gain":0.0,"max_hp_loss":0.0,"gold_gain":0.0,"event_name":"Falling","player_choice":"Removed Skill","floor":38.0,"gold_loss":0.0,"damage_taken":0.0},{"damage_healed":0.0,"max_hp_gain":0.0,"max_hp_loss":0.0,"gold_gain":0.0,"event_name":"Tomb of Lord Red Mask","player_choice":"Paid","floor":41.0,"gold_loss":214.0,"damage_taken":0.0,"relics_obtained":["Red Mask"]},{"damage_healed":0.0,"max_hp_gain":0.0,"max_hp_loss":0.0,"gold_gain":0.0,"event_name":"SensoryStone","player_choice":"Memory 1","floor":45.0,"gold_loss":0.0,"damage_taken":0.0},{"damage_healed":0.0,"max_hp_gain":0.0,"max_hp_loss":0.0,"gold_gain":0.0,"event_name":"Mysterious Sphere","player_choice":"Fight","floor":47.0,"gold_loss":0.0,"damage_taken":0.0}],"is_beta":false,"boss_relics":[{"not_picked":["Snecko Eye","Runic Dome"],"picked":"WristBlade"},{"not_picked":["Cursed Key","Astrolabe"],"picked":"Tiny House"}],"items_purged_floors":[11,20],"is_endless":false,"potions_floor_spawned":[1,4,5,10,14,18,28,29,30,35,48],"ascension_level":1}}