{"host":"5tnmlfm2arf82kze","time":1613994248,"event":{"mods":["Act Like it!","Arknights","BaseMod","CapriCore","Colored Powertips","Gensokyo","Minty Spire (QoL Compilation)","Remilia（蕾米莉亚）","Replay The Spire","RumiaBox-露米娅的神秘盒子","Shop Mod","Spicy Shops","StSLib","Waifu the Spire","Yakumo Yukari mod","Youmu（魂魄妖梦）","Yuyuko","【功能Mod】聪明的最终Boss"],"gold_per_floor":[131,150,325,340,415,415,447,447,447,121,121,121,147,159,159,256,256,275,326,101,101,101,134,134,154,154,164,164,189,14,26,26,130,130,145,69,79,79,79,97,114,139,139,164,164,194,207,234,234,250,250,250,250,250,0,26,26],"floor_reached":58,"language":"ZHS","playtime":4512,"items_purged":["Defend_purpleEX","AT_purpleEX","AT_purpleEX+1"],"score":1848,"play_id":"fb95a11c-4328-412d-96e8-9e94d15123db","local_time":"20210222194408","is_ascension_mode":true,"campfire_choices":[{"data":"Observe_purple_2","floor":6.0,"key":"SMITH"},{"data":"OmniscientAndOmnipotent_Monster_purple","floor":8.0,"key":"SMITH"},{"floor":12.0,"key":"REST"},{"data":"AdvanceAttack_purple","floor":15.0,"key":"SMITH"},{"data":"DarkRealmRedLine_purple","floor":24.0,"key":"SMITH"},{"data":"WasteWire_Metro_purple","floor":43.0,"key":"SMITH"},{"floor":51.0,"key":"RECALL"},{"floor":54,"key":"REST"}],"circlet_count":0,"master_deck":["Defend_purpleEX+1","Observe_purple_1+1","Observe_purple_2+1","AdvanceAttack_purple+1","Shallow_ocean_purpleEX+1","OmniscientAndOmnipotent_Monster_purple+1","ExternalForce_HighSpeedFlying_purple+1","CommonSense_AntiCommonSense_purple+1","Anti_communist_purple+1","WingOfChimera_purple+1","ProofOfUnderstanding_purple+1","OmniscientAndOmnipotent_Monster_purple+1","StateErode_purple+1","EighthInstrument_OneDividesIntoTwo_purple+1","DarkRealmRedLine_purple+1","SfantasyHide_purple+1","StateDuplicate_purple+1","DimensionStaggered_purple+1","Nest_LightFlightworm_purple+1","Erosivefilter_purple+1","WangLiang_OokamiKakushi_purple+1","StretchesForeverDream_purple+1","WasteWire_Metro_purple+1","StateErode_purple+1","Umbrella_purple+1","ContainerChange_purple+1","RealityDreamConfluencek_purple+1","Mirror_WaveAndshot_purple+1","MeetDecomposer_purple+1","DimensionStaggered_purple+1","MNeedle_purple+1","BarrageBoundary_PipeDream_purple+1","OmniscientAndOmnipotent_Monster_purple+1","Price_of_realm_purpleEX+1","DistantPastFriend_purple+1","StateDuplicate_purple+1","OpenedBox_purple+1"],"relics":["Boundary_crack","Memoryfragments_purpleEX","GodSword4","Toxic Egg 2","WingedGreaves","ZombieArmy","Empty Cage","MealTicket","Omamori","OrangePellets","ChaoDraw","Garlic","Painkiller Herb","Orrery","ReplayTheSpireMod:Lightbulb","Golden Egg","Parasol_purpleEX","MagicDraw2","Divine Protection"],"acts_visited":["Exordium","TheCity","TheBeyond","TheEnding"],"potions_floor_usage":[57,57,57],"damage_taken":[{"damage":0.0,"enemies":"ats:Genji","floor":1.0,"turns":4.0},{"damage":2.0,"enemies":"2 Louse","floor":2.0,"turns":3.0},{"damage":0.0,"enemies":"Cultist","floor":4.0,"turns":3.0},{"damage":33.0,"enemies":"Gremlin Nob","floor":7.0,"turns":5.0},{"damage":17.0,"enemies":"Lagavulin","floor":13.0,"turns":5.0},{"damage":0.0,"enemies":"Blue Slaver","floor":14.0,"turns":2.0},{"damage":7.0,"enemies":"The Guardian","floor":16.0,"turns":6.0},{"damage":15.0,"enemies":"3 Byrds","floor":18.0,"turns":3.0},{"damage":23.0,"enemies":"Slavers","floor":23.0,"turns":4.0},{"damage":0.0,"enemies":"Shell Parasite","floor":25.0,"turns":2.0},{"damage":4.0,"enemies":"Snake Plant","floor":27.0,"turns":3.0},{"damage":0.0,"enemies":"Gremlin Leader","floor":29.0,"turns":3.0},{"damage":0.0,"enemies":"Centurion and Healer","floor":31.0,"turns":4.0},{"damage":4.0,"enemies":"Champ","floor":33.0,"turns":8.0},{"damage":0.0,"enemies":"3 Shapes","floor":35.0,"turns":3.0},{"damage":0.0,"enemies":"3 Darklings","floor":37.0,"turns":2.0},{"damage":0.0,"enemies":"Maw","floor":40.0,"turns":4.0},{"damage":1.0,"enemies":"Sphere and 2 Shapes","floor":41.0,"turns":2.0},{"damage":0.0,"enemies":"R_Hoarder","floor":42.0,"turns":3.0},{"damage":0.0,"enemies":"Giant Head","floor":44.0,"turns":3.0},{"damage":0.0,"enemies":"R_Hoarder","floor":46.0,"turns":2.0},{"damage":0.0,"enemies":"Spire Growth","floor":47.0,"turns":3.0},{"damage":0.0,"enemies":"Reptomancer","floor":48.0,"turns":2.0},{"damage":0.0,"enemies":"Reptomancer","floor":49.0,"turns":4.0},{"damage":0.0,"enemies":"Jaw Worm Horde","floor":50.0,"turns":2.0},{"damage":16,"enemies":"Donu and Deca","floor":52,"turns":3},{"damage":0,"enemies":"Shield and Spear","floor":56,"turns":2},{"damage":0,"enemies":"The Heart","floor":57,"turns":4}],"seed_played":"-7819144056415340694","potions_obtained":[{"floor":2.0,"key":"Venom Potion"},{"floor":14.0,"key":"PowerPotion"},{"floor":27.0,"key":"Milkshake"},{"floor":29.0,"key":"SkillPotion"},{"floor":33.0,"key":"RealmPotion"},{"floor":35.0,"key":"Adrenaline Potion"},{"floor":50.0,"key":"ColorlessPotion"},{"floor":56,"key":"PowerPotion"}],"is_trial":false,"path_per_floor":["M","M","?","M","?","R","E","R","T","$","?","R","E","M","R","B",null,"M","?","$","?","?","E","R","M","T","M","?","E","$","M","R","B",null,"?","T","?","PTL","PTL","?","?","E","T","E","T","E","?","E","?","?","T","B",null,"T","T","E","B",null],"character_chosen":"Youkari","items_purchased":["WingedGreaves","CommonSense_AntiCommonSense_purple","EntropicBrew","Omamori","OrangePellets","Orrery","PowerPotion","LifebloodPotion"],"campfire_rested":2,"item_purchase_floors":[10,10,10,20,20,36,55,55],"current_hp_per_floor":[51,50,50,52,41,41,12,12,12,12,17,39,27,29,29,27,75,64,34,49,49,34,30,30,39,39,49,49,62,75,75,75,75,75,75,75,75,75,75,75,75,75,75,75,75,75,75,75,75,75,75,73,75,75,75,75,75],"gold":26,"neow_bonus":"REMOVE_TWO","is_daily":false,"chose_seed":false,"campfire_upgraded":5,"win_rate":0.0,"timestamp":1613994248,"path_taken":["M","M","?","M","?","R","E","R","T","$","?","R","E","M","R","BOSS","M","?","$","?","?","E","R","?","T","?","?","E","?","M","R","BOSS","?","?","?","PTL","PTL","?","?","E","T","E","T","E","?","E","?","?","T","BOSS","T","T","E","BOSS"],"items_purchased_type":["Relic","Card","Potion","Relic","Relic","Relic","Potion","Potion"],"build_version":"2020-12-22","purchased_purges":3,"victory":true,"max_hp_per_floor":[70,70,70,70,70,70,70,70,70,70,75,75,75,75,75,75,75,75,75,75,75,75,75,75,75,75,75,75,75,75,75,75,75,75,75,75,75,75,75,75,75,75,75,75,75,75,75,75,75,75,75,75,75,75,75,75,75],"card_choices":[{"not_picked":["StateErode_purple","Worldmountain_purple"],"picked":"AdvanceAttack_purple","floor":1.0},{"not_picked":["Worldmountain_purple","StateErode_purple"],"picked":"Shallow_ocean_purpleEX","floor":2.0},{"not_picked":["AdvanceAttack_purple","Umbrella_purple"],"picked":"OmniscientAndOmnipotent_Monster_purple","floor":4.0},{"not_picked":["SfantasyHide_purple","Worldmountain_purple"],"picked":"ExternalForce_HighSpeedFlying_purple","floor":7.0},{"not_picked":["Worldmountain_purple","DimensionStaggered_purple+1"],"picked":"Anti_communist_purple+1","floor":13.0},{"not_picked":["Shallow_ocean_purpleEX","StateErode_purple"],"picked":"WingOfChimera_purple+1","floor":14.0},{"not_picked":["Boundary_LifeAndDeath_purple+1","D_absorption_purple+1"],"picked":"ProofOfUnderstanding_purple","floor":16.0},{"not_picked":["Realm_recovery_purpleEX+1","SharpContractionReality_purple"],"picked":"OmniscientAndOmnipotent_Monster_purple","floor":18.0},{"not_picked":["RuleDissolution_purple+1","Realm_recovery_purpleEX+1"],"picked":"StateErode_purple+1","floor":19.0},{"not_picked":["Worldmountain_purple+1","AdvanceAttack_purple+1"],"picked":"EighthInstrument_OneDividesIntoTwo_purple+1","floor":19.0},{"not_picked":["Mirror_FormAndEmptin_purple+1","LoveAcrossDimensions_purple"],"picked":"DarkRealmRedLine_purple","floor":23.0},{"not_picked":["OmniscientAndOmnipotent_Monster_purple","Boundary_DreamRealityDamnation_purple"],"picked":"SfantasyHide_purple+1","floor":25.0},{"not_picked":["EighthInstrument_OneDividesIntoTwo_purple","Worldmountain_purple"],"picked":"StateDuplicate_purple+1","floor":27.0},{"not_picked":["Line_surface_state_purple+1","RuleDissolution_purple+1"],"picked":"DimensionStaggered_purple+1","floor":29.0},{"not_picked":["StateErode_purple","SharpContractionReality_purple"],"picked":"Nest_LightFlightworm_purple+1","floor":31.0},{"not_picked":["ProofOfUnderstanding_purple","Fancifulhole_purple"],"picked":"WangLiang_OokamiKakushi_purple","floor":33.0},{"not_picked":["Worldmountain_purple","SharpContractionReality_purple"],"picked":"StretchesForeverDream_purple+1","floor":35.0},{"not_picked":["Mirror_FormAndEmptin_purple+1","AdvanceAttack_purple"],"picked":"WasteWire_Metro_purple","floor":36.0},{"not_picked":["RuleDissolution_purple+1","ExistenceContinue_purple"],"picked":"StateErode_purple+1","floor":36.0},{"not_picked":["Erosivefilter_purple+1","SfantasyHide_purple+1"],"picked":"Umbrella_purple+1","floor":36.0},{"not_picked":["Mirror_FourBoundary_purple+1","SharpContractionReality_purple+1"],"picked":"ContainerChange_purple","floor":36.0},{"not_picked":["MetroBOOM_purple+1","Mirror_FourBoundary_purple+1"],"picked":"RealityDreamConfluencek_purple+1","floor":36.0},{"not_picked":["SfantasyHide_purple+1","StateErode_purple","Realm_recovery_purpleEX+1"],"picked":"SKIP","floor":37.0},{"not_picked":["RuleDissolution_purple+1","SfantasyHide_purple+1"],"picked":"Mirror_WaveAndshot_purple+1","floor":40.0},{"not_picked":["StateDuplicate_purple+1","Umbrella_purple"],"picked":"MeetDecomposer_purple+1","floor":41.0},{"not_picked":["Boundary_of_Extermination_purpleEX","Mirror_FourBoundary_purple"],"picked":"DimensionStaggered_purple+1","floor":42.0},{"not_picked":["MetroBOOM_purple+1","AdvanceAttack_purple"],"picked":"MNeedle_purple","floor":44.0},{"not_picked":["DarkRealmRedLine_purple+1","ExistenceContinue_purple+1"],"picked":"BarrageBoundary_PipeDream_purple","floor":46.0},{"not_picked":["Yakumo_Ran_purple+1","RuleDissolution_purple+1"],"picked":"OmniscientAndOmnipotent_Monster_purple","floor":47.0},{"not_picked":["SharpContractionReality_purple","Shallow_ocean_purpleEX+1"],"picked":"Price_of_realm_purpleEX+1","floor":48.0},{"not_picked":["Worldmountain_purple+1","EighthInstrument_OneDividesIntoTwo_purple+1"],"picked":"StateDuplicate_purple+1","floor":50.0},{"not_picked":["PurpleNeedle_purple+1","ProofOfUnderstanding_purple"],"picked":"OpenedBox_purple+1","floor":56}],"player_experience":334056,"relics_obtained":[{"floor":7.0,"key":"GodSword4"},{"floor":9.0,"key":"Toxic Egg 2"},{"floor":13.0,"key":"ZombieArmy"},{"floor":19.0,"key":"MealTicket"},{"floor":23.0,"key":"ChaoDraw"},{"floor":29.0,"key":"Garlic"},{"floor":42.0,"key":"ReplayTheSpireMod:Lightbulb"},{"floor":45.0,"key":"Golden Egg"},{"floor":46.0,"key":"Parasol_purpleEX"},{"floor":48.0,"key":"MagicDraw2"},{"floor":56,"key":"Divine Protection"}],"event_choices":[{"damage_healed":0.0,"max_hp_gain":0.0,"max_hp_loss":0.0,"gold_gain":175.0,"event_name":"Liars Game","player_choice":"AGREE","floor":3.0,"gold_loss":0.0,"damage_taken":0.0,"cards_obtained":["Doubt"]},{"damage_healed":0.0,"max_hp_gain":0.0,"max_hp_loss":0.0,"gold_gain":75.0,"event_name":"World of Goop","player_choice":"Gather Gold","floor":5.0,"gold_loss":0.0,"damage_taken":11.0},{"damage_healed":0.0,"max_hp_gain":0.0,"max_hp_loss":0.0,"gold_gain":0.0,"event_name":"Ghosts","player_choice":"Ignored","floor":21.0,"gold_loss":0.0,"damage_taken":0.0}],"is_beta":false,"boss_relics":[{"not_picked":["Replay:Drink Me","Runic Dome"],"picked":"Empty Cage"},{"not_picked":["EasyGame_NEW","Sozu"],"picked":"Painkiller Herb"}],"items_purged_floors":[30,30,55],"is_endless":false,"potions_floor_spawned":[2,14,27,29,33,35,40,46,48,50,56],"ascension_level":1}}