{"host":"w2kjv12xyhtt0cv2","time":1613972594,"event":{"mods":["100% Spire Juice","Act Like it!","BaseMod","Colored Map","Friendly Minions","Gensokyo","GifTheSpireLib","Highlight Path","Hubris","Marisa（F雨　魔理沙）","Minty Spire (QoL Compilation)","Prisma Mod","Quick Restart","Reimu（博丽灵梦）","Relic Stats","Reliquary","Replay The Spire","Robot Space Explorer","RumiaBox-露米娅的神秘盒子","Shop Mod","Spicy Shops","StSLib","The Bug Knight","The Cursed","The Dragon Tamer","The Servant 0.9.4","UnlockEverythingMod","Waifu the Spire","[功能]功能增强和修复MOD","【功能Mod】Neow奖励","【遗物卡牌】REMEMod","没有小屋子和绿帽子啦"],"gold_per_floor":[112,112,131,131,50,78,78,109,186,417,417,2,28,28,28,125,125,139,167,196,235,246,271,281,281,281],"floor_reached":25,"language":"ZHS","playtime":1726,"items_purged":["HollowMod:NailStrikeStart"],"score":333,"play_id":"8ba13733-a8e6-4cc6-acd0-f534b29f821c","local_time":"20210222134314","is_ascension_mode":true,"campfire_choices":[{"data":"HollowMod:CycloneSlash","floor":7.0,"key":"SMITH"},{"data":"HollowMod:CloakDash","floor":11.0,"key":"SMITH"},{"data":"HollowMod:PogoStrike","floor":15.0,"key":"SMITH"}],"circlet_count":0,"master_deck":["HollowMod:NailStrikeStart","HollowMod:NailStrikeStart","HollowMod:NailStrikeStart","HollowMod:QuickDashStart","HollowMod:QuickDashStart","HollowMod:QuickDashStart","HollowMod:QuickDashStart","HollowMod:PogoStrike+1","PrismaMod:IllyaInstallArcher","HollowMod:CycloneSlash+1","HollowMod:CloakDash+1","Clumsy"],"relics":["HollowMod:VesselMask","REME_ComplimentaryCards","Gensokyo:Justice","hubris:Metronome","ReplayTheSpireMod:TigerMarble","hubris:Reverence","reliquary:Sideboard","reliquary:BoilingFlask","Bronze Scales","HollowMod:MillibellesNoteRelic","hubris:FunFungus","Gensokyo:NagashiBinaDoll","hubris:ScarierMask","Red Mask","HollowMod:GreatKnightMask","Tiny Chest","GodSword1"],"acts_visited":["Gensokyo:Gensokyo","TheCity"],"potions_floor_usage":[23,25],"damage_taken":[{"damage":12.0,"enemies":"Gensokyo:Gryphon","floor":1.0,"turns":4.0},{"damage":0.0,"enemies":"Gensokyo:Python","floor":3.0,"turns":3.0},{"damage":16.0,"enemies":"Gensokyo:Cirno","floor":6.0,"turns":6.0},{"damage":16.0,"enemies":"Gensokyo:Aya","floor":8.0,"turns":4.0},{"damage":6.0,"enemies":"Gensokyo:Mamizou","floor":10.0,"turns":6.0},{"damage":0.0,"enemies":"Gensokyo:Cirno","floor":13.0,"turns":4.0},{"damage":19.0,"enemies":"Gensokyo:Reimu","floor":16.0,"turns":5.0},{"damage":2.0,"enemies":"Chosen","floor":18.0,"turns":4.0},{"damage":0.0,"enemies":"Masked Bandits","floor":19.0,"turns":2.0},{"damage":0.0,"enemies":"HollowMod:Zote","floor":20.0,"turns":2.0},{"damage":3,"enemies":"2 Thieves","floor":22,"turns":1},{"damage":13,"enemies":"Replay:Snechameleon","floor":23,"turns":4},{"damage":5,"enemies":"Snake Plant","floor":24,"turns":3},{"damage":52,"enemies":"REME_1_Revenger","floor":25,"turns":3}],"seed_played":"1790996553262223620","potions_obtained":[{"floor":10.0,"key":"DistilledChaos"},{"floor":13.0,"key":"ZuzhouPotion:ReiMu"},{"floor":16.0,"key":"Adrenaline Potion"},{"floor":18.0,"key":"EssenceOfSteel"},{"floor":21,"key":"ColorlessPotion"},{"floor":23,"key":"Toxic Potion"}],"is_trial":false,"path_per_floor":["M","?","M","?","COS","E","R","E","T","E","R","$","E","?","R","B",null,"M","?","?","?","M","E","M","E"],"character_chosen":"THE_BUGKNIGHT","items_purchased":["reliquary:BoilingFlask","Bronze Scales"],"campfire_rested":0,"item_purchase_floors":[12,12],"current_hp_per_floor":[63,75,75,75,75,59,59,43,43,41,41,41,41,41,41,23,75,75,75,75,57,57,44,39,0,0],"gold":281,"neow_bonus":"THREE_CARDS","is_daily":false,"chose_seed":false,"campfire_upgraded":3,"win_rate":0.0,"timestamp":1613972594,"path_taken":["M","?","?","?","COS","E","R","E","T","E","R","$","E","?","R_BF","BOSS","M","?","?","?","?","E","?","E"],"items_purchased_type":["Relic","Relic"],"build_version":"2020-12-22","purchased_purges":1,"victory":false,"max_hp_per_floor":[75,75,75,75,75,75,75,75,75,75,75,75,75,75,75,75,75,75,75,75,75,75,75,75,75,75],"relic_stats":{"counters":[14,51],"Bronze Scales":[64],"Tiny Chest":0,"obtain_stats":[{"hubris:Metronome":6,"reliquary:Sideboard":10,"reliquary:BoilingFlask":12,"HollowMod:VesselMask":0,"HollowMod:GreatKnightMask":20,"Gensokyo:NagashiBinaDoll":14,"Gensokyo:Justice":4,"HollowMod:MillibellesNoteRelic":13,"Bronze Scales":12,"hubris:ScarierMask":17,"Tiny Chest":21,"hubris:FunFungus":13,"ReplayTheSpireMod:TigerMarble":8,"Red Mask":19,"REME_ComplimentaryCards":0,"hubris:Reverence":9,"GodSword1":23},{"hubris:Metronome":3,"reliquary:Sideboard":5,"reliquary:BoilingFlask":5,"HollowMod:VesselMask":0,"HollowMod:GreatKnightMask":10,"Gensokyo:NagashiBinaDoll":6,"Gensokyo:Justice":2,"HollowMod:MillibellesNoteRelic":6,"Bronze Scales":5,"hubris:ScarierMask":7,"Tiny Chest":10,"hubris:FunFungus":6,"ReplayTheSpireMod:TigerMarble":4,"Red Mask":9,"REME_ComplimentaryCards":0,"hubris:Reverence":4,"GodSword1":12},{"hubris:Metronome":13,"reliquary:Sideboard":23,"reliquary:BoilingFlask":23,"HollowMod:VesselMask":0,"HollowMod:GreatKnightMask":40,"Gensokyo:NagashiBinaDoll":27,"Gensokyo:Justice":7,"HollowMod:MillibellesNoteRelic":27,"Bronze Scales":23,"hubris:ScarierMask":32,"Tiny Chest":40,"hubris:FunFungus":27,"ReplayTheSpireMod:TigerMarble":17,"Red Mask":38,"REME_ComplimentaryCards":0,"hubris:Reverence":17,"GodSword1":45}]},"card_choices":[{"not_picked":["HollowMod:ChannelNail","HollowMod:SoulVessel"],"picked":"HollowMod:CycloneSlash","floor":0.0},{"not_picked":["HollowMod:FallenFury","HollowMod:InfectedCysts"],"picked":"HollowMod:CloakDash","floor":1.0},{"not_picked":["HollowMod:CycloneSlash","HollowMod:FallenFury","HollowMod:SharpenedShadows"],"picked":"SKIP","floor":3.0},{"not_picked":["HollowMod:SoulStrike","HollowMod:HeavyBlow","HollowMod:CycloneSlash"],"picked":"SKIP","floor":6.0},{"not_picked":["HollowMod:DesolateDive","HollowMod:PerfectDash","HollowMod:SoulStrike"],"picked":"SKIP","floor":8.0},{"not_picked":["HollowMod:SoulSplash","HollowMod:SiblingsShadow"],"picked":"HollowMod:CloakDash","floor":10.0},{"not_picked":["HollowMod:LuriensSpire","HollowMod:RecoilStrike","HollowMod:BlackTendrils"],"picked":"SKIP","floor":13.0},{"not_picked":["HollowMod:InfectedCysts+1","HollowMod:SharpenedShadows","HollowMod:DashSlash+1"],"picked":"SKIP","floor":18.0},{"not_picked":["HollowMod:WraithStrike","HollowMod:CornifersMapStart"],"picked":"HollowMod:NewLittleFool","floor":21},{"not_picked":["HollowMod:CoiledNail","HollowMod:VengefulVoid","HollowMod:SoulStrike"],"picked":"SKIP","floor":22},{"not_picked":["HollowMod:SoulEater","HollowMod:BlackTendrils","HollowMod:QuirrelsAssistance+1"],"picked":"SKIP","floor":23},{"not_picked":["HollowMod:NewGlowingWomb","HollowMod:SoulVessel","HollowMod:DashSlash+1"],"picked":"SKIP","floor":24}],"player_experience":271027,"relics_obtained":[{"floor":6.0,"key":"hubris:Metronome"},{"floor":8.0,"key":"ReplayTheSpireMod:TigerMarble"},{"floor":9.0,"key":"hubris:Reverence"},{"floor":10.0,"key":"reliquary:Sideboard"},{"floor":13.0,"key":"hubris:FunFungus"},{"floor":19.0,"key":"Red Mask"},{"floor":20.0,"key":"HollowMod:GreatKnightMask"},{"floor":21,"key":"Tiny Chest"},{"floor":23,"key":"GodSword1"}],"event_choices":[{"damage_healed":0.0,"max_hp_gain":0.0,"max_hp_loss":0.0,"gold_gain":0.0,"event_name":"Masked Bandits","player_choice":"Fought Bandits","floor":19.0,"gold_loss":0.0,"damage_taken":0.0}],"is_beta":false,"boss_relics":[{"not_picked":["Honey Jar","Empty Cage"],"picked":"hubris:ScarierMask"}],"items_purged_floors":[12],"is_endless":false,"potions_floor_spawned":[10,13,16,18,23],"killed_by":"REME_1_Revenger","ascension_level":3}}