{"host":"y4mx56vxqys6xwyn","time":1613955454,"event":{"mods":["BaseMod","Hermit","Minty Spire (QoL Compilation)","StSLib","The Bug Knight"],"gold_per_floor":[112,131,149,25,25,58,58,91,91,91,112,112,135,160,160,283,283,297,297,315,106,124,124,124,142,142,142,142],"floor_reached":27,"language":"ENG","playtime":1424,"items_purged":["Zap","Injury"],"score":250,"play_id":"628c5a72-2381-4ffa-9ae0-9c62be6be57f","local_time":"20210221185734","is_ascension_mode":false,"campfire_choices":[{"data":"Static Discharge","floor":10,"key":"SMITH"},{"data":"Coolheaded","floor":12,"key":"SMITH"},{"floor":15,"key":"REST"},{"floor":23,"key":"REST"}],"circlet_count":0,"master_deck":["Strike_B","Strike_B","Strike_B","Defend_B","Defend_B","Defend_B","Defend_B","Dualcast","Turbo","Ball Lightning","Ball Lightning","Coolheaded+1","Static Discharge+1","Consume","Sunder","Leap","Tempest","Redo","Multi-Cast","Turbo","Ghostly","Ghostly","Ghostly","Ghostly","Ghostly","Rebound","Static Discharge","Melter","Hologram","Cold Snap","Doubt"],"relics":["Cracked Core","NeowsBlessing","Golden Idol","Blue Candle","Darkstone Periapt","Pantograph","Cursed Key","GremlinMask","Dead Branch"],"acts_visited":["Exordium","TheCity"],"potions_floor_usage":[11,16,20,25],"damage_taken":[{"damage":0,"enemies":"Cultist","floor":1,"turns":1},{"damage":0,"enemies":"Jaw Worm","floor":2,"turns":1},{"damage":0,"enemies":"2 Louse","floor":3,"turns":1},{"damage":22,"enemies":"Gremlin Nob","floor":6,"turns":4},{"damage":25,"enemies":"Lagavulin","floor":8,"turns":5},{"damage":6,"enemies":"Red Slaver","floor":11,"turns":2},{"damage":0,"enemies":"Large Slime","floor":13,"turns":4},{"damage":0,"enemies":"2 Fungi Beasts","floor":14,"turns":2},{"damage":10,"enemies":"Slime Boss","floor":16,"turns":8},{"damage":0,"enemies":"Chosen","floor":18,"turns":4},{"damage":16,"enemies":"3 Byrds","floor":20,"turns":3},{"damage":4,"enemies":"Snake Plant","floor":22,"turns":4},{"damage":15,"enemies":"Chosen and Byrds","floor":25,"turns":6},{"damage":28,"enemies":"Slavers","floor":27,"turns":3}],"seed_played":"5438245374236860636","potions_obtained":[{"floor":6,"key":"Weak Potion"},{"floor":11,"key":"Fruit Juice"},{"floor":14,"key":"Explosive Potion"},{"floor":16,"key":"LiquidBronze"},{"floor":18,"key":"DistilledChaos"}],"is_trial":false,"path_per_floor":["M","M","M","$","?","E","?","E","T","R","M","R","M","M","R","B",null,"M","?","M","$","M","R","?","M","T","E"],"character_chosen":"DEFECT","items_purchased":["Coolheaded","Static Discharge","Melter"],"campfire_rested":2,"item_purchase_floors":[4,21,21],"current_hp_per_floor":[75,75,75,75,75,53,53,28,28,28,27,27,27,27,51,66,80,80,40,24,24,20,32,32,17,23,0,0],"gold":142,"neow_bonus":"THREE_ENEMY_KILL","is_daily":false,"chose_seed":false,"campfire_upgraded":2,"win_rate":0.0,"timestamp":1613955454,"path_taken":["M","?","?","$","?","E","?","E","T","R","M","R","M","M","R","BOSS","M","?","M","$","M","R","?","?","T","E"],"items_purchased_type":["Card","Card","Card"],"build_version":"2020-12-22","purchased_purges":2,"victory":false,"max_hp_per_floor":[75,75,75,75,75,75,75,75,75,75,80,80,80,80,80,80,80,80,40,40,40,40,40,40,40,46,46,46],"card_choices":[{"not_picked":["Hologram","Barrage"],"picked":"Turbo","floor":1},{"not_picked":["Tempest","Beam Cell"],"picked":"Ball Lightning","floor":2},{"not_picked":["Loop","Coolheaded"],"picked":"Ball Lightning","floor":3},{"not_picked":["Storm","Self Repair"],"picked":"Static Discharge","floor":6},{"not_picked":["Beam Cell","Gash"],"picked":"Sunder","floor":8},{"not_picked":["Steam","Beam Cell"],"picked":"Leap","floor":11},{"not_picked":["Stack","Leap"],"picked":"Tempest","floor":13},{"not_picked":["Storm","Gash"],"picked":"Redo","floor":14},{"not_picked":["Biased Cognition","Echo Form"],"picked":"Multi-Cast","floor":16},{"not_picked":["Skim","Melter+1"],"picked":"Turbo","floor":18},{"not_picked":["Gash","Go for the Eyes"],"picked":"Rebound","floor":20},{"not_picked":["Undo","Heatsinks+1"],"picked":"Hologram","floor":22},{"not_picked":["Turbo","Blizzard"],"picked":"Cold Snap","floor":25}],"player_experience":94587,"relics_obtained":[{"floor":6,"key":"Blue Candle"},{"floor":8,"key":"Darkstone Periapt"},{"floor":9,"key":"Pantograph"},{"floor":26,"key":"Dead Branch"}],"event_choices":[{"damage_healed":0,"gold_gain":0,"player_choice":"Take Wound","damage_taken":0,"relics_obtained":["Golden Idol"],"max_hp_gain":0,"max_hp_loss":0,"event_name":"Golden Idol","floor":5,"gold_loss":0,"cards_obtained":["Injury"]},{"damage_healed":0,"gold_gain":0,"cards_transformed":["Strike_B"],"player_choice":"Transformed","damage_taken":0,"max_hp_gain":0,"max_hp_loss":0,"event_name":"Transmorgrifier","floor":7,"gold_loss":0,"cards_obtained":["Consume"]},{"damage_healed":0,"gold_gain":0,"player_choice":"Became a Ghost","damage_taken":0,"max_hp_gain":0,"max_hp_loss":40,"event_name":"Ghosts","floor":19,"gold_loss":0,"cards_obtained":["Ghostly","Ghostly","Ghostly","Ghostly","Ghostly"]},{"damage_healed":0,"gold_gain":0,"player_choice":"Trade","damage_taken":0,"relics_obtained":["GremlinMask"],"max_hp_gain":0,"max_hp_loss":0,"event_name":"FaceTrader","floor":24,"gold_loss":0}],"is_beta":false,"boss_relics":[{"not_picked":["Black Star","Sozu"],"picked":"Cursed Key"}],"items_purged_floors":[4,21],"is_endless":false,"potions_floor_spawned":[6,11,14,16,18],"killed_by":"Slavers","ascension_level":0}}