{"host":"epmvf5u7so8a7bmi","time":1613957912,"event":{"mods":["BaseMod","Colored Map","Colored Powertips","Downfall","Minty Spire (QoL Compilation)","StSLib"],"gold_per_floor":[99,99,99,99,99,129,129,129,141,241,257,257,257,11,21,124,124,124,139,150,169,8,20,20,46,64,91,91,91,91,111,128,228,228,28,43,55,259,310,327,327,227,9,28,28,62,62,93,112,112,112,139,24,24,24,24],"floor_reached":57,"language":"ENG","playtime":4221,"items_purged":["hexamod:Defend","Pain","Decay","Writhe"],"score":1325,"play_id":"49d8413a-6f49-4ba3-b73a-dd481ec0ed8f","local_time":"20210222013832","is_ascension_mode":false,"campfire_choices":[{"data":"hexamod:Float","floor":1,"key":"SMITH"},{"data":"hexamod:FastForward","floor":12,"key":"SMITH"},{"data":"hexamod:SpectersWail","floor":18,"key":"SMITH"},{"floor":30,"key":"RECALL"},{"data":"hexamod:HexaLevel","floor":35,"key":"SMITH"},{"data":"hexamod:SoulSteal","floor":42,"key":"SMITH"},{"floor":47,"key":"REST"},{"floor":54,"key":"REST"}],"circlet_count":0,"master_deck":["hexamod:Strike+1","hexamod:Defend+1","hexamod:Defend+1","hexamod:Defend+1","hexamod:Sear+1","hexamod:Float+1","hexamod:StepThrough+1","hexamod:HauntingEcho+1","hexamod:ThirdSeal","hexamod:FastForward+1","hexamod:WildfireWeapon+1","hexamod:SpectersWail+1","hexamod:FastForward+1","hexamod:FourthSeal","hexamod:AdvancingGuard+1","hexamod:FirstSeal","hexamod:SpectersWail+1","hexamod:ExtraCrispy+1","hexamod:GhostOfSpireFuture+1","hexamod:PhantomCloak+1","hexamod:TimeWarp+1","hexamod:SixthSeal","hexamod:ShieldOfDarkness+1","hexamod:CatchUp+1","hexamod:ShieldOfDarkness+1","hexamod:VolcanoVisage+1","hexamod:StepThrough+1","hexamod:FirstSeal","hexamod:Again+1","hexamod:AdvancingGuard+1","hexamod:HexaLevel+1","hexamod:Hexaguard+1","hexamod:Hexaguard+1","hexamod:PhantomCloak+1","hexamod:HexaLevel+1","hexamod:ShieldOfDarkness+1","hexamod:HeatShield+1","hexamod:GhostOfSpireFuture+1","hexamod:SoulSteal+1","Clumsy","hexamod:Hexaguard+1","hexamod:GhostOfSpireFuture+1","hexamod:SpectralAdrenaline+1","hexamod:RadiantFlame+1","hexamod:TimeWarp+1","hexamod:RainOfEmbers+1"],"relics":["hexamod:SpiritBrand","downfall:HeartsMalice","Darkstone Periapt","Pear","Membership Card","Cursed Key","hexamod:SoulConsumer","InkBottle","Pantograph","War Paint","WarpedTongs","hexamod:IceCube","downfall:HeartBlessingRed","downfall:HeartBlessingBlue","Vajra","WingedGreaves","Mercury Hourglass","downfall:HeartBlessingGreen","Juzu Bracelet","HandDrill","Dream Catcher","Du-Vu Doll","Ice Cream"],"acts_visited":["Exordium","TheCity","TheBeyond","TheEnding"],"potions_floor_usage":[14,14,16,22,22,22,22,22,25,25,27,27,33,33,38,38,39,39,40,46,46,46,50,50,50,50,50],"damage_taken":[{"damage":0,"enemies":"Small Slimes","floor":2,"turns":1},{"damage":0,"enemies":"Jaw Worm","floor":4,"turns":1},{"damage":0,"enemies":"2 Louse","floor":5,"turns":1},{"damage":17,"enemies":"3 Sentries","floor":6,"turns":7},{"damage":0,"enemies":"Exordium Wildlife","floor":9,"turns":3},{"damage":17,"enemies":"downfall:Heads","floor":10,"turns":4},{"damage":6,"enemies":"3 Louse","floor":11,"turns":4},{"damage":0,"enemies":"downfall:FleeingMerchant","floor":14,"turns":4},{"damage":8,"enemies":"Exordium Thugs","floor":15,"turns":6},{"damage":26,"enemies":"WA_ARCHETYPE_RETAIN","floor":16,"turns":7},{"damage":16,"enemies":"downfall:LooterAlt2","floor":19,"turns":5},{"damage":3,"enemies":"Spheric Guardian","floor":20,"turns":6},{"damage":35,"enemies":"3 Cultists","floor":21,"turns":6},{"damage":0,"enemies":"downfall:FleeingMerchant","floor":22,"turns":4},{"damage":10,"enemies":"Shelled Parasite and Fungi","floor":23,"turns":6},{"damage":19,"enemies":"Book of Stabbing","floor":25,"turns":7},{"damage":16,"enemies":"Snake Plant","floor":26,"turns":6},{"damage":24,"enemies":"Gremlin Leader","floor":27,"turns":8},{"damage":26,"enemies":"Chosen and Byrds","floor":31,"turns":7},{"damage":31,"enemies":"Cultist and Chosen","floor":32,"turns":7},{"damage":48,"enemies":"DF_ARCHETYPE_CLAW","floor":33,"turns":9},{"damage":0,"enemies":"3 Shapes","floor":36,"turns":5},{"damage":19,"enemies":"3 Darklings","floor":37,"turns":6},{"damage":5,"enemies":"downfall:FleeingMerchant","floor":38,"turns":4},{"damage":94,"enemies":"2 Orb Walkers","floor":39,"turns":8},{"damage":2,"enemies":"Maw","floor":40,"turns":9},{"damage":8,"enemies":"Sphere and 2 Shapes","floor":44,"turns":7},{"damage":25,"enemies":"Reptomancer","floor":46,"turns":7},{"damage":0,"enemies":"Giant Head","floor":48,"turns":10},{"damage":0,"enemies":"3 Darklings","floor":49,"turns":5},{"damage":33,"enemies":"IC_BLOCK_ARCHETYPE","floor":50,"turns":13},{"damage":69,"enemies":"downfall:CharBossMerchant","floor":52,"turns":8},{"damage":14,"enemies":"downfall:NeowBoss","floor":55,"turns":13},{"damage":83,"enemies":"downfall:NeowBossFinal","floor":56,"turns":12}],"seed_played":"-5112779503592158286","potions_obtained":[{"floor":6,"key":"ColorlessPotion"},{"floor":9,"key":"Explosive Potion"},{"floor":11,"key":"bronze:BurnAndBuffPotion"},{"floor":14,"key":"hexamod:EctoCoolerPotion"},{"floor":15,"key":"hexamod:InfernoChargePotion"},{"floor":16,"key":"SneckoOil"},{"floor":20,"key":"PowerPotion"},{"floor":21,"key":"EntropicBrew"},{"floor":22,"key":"Weak Potion"},{"floor":23,"key":"hexamod:InfernoChargePotion"},{"floor":23,"key":"EssenceOfSteel"},{"floor":25,"key":"CultistPotion"},{"floor":26,"key":"LiquidBronze"},{"floor":27,"key":"Explosive Potion"},{"floor":31,"key":"Weak Potion"},{"floor":33,"key":"bronze:BurnAndBuffPotion"},{"floor":33,"key":"DuplicationPotion"},{"floor":38,"key":"AttackPotion"},{"floor":39,"key":"DistilledChaos"},{"floor":40,"key":"DistilledChaos"},{"floor":40,"key":"GamblersBrew"},{"floor":44,"key":"Energy Potion"},{"floor":46,"key":"Guardian:BlockOnCardUsePotion"},{"floor":48,"key":"EntropicBrew"}],"is_trial":false,"path_per_floor":["R","M","?","M","M","E","T","?","M","?","M","R","?","$","M","B",null,"R","M","M","M","$","M","T","E","M","E","?","?","R","M","M","B",null,"R","M","M","$","?","M","T","R","$","M","?","E","R","E","M","B",null,"E","$","R","B","B",null],"character_chosen":"THE_SPIRIT","items_purchased":["Membership Card","hexamod:ExtraCrispy","hexamod:SoulConsumer","Vajra","Juzu Bracelet","HandDrill","hexamod:RainOfEmbers"],"campfire_rested":2,"item_purchase_floors":[14,14,22,38,43,43,53],"current_hp_per_floor":[70,70,70,70,70,53,63,63,63,46,40,40,40,40,39,20,80,80,71,75,47,54,62,68,67,69,63,69,75,75,67,54,49,98,108,108,107,108,32,48,54,54,54,64,64,57,91,109,114,99,114,63,63,97,114,49],"gold":24,"neow_bonus":"THREE_ENEMY_KILL","is_daily":false,"chose_seed":false,"campfire_upgraded":5,"win_rate":0.0,"timestamp":1613957912,"path_taken":["R","M","?","M","M","E","T","?","M","?","?","R","?","$","M","BOSS","R","M","M","M","$","M","T","E","M","E","?","?","R","?","M","BOSS","R","M","M","?","?","M","T","R","$","M","?","E","R","E","M","BOSS","E","$","R","BOSS","BOSS"],"items_purchased_type":["Relic","Card","Relic","Relic","Relic","Relic","Card"],"build_version":"2020-12-22","purchased_purges":4,"victory":true,"max_hp_per_floor":[70,70,70,70,70,70,80,80,80,80,80,80,80,80,80,80,80,80,80,80,80,80,80,86,86,86,86,92,98,98,98,98,98,98,108,108,108,108,108,108,114,114,114,114,114,114,114,114,114,114,114,114,114,114,114,114],"card_choices":[{"not_picked":["hexamod:NightmareStrike","hexamod:BurningTouch"],"picked":"hexamod:StepThrough","floor":2},{"not_picked":["hexamod:Hexaguard","hexamod:HeatMetal"],"picked":"hexamod:HauntingEcho","floor":4},{"not_picked":["hexamod:Haunt","hexamod:FastForward"],"picked":"hexamod:ThirdSeal","floor":5},{"not_picked":["hexamod:SwordOfDarkness","hexamod:SoulSteal"],"picked":"hexamod:FastForward","floor":6},{"not_picked":["hexamod:GhostLash","hexamod:PhantomFireball"],"picked":"hexamod:WildfireWeapon","floor":6},{"not_picked":["hexamod:EmpoweredFlame","hexamod:Firestarter"],"picked":"hexamod:SpectersWail","floor":9},{"not_picked":["hexamod:NightmareGuise","hexamod:HeatMetal"],"picked":"hexamod:FastForward","floor":9},{"not_picked":["hexamod:SwordOfDarkness","hexamod:WildfireWeapon"],"picked":"hexamod:AdvancingGuard","floor":11},{"not_picked":["hexamod:Firestarter","hexamod:SwordOfDarkness","hexamod:HeatCrush"],"picked":"SKIP","floor":11},{"not_picked":["hexamod:AdvancingGuard","hexamod:SpectersWail"],"picked":"hexamod:FirstSeal","floor":14},{"not_picked":["hexamod:Haunt","hexamod:TurnItUp"],"picked":"hexamod:SpectersWail","floor":14},{"not_picked":["hexamod:BacktrackSmack","hexamod:FastForward"],"picked":"hexamod:GhostOfSpireFuture","floor":15},{"not_picked":["hexamod:BurningTouch","hexamod:FirstSeal"],"picked":"hexamod:PhantomCloak","floor":15},{"not_picked":["hexamod:TurnItUp","hexamod:UnleashSpirits"],"picked":"hexamod:TimeWarp","floor":16},{"not_picked":["hexamod:GhostOfSpirePresent","hexamod:VolcanoVisage"],"picked":"hexamod:SixthSeal","floor":16},{"not_picked":["hexamod:HauntingEcho","hexamod:FastForward"],"picked":"hexamod:ShieldOfDarkness+1","floor":19},{"not_picked":["hexamod:ShieldOfDarkness","hexamod:GhostLash+1"],"picked":"hexamod:CatchUp+1","floor":19},{"not_picked":["hexamod:BurningTouch+1","hexamod:HauntingEcho"],"picked":"hexamod:ShieldOfDarkness+1","floor":20},{"not_picked":["hexamod:Firestarter","hexamod:GhostOfSpirePast"],"picked":"hexamod:VolcanoVisage","floor":20},{"not_picked":["hexamod:ShieldOfDarkness","hexamod:FastForward"],"picked":"hexamod:StepThrough","floor":21},{"not_picked":["hexamod:Incineration","hexamod:EtherealExpedition"],"picked":"hexamod:FirstSeal","floor":21},{"not_picked":["hexamod:FastForward","hexamod:GhostflameBarrier+1"],"picked":"hexamod:Again+1","floor":22},{"not_picked":["hexamod:GhostShield+1","hexamod:StepThrough","hexamod:DynamicBlow"],"picked":"SKIP","floor":22},{"not_picked":["hexamod:BacktrackSmack","hexamod:SpectersWail","hexamod:NightmareGuise"],"picked":"SKIP","floor":23},{"not_picked":["hexamod:SpectersWail+1","hexamod:GhostShield","hexamod:NightmareStrike"],"picked":"SKIP","floor":23},{"not_picked":["hexamod:SoulSteal","hexamod:GhostflameBarrier"],"picked":"hexamod:AdvancingGuard+1","floor":25},{"not_picked":["hexamod:VolcanoVisage","hexamod:GhostShield","hexamod:SwordOfDarkness"],"picked":"SKIP","floor":25},{"not_picked":["hexamod:FastForward","hexamod:BurningTouch","hexamod:HeatCrush"],"picked":"SKIP","floor":26},{"not_picked":["hexamod:AdvancingGuard","hexamod:SkipABeat","hexamod:BacktrackSmack"],"picked":"SKIP","floor":26},{"not_picked":["hexamod:HauntingEcho+1","hexamod:ThirdSeal"],"picked":"hexamod:HexaLevel","floor":27},{"not_picked":["hexamod:SecondSeal","hexamod:HeatShield"],"picked":"hexamod:Hexaguard","floor":27},{"not_picked":["hexamod:FirstSeal","hexamod:SecondSeal","hexamod:GhostShield"],"picked":"SKIP","floor":31},{"not_picked":["hexamod:HauntingEcho","hexamod:SwordOfDarkness"],"picked":"hexamod:Hexaguard","floor":32},{"not_picked":["hexamod:NightmareStrike+1","hexamod:BacktrackSmack"],"picked":"hexamod:PhantomCloak+1","floor":32},{"not_picked":["hexamod:FifthSeal","hexamod:SixthSeal"],"picked":"hexamod:HexaLevel","floor":33},{"not_picked":["hexamod:InspiringFlames","hexamod:GhostShield+1"],"picked":"hexamod:ShieldOfDarkness+1","floor":36},{"not_picked":["hexamod:GhostShield","hexamod:AdvancingGuard"],"picked":"hexamod:HeatShield","floor":36},{"not_picked":["hexamod:EtherealExpedition","hexamod:HeatShield"],"picked":"hexamod:GhostOfSpireFuture+1","floor":37},{"not_picked":["hexamod:PhantomCloak","hexamod:SpectersWail","hexamod:NightmareGuise"],"picked":"SKIP","floor":38},{"not_picked":["hexamod:GhostLash","hexamod:Haunt+1"],"picked":"hexamod:SoulSteal","floor":40},{"not_picked":["hexamod:HeatCrush","hexamod:BacktrackSmack+1","hexamod:HauntingEcho+1"],"picked":"SKIP","floor":40},{"not_picked":["hexamod:FastForward+1","hexamod:Incineration"],"picked":"hexamod:Hexaguard+1","floor":44},{"not_picked":["hexamod:Firestarter+1","hexamod:GhostShield","hexamod:ShieldOfDarkness"],"picked":"SKIP","floor":44},{"not_picked":["hexamod:GhostShield+1","hexamod:SoulSteal"],"picked":"hexamod:GhostOfSpireFuture+1","floor":46},{"not_picked":["hexamod:SpectersWail+1","hexamod:FirstSeal"],"picked":"hexamod:SpectralAdrenaline+1","floor":46},{"not_picked":["hexamod:SoulSteal","hexamod:ThermalTransfer"],"picked":"hexamod:RadiantFlame+1","floor":47},{"not_picked":["hexamod:VolcanoVisage","hexamod:SwordOfDarkness"],"picked":"hexamod:TimeWarp","floor":48},{"not_picked":["hexamod:NightmareGuise","hexamod:ExtraCrispy","hexamod:Incineration+1"],"picked":"SKIP","floor":48},{"not_picked":["hexamod:BurningTouch+1","hexamod:Rewind+1","hexamod:DynamicBlow+1"],"picked":"SKIP","floor":49},{"not_picked":["hexamod:AdvancingGuard","hexamod:SecondSeal","hexamod:NightmareGuise"],"picked":"SKIP","floor":52},{"not_picked":["hexamod:NightmareGuise+1","hexamod:RecurringNightmare+1","hexamod:Firestarter"],"picked":"SKIP","floor":52}],"player_experience":204961,"relics_obtained":[{"floor":6,"key":"Darkstone Periapt"},{"floor":7,"key":"Pear"},{"floor":25,"key":"InkBottle"},{"floor":27,"key":"Pantograph"},{"floor":39,"key":"WingedGreaves"},{"floor":41,"key":"Mercury Hourglass"},{"floor":46,"key":"Dream Catcher"},{"floor":48,"key":"Du-Vu Doll"},{"floor":52,"key":"Ice Cream"}],"event_choices":[{"cards_removed":["downfall:Malfunctioning"],"damage_healed":0,"gold_gain":0,"player_choice":"Card Removal","damage_taken":0,"max_hp_gain":0,"max_hp_loss":0,"event_name":"The Cleric","floor":8,"gold_loss":0},{"damage_healed":0,"gold_gain":0,"player_choice":"Rummage","damage_taken":0,"relics_obtained":["WarpedTongs"],"max_hp_gain":0,"max_hp_loss":0,"event_name":"Accursed Blacksmith","floor":29,"gold_loss":0,"cards_obtained":["Pain"]},{"damage_healed":0,"gold_gain":0,"player_choice":"Fight","damage_taken":0,"max_hp_gain":0,"max_hp_loss":0,"event_name":"Mysterious Sphere","floor":39,"gold_loss":0}],"is_beta":false,"boss_relics":[{"not_picked":["Sozu","Pandora\u0027s Box"],"picked":"Cursed Key"},{"not_picked":["Black Star","Runic Pyramid"],"picked":"hexamod:IceCube"}],"items_purged_floors":[14,38,43,53],"is_endless":false,"potions_floor_spawned":[6,9,15,16,23,26,31,32,33,36,37,40],"ascension_level":0}}