{"host":"r0ye8pdzuq6zwfvs","time":1613968203,"event":{"mods":["AchievementEnabler","Act Like it!","Arknights","BaseMod","BetterRewards","CapriCore","Card Forge","Colored Map","Colored Powertips","Custom Start","DeckTracker","Luminous","Minty Spire (QoL Compilation)","Permanent Neow","Prisma Mod","Quick Restart","Relic Stats","Shop Mod","StSLib","SuperFastMode","Swap Starting Deck Mod","The Alterego","The Immortal","Uncapped","Weighted Paths"],"gold_per_floor":[116,131,148,165,165,195,214,248,328,328,355,372,49,59,59,157,157,168,187,37,52,52,81,99,99,173,203,223,323,353,372,372,477,527,544,559,569,584,189,220,220,570,618,648,664,664,690,707,707,707,707,707,707,734,734],"floor_reached":56,"language":"ENG","playtime":5251,"items_purged":["PrismaMod:ChloeCommonAttack","PrismaMod:ChloeCommonDefend","PrismaMod:ChloeCommonAttack","PrismaMod:ChloeCommonDefend","PrismaMod:ChloeCommonAttack"],"score":2328,"play_id":"a1be303f-41a6-491c-a3cb-1760508879d3","local_time":"20210221213003","is_ascension_mode":true,"campfire_choices":[{"data":"PrismaMod:ChloeAnySkillTrace","floor":10,"key":"SMITH"},{"floor":15,"key":"RECALL"},{"data":"1","floor":25,"key":"LIFT"},{"data":"2","floor":32,"key":"LIFT"},{"data":"3","floor":41,"key":"LIFT"},{"data":"PrismaMod:ChloeCheapAttack","floor":49,"key":"SMITH"},{"data":"PrismaMod:ChloeCheapDefend","floor":52,"key":"SMITH"}],"circlet_count":0,"master_deck":["PrismaMod:ChloeCommonAttack+1","PrismaMod:ChloeCommonAttack","PrismaMod:ChloeCommonDefend+1","PrismaMod:ChloeCommonDefend","PrismaMod:ChloeCommonDefend+1","PrismaMod:ChloeCheapAttack+1","PrismaMod:ChloeCheapDefend+1","PrismaMod:ChloeAnySkillTrace+1","PrismaMod:ChloeAnyAttackTrace+1","PrismaMod:ChloeMordred+1","PrismaMod:ChloeChristmas+1","PrismaMod:ChloeChristmas+1","PrismaMod:ChloeRitsuka+1","PrismaMod:ChloeAnyPowerTrace+1","PrismaMod:ChloeExhaustThree+1","Parasite"],"relics":["PrismaMod:PrismaTraceOn","Hammer of Thor","Seething Fire","Anvil of the Gods","Pocketwatch","Calipers","Prayer Wheel","Bag of Preparation","Toxic Egg 2","Lantern","Tiny Chest","Girya","ClockworkSouvenir","Sozu","Oddly Smooth Stone","Regal Pillow","Eternal Feather","War Paint","Incense Burner","Frozen Egg 2","Bronze Scales","Tiny House","Lee\u0027s Waffle","Gremlin Horn","MealTicket","Old Coin","Smiling Mask","Bag of Marbles","Pantograph","Bottled Lightning","Pen Nib"],"acts_visited":["Exordium","TheCity","TheBeyond","TheEnding"],"potions_floor_usage":[],"damage_taken":[{"damage":0,"enemies":"Small Slimes","floor":1,"turns":1},{"damage":0,"enemies":"Jaw Worm","floor":2,"turns":4},{"damage":0,"enemies":"Cultist","floor":3,"turns":2},{"damage":0,"enemies":"Blue Slaver","floor":4,"turns":3},{"damage":18,"enemies":"Gremlin Nob","floor":6,"turns":4},{"damage":0,"enemies":"Looter","floor":7,"turns":2},{"damage":0,"enemies":"Lagavulin","floor":8,"turns":4},{"damage":17,"enemies":"3 Sentries","floor":11,"turns":4},{"damage":0,"enemies":"Red Slaver","floor":12,"turns":6},{"damage":0,"enemies":"Gremlin Gang","floor":14,"turns":2},{"damage":0,"enemies":"Slime Boss","floor":16,"turns":6},{"damage":0,"enemies":"Shell Parasite","floor":18,"turns":3},{"damage":0,"enemies":"Chosen","floor":19,"turns":3},{"damage":0,"enemies":"Shelled Parasite and Fungi","floor":21,"turns":3},{"damage":0,"enemies":"Slavers","floor":23,"turns":4},{"damage":0,"enemies":"Centurion and Healer","floor":24,"turns":3},{"damage":0,"enemies":"Book of Stabbing","floor":27,"turns":4},{"damage":0,"enemies":"Snecko","floor":28,"turns":2},{"damage":0,"enemies":"Colosseum Slavers","floor":29,"turns":4},{"damage":0,"enemies":"Colosseum Nobs","floor":29,"turns":6},{"damage":0,"enemies":"Slavers","floor":30,"turns":2},{"damage":8,"enemies":"Cultist and Chosen","floor":31,"turns":3},{"damage":0,"enemies":"Collector","floor":33,"turns":5},{"damage":0,"enemies":"Orb Walker","floor":35,"turns":2},{"damage":0,"enemies":"3 Shapes","floor":36,"turns":3},{"damage":0,"enemies":"Writhing Mass","floor":37,"turns":3},{"damage":0,"enemies":"4 Shapes","floor":38,"turns":4},{"damage":36,"enemies":"Reptomancer","floor":40,"turns":9},{"damage":1,"enemies":"Mind Bloom Boss Battle","floor":42,"turns":8},{"damage":0,"enemies":"Giant Head","floor":44,"turns":5},{"damage":0,"enemies":"3 Darklings","floor":45,"turns":3},{"damage":0,"enemies":"Reptomancer","floor":47,"turns":2},{"damage":0,"enemies":"Writhing Mass","floor":48,"turns":2},{"damage":0,"enemies":"Donu and Deca","floor":50,"turns":6},{"damage":0,"enemies":"Shield and Spear","floor":54,"turns":2},{"damage":1,"enemies":"The Heart","floor":55,"turns":5}],"seed_played":"-3014194124820685707","potions_obtained":[{"floor":1,"key":"LiquidBronze"},{"floor":2,"key":"GamblersBrew"},{"floor":3,"key":"Dexterity Potion"},{"floor":16,"key":"EntropicBrew"}],"is_trial":false,"path_per_floor":["M","M","M","M","?","E","M","E","T","R","E","M","$","M","R","B",null,"M","M","$","M","?","E","M","R","T","E","M","?","E","M","R","B",null,"M","M","M","M","$","E","R","?","T","E","M","T","E","M","R","B",null,"R","$","E","B",null],"character_chosen":"CHLOE","items_purchased":["PrismaMod:ChloeAnySkillTrace","Bag of Preparation","Toxic Egg 2","PrismaMod:ChloeAnyAttackTrace+1","BlessingOfTheForge","ClockworkSouvenir","Oddly Smooth Stone","Lee\u0027s Waffle","Gremlin Horn"],"campfire_rested":0,"item_purchase_floors":[0,0,0,0,0,13,20,39,39],"current_hp_per_floor":[75,75,75,75,75,57,57,57,57,57,44,60,60,60,60,60,75,75,75,75,75,75,75,75,75,75,75,75,75,75,73,75,75,80,80,80,80,86,93,57,66,93,93,93,93,93,93,93,93,93,93,93,93,93,92],"gold":734,"neow_bonus":"","is_daily":false,"chose_seed":false,"campfire_upgraded":3,"win_rate":0.0,"timestamp":1613968203,"path_taken":["M","M","M","M","?","E","M","E","T","R","E","M","$","M","R","BOSS","M","M","$","M","?","E","M","R","T","E","M","?","E","M","R","BOSS","M","M","M","M","$","E","R","?","T","E","M","?","E","M","R","BOSS","R","$","E","BOSS"],"items_purchased_type":["Card","Relic","Relic","Card","Potion","Relic","Relic","Relic","Relic"],"build_version":"2020-12-22","purchased_purges":5,"victory":true,"max_hp_per_floor":[75,75,75,75,75,75,75,75,75,75,75,75,75,75,75,75,75,75,75,75,75,75,75,75,75,75,75,75,75,75,75,75,75,80,80,80,80,86,93,93,93,93,93,93,93,93,93,93,93,93,93,93,93,93,93],"relic_stats":{"Regal Pillow":0,"Lee\u0027s Waffle":21,"Gremlin Horn":[16,18],"counters":[126,305],"Eternal Feather":20,"Pen Nib":[6],"Bag of Preparation":[130],"War Paint":["PrismaMod:ChloeCommonDefend","PrismaMod:ChloeCommonDefend"],"Smiling Mask":0,"Sozu":0,"Bronze Scales":[260],"Pantograph":0,"Prayer Wheel":30,"Tiny Chest":3,"MealTicket":7,"obtain_stats":[{"Ice Cream":28,"Tiny House":34,"Calipers":0,"Gremlin Horn":39,"Nilry\u0027s Codex":22,"Vajra":4,"Hammer of Thor":0,"Boot":0,"PrismaMod:PrismaTraceOn":0,"Old Coin":42,"Blood Vial":48,"Sozu":17,"HornCleat":26,"Strawberry":38,"Prayer Wheel":0,"Philosopher\u0027s Stone":34,"MealTicket":40,"Toxic Egg 2":0,"MerchantsRug":4,"Girya":42,"Pear":54,"Blue Candle":54,"Oddly Smooth Stone":20,"Eternal Feather":26,"Pen Nib":54,"Letter Opener":31,"War Paint":27,"Du-Vu Doll":0,"Runic Dome":0,"OrangePellets":53,"Anvil of the Gods":0,"Bird Faced Urn":39,"Bronze Scales":43,"MutagenicStrength":19,"Molten Egg 2":0,"Pocketwatch":0,"Meat on the Bone":30,"Lantern":6,"Regal Pillow":23,"Singing Bowl":6,"SacredBark":17,"Juzu Bracelet":8,"Bag of Preparation":0,"Incense Burner":29,"alterego_mod:SomeoneToFightFor":30,"Ancient Tea Set":27,"Smiling Mask":28,"ClockworkSouvenir":13,"Nunchaku":10,"Mummified Hand":14,"Pantograph":53,"Tiny Chest":8,"WingedGreaves":40,"Red Mask":21,"InkBottle":48,"Potion Belt":0,"Lee\u0027s Waffle":39,"Thread and Needle":7,"PreservedInsect":40,"Seething Fire":0,"Orichalcum":42,"Frozen Egg 2":29,"MawBank":8,"White Beast Statue":34,"Mercury Hourglass":25,"Calling Bell":34,"Cauldron":30,"Anchor":23,"Ornamental Fan":44,"Orrery":0,"Ectoplasm":17,"Art of War":10,"Bag of Marbles":37,"Coffee Dripper":17,"Bottled Lightning":9,"FossilizedHelix":0,"TungstenRod":0},{"Ice Cream":46,"Tiny House":19,"Calipers":90,"Gremlin Horn":117,"Nilry\u0027s Codex":15,"Vajra":4,"Hammer of Thor":0,"Boot":30,"PrismaMod:PrismaTraceOn":0,"Old Coin":119,"Blood Vial":27,"Sozu":101,"HornCleat":17,"Strawberry":51,"Prayer Wheel":30,"Philosopher\u0027s Stone":77,"MealTicket":118,"Toxic Egg 2":90,"MerchantsRug":4,"Girya":25,"Pear":29,"Blue Candle":58,"Oddly Smooth Stone":103,"Eternal Feather":106,"Pen Nib":125,"Letter Opener":18,"War Paint":107,"Du-Vu Doll":30,"Runic Dome":0,"OrangePellets":88,"Anvil of the Gods":0,"Bird Faced Urn":23,"Bronze Scales":25,"MutagenicStrength":70,"Molten Egg 2":59,"Pocketwatch":30,"Meat on the Bone":47,"Lantern":95,"Regal Pillow":105,"Singing Bowl":5,"SacredBark":69,"Juzu Bracelet":6,"Bag of Preparation":90,"Incense Burner":110,"alterego_mod:SomeoneToFightFor":17,"Ancient Tea Set":17,"Smiling Mask":75,"ClockworkSouvenir":99,"Nunchaku":37,"Mummified Hand":39,"Pantograph":88,"Tiny Chest":97,"WingedGreaves":24,"Red Mask":72,"InkBottle":87,"Potion Belt":30,"Lee\u0027s Waffle":117,"Thread and Needle":36,"PreservedInsect":53,"Seething Fire":0,"Orichalcum":53,"Frozen Egg 2":110,"MawBank":65,"White Beast Statue":49,"Mercury Hourglass":17,"Calling Bell":49,"Cauldron":75,"Anchor":16,"Ornamental Fan":84,"Orrery":30,"Ectoplasm":11,"Art of War":7,"Bag of Marbles":21,"Coffee Dripper":40,"Bottled Lightning":36,"FossilizedHelix":30,"TungstenRod":59},{"Ice Cream":101,"Tiny House":31,"Calipers":171,"Gremlin Horn":263,"Nilry\u0027s Codex":27,"Vajra":16,"Hammer of Thor":0,"Boot":44,"PrismaMod:PrismaTraceOn":0,"Old Coin":280,"Blood Vial":39,"Sozu":209,"HornCleat":29,"Strawberry":112,"Prayer Wheel":44,"Philosopher\u0027s Stone":156,"MealTicket":272,"Toxic Egg 2":171,"MerchantsRug":16,"Girya":37,"Pear":41,"Blue Candle":126,"Oddly Smooth Stone":215,"Eternal Feather":225,"Pen Nib":300,"Letter Opener":30,"War Paint":229,"Du-Vu Doll":44,"Runic Dome":0,"OrangePellets":167,"Anvil of the Gods":0,"Bird Faced Urn":35,"Bronze Scales":37,"MutagenicStrength":149,"Molten Egg 2":131,"Pocketwatch":44,"Meat on the Bone":104,"Lantern":185,"Regal Pillow":222,"Singing Bowl":17,"SacredBark":148,"Juzu Bracelet":18,"Bag of Preparation":171,"Incense Burner":241,"alterego_mod:SomeoneToFightFor":29,"Ancient Tea Set":29,"Smiling Mask":154,"ClockworkSouvenir":201,"Nunchaku":72,"Mummified Hand":80,"Pantograph":167,"Tiny Chest":191,"WingedGreaves":36,"Red Mask":151,"InkBottle":166,"Potion Belt":44,"Lee\u0027s Waffle":263,"Thread and Needle":67,"PreservedInsect":116,"Seething Fire":0,"Orichalcum":116,"Frozen Egg 2":241,"MawBank":144,"White Beast Statue":110,"Mercury Hourglass":29,"Calling Bell":110,"Cauldron":154,"Anchor":28,"Ornamental Fan":163,"Orrery":44,"Ectoplasm":23,"Art of War":19,"Bag of Marbles":33,"Coffee Dripper":85,"Bottled Lightning":67,"FossilizedHelix":44,"TungstenRod":131}],"Pocketwatch":[53]},"card_choices":[{"not_picked":["PrismaMod:ChloeCheapDefendTwo+1","PrismaMod:ChloeCommonAOEAttack"],"picked":"PrismaMod:ChloeDiscardRecovery+1","floor":1},{"not_picked":["PrismaMod:ChloeCheapAttackTwo","PrismaMod:ChloeUncommonAOEAttack","PrismaMod:ChloeRhongomyniad"],"picked":"SKIP","floor":1},{"not_picked":["PrismaMod:ChloeExhaustTwo+1","PrismaMod:ChloeGaeBolg"],"picked":"PrismaMod:ChloeMordred+1","floor":2},{"not_picked":["PrismaMod:ChloeRhongomyniad","PrismaMod:ChloeExhaustTwo+1"],"picked":"PrismaMod:ChloeChristmas+1","floor":2},{"not_picked":["PrismaMod:ChloeDiscardRecovery+1","PrismaMod:ChloeEyeOfTheEuryale"],"picked":"PrismaMod:ChloeChristmas+1","floor":3},{"not_picked":["PrismaMod:ChloeCheapDefend+1","PrismaMod:ChloeCheapDefendTwo+1","PrismaMod:ChloeUncommonAttack"],"picked":"SKIP","floor":3},{"not_picked":["PrismaMod:ChloeCheapAttackTwo","PrismaMod:ChloeMaid+1","PrismaMod:ChloeRhongomyniad"],"picked":"SKIP","floor":4},{"not_picked":["PrismaMod:ChloeExhaustOne+1","PrismaMod:ChloeDemonicTutor+1","PrismaMod:ChloeBetterTracePools"],"picked":"SKIP","floor":4},{"not_picked":["PrismaMod:ChloeExhaustOne+1","PrismaMod:ChloeChristmas+1","PrismaMod:ChloeCommonAOEAttack"],"picked":"SKIP","floor":6},{"not_picked":["PrismaMod:ChloeDiscardRecovery+1","PrismaMod:ChloeCaladbolg"],"picked":"PrismaMod:ChloeGreatTracePools","floor":7},{"not_picked":["PrismaMod:ChloeMaid+1","PrismaMod:ChloeMordred+1","PrismaMod:ChloeRhongomyniad"],"picked":"SKIP","floor":7},{"not_picked":["PrismaMod:ChloeCheapAttack","PrismaMod:ChloeCommonAOEAttack","PrismaMod:ChloeUncommonAttack"],"picked":"SKIP","floor":8},{"not_picked":["PrismaMod:ChloeCheapDefendTwo+1","PrismaMod:ChloeRitsuka+1","PrismaMod:ChloeCommonAOEAttack"],"picked":"SKIP","floor":11},{"not_picked":["PrismaMod:ChloeCheapDefendTwo+1","PrismaMod:ChloeCommonAOEAttack"],"picked":"PrismaMod:ChloeRitsuka+1","floor":11},{"not_picked":["PrismaMod:ChloeCommonAOEAttack","PrismaMod:ChloeCheapAttackTwo","PrismaMod:ChloeCheapDefend+1"],"picked":"SKIP","floor":12},{"not_picked":["PrismaMod:ChloeCommonAOEAttack","PrismaMod:ChloeMordred+1","PrismaMod:ChloeCheapAttack"],"picked":"SKIP","floor":12},{"not_picked":["PrismaMod:ChloeExhaustOne+1","PrismaMod:ChloeAnyAttackTrace+1","PrismaMod:ChloeCheapAttack"],"picked":"SKIP","floor":14},{"not_picked":["PrismaMod:ChloeCheapAttack","PrismaMod:ChloeGaeBolg","PrismaMod:ChloeRuleBreaker"],"picked":"SKIP","floor":14},{"not_picked":["PrismaMod:ChloeGreatTracePools","PrismaMod:ChloeAnySkillTrace+1"],"picked":"PrismaMod:ChloeAnyPowerTrace+1","floor":16},{"not_picked":["PrismaMod:ChloeCheapAttack","PrismaMod:ChloeCommonAOEAttack","PrismaMod:ChloeExhaustOne+1"],"picked":"SKIP","floor":18},{"not_picked":["PrismaMod:ChloeExhaustOne+1","PrismaMod:ChloeCheapDefend+1","PrismaMod:ChloeBetterTracePools+1"],"picked":"SKIP","floor":18},{"not_picked":["PrismaMod:ChloeChristmas+1","PrismaMod:ChloeRitsuka+1","PrismaMod:ChloeExhaustOne+1"],"picked":"SKIP","floor":19},{"not_picked":["PrismaMod:ChloeCheapAttack","PrismaMod:ChloeCheapAttackTwo","PrismaMod:ChloeCheapDefend+1"],"picked":"SKIP","floor":19},{"not_picked":["PrismaMod:ChloeGaeBolg+1","PrismaMod:ChloeUncommonDefend+1","PrismaMod:ChloeExhaustOne+1"],"picked":"SKIP","floor":21},{"not_picked":["PrismaMod:ChloeCheapAttack+1","PrismaMod:ChloeMaid+1","PrismaMod:ChloeMordred+1"],"picked":"SKIP","floor":21},{"not_picked":["PrismaMod:ChloeDiscardRecovery+1","PrismaMod:ChloeMaid+1","PrismaMod:ChloeExhaustTwo+1"],"picked":"SKIP","floor":23},{"not_picked":["PrismaMod:ChloeExhaustOne+1","PrismaMod:ChloeCheapAttackTwo","PrismaMod:ChloeExcalibur"],"picked":"SKIP","floor":24},{"not_picked":["PrismaMod:ChloeCheapAttackTwo","PrismaMod:ChloeExcalibur","PrismaMod:ChloeCommonAOEAttack"],"picked":"SKIP","floor":24},{"not_picked":["PrismaMod:ChloeUncommonDefend+1","PrismaMod:ChloeUncommonAttack","PrismaMod:ChloeRhongomyniad+1"],"picked":"SKIP","floor":27},{"not_picked":["PrismaMod:ChloeCheapAttackTwo","PrismaMod:ChloeDiscardRecovery+1","PrismaMod:ChloeExhaustTwo+1"],"picked":"SKIP","floor":28},{"not_picked":["PrismaMod:ChloeCheapDefend+1","PrismaMod:ChloeRhongomyniad","PrismaMod:ChloeExcalibur"],"picked":"SKIP","floor":28},{"not_picked":["PrismaMod:ChloeRitsuka+1","PrismaMod:ChloeExhaustOne+1"],"picked":"PrismaMod:ChloeExhaustThree+1","floor":29},{"not_picked":["PrismaMod:ChloeCommonAOEAttack+1","PrismaMod:ChloeCheapDefendTwo+1","PrismaMod:ChloeCheapAttackTwo"],"picked":"SKIP","floor":30},{"not_picked":["PrismaMod:ChloeExhaustOne+1","PrismaMod:ChloeCommonAOEAttack","PrismaMod:ChloeChristmas+1"],"picked":"SKIP","floor":31},{"not_picked":["PrismaMod:ChloeUncommonAttack","PrismaMod:ChloeMaid+1","PrismaMod:ChloeCheapAttackTwo+1"],"picked":"SKIP","floor":31},{"not_picked":["PrismaMod:ChloeUncommonAttack","PrismaMod:ChloeExhaustTwo+1","PrismaMod:ChloeDiscardRecovery+1"],"picked":"SKIP","floor":35},{"not_picked":["PrismaMod:ChloeDiscardRecovery+1","PrismaMod:ChloeCommonAOEAttack","PrismaMod:ChloeChristmas+1"],"picked":"SKIP","floor":35},{"not_picked":["PrismaMod:ChloeCheapAttack+1","PrismaMod:ChloeAnyPowerTrace+1","PrismaMod:ChloeUncommonAttack"],"picked":"SKIP","floor":36},{"not_picked":["PrismaMod:ChloeCheapDefendTwo+1","PrismaMod:ChloeCheapDefend+1","PrismaMod:ChloeUncommonAttack"],"picked":"SKIP","floor":36},{"not_picked":["PrismaMod:ChloeCheapAttackTwo+1","PrismaMod:ChloeCheapDefendTwo+1","PrismaMod:ChloeCheapDefend+1"],"picked":"SKIP","floor":37},{"not_picked":["PrismaMod:ChloeDiscardRecovery+1","PrismaMod:ChloeCheapDefendTwo+1","PrismaMod:ChloeExhaustOne+1"],"picked":"SKIP","floor":37},{"not_picked":["PrismaMod:ChloeEyeOfTheEuryale","PrismaMod:ChloeMordred+1","PrismaMod:ChloeCheapDefendTwo+1"],"picked":"SKIP","floor":38},{"not_picked":["PrismaMod:ChloeCheapDefend+1","PrismaMod:ChloeDiscardRecovery+1","PrismaMod:ChloeHalloween+1"],"picked":"SKIP","floor":38},{"not_picked":["PrismaMod:ChloeAnyPowerTrace+1","PrismaMod:ChloeMordred+1","PrismaMod:ChloeExhaustTwo+1"],"picked":"SKIP","floor":40},{"not_picked":["PrismaMod:ChloeUncommonAOEAttack+1","PrismaMod:ChloeCommonAOEAttack+1","PrismaMod:ChloeCheapDefendTwo+1"],"picked":"SKIP","floor":44},{"not_picked":["PrismaMod:ChloeExhaustOne+1","PrismaMod:ChloeCheapDefendTwo+1","PrismaMod:ChloeCheapAttackTwo"],"picked":"SKIP","floor":45},{"not_picked":["PrismaMod:ChloeExhaustOne+1","PrismaMod:ChloeAnySkillTrace+1","PrismaMod:ChloeUncommonDefend+1"],"picked":"SKIP","floor":45},{"not_picked":["PrismaMod:ChloeDiscardRecovery+1","PrismaMod:ChloeUncommonAOEAttack+1","PrismaMod:ChloeCheapAttack+1"],"picked":"SKIP","floor":47},{"not_picked":["PrismaMod:ChloeUncommonAOEAttack","PrismaMod:ChloeCheapAttack+1","PrismaMod:ChloeDiscardRecovery+1"],"picked":"SKIP","floor":48},{"not_picked":["PrismaMod:ChloeExhaustOne+1","PrismaMod:ChloeCheapDefend+1","PrismaMod:ChloeCheapAttackTwo"],"picked":"SKIP","floor":48},{"not_picked":["PrismaMod:ChloeAnyAttackTrace+1","PrismaMod:ChloeCheapAttackTwo","PrismaMod:ChloeExhaustOne+1"],"picked":"SKIP","floor":54}],"player_experience":250813,"relics_obtained":[{"floor":6,"key":"Lantern"},{"floor":8,"key":"Tiny Chest"},{"floor":11,"key":"Girya"},{"floor":23,"key":"Regal Pillow"},{"floor":26,"key":"Eternal Feather"},{"floor":27,"key":"War Paint"},{"floor":29,"key":"Incense Burner"},{"floor":29,"key":"Frozen Egg 2"},{"floor":30,"key":"Bronze Scales"},{"floor":40,"key":"MealTicket"},{"floor":42,"key":"Old Coin"},{"floor":43,"key":"Smiling Mask"},{"floor":44,"key":"Bag of Marbles"},{"floor":46,"key":"Pantograph"},{"floor":47,"key":"Bottled Lightning"},{"floor":54,"key":"Pen Nib"}],"event_choices":[{"damage_healed":0,"gold_gain":0,"player_choice":"Ignored","damage_taken":0,"max_hp_gain":0,"max_hp_loss":0,"event_name":"Golden Idol","floor":5,"gold_loss":0},{"damage_healed":0,"gold_gain":0,"player_choice":"Ignored","damage_taken":0,"max_hp_gain":0,"max_hp_loss":0,"event_name":"The Mausoleum","floor":22,"gold_loss":0},{"damage_healed":0,"gold_gain":0,"player_choice":"Fight","damage_taken":0,"max_hp_gain":0,"max_hp_loss":0,"event_name":"Colosseum","floor":29,"gold_loss":0},{"damage_healed":0,"gold_gain":0,"player_choice":"Fought Nobs","damage_taken":0,"max_hp_gain":0,"max_hp_loss":0,"event_name":"Colosseum","floor":29,"gold_loss":0},{"damage_healed":0,"gold_gain":0,"player_choice":"Fight","damage_taken":0,"max_hp_gain":0,"max_hp_loss":0,"event_name":"MindBloom","floor":42,"gold_loss":0}],"is_beta":false,"boss_relics":[{"not_picked":["Black Star","Fusion Hammer"],"picked":"Sozu"},{"not_picked":["Astrolabe","Runic Pyramid"],"picked":"Tiny House"}],"items_purged_floors":[0,0,0,0,13],"is_endless":false,"potions_floor_spawned":[1,2,3,7,16,18,19,21,24,30,31,35,40,42,44],"ascension_level":4}}