{"host":"sc0o2qwpf9j16a4i","time":1613991548,"event":{"mods":["AchievementEnabler","BaseMod","BetterRewards","Block Reminder","Colored Map","Colored Powertips","Custom Start","Highlight Path","Minty Spire (QoL Compilation)","Relic Stats"],"gold_per_floor":[113,124,140,65,140,140,156,156,156,181,181,181,211,230,230,306,306,326,326,0,19,19,45,45,61,61,61,81,81,81,22,22,22,22],"floor_reached":33,"language":"ENG","playtime":768,"items_purged":["Strike_R"],"score":596,"play_id":"566e9bae-54f0-4c01-a2dc-1ca6520a4dde","local_time":"20210222125908","is_ascension_mode":true,"campfire_choices":[{"data":"Carnage","floor":6,"key":"SMITH"},{"floor":8,"key":"REST"},{"data":"Demon Form","floor":15,"key":"SMITH"},{"floor":24,"key":"REST"},{"floor":29,"key":"REST"},{"floor":32,"key":"REST"}],"circlet_count":0,"master_deck":["AscendersBane","Strike_R+1","Strike_R+1","Strike_R+1","Defend_R+1","Defend_R+1","Defend_R+1","Defend_R+1","Bash+1","Battle Trance","Searing Blow","Carnage+1","Anger","Demon Form+1","Impervious","Pommel Strike","Inflame","Shrug It Off","Shame","Feed","Second Wind","True Grit"],"relics":["SacredBark","PreservedInsect","Question Card","Bronze Scales","Vajra","Mark of Pain","Bag of Preparation","Potion Belt","Nunchaku","Red Skull"],"acts_visited":["Exordium","TheCity"],"potions_floor_usage":[10,16,18,21,28,33],"damage_taken":[{"damage":13,"enemies":"Cultist","floor":1,"turns":5},{"damage":3,"enemies":"2 Louse","floor":2,"turns":4},{"damage":10,"enemies":"Small Slimes","floor":3,"turns":5},{"damage":7,"enemies":"Exordium Wildlife","floor":7,"turns":3},{"damage":0,"enemies":"Lagavulin","floor":10,"turns":3},{"damage":15,"enemies":"3 Sentries","floor":13,"turns":6},{"damage":1,"enemies":"2 Fungi Beasts","floor":14,"turns":2},{"damage":13,"enemies":"Hexaghost","floor":16,"turns":6},{"damage":0,"enemies":"Chosen","floor":18,"turns":4},{"damage":9,"enemies":"3 Byrds","floor":21,"turns":2},{"damage":42,"enemies":"Slavers","floor":23,"turns":6},{"damage":18,"enemies":"Centurion and Healer","floor":25,"turns":5},{"damage":23,"enemies":"3 Cultists","floor":28,"turns":4},{"damage":50,"enemies":"Champ","floor":33,"turns":9}],"seed_played":"-8695601006536187038","potions_obtained":[{"floor":1,"key":"SteroidPotion"},{"floor":3,"key":"Weak Potion"},{"floor":13,"key":"FearPotion"},{"floor":16,"key":"Block Potion"},{"floor":18,"key":"Fire Potion"},{"floor":25,"key":"Dexterity Potion"}],"is_trial":false,"path_per_floor":["M","M","M","?","?","R","M","R","T","E","?","?","E","M","R","B",null,"M","?","$","M","?","E","R","M","T","?","M","R","?","$","R","B"],"character_chosen":"IRONCLAD","items_purchased":["Bag of Preparation","Inflame","True Grit"],"campfire_rested":4,"item_purchase_floors":[20,20,31],"current_hp_per_floor":[55,52,42,42,31,31,24,46,46,46,41,41,26,25,25,12,59,59,59,59,50,50,8,30,12,12,27,4,26,26,26,48,0,0],"gold":22,"neow_bonus":"BOSS_RELIC","is_daily":false,"chose_seed":false,"campfire_upgraded":2,"win_rate":0.0,"timestamp":1613991548,"path_taken":["M","M","M","?","?","R","M","R","T","E","?","?","E","?","R","BOSS","M","?","$","M","?","E","R","M","T","?","?","R","?","?","R","BOSS"],"items_purchased_type":["Relic","Card","Card"],"build_version":"2020-12-22","purchased_purges":1,"victory":false,"max_hp_per_floor":[75,75,75,75,75,75,75,75,75,75,75,75,75,75,75,75,75,75,75,75,75,75,75,75,75,75,75,75,75,75,75,75,75,75],"relic_stats":{"Nunchaku":[3],"counters":[14,64],"Bronze Scales":[152],"PreservedInsect":100,"Bag of Preparation":[10],"Question Card":8,"obtain_stats":[{"Potion Belt":22,"Nunchaku":23,"SacredBark":0,"Bronze Scales":11,"Vajra":13,"PreservedInsect":9,"Mark of Pain":17,"Bag of Preparation":20,"Question Card":10,"Burning Blood":0,"Red Skull":26},{"Potion Belt":10,"Nunchaku":11,"SacredBark":0,"Bronze Scales":5,"Vajra":6,"PreservedInsect":4,"Mark of Pain":8,"Bag of Preparation":9,"Question Card":5,"Burning Blood":0,"Red Skull":12},{"Potion Belt":40,"Nunchaku":46,"SacredBark":0,"Bronze Scales":20,"Vajra":26,"PreservedInsect":17,"Mark of Pain":34,"Bag of Preparation":38,"Question Card":20,"Burning Blood":0,"Red Skull":51}]},"card_choices":[{"not_picked":["Dual Wield","Shrug It Off"],"picked":"Battle Trance","floor":1},{"not_picked":["Reckless Charge","Body Slam"],"picked":"Searing Blow","floor":2},{"not_picked":["Headbutt","Feel No Pain"],"picked":"Carnage","floor":3},{"not_picked":["Iron Wave","Thunderclap"],"picked":"Anger","floor":7},{"not_picked":["Wild Strike","Fire Breathing","Anger"],"picked":"SKIP","floor":10},{"not_picked":["Carnage","Body Slam","Heavy Blade"],"picked":"Demon Form","floor":13},{"not_picked":["Wild Strike","Cleave","Twin Strike","Intimidate"],"picked":"SKIP","floor":14},{"not_picked":["Berserk","Fiend Fire","Immolate"],"picked":"Impervious","floor":16},{"not_picked":["Iron Wave","Wild Strike+1","Warcry"],"picked":"Pommel Strike","floor":18},{"not_picked":["Impervious","Burning Pact","Flex"],"picked":"Shrug It Off","floor":21},{"not_picked":["Perfected Strike","Twin Strike","Havoc"],"picked":"Feed","floor":23},{"not_picked":["Twin Strike","Cleave","Battle Trance","Pummel"],"picked":"SKIP","floor":25},{"not_picked":["Clothesline","Twin Strike","Pommel Strike"],"picked":"Second Wind","floor":28}],"player_experience":1518355,"relics_obtained":[{"floor":9,"key":"PreservedInsect"},{"floor":10,"key":"Question Card"},{"floor":13,"key":"Vajra"},{"floor":23,"key":"Nunchaku"},{"floor":26,"key":"Red Skull"}],"event_choices":[{"cards_removed":["Strike_R"],"damage_healed":0,"gold_gain":0,"player_choice":"Card Removal","damage_taken":0,"max_hp_gain":0,"max_hp_loss":0,"event_name":"The Cleric","floor":4,"gold_loss":75},{"damage_healed":0,"gold_gain":75,"player_choice":"Gather Gold","damage_taken":11,"max_hp_gain":0,"max_hp_loss":0,"event_name":"World of Goop","floor":5,"gold_loss":0},{"damage_healed":0,"gold_gain":0,"player_choice":"Success","damage_taken":5,"relics_obtained":["Bronze Scales"],"max_hp_gain":0,"max_hp_loss":0,"event_name":"Scrap Ooze","floor":11,"gold_loss":0},{"damage_healed":0,"gold_gain":0,"player_choice":"Grow","damage_taken":0,"max_hp_gain":0,"max_hp_loss":0,"event_name":"Living Wall","floor":12,"gold_loss":0,"cards_upgraded":["Bash"]},{"damage_healed":0,"gold_gain":0,"player_choice":"Ignored","damage_taken":0,"max_hp_gain":0,"max_hp_loss":0,"event_name":"The Mausoleum","floor":19,"gold_loss":0},{"damage_healed":0,"gold_gain":0,"player_choice":"Stole Relic","damage_taken":0,"relics_obtained":["Potion Belt"],"max_hp_gain":0,"max_hp_loss":0,"event_name":"Addict","floor":22,"gold_loss":0,"cards_obtained":["Shame"]},{"damage_healed":15,"gold_gain":0,"player_choice":"Heal","damage_taken":0,"max_hp_gain":0,"max_hp_loss":0,"event_name":"The Library","floor":27,"gold_loss":0},{"damage_healed":0,"gold_gain":0,"player_choice":"Simplicity","damage_taken":0,"max_hp_gain":0,"max_hp_loss":0,"event_name":"Back to Basics","floor":30,"gold_loss":0,"cards_upgraded":["Strike_R","Strike_R","Strike_R","Defend_R","Defend_R","Defend_R","Defend_R"]}],"is_beta":false,"boss_relics":[{"not_picked":["Coffee Dripper","Calling Bell"],"picked":"Mark of Pain"}],"items_purged_floors":[20],"is_endless":false,"potions_floor_spawned":[1,3,13,14,16,18,25],"killed_by":"Champ","ascension_level":20}}