{"host":"qgrlfjrqk9z96gfi","time":1613954697,"event":{"mods":["BaseMod","Block Reminder","Colored Map","Custom Start","DeckTracker","Minty Spire (QoL Compilation)"],"gold_per_floor":[114,127,127,127,27,57,57,82,82,82,94,94,111,143,143,216,216,195,209,91,91,120,120,120,20,20,20,47,59,78,78,78,154,154,171,184,197,419,419,419,419,446,446,446,446],"floor_reached":44,"language":"ENG","playtime":1741,"items_purged":["Strike_G","Strike_G"],"score":994,"play_id":"4cbe29d6-22b0-4e3a-ab57-2005c25e806b","local_time":"20210221144457","is_ascension_mode":true,"campfire_choices":[{"data":"Finisher","floor":7,"key":"SMITH"},{"data":"Neutralize","floor":10,"key":"SMITH"},{"floor":12,"key":"REST"},{"data":"Glass Knife","floor":15,"key":"SMITH"},{"floor":23,"key":"REST"},{"floor":27,"key":"REST"},{"floor":32,"key":"REST"},{"floor":40,"key":"REST"}],"circlet_count":0,"master_deck":["AscendersBane","Defend_G","Defend_G","Defend_G","Defend_G","Defend_G","Survivor","Neutralize+1","Finisher+1","Dagger Spray","Cloak And Dagger","Accuracy","Calculated Gamble","Tools of the Trade","Slice","Glass Knife+1","Sucker Punch","Escape Plan","Setup+1","Flying Knee+1","Leg Sweep+1","Underhanded Strike","Dagger Throw","Acrobatics+1","Well Laid Plans","Blade Dance","Phantasmal Killer","Tactician","Blur+1","Terror","Outmaneuver","Backflip","Distraction+1","Writhe"],"relics":["Ring of the Snake","NeowsBlessing","Prayer Wheel","Happy Flower","Paper Crane","Gremlin Horn","Astrolabe","Red Mask","Matryoshka","Singing Bowl","Fusion Hammer","White Beast Statue","Omamori","TungstenRod"],"acts_visited":["Exordium","TheCity","TheBeyond"],"potions_floor_usage":[8,16,29,33,35,37,42],"damage_taken":[{"damage":0,"enemies":"2 Louse","floor":1,"turns":1},{"damage":0,"enemies":"Jaw Worm","floor":2,"turns":1},{"damage":0,"enemies":"Lagavulin","floor":6,"turns":1},{"damage":34,"enemies":"Gremlin Nob","floor":8,"turns":5},{"damage":0,"enemies":"Small Slimes","floor":11,"turns":3},{"damage":0,"enemies":"Looter","floor":13,"turns":1},{"damage":10,"enemies":"3 Sentries","floor":14,"turns":7},{"damage":39,"enemies":"The Guardian","floor":16,"turns":16},{"damage":1,"enemies":"2 Thieves","floor":18,"turns":4},{"damage":14,"enemies":"Shell Parasite","floor":19,"turns":6},{"damage":24,"enemies":"Masked Bandits","floor":22,"turns":4},{"damage":20,"enemies":"Book of Stabbing","floor":28,"turns":5},{"damage":19,"enemies":"Chosen and Byrds","floor":29,"turns":7},{"damage":10,"enemies":"Shelled Parasite and Fungi","floor":30,"turns":4},{"damage":15,"enemies":"Automaton","floor":33,"turns":11},{"damage":19,"enemies":"3 Darklings","floor":35,"turns":5},{"damage":10,"enemies":"3 Shapes","floor":36,"turns":5},{"damage":29,"enemies":"Jaw Worm Horde","floor":37,"turns":4},{"damage":20,"enemies":"Giant Head","floor":42,"turns":5},{"damage":39,"enemies":"Reptomancer","floor":44,"turns":2}],"seed_played":"2908465885503290821","potions_obtained":[{"floor":1,"key":"GhostInAJar"},{"floor":14,"key":"Weak Potion"},{"floor":28,"key":"Weak Potion"},{"floor":30,"key":"Dexterity Potion"},{"floor":33,"key":"LiquidMemories"},{"floor":36,"key":"ColorlessPotion"},{"floor":37,"key":"Strength Potion"}],"is_trial":false,"path_per_floor":["M","M","?","?","$","E","R","E","T","R","M","R","M","E","R","B",null,"M","M","$","?","?","R","?","$","T","R","E","M","M","$","R","B",null,"M","M","M","?","?","R","?","E","T","E"],"character_chosen":"THE_SILENT","items_purchased":["Cloak And Dagger","Accuracy","Well Laid Plans"],"campfire_rested":5,"item_purchase_floors":[5,5,20],"current_hp_per_floor":[59,59,59,64,64,64,64,30,30,30,30,51,51,41,41,2,54,53,39,39,39,15,36,36,36,36,57,37,20,10,10,31,18,61,44,36,9,9,25,49,49,31,31,0,0],"gold":446,"neow_bonus":"THREE_ENEMY_KILL","is_daily":false,"chose_seed":false,"campfire_upgraded":3,"win_rate":0.0,"timestamp":1613954697,"path_taken":["M","M","?","?","$","E","R","E","T","R","M","R","M","E","R","BOSS","M","M","$","?","?","R","?","$","T","R","E","M","?","$","R","BOSS","M","M","M","?","?","R","?","E","T","E"],"items_purchased_type":["Card","Card","Card"],"build_version":"2020-12-22","purchased_purges":2,"victory":false,"max_hp_per_floor":[66,66,66,71,71,71,71,71,71,71,71,71,71,71,71,71,71,71,71,71,71,71,71,71,71,71,71,71,73,73,73,73,75,75,77,79,81,81,81,81,81,83,83,83,83],"card_choices":[{"not_picked":["Dodge and Roll","Bane"],"picked":"Finisher","floor":1},{"not_picked":["Concentrate","Acrobatics"],"picked":"Dagger Spray","floor":2},{"not_picked":["Outmaneuver","Dagger Spray"],"picked":"Calculated Gamble","floor":6},{"not_picked":["Flechettes","Dagger Throw"],"picked":"Tools of the Trade","floor":8},{"not_picked":["PiercingWail","Heel Hook"],"picked":"Slice","floor":11},{"not_picked":["Backstab","PiercingWail"],"picked":"Glass Knife","floor":11},{"not_picked":["Dagger Throw","Flechettes"],"picked":"Sucker Punch","floor":13},{"not_picked":["Acrobatics","Dash","Prepared"],"picked":"SKIP","floor":13},{"not_picked":["Bane","Riddle With Holes"],"picked":"Escape Plan","floor":14},{"not_picked":["Tools of the Trade","Grand Finale"],"picked":"Die Die Die","floor":16},{"not_picked":["Setup+1","Footwork"],"picked":"Underhanded Strike","floor":18},{"not_picked":["Flying Knee","Deadly Poison"],"picked":"Dagger Throw","floor":18},{"not_picked":["Prepared","Catalyst"],"picked":"Acrobatics+1","floor":19},{"not_picked":["Acrobatics","Poisoned Stab","Dagger Throw"],"picked":"SKIP","floor":19},{"not_picked":["All Out Attack","Sucker Punch+1"],"picked":"Blade Dance","floor":22},{"not_picked":["PiercingWail","Bouncing Flask+1"],"picked":"Phantasmal Killer","floor":28},{"not_picked":["Expertise","Deadly Poison"],"picked":"Tactician","floor":29},{"not_picked":["Backflip","Dagger Throw+1","Noxious Fumes"],"picked":"Singing Bowl","floor":29},{"not_picked":["Cloak And Dagger","Backflip"],"picked":"Blur+1","floor":30},{"not_picked":["Bane","Eviscerate"],"picked":"Terror","floor":30},{"not_picked":["Unload","Storm of Steel","Tools of the Trade"],"picked":"Singing Bowl","floor":33},{"not_picked":["Quick Slash","Poisoned Stab"],"picked":"Outmaneuver","floor":35},{"not_picked":["Sucker Punch","Deflect","Terror"],"picked":"Singing Bowl","floor":35},{"not_picked":["Outmaneuver+1","Dagger Throw"],"picked":"Backflip","floor":36},{"not_picked":["Catalyst","Flying Knee","Dagger Spray"],"picked":"Singing Bowl","floor":36},{"not_picked":["Deadly Poison","Escape Plan"],"picked":"Distraction+1","floor":37},{"not_picked":["Flechettes","Deadly Poison","Backflip"],"picked":"Singing Bowl","floor":37},{"not_picked":["Sucker Punch","Bouncing Flask","Dodge and Roll+1"],"picked":"Singing Bowl","floor":42}],"player_experience":1182966,"relics_obtained":[{"floor":6,"key":"Prayer Wheel"},{"floor":8,"key":"Happy Flower"},{"floor":9,"key":"Paper Crane"},{"floor":14,"key":"Gremlin Horn"},{"floor":22,"key":"Red Mask"},{"floor":26,"key":"Matryoshka"},{"floor":28,"key":"Singing Bowl"},{"floor":42,"key":"White Beast Statue"},{"floor":43,"key":"Omamori"},{"floor":43,"key":"TungstenRod"}],"event_choices":[{"damage_healed":0,"gold_gain":0,"player_choice":"Leave","damage_taken":0,"max_hp_gain":0,"max_hp_loss":0,"event_name":"The Cleric","floor":3,"gold_loss":0},{"damage_healed":0,"gold_gain":0,"player_choice":"Donut","damage_taken":0,"max_hp_gain":5,"max_hp_loss":0,"event_name":"Big Fish","floor":4,"gold_loss":0},{"damage_healed":0,"gold_gain":0,"player_choice":"Smashed Altar","damage_taken":0,"max_hp_gain":0,"max_hp_loss":0,"event_name":"Forgotten Altar","floor":21,"gold_loss":0,"cards_obtained":["Decay"]},{"damage_healed":0,"gold_gain":0,"player_choice":"Fought Bandits","damage_taken":0,"max_hp_gain":0,"max_hp_loss":0,"event_name":"Masked Bandits","floor":22,"gold_loss":0},{"cards_removed":["Decay"],"damage_healed":0,"gold_gain":0,"player_choice":"Removed Curses","damage_taken":0,"max_hp_gain":0,"max_hp_loss":0,"event_name":"Fountain of Cleansing","floor":24,"gold_loss":0},{"damage_healed":0,"gold_gain":222,"player_choice":"Wore Mask","damage_taken":0,"max_hp_gain":0,"max_hp_loss":0,"event_name":"Tomb of Lord Red Mask","floor":38,"gold_loss":0},{"damage_healed":16,"gold_gain":0,"player_choice":"Writhe","damage_taken":0,"max_hp_gain":0,"max_hp_loss":0,"event_name":"Winding Halls","floor":39,"gold_loss":0,"cards_obtained":["Writhe"]},{"cards_removed":["Die Die Die"],"damage_healed":0,"gold_gain":0,"player_choice":"Removed Attack","damage_taken":0,"max_hp_gain":0,"max_hp_loss":0,"event_name":"Falling","floor":41,"gold_loss":0}],"is_beta":false,"boss_relics":[{"not_picked":["Runic Pyramid","Empty Cage"],"picked":"Astrolabe"},{"not_picked":["SacredBark","Pandora\u0027s Box"],"picked":"Fusion Hammer"}],"items_purged_floors":[20,25],"is_endless":false,"potions_floor_spawned":[1,14,28,30,33,36,37],"killed_by":"Reptomancer","ascension_level":20}}