{"host":"f7915vm1ahl7kex1","time":1613956966,"event":{"mods":["BaseMod","Colored Map","Downfall","Highlight Path","Minty Spire (QoL Compilation)","Quick Restart","Spire Arcade","StSLib"],"gold_per_floor":[99,110,122,122,138,123,123,152,52,327,343,370,383,403,417,417,417,417],"floor_reached":16,"language":"ENG","playtime":561,"items_purged":[],"score":131,"play_id":"5ed59372-791c-4da8-bd30-21996a9dc470","local_time":"20210221192246","is_ascension_mode":true,"campfire_choices":[{"floor":1,"key":"RECALL"},{"floor":9,"key":"REST"}],"circlet_count":0,"master_deck":["bronze:Strike","bronze:Strike","bronze:Strike","bronze:Defend","bronze:Defend","bronze:Defend","bronze:Replicate","bronze:Goto","bronze:BronzeArmor","bronze:Overload","bronze:Separator","bronze:ItsAFeature","bronze:WildBeam","bronze:WhirlingStrike","bronze:FollowUp","Regret","bronze:ChosenStrike","bronze:WildBeam"],"relics":["bronze:BronzeCore","Pocketwatch","White Beast Statue","InkBottle","downfall:HeartBlessingRed","Meat on the Bone"],"acts_visited":["Exordium"],"potions_floor_usage":[8,13,16],"damage_taken":[{"damage":1,"enemies":"Cultist","floor":2,"turns":3},{"damage":7,"enemies":"2 Louse","floor":3,"turns":2},{"damage":8,"enemies":"Small Slimes","floor":5,"turns":2},{"damage":5,"enemies":"downfall:FleeingMerchant","floor":6,"turns":4},{"damage":20,"enemies":"3 Sentries","floor":8,"turns":4},{"damage":7,"enemies":"Blue Slaver","floor":11,"turns":3},{"damage":31,"enemies":"Lagavulin","floor":12,"turns":6},{"damage":0,"enemies":"Lots of Slimes","floor":13,"turns":2},{"damage":4,"enemies":"Red Slaver","floor":14,"turns":2},{"damage":7,"enemies":"Exordium Wildlife","floor":15,"turns":3},{"damage":27,"enemies":"WA_ARCHETYPE_RETAIN","floor":16,"turns":5}],"seed_played":"5993267954379581142","potions_obtained":[{"floor":3,"key":"Slimebound:ThreeZeroPotion"},{"floor":8,"key":"FearPotion"},{"floor":11,"key":"AttackPotion"},{"floor":12,"key":"LiquidBronze"},{"floor":13,"key":"sneckomod:MuddlingPotion"},{"floor":14,"key":"Slimebound:ThreeZeroPotion"}],"is_trial":false,"path_per_floor":["R","M","M","T","M","$","T","E","R","?","M","E","M","M","M","B"],"character_chosen":"THE_AUTOMATON","items_purchased":[],"campfire_rested":1,"item_purchase_floors":[],"current_hp_per_floor":[63,62,55,55,47,42,42,22,40,40,33,2,14,22,27,0,0,0],"gold":417,"neow_bonus":"TRANSFORM_TWO_CARDS","is_daily":false,"chose_seed":false,"campfire_upgraded":0,"win_rate":0.0,"timestamp":1613956966,"path_taken":["R","M","M","?","M","$","T","E","R","?","M","E","M","?","M","BOSS"],"items_purchased_type":[],"build_version":"2020-12-22","purchased_purges":0,"victory":false,"max_hp_per_floor":[63,63,63,63,63,63,63,63,63,63,63,63,63,63,63,63,63,63],"card_choices":[{"not_picked":["bronze:BuggyMess","bronze:Branch"],"picked":"bronze:Separator","floor":2},{"not_picked":["bronze:BitShift","bronze:Turbo"],"picked":"bronze:ItsAFeature","floor":3},{"not_picked":["bronze:Backtrace","bronze:DelayedGuard"],"picked":"bronze:WildBeam","floor":5},{"not_picked":["bronze:Library","bronze:DigitalCarnage"],"picked":"bronze:WhirlingStrike","floor":6},{"not_picked":["bronze:Invalidate","bronze:Optimize"],"picked":"bronze:FollowUp","floor":8},{"not_picked":["bronze:Philosophize","bronze:OilSpill","bronze:Branch"],"picked":"SKIP","floor":11},{"not_picked":["bronze:Terminator","bronze:HardenedForm"],"picked":"bronze:ChosenStrike","floor":12},{"not_picked":["bronze:Refactor","bronze:DelayedGuard"],"picked":"bronze:WildBeam","floor":13},{"not_picked":["bronze:BitShift","bronze:Deprecate","bronze:WildBeam"],"picked":"SKIP","floor":14},{"not_picked":["bronze:BugBarrage","bronze:ForLoop","bronze:WhirlingStrike"],"picked":"SKIP","floor":15}],"player_experience":1228398,"relics_obtained":[{"floor":4,"key":"Pocketwatch"},{"floor":7,"key":"White Beast Statue"},{"floor":8,"key":"InkBottle"},{"floor":12,"key":"Meat on the Bone"}],"event_choices":[],"is_beta":false,"boss_relics":[],"items_purged_floors":[],"is_endless":false,"potions_floor_spawned":[3,8,11,12,13,14,15],"killed_by":"WA_ARCHETYPE_RETAIN","ascension_level":3}}