{"host":"7xbu8gt067z192g2","time":1613955649,"event":{"mods":["BaseMod","Better Note","BetterRewards","Colored Map","Colored Powertips","Downfall","Googly Eyes","Highlight Path","Minty Spire (QoL Compilation)","Rare Cards Sparkle","Replay The Spire","StSLib"],"gold_per_floor":[11,11,29,46,65,65,95,170,170,185,185,229,229,247,247,373,373,373,373,392,307,319,331,367,41,116,116,116],"floor_reached":27,"language":"ENG","playtime":838,"items_purged":[],"score":310,"play_id":"701a8486-4d27-47e2-ba86-dc5de5a61cb6","local_time":"20210221200049","is_ascension_mode":true,"campfire_choices":[{"data":"Hemokinesis","floor":6,"key":"SMITH"},{"data":"Limit Break","floor":13,"key":"SMITH"},{"data":"Strike_R","floor":15,"key":"PURGE"},{"data":"Immolate","floor":23,"key":"SMITH"}],"circlet_count":0,"master_deck":["Strike_R","Strike_R","Strike_R","Strike_R","Defend_R","Defend_R","Defend_R","Defend_R","Bash","Hemokinesis+1","Pommel Strike","Headbutt","Iron Wave","Warcry","Limit Break+1","True Grit","Immolate+1","Thunderclap","Heavy Blade"],"relics":["Burning Blood","Red Skull","Golden Idol","Shuriken","Runic Pyramid","Centennial Puzzle","MawBank","GremlinMask","Girya","Quantum Egg"],"acts_visited":["Exordium","TheCity"],"potions_floor_usage":[7,7,18,24],"damage_taken":[{"damage":3,"enemies":"Small Slimes","floor":1,"turns":5},{"damage":3,"enemies":"Cultist","floor":3,"turns":3},{"damage":5,"enemies":"2 Louse","floor":4,"turns":2},{"damage":7,"enemies":"2 Fungi Beasts","floor":5,"turns":3},{"damage":39,"enemies":"3 Sentries","floor":7,"turns":6},{"damage":3,"enemies":"Looter","floor":10,"turns":2},{"damage":12,"enemies":"Gremlin Nob","floor":12,"turns":3},{"damage":12,"enemies":"3 Louse","floor":14,"turns":3},{"damage":21,"enemies":"Fading Forest","floor":16,"turns":11},{"damage":2,"enemies":"Spheric Guardian","floor":18,"turns":3},{"damage":13,"enemies":"Chosen","floor":20,"turns":4},{"damage":24,"enemies":"3 Cultists","floor":24,"turns":4},{"damage":56,"enemies":"Slavers","floor":27,"turns":2}],"seed_played":"-1731893634861731726","potions_obtained":[{"floor":3,"key":"Explosive Potion"},{"floor":4,"key":"FearPotion"},{"floor":7,"key":"SmokeBomb"},{"floor":12,"key":"BlessingOfTheForge"}],"is_trial":false,"path_per_floor":["M","?","M","M","M","R","E","?","T","M","?","E","R","M","R_BF","B",null,"M","?","M","?","?","R","M","$","T","E"],"character_chosen":"IRONCLAD","items_purchased":["Girya","FearPotion"],"campfire_rested":0,"item_purchase_floors":[25,25],"current_hp_per_floor":[80,90,90,90,89,89,56,45,45,48,48,42,42,36,36,41,73,77,77,70,70,70,70,52,52,52,0,0],"gold":116,"neow_bonus":"THREE_RARE_CARDS","is_daily":false,"chose_seed":false,"campfire_upgraded":3,"win_rate":0.0,"timestamp":1613955649,"path_taken":["M","?","?","M","M","R","E","?","T","M","?","E","R","M","R_BF","BOSS","M","?","?","?","?","R","?","?","T","E"],"items_purchased_type":["Relic","Potion"],"build_version":"2020-12-22","purchased_purges":0,"victory":false,"max_hp_per_floor":[80,90,90,90,90,90,90,90,90,90,83,83,83,83,83,83,83,83,83,83,83,83,83,83,83,83,83,83],"card_choices":[{"not_picked":["Fiend Fire","Eclipse"],"picked":"Corruption","floor":0},{"not_picked":["Replay:Undeath\u0027s Touch","Metallicize"],"picked":"Hemokinesis","floor":1},{"not_picked":["Warcry","Replay:Undeath\u0027s Touch"],"picked":"Pommel Strike","floor":3},{"not_picked":["ReplayTheSpireMod:Muscle Training","ReplayTheSpireMod:Strike From Hell"],"picked":"Headbutt","floor":4},{"not_picked":["ReplayTheSpireMod:Strike From Hell","Juggernaut","Headbutt"],"picked":"SKIP","floor":5},{"not_picked":["ReplayTheSpireMod:LeadingStrike","Wild Strike"],"picked":"Iron Wave","floor":7},{"not_picked":["Havoc","Headbutt"],"picked":"Warcry","floor":10},{"not_picked":["Perfected Strike","Disarm"],"picked":"Limit Break","floor":12},{"not_picked":["ReplayReversal","Feel No Pain"],"picked":"True Grit","floor":14},{"not_picked":["Barricade","Berserk"],"picked":"Immolate","floor":16},{"not_picked":["Body Slam","Abandon"],"picked":"Thunderclap","floor":20},{"not_picked":["Infernal Blade","Searing Blow"],"picked":"Heavy Blade","floor":24}],"player_experience":230277,"relics_obtained":[{"floor":7,"key":"Red Skull"},{"floor":12,"key":"Shuriken"},{"floor":26,"key":"Quantum Egg"}],"event_choices":[{"cards_removed":["Corruption"],"damage_healed":0,"gold_gain":0,"player_choice":"Offered Rare","damage_taken":0,"max_hp_gain":10,"max_hp_loss":0,"event_name":"Bonfire Elementals","floor":2,"gold_loss":0},{"damage_healed":0,"gold_gain":75,"player_choice":"Gather Gold","damage_taken":11,"max_hp_gain":0,"max_hp_loss":0,"event_name":"World of Goop","floor":8,"gold_loss":0},{"damage_healed":0,"gold_gain":0,"player_choice":"Lose Max HP","damage_taken":0,"relics_obtained":["Golden Idol"],"max_hp_gain":0,"max_hp_loss":7,"event_name":"Golden Idol","floor":11,"gold_loss":0},{"damage_healed":0,"gold_gain":0,"player_choice":"Opened","damage_taken":0,"relics_obtained":["Centennial Puzzle"],"max_hp_gain":0,"max_hp_loss":0,"event_name":"The Mausoleum","floor":19,"gold_loss":0},{"damage_healed":0,"gold_gain":0,"player_choice":"Obtained Relic","damage_taken":0,"relics_obtained":["MawBank"],"max_hp_gain":0,"max_hp_loss":0,"event_name":"Addict","floor":21,"gold_loss":85},{"damage_healed":0,"gold_gain":0,"player_choice":"Trade","damage_taken":0,"relics_obtained":["GremlinMask"],"max_hp_gain":0,"max_hp_loss":0,"event_name":"FaceTrader","floor":22,"gold_loss":0}],"is_beta":false,"boss_relics":[{"not_picked":["SacredBark","Honey Jar"],"picked":"Runic Pyramid"}],"items_purged_floors":[],"is_endless":false,"potions_floor_spawned":[3,4,7,12,18],"killed_by":"Slavers","ascension_level":5}}