{"host":"f76wcztdlwlduum6","time":1613977781,"event":{"mods":["BaseMod","BetterRewards","Colored Powertips","Minty Spire (QoL Compilation)","Quick Restart","Rare Cards Sparkle","Relic Stats","StSLib","SuperFastMode","everything is the same but u backflip on backflip"],"gold_per_floor":[116,131,147,157,169,201,201,217,217,217,236,248,248,279,279,354,354,372,382,382,397,58,58,100,100,100,150,150,169,179,188,188,274,274,294,294,319,333,345,384,384,384,384,397,412,412,444,5,5,5,5,5,5,5,36,36],"floor_reached":57,"language":"ENG","playtime":1870,"items_purged":["Strike_G","Defend_G","Strike_G","Strike_G","Strike_G+1"],"score":3192,"play_id":"2571f552-0314-459d-8007-47cb5395cfe4","local_time":"20210222010941","is_ascension_mode":true,"campfire_choices":[{"data":"1","floor":10,"key":"LIFT"},{"data":"2","floor":15,"key":"LIFT"},{"data":"3","floor":23,"key":"LIFT"},{"floor":32,"key":"RECALL"},{"data":"Defend_G","floor":42,"key":"PURGE"},{"data":"Defend_G","floor":49,"key":"PURGE"},{"data":"Terror","floor":53,"key":"PURGE"}],"circlet_count":0,"master_deck":["AscendersBane","Defend_G+1","Defend_G+1","Survivor+1","Neutralize+1","Infinite Blades","Infinite Blades","Infinite Blades","Blade Dance+1","Cloak And Dagger+1","Accuracy","PiercingWail+1","Blade Dance+1","Blade Dance+1","Cloak And Dagger+1","Cloak And Dagger+1","PiercingWail+1","Malaise+1","Blade Dance","Accuracy","Malaise","Prepared+1","Doppelganger+1"],"relics":["Ring of the Snake","Anchor","Ginger","Kunai","Orrery","Girya","Vajra","Nunchaku","Matryoshka","Chemical X","Centennial Puzzle","Fusion Hammer","InkBottle","Medical Kit","CeramicFish","Bronze Scales","Turnip","Omamori","Calling Bell","Akabeko","White Beast Statue","CaptainsWheel","Peace Pipe","Meat on the Bone","Toy Ornithopter","Art of War","Molten Egg 2","ClockworkSouvenir","Happy Flower"],"acts_visited":["Exordium","TheCity","TheBeyond","TheEnding"],"potions_floor_usage":[5,6,37,38,40,45,45,50],"damage_taken":[{"damage":0,"enemies":"Cultist","floor":1,"turns":3},{"damage":5,"enemies":"Small Slimes","floor":2,"turns":4},{"damage":0,"enemies":"2 Louse","floor":3,"turns":3},{"damage":9,"enemies":"Gremlin Gang","floor":4,"turns":4},{"damage":0,"enemies":"Red Slaver","floor":5,"turns":3},{"damage":1,"enemies":"3 Sentries","floor":6,"turns":4},{"damage":0,"enemies":"3 Louse","floor":8,"turns":3},{"damage":0,"enemies":"Large Slime","floor":11,"turns":1},{"damage":0,"enemies":"Exordium Wildlife","floor":12,"turns":3},{"damage":0,"enemies":"Gremlin Nob","floor":14,"turns":2},{"damage":0,"enemies":"Hexaghost","floor":16,"turns":7},{"damage":0,"enemies":"Spheric Guardian","floor":18,"turns":1},{"damage":0,"enemies":"Chosen","floor":19,"turns":2},{"damage":4,"enemies":"Shelled Parasite and Fungi","floor":21,"turns":4},{"damage":10,"enemies":"Slavers","floor":24,"turns":4},{"damage":0,"enemies":"Snake Plant","floor":29,"turns":3},{"damage":0,"enemies":"Centurion and Healer","floor":30,"turns":2},{"damage":0,"enemies":"Collector","floor":33,"turns":5},{"damage":0,"enemies":"3 Darklings","floor":35,"turns":3},{"damage":0,"enemies":"Mind Bloom Boss Battle","floor":37,"turns":5},{"damage":7,"enemies":"Orb Walker","floor":38,"turns":3},{"damage":0,"enemies":"3 Darklings","floor":39,"turns":4},{"damage":0,"enemies":"Nemesis","floor":40,"turns":3},{"damage":10,"enemies":"Sphere and 2 Shapes","floor":44,"turns":3},{"damage":18,"enemies":"Spire Growth","floor":45,"turns":3},{"damage":0,"enemies":"Reptomancer","floor":47,"turns":3},{"damage":5,"enemies":"Awakened One","floor":50,"turns":6},{"damage":14,"enemies":"Donu and Deca","floor":51,"turns":4},{"damage":23,"enemies":"Shield and Spear","floor":55,"turns":4},{"damage":79,"enemies":"The Heart","floor":56,"turns":8}],"seed_played":"-6187958201400478154","potions_obtained":[{"floor":3,"key":"DistilledChaos"},{"floor":6,"key":"Fruit Juice"},{"floor":8,"key":"Poison Potion"},{"floor":16,"key":"AttackPotion"},{"floor":24,"key":"AttackPotion"},{"floor":30,"key":"BlessingOfTheForge"},{"floor":35,"key":"PowerPotion"},{"floor":37,"key":"BlessingOfTheForge"},{"floor":38,"key":"Explosive Potion"},{"floor":40,"key":"Fire Potion"},{"floor":45,"key":"Poison Potion"},{"floor":47,"key":"SteroidPotion"},{"floor":55,"key":"PowerPotion"}],"is_trial":false,"path_per_floor":["M","M","M","M","M","E","?","M","T","R","M","M","?","E","R","B",null,"M","M","?","M","$","R","E","$","T","?","?","M","M","?","R","B",null,"M","?","?","M","M","E","?","R","T","M","M","?","E","$","R","B","B",null,"R","$","E","B",null],"character_chosen":"THE_SILENT","items_purchased":["Anchor","Infinite Blades","Ginger","Infinite Blades","Kunai","Infinite Blades","Blade Dance","Orrery","Girya","Cloak And Dagger","Accuracy","Vajra","Medical Kit","Molten Egg 2","ClockworkSouvenir"],"campfire_rested":0,"item_purchase_floors":[0,0,0,0,0,0,0,0,0,0,0,0,22,48,48],"current_hp_per_floor":[59,54,54,45,45,49,49,49,49,49,49,49,49,49,49,49,66,66,66,66,62,62,62,52,52,52,52,52,52,52,52,52,52,66,66,66,66,59,59,59,49,49,49,39,43,43,43,43,43,43,41,61,61,61,38,39],"gold":36,"neow_bonus":"","is_daily":false,"chose_seed":false,"campfire_upgraded":0,"win_rate":0.0,"timestamp":1613977781,"path_taken":["M","?","M","M","M","E","?","M","T","R","?","M","?","E","R","BOSS","M","M","?","?","$","R","E","?","T","?","?","M","?","?","R","BOSS","M","?","?","M","M","E","?","R","T","M","?","?","E","$","R","BOSS","BOSS","R","$","E","BOSS"],"items_purchased_type":["Relic","Card","Relic","Card","Relic","Card","Card","Relic","Relic","Card","Card","Relic","Relic","Relic","Relic"],"build_version":"2020-12-22","purchased_purges":5,"victory":true,"max_hp_per_floor":[66,66,66,66,66,71,71,71,71,71,71,71,71,71,71,71,71,71,71,71,71,71,71,71,71,71,71,71,71,71,71,71,71,71,71,71,71,71,71,71,71,71,71,71,71,67,67,67,67,67,67,67,67,67,67,67],"relic_stats":{"Happy Flower":[2],"counters":[30,107],"CeramicFish":45,"Ginger":[10],"Medical Kit":[11],"Peace Pipe":3,"Nunchaku":[53],"Centennial Puzzle":[27],"Bronze Scales":[232],"Turnip":[12],"Art of War":[3],"Kunai":[168],"Chemical X":[30],"obtain_stats":[{"SacredBark":0,"CeramicFish":24,"Vajra":0,"Whetstone":0,"Ginger":0,"ClockworkSouvenir":48,"Nunchaku":6,"Centennial Puzzle":14,"Matryoshka":9,"Fusion Hammer":17,"Kunai":0,"Chemical X":11,"InkBottle":20,"Ring of the Snake":0,"Girya":0,"Happy Flower":55,"Omamori":34,"War Paint":0,"Medical Kit":22,"Akabeko":34,"White Beast Statue":34,"Calling Bell":34,"Peace Pipe":37,"Anchor":0,"CaptainsWheel":34,"Bronze Scales":26,"Orrery":0,"Pandora\u0027s Box":0,"Molten Egg 2":48,"Turnip":26,"Art of War":47,"Toy Ornithopter":43,"Meat on the Bone":40},{"SacredBark":0,"CeramicFish":15,"Vajra":0,"Whetstone":0,"Ginger":0,"ClockworkSouvenir":26,"Nunchaku":6,"Centennial Puzzle":10,"Matryoshka":7,"Fusion Hammer":11,"Kunai":0,"Chemical X":8,"InkBottle":13,"Ring of the Snake":0,"Girya":0,"Happy Flower":29,"Omamori":18,"War Paint":0,"Medical Kit":14,"Akabeko":18,"White Beast Statue":18,"Calling Bell":18,"Peace Pipe":20,"Anchor":0,"CaptainsWheel":18,"Bronze Scales":15,"Orrery":0,"Pandora\u0027s Box":0,"Molten Egg 2":26,"Turnip":15,"Art of War":26,"Toy Ornithopter":23,"Meat on the Bone":23},{"SacredBark":0,"CeramicFish":48,"Vajra":0,"Whetstone":0,"Ginger":0,"ClockworkSouvenir":85,"Nunchaku":21,"Centennial Puzzle":30,"Matryoshka":24,"Fusion Hammer":37,"Kunai":0,"Chemical X":25,"InkBottle":40,"Ring of the Snake":0,"Girya":0,"Happy Flower":99,"Omamori":58,"War Paint":0,"Medical Kit":44,"Akabeko":58,"White Beast Statue":58,"Calling Bell":58,"Peace Pipe":66,"Anchor":0,"CaptainsWheel":58,"Bronze Scales":48,"Orrery":0,"Pandora\u0027s Box":0,"Molten Egg 2":85,"Turnip":48,"Art of War":85,"Toy Ornithopter":76,"Meat on the Bone":76}],"InkBottle":[72],"Toy Ornithopter":15,"Ring of the Snake":[60],"Meat on the Bone":24},"card_choices":[{"not_picked":["A Thousand Cuts","Tools of the Trade"],"picked":"Terror","floor":0},{"not_picked":["Outmaneuver","Sucker Punch"],"picked":"PiercingWail","floor":1},{"not_picked":["Noxious Fumes","Prepared"],"picked":"Blade Dance","floor":2},{"not_picked":["Underhanded Strike","Dagger Spray","Prepared"],"picked":"SKIP","floor":3},{"not_picked":["Dagger Throw","Venomology","Backflip"],"picked":"SKIP","floor":4},{"not_picked":["Backflip","Dagger Spray","Flying Knee"],"picked":"SKIP","floor":5},{"not_picked":["Riddle With Holes","Dagger Throw"],"picked":"Cloak And Dagger","floor":6},{"not_picked":["Calculated Gamble","Backflip"],"picked":"PiercingWail","floor":8},{"not_picked":["Acrobatics","Flechettes"],"picked":"Malaise","floor":11},{"not_picked":["Acrobatics","Underhanded Strike","Bane"],"picked":"SKIP","floor":12},{"not_picked":["Endless Agony","Slice","Dagger Throw"],"picked":"SKIP","floor":14},{"not_picked":["Masterful Stab","Bane","PiercingWail"],"picked":"SKIP","floor":18},{"not_picked":["Caltrops","Deflect","Prepared"],"picked":"SKIP","floor":19},{"not_picked":["Dagger Spray","Prepared","Bane"],"picked":"SKIP","floor":21},{"not_picked":["Calculated Gamble","Slice"],"picked":"Blade Dance","floor":24},{"not_picked":["Reflex+1","Acrobatics","Terror"],"picked":"SKIP","floor":29},{"not_picked":["Deflect","Deadly Poison","Flying Knee"],"picked":"SKIP","floor":30},{"not_picked":["Envenom","Corpse Explosion"],"picked":"Malaise","floor":33},{"not_picked":["Deadly Poison","Choke","Terror"],"picked":"SKIP","floor":35},{"not_picked":["Dodge and Roll","Reflex","Well Laid Plans"],"picked":"SKIP","floor":38},{"not_picked":["Sucker Punch","Calculated Gamble+1","Concentrate"],"picked":"SKIP","floor":39},{"not_picked":["Heel Hook+1","Expertise+1"],"picked":"Prepared+1","floor":40},{"not_picked":["Slice","Dagger Spray+1","Sucker Punch"],"picked":"SKIP","floor":44},{"not_picked":["Sucker Punch+1","Flying Knee+1","Bullet Time"],"picked":"SKIP","floor":45},{"not_picked":["Prepared","Deflect","Choke"],"picked":"SKIP","floor":47},{"not_picked":["Flechettes+1","Leg Sweep","Deadly Poison+1"],"picked":"SKIP","floor":55}],"player_experience":372095,"relics_obtained":[{"floor":6,"key":"Nunchaku"},{"floor":9,"key":"Matryoshka"},{"floor":14,"key":"Centennial Puzzle"},{"floor":24,"key":"CeramicFish"},{"floor":26,"key":"Bronze Scales"},{"floor":26,"key":"Turnip"},{"floor":34,"key":"Akabeko"},{"floor":34,"key":"White Beast Statue"},{"floor":34,"key":"CaptainsWheel"},{"floor":37,"key":"Peace Pipe"},{"floor":40,"key":"Meat on the Bone"},{"floor":43,"key":"Toy Ornithopter"},{"floor":47,"key":"Art of War"},{"floor":55,"key":"Happy Flower"}],"event_choices":[{"damage_healed":0,"gold_gain":0,"player_choice":"Forge","damage_taken":0,"max_hp_gain":0,"max_hp_loss":0,"event_name":"Accursed Blacksmith","floor":7,"gold_loss":0,"cards_upgraded":["Cloak And Dagger"]},{"damage_healed":0,"gold_gain":0,"player_choice":"Grow","damage_taken":0,"max_hp_gain":0,"max_hp_loss":0,"event_name":"Living Wall","floor":13,"gold_loss":0,"cards_upgraded":["Cloak And Dagger"]},{"damage_healed":0,"gold_gain":0,"player_choice":"Gave Potion","damage_taken":0,"relics_obtained":["InkBottle"],"max_hp_gain":0,"max_hp_loss":0,"event_name":"WeMeetAgain","floor":20,"gold_loss":0},{"damage_healed":0,"gold_gain":50,"player_choice":"Stole From Cult","damage_taken":0,"max_hp_gain":0,"max_hp_loss":0,"event_name":"Nest","floor":27,"gold_loss":0},{"damage_healed":0,"gold_gain":0,"player_choice":"Ignored","damage_taken":0,"max_hp_gain":0,"max_hp_loss":0,"event_name":"Ghosts","floor":28,"gold_loss":0},{"damage_healed":0,"gold_gain":0,"player_choice":"Read","damage_taken":0,"max_hp_gain":0,"max_hp_loss":0,"event_name":"The Library","floor":31,"gold_loss":0,"cards_obtained":["Accuracy"]},{"cards_removed":["Strike_G"],"damage_healed":0,"gold_gain":0,"player_choice":"Removed Attack","damage_taken":0,"max_hp_gain":0,"max_hp_loss":0,"event_name":"Falling","floor":36,"gold_loss":0},{"damage_healed":0,"gold_gain":0,"player_choice":"Fight","damage_taken":0,"max_hp_gain":0,"max_hp_loss":0,"event_name":"MindBloom","floor":37,"gold_loss":0},{"damage_healed":0,"gold_gain":0,"player_choice":"Damaged","damage_taken":10,"max_hp_gain":0,"max_hp_loss":0,"event_name":"Wheel of Change","floor":41,"gold_loss":0},{"damage_healed":0,"gold_gain":0,"player_choice":"Max HP","damage_taken":0,"max_hp_gain":0,"max_hp_loss":4,"event_name":"Winding Halls","floor":46,"gold_loss":0}],"is_beta":false,"boss_relics":[{"not_picked":["Runic Pyramid","Runic Dome"],"picked":"Fusion Hammer"},{"not_picked":["Coffee Dripper","Ring of the Serpent"],"picked":"Calling Bell"}],"items_purged_floors":[0,0,0,0,22],"is_endless":false,"potions_floor_spawned":[3,6,8,16,24,30,35,37,38,39,40,44,45,47,55],"ascension_level":20}}