{"host":"yy1cu9q9bsxhflzi","time":1613995590,"event":{"mods":["BaseMod","DeckTracker","Minty Spire (QoL Compilation)","Quick Restart","StSLib","SuperFastMode","everything is the same but u backflip on backflip"],"gold_per_floor":[115,131,131,141,152,185,185,213,289,305,143,143,156,200,200,296,296,321,346,346,364,264,302,325,325,325],"floor_reached":25,"language":"KOR","playtime":707,"items_purged":["Strike_G","Injury"],"score":590,"play_id":"f47d23de-a0a3-49a8-a87e-0431ee11ad00","local_time":"20210222210630","is_ascension_mode":true,"campfire_choices":[{"data":"Calculated Gamble","floor":7.0,"key":"SMITH"},{"data":"Well Laid Plans","floor":15.0,"key":"SMITH"}],"circlet_count":0,"master_deck":["AscendersBane","Strike_G","Strike_G","Strike_G","Defend_G","Defend_G+1","Defend_G","Defend_G","Defend_G+1","Survivor","Neutralize","Juggernaut","After Image","Dodge and Roll","Acrobatics","Cloak And Dagger","Footwork","Reflex","Calculated Gamble+1","Well Laid Plans+1","Terror","Blade Dance","Footwork+1"],"relics":["Ring of the Snake","Mummified Hand","Unceasing Top","Ginger","Bottled Lightning","Golden Idol","Pen Nib","Black Star","Meat on the Bone","War Paint"],"acts_visited":["Exordium","TheCity"],"potions_floor_usage":[],"damage_taken":[{"damage":0.0,"enemies":"Cultist","floor":1.0,"turns":3.0},{"damage":5.0,"enemies":"Small Slimes","floor":2.0,"turns":3.0},{"damage":0.0,"enemies":"2 Louse","floor":4.0,"turns":2.0},{"damage":5.0,"enemies":"Lots of Slimes","floor":5.0,"turns":2.0},{"damage":0.0,"enemies":"Lagavulin","floor":6.0,"turns":5.0},{"damage":30.0,"enemies":"Gremlin Nob","floor":8.0,"turns":4.0},{"damage":12.0,"enemies":"3 Louse","floor":10.0,"turns":3.0},{"damage":0.0,"enemies":"Red Slaver","floor":13.0,"turns":3.0},{"damage":0.0,"enemies":"Lagavulin","floor":14.0,"turns":4.0},{"damage":3.0,"enemies":"Hexaghost","floor":16.0,"turns":9.0},{"damage":0.0,"enemies":"Spheric Guardian","floor":18.0,"turns":3.0},{"damage":18.0,"enemies":"Chosen","floor":19.0,"turns":5.0},{"damage":10.0,"enemies":"Centurion and Healer","floor":21.0,"turns":5.0},{"damage":27.0,"enemies":"Gremlin Leader","floor":23.0,"turns":6.0},{"damage":0.0,"enemies":"Snecko","floor":24.0,"turns":4.0},{"damage":39,"enemies":"Book of Stabbing","floor":25,"turns":5}],"seed_played":"-3254862842181565407","potions_obtained":[{"floor":2.0,"key":"Explosive Potion"},{"floor":5.0,"key":"ColorlessPotion"},{"floor":6.0,"key":"CunningPotion"},{"floor":21.0,"key":"AttackPotion"},{"floor":23.0,"key":"Weak Potion"}],"is_trial":true,"path_per_floor":["M","M","?","M","M","E","R","E","T","M","$","?","M","E","R","B",null,"M","M","?","M","$","E","M","E"],"character_chosen":"THE_SILENT","items_purchased":["Well Laid Plans"],"campfire_rested":0,"item_purchase_floors":[11],"current_hp_per_floor":[59,54,54,54,49,49,49,19,19,7,7,7,7,7,7,4,51,51,33,76,66,66,39,39,0,0],"gold":325,"neow_bonus":"","is_daily":false,"chose_seed":false,"campfire_upgraded":2,"win_rate":0.0,"timestamp":1613995590,"path_taken":["M","?","?","M","M","E","R","E","T","M","?","?","M","E","R","BOSS","M","M","?","M","$","E","?","E"],"items_purchased_type":["Card"],"build_version":"2020-12-22","purchased_purges":2,"victory":false,"max_hp_per_floor":[66,66,66,66,66,66,66,66,66,66,66,66,66,66,66,66,66,66,66,76,76,76,76,76,76,76],"card_choices":[{"not_picked":["Dagger Throw","Concentrate"],"picked":"Dodge and Roll","floor":1.0},{"not_picked":["Slice","Well Laid Plans"],"picked":"Acrobatics","floor":2.0},{"not_picked":["Flying Knee","Predator"],"picked":"Footwork","floor":4.0},{"not_picked":["Footwork","Bane"],"picked":"Reflex","floor":5.0},{"not_picked":["Dash","Poisoned Stab"],"picked":"Calculated Gamble","floor":6.0},{"not_picked":["Flying Knee","Riddle With Holes","Slice"],"picked":"SKIP","floor":8.0},{"not_picked":["Dash","Reflex","Setup"],"picked":"SKIP","floor":10.0},{"not_picked":["Calculated Gamble","Predator"],"picked":"Terror","floor":13.0},{"not_picked":["Flying Knee","Dodge and Roll","Sucker Punch"],"picked":"SKIP","floor":14.0},{"not_picked":["Tools of the Trade","Corpse Explosion"],"picked":"Envenom","floor":16.0},{"not_picked":["Slice+1","Sucker Punch"],"picked":"Blade Dance","floor":18.0},{"not_picked":["Heel Hook","Masterful Stab","Skewer"],"picked":"SKIP","floor":19.0},{"not_picked":["Outmaneuver","Underhanded Strike"],"picked":"Footwork+1","floor":21.0},{"not_picked":["Reflex","Slice","Sucker Punch"],"picked":"SKIP","floor":23.0},{"not_picked":["Phantasmal Killer","Slice","Blade Dance"],"picked":"SKIP","floor":24.0}],"player_experience":3935379,"relics_obtained":[{"floor":6.0,"key":"Unceasing Top"},{"floor":8.0,"key":"Ginger"},{"floor":9.0,"key":"Bottled Lightning"},{"floor":14.0,"key":"Pen Nib"},{"floor":23.0,"key":"Meat on the Bone"},{"floor":23.0,"key":"War Paint"}],"event_choices":[{"damage_healed":0.0,"max_hp_gain":0.0,"max_hp_loss":0.0,"gold_gain":0.0,"cards_transformed":["Strike_G"],"event_name":"Transmorgrifier","player_choice":"Transformed","floor":3.0,"gold_loss":0.0,"damage_taken":0.0,"cards_obtained":["Cloak And Dagger"]},{"damage_healed":0.0,"max_hp_gain":0.0,"max_hp_loss":0.0,"gold_gain":0.0,"event_name":"Golden Idol","player_choice":"Take Wound","floor":12.0,"gold_loss":0.0,"damage_taken":0.0,"relics_obtained":["Golden Idol"],"cards_obtained":["Injury"]},{"cards_removed":["Envenom"],"damage_healed":33.0,"max_hp_gain":10.0,"max_hp_loss":0.0,"gold_gain":0.0,"event_name":"Bonfire Elementals","player_choice":"Offered Rare","floor":20.0,"gold_loss":0.0,"damage_taken":0.0}],"is_beta":false,"boss_relics":[{"not_picked":["Calling Bell","Cursed Key"],"picked":"Black Star"}],"items_purged_floors":[11,22],"is_endless":false,"potions_floor_spawned":[2,5,6,21,23],"killed_by":"Book of Stabbing","ascension_level":20}}