{"host":"bcfh1ntqgeyvyogo","time":1613983655,"event":{"mods":["BaseMod","Downfall","Minty Spire (QoL Compilation)","Quick Restart","StSLib"],"gold_per_floor":[99,109,19,30,43,43,43,70,81,100,100,113,113,126,137,137,137,137],"floor_reached":16,"language":"ZHS","playtime":609,"items_purged":["Slimebound:Strike_Slimebound"],"score":106,"play_id":"f8577bca-0ba3-4d50-8c1a-51ef790c77ec","local_time":"20210222164735","is_ascension_mode":false,"campfire_choices":[{"data":"Slimebound:Split","floor":1.0,"key":"SMITH"},{"data":"Slimebound:Overexert","floor":6,"key":"SMITH"},{"floor":13,"key":"REST"}],"circlet_count":2,"master_deck":["Slimebound:Strike_Slimebound","Slimebound:Strike_Slimebound","Slimebound:Tackle","Slimebound:Defend_Slimebound","Slimebound:Defend_Slimebound","Slimebound:Defend_Slimebound","Slimebound:Defend_Slimebound","Slimebound:Split+1","Slimebound:CorrosiveSpit","Slimebound:LevelUp","Slimebound:FinishingTackle","Slimebound:DisruptingSlam","Slimebound:Overexert+1","Slimebound:SplitLeeching","Slimebound:GoopTackle","Slimebound:Repurpose","Regret","Slimebound:SlimeTap"],"relics":["Slimebound:AbsorbEndCombat","Circlet","Molten Egg 2"],"acts_visited":["Exordium"],"potions_floor_usage":[8,16],"damage_taken":[{"damage":5.0,"enemies":"Cultist","floor":2.0,"turns":4.0},{"damage":8,"enemies":"downfall:FleeingMerchant","floor":3,"turns":4},{"damage":8,"enemies":"Jaw Worm","floor":4,"turns":3},{"damage":3,"enemies":"2 Louse","floor":5,"turns":2},{"damage":23,"enemies":"Gremlin Nob","floor":8,"turns":4},{"damage":6,"enemies":"Large Slime","floor":9,"turns":4},{"damage":20,"enemies":"Exordium Thugs","floor":10,"turns":3},{"damage":7,"enemies":"Red Slaver","floor":12,"turns":4},{"damage":3,"enemies":"2 Fungi Beasts","floor":14,"turns":3},{"damage":13,"enemies":"3 Louse","floor":15,"turns":4},{"damage":28,"enemies":"DF_ARCHETYPE_STREAMLINE","floor":16,"turns":4}],"seed_played":"3266705649824305082","potions_obtained":[{"floor":2,"key":"Fire Potion"},{"floor":5,"key":"champ:CounterPotion"},{"floor":10,"key":"Explosive Potion"},{"floor":14,"key":"CultistPotion"}],"is_trial":false,"path_per_floor":["R","M","$","M","M","R","T","E","M","M","?","M","R","M","M","B"],"character_chosen":"SLIMEBOUND","items_purchased":[],"campfire_rested":1,"item_purchase_floors":[],"current_hp_per_floor":[71,71,69,65,64,64,64,45,41,23,23,18,39,38,25,0,0,0],"gold":137,"neow_bonus":"TEN_PERCENT_HP_BONUS","is_daily":false,"chose_seed":false,"campfire_upgraded":2,"win_rate":0.0,"timestamp":1613983655,"path_taken":["R","M","$","M","?","R","T","E","M","M","?","M","R","M","M","BOSS"],"items_purchased_type":[],"build_version":"2020-12-22","purchased_purges":1,"victory":false,"max_hp_per_floor":[71,71,71,71,71,71,71,71,71,71,71,71,71,71,71,71,71,71],"card_choices":[{"not_picked":["Slimebound:LeechingTouch","Slimebound:ItLooksTasty"],"picked":"Slimebound:LevelUp","floor":2},{"not_picked":["Slimebound:SamplingLick","Slimebound:SplitMire"],"picked":"Slimebound:FinishingTackle","floor":3},{"not_picked":["Slimebound:SplitLeeching","Slimebound:Prepare"],"picked":"Slimebound:DisruptingSlam","floor":4},{"not_picked":["Slimebound:Schlurp","Slimebound:SamplingLick"],"picked":"Slimebound:Overexert","floor":5},{"not_picked":["Slimebound:Chomp","Slimebound:SamplingLick"],"picked":"Slimebound:SplitLeeching","floor":8},{"not_picked":["Slimebound:PressTheAttack","Slimebound:RejuvenatingLick"],"picked":"Slimebound:GoopTackle","floor":9},{"not_picked":["Slimebound:DisruptingSlam","Slimebound:ComboTackle"],"picked":"Slimebound:Repurpose","floor":10},{"not_picked":["Slimebound:LevelUp","Slimebound:PressTheAttack+1"],"picked":"Slimebound:SlimeTap","floor":12},{"not_picked":["Slimebound:SamplingLick","Slimebound:Schlurp","Slimebound:FinishingTackle+1"],"picked":"SKIP","floor":14},{"not_picked":["Slimebound:HauntingLick","Slimebound:RainOfGoop","Slimebound:Chomp+1"],"picked":"SKIP","floor":15}],"player_experience":8023,"relics_obtained":[{"floor":7,"key":"Circlet"},{"floor":8,"key":"Circlet"}],"event_choices":[{"damage_healed":0,"gold_gain":0,"player_choice":"Box","damage_taken":0,"relics_obtained":["Molten Egg 2"],"max_hp_gain":0,"max_hp_loss":0,"event_name":"Big Fish","floor":11,"gold_loss":0,"cards_obtained":["Regret"]}],"is_beta":false,"boss_relics":[],"items_purged_floors":[3],"is_endless":false,"potions_floor_spawned":[2,5,10,14],"killed_by":"DF_ARCHETYPE_STREAMLINE","ascension_level":0}}