{"host":"sc0o2qwpf9j16a4i","time":1613998596,"event":{"mods":["AchievementEnabler","BaseMod","BetterRewards","Block Reminder","Colored Map","Colored Powertips","Custom Start","Highlight Path","Minty Spire (QoL Compilation)","Relic Stats"],"gold_per_floor":[110,126,146,161,236,264,319,337,408,437,437,108,159,174,174,300,300,316,316,173,173,196,243,262,262,285,336,371,113,122,165,165,285,285,310,323,1340,1340,440,493,509,577,577,577,577,577,596,639,639,639],"floor_reached":51,"language":"ENG","playtime":2738,"items_purged":["Normality"],"score":1073,"play_id":"1a5a0a94-cc42-406d-a016-8960d7cff5fd","local_time":"20210222145636","daily_mods":["Shiny","Vintage","Lethality"],"is_ascension_mode":false,"campfire_choices":[{"data":"Adrenaline","floor":15,"key":"SMITH"},{"data":"Wraith Form v2","floor":25,"key":"SMITH"},{"data":"Panacea","floor":32,"key":"SMITH"},{"data":"1","floor":46,"key":"LIFT"},{"data":"2","floor":49,"key":"LIFT"}],"circlet_count":0,"master_deck":["Venomology","Corpse Explosion","Malaise+1","Phantasmal Killer+1","Die Die Die","Adrenaline+1","Envenom","Doppelganger","Burst","Wraith Form v2+1","Tools of the Trade","Night Terror","Unload","After Image+1","Bullet Time","Storm of Steel","Glass Knife","A Thousand Cuts","Grand Finale","Dagger Throw","Injury","Backstab","Footwork+1","Calculated Gamble","RitualDagger","Footwork+1","Master of Strategy","Panacea+1","Necronomicurse","Calculated Gamble+1","Normality","Footwork+1","Master of Strategy","Acrobatics","Eviscerate"],"relics":["Ring of the Snake","Oddly Smooth Stone","Ginger","Regal Pillow","Smiling Mask","Frozen Egg 2","FossilizedHelix","Strawberry","Ninja Scroll","Bird Faced Urn","Golden Idol","Art of War","Akabeko","Black Star","Juzu Bracelet","War Paint","Pen Nib","Tiny Chest","CeramicFish","Eternal Feather","MawBank","Centennial Puzzle","Letter Opener","Mango","Necronomicon","Vajra","Bottled Lightning","Runic Dome","Blood Vial","Girya","OrangePellets","PreservedInsect","TungstenRod","Potion Belt","Lantern","Mummified Hand","Meat on the Bone","Pantograph","Boot","Thread and Needle","Nunchaku"],"acts_visited":["Exordium","TheCity","TheBeyond"],"potions_floor_usage":[1,7,7,10,10,16,23,23,27,27,28,33,33,33,33,47,50,50,50,50],"damage_taken":[{"damage":5,"enemies":"Jaw Worm","floor":1,"turns":4},{"damage":0,"enemies":"2 Louse","floor":2,"turns":1},{"damage":3,"enemies":"Cultist","floor":3,"turns":3},{"damage":0,"enemies":"3 Louse","floor":4,"turns":1},{"damage":0,"enemies":"3 Sentries","floor":6,"turns":1},{"damage":0,"enemies":"Lagavulin Event","floor":7,"turns":3},{"damage":0,"enemies":"Exordium Thugs","floor":8,"turns":2},{"damage":0,"enemies":"Lagavulin","floor":10,"turns":3},{"damage":0,"enemies":"Large Slime","floor":14,"turns":2},{"damage":0,"enemies":"Slime Boss","floor":16,"turns":4},{"damage":0,"enemies":"3 Byrds","floor":18,"turns":1},{"damage":0,"enemies":"2 Thieves","floor":22,"turns":2},{"damage":0,"enemies":"Slavers","floor":23,"turns":2},{"damage":0,"enemies":"Snake Plant","floor":24,"turns":6},{"damage":27,"enemies":"Book of Stabbing","floor":27,"turns":6},{"damage":0,"enemies":"3 Cultists","floor":28,"turns":5},{"damage":0,"enemies":"Slavers","floor":31,"turns":1},{"damage":21,"enemies":"Automaton","floor":33,"turns":8},{"damage":0,"enemies":"3 Shapes","floor":35,"turns":2},{"damage":0,"enemies":"3 Darklings","floor":36,"turns":2},{"damage":5,"enemies":"Nemesis","floor":40,"turns":7},{"damage":15,"enemies":"Spire Growth","floor":41,"turns":4},{"damage":0,"enemies":"Writhing Mass","floor":47,"turns":5},{"damage":0,"enemies":"Giant Head","floor":48,"turns":6},{"damage":11,"enemies":"Time Eater","floor":50,"turns":9}],"seed_played":"-4560821360303362138","potions_obtained":[{"floor":2,"key":"GhostInAJar"},{"floor":3,"key":"Regen Potion"},{"floor":8,"key":"AttackPotion"},{"floor":27,"key":"Fire Potion"},{"floor":35,"key":"LiquidBronze"},{"floor":40,"key":"SpeedPotion"},{"floor":47,"key":"CunningPotion"}],"is_trial":true,"path_per_floor":["M","M","M","M","?","E","?","M","T","E","?","$","?","M","R","B",null,"M","?","$","?","M","E","M","R","T","E","M","$","?","E","R","B",null,"M","M","?","?","$","E","M","T","T","?","?","R","M","E","R","B",null],"character_chosen":"THE_SILENT","items_purchased":["Backstab","Footwork+1","Art of War","Calculated Gamble","War Paint","Master of Strategy","Panacea","OrangePellets","PreservedInsect","TungstenRod","Footwork+1","Master of Strategy"],"campfire_rested":0,"item_purchase_floors":[12,12,12,12,20,29,29,39,39,39,39,39],"current_hp_per_floor":[65,65,62,62,51,51,60,67,67,67,67,67,67,67,67,73,77,77,71,71,71,73,77,77,77,77,56,78,78,62,64,82,75,91,91,91,91,91,91,86,78,78,78,78,78,86,86,86,86,81],"gold":639,"neow_bonus":"","is_daily":false,"chose_seed":false,"campfire_upgraded":3,"win_rate":0.0,"timestamp":1613998596,"path_taken":["M","?","M","M","?","E","?","M","T","E","?","$","?","M","R","BOSS","M","?","$","?","M","E","M","R","T","E","M","$","?","E","R","BOSS","M","M","?","?","$","E","M","?","T","?","?","R","M","E","R","BOSS"],"items_purchased_type":["Card","Card","Relic","Card","Relic","Card","Card","Relic","Relic","Relic","Card","Card"],"build_version":"2020-12-22","purchased_purges":1,"victory":true,"max_hp_per_floor":[70,70,70,70,70,70,70,77,77,77,77,77,77,77,77,77,77,77,77,77,77,77,77,77,77,77,77,91,91,91,91,91,91,91,91,91,91,91,91,91,91,91,91,91,86,86,86,86,86,86],"relic_stats":{"Regal Pillow":0,"CeramicFish":99,"Juzu Bracelet":1,"Ginger":[10],"Smiling Mask":25,"Boot":[0],"Blood Vial":2,"Centennial Puzzle":[12],"Nunchaku":[1],"Mummified Hand":[27],"Pantograph":0,"Tiny Chest":1,"Necronomicon":[0],"Ring of the Snake":[50],"counters":[25,90],"Golden Idol":149,"Eternal Feather":26,"Pen Nib":[10],"PreservedInsect":172,"Letter Opener":[121],"War Paint":["Phantasmal Killer","Malaise"],"MawBank":36,"OrangePellets":[2],"Bird Faced Urn":[53],"Art of War":[18],"Black Star":5,"obtain_stats":[{"Regal Pillow":3,"Lantern":40,"CeramicFish":23,"Vajra":31,"Mango":28,"Juzu Bracelet":18,"Ginger":2,"Smiling Mask":4,"Boot":47,"Blood Vial":35,"Centennial Puzzle":27,"Nunchaku":48,"Ninja Scroll":9,"Mummified Hand":41,"Strawberry":8,"Pantograph":43,"Tiny Chest":23,"Necronomicon":30,"Ring of the Snake":0,"Potion Belt":40,"Girya":36,"Golden Idol":11,"Oddly Smooth Stone":1,"Eternal Feather":24,"Thread and Needle":48,"Pen Nib":22,"PreservedInsect":39,"Letter Opener":27,"Frozen Egg 2":6,"War Paint":20,"MawBank":26,"Akabeko":14,"Runic Dome":34,"OrangePellets":39,"Bird Faced Urn":10,"Art of War":12,"Black Star":17,"Bottled Lightning":31,"FossilizedHelix":7,"TungstenRod":39,"Meat on the Bone":42},{"Regal Pillow":3,"Lantern":21,"CeramicFish":13,"Vajra":17,"Mango":16,"Juzu Bracelet":11,"Ginger":2,"Smiling Mask":4,"Boot":23,"Blood Vial":19,"Centennial Puzzle":15,"Nunchaku":24,"Ninja Scroll":7,"Mummified Hand":22,"Strawberry":7,"Pantograph":22,"Tiny Chest":13,"Necronomicon":16,"Ring of the Snake":0,"Potion Belt":21,"Girya":20,"Golden Idol":8,"Oddly Smooth Stone":1,"Eternal Feather":14,"Thread and Needle":24,"Pen Nib":12,"PreservedInsect":20,"Letter Opener":15,"Frozen Egg 2":5,"War Paint":11,"MawBank":14,"Akabeko":9,"Runic Dome":18,"OrangePellets":20,"Bird Faced Urn":8,"Art of War":8,"Black Star":10,"Bottled Lightning":17,"FossilizedHelix":6,"TungstenRod":20,"Meat on the Bone":22},{"Regal Pillow":8,"Lantern":66,"CeramicFish":29,"Vajra":47,"Mango":46,"Juzu Bracelet":25,"Ginger":5,"Smiling Mask":9,"Boot":75,"Blood Vial":57,"Centennial Puzzle":41,"Nunchaku":81,"Ninja Scroll":15,"Mummified Hand":70,"Strawberry":15,"Pantograph":70,"Tiny Chest":29,"Necronomicon":46,"Ring of the Snake":0,"Potion Belt":66,"Girya":59,"Golden Idol":18,"Oddly Smooth Stone":4,"Eternal Feather":35,"Thread and Needle":81,"Pen Nib":27,"PreservedInsect":59,"Letter Opener":41,"Frozen Egg 2":10,"War Paint":25,"MawBank":35,"Akabeko":20,"Runic Dome":55,"OrangePellets":59,"Bird Faced Urn":18,"Art of War":18,"Black Star":24,"Bottled Lightning":47,"FossilizedHelix":13,"TungstenRod":59,"Meat on the Bone":70}],"TungstenRod":8,"Meat on the Bone":0},"card_choices":[{"not_picked":["Heel Hook","Choke","Bane"],"picked":"SKIP","floor":6},{"not_picked":["Dodge and Roll","Prepared"],"picked":"Dagger Throw","floor":10},{"not_picked":["Predator","Slice+1"],"picked":"Footwork+1","floor":23},{"not_picked":["Dagger Throw","Blur","Reflex"],"picked":"SKIP","floor":27},{"not_picked":["Footwork+1","Deflect"],"picked":"Calculated Gamble+1","floor":31},{"not_picked":["Underhanded Strike+1","Deadly Poison+1"],"picked":"Acrobatics","floor":40},{"not_picked":["Poisoned Stab+1","Blade Dance"],"picked":"Eviscerate","floor":48}],"player_experience":1523338,"relics_obtained":[{"floor":1,"key":"Oddly Smooth Stone"},{"floor":2,"key":"Ginger"},{"floor":3,"key":"Regal Pillow"},{"floor":4,"key":"Smiling Mask"},{"floor":6,"key":"Frozen Egg 2"},{"floor":7,"key":"FossilizedHelix"},{"floor":8,"key":"Strawberry"},{"floor":9,"key":"Ninja Scroll"},{"floor":10,"key":"Bird Faced Urn"},{"floor":14,"key":"Akabeko"},{"floor":18,"key":"Juzu Bracelet"},{"floor":22,"key":"Pen Nib"},{"floor":23,"key":"Tiny Chest"},{"floor":23,"key":"CeramicFish"},{"floor":24,"key":"Eternal Feather"},{"floor":26,"key":"MawBank"},{"floor":27,"key":"Centennial Puzzle"},{"floor":27,"key":"Letter Opener"},{"floor":28,"key":"Mango"},{"floor":30,"key":"Necronomicon"},{"floor":31,"key":"Vajra"},{"floor":31,"key":"Bottled Lightning"},{"floor":35,"key":"Blood Vial"},{"floor":36,"key":"Girya"},{"floor":40,"key":"Potion Belt"},{"floor":40,"key":"Lantern"},{"floor":41,"key":"Mummified Hand"},{"floor":42,"key":"Meat on the Bone"},{"floor":43,"key":"Pantograph"},{"floor":47,"key":"Boot"},{"floor":48,"key":"Thread and Needle"},{"floor":48,"key":"Nunchaku"}],"event_choices":[{"damage_healed":0,"gold_gain":75,"player_choice":"Gather Gold","damage_taken":11,"max_hp_gain":0,"max_hp_loss":0,"event_name":"World of Goop","floor":5,"gold_loss":0},{"damage_healed":0,"gold_gain":0,"player_choice":"Searched \u00271\u0027 times","damage_taken":0,"max_hp_gain":0,"max_hp_loss":0,"event_name":"Dead Adventurer","floor":7,"gold_loss":0},{"damage_healed":0,"gold_gain":0,"player_choice":"Take Wound","damage_taken":0,"relics_obtained":["Golden Idol"],"max_hp_gain":0,"max_hp_loss":0,"event_name":"Golden Idol","floor":11,"gold_loss":0,"cards_obtained":["Injury"]},{"damage_healed":0,"gold_gain":51,"player_choice":"Gained Gold","damage_taken":0,"max_hp_gain":0,"max_hp_loss":0,"event_name":"Golden Wing","floor":13,"gold_loss":0},{"damage_healed":0,"gold_gain":0,"player_choice":"Joined the Cult","damage_taken":6,"max_hp_gain":0,"max_hp_loss":0,"event_name":"Nest","floor":19,"gold_loss":0,"cards_obtained":["RitualDagger"]},{"damage_healed":0,"gold_gain":0,"player_choice":"Ignored","damage_taken":0,"max_hp_gain":0,"max_hp_loss":0,"event_name":"Vampires","floor":21,"gold_loss":0},{"damage_healed":0,"gold_gain":0,"player_choice":"Obtained Book","damage_taken":16,"max_hp_gain":0,"max_hp_loss":0,"event_name":"Cursed Tome","floor":30,"gold_loss":0},{"damage_healed":0,"gold_gain":999,"player_choice":"Gold","damage_taken":0,"max_hp_gain":0,"max_hp_loss":0,"event_name":"MindBloom","floor":37,"gold_loss":0,"cards_obtained":["Normality","Normality"]},{"damage_healed":0,"gold_gain":0,"player_choice":"Upgraded","damage_taken":0,"max_hp_gain":0,"max_hp_loss":0,"event_name":"Upgrade Shrine","floor":38,"gold_loss":0,"cards_upgraded":["After Image"]},{"damage_healed":0,"gold_gain":0,"player_choice":"Ignored","damage_taken":0,"max_hp_gain":0,"max_hp_loss":0,"event_name":"Tomb of Lord Red Mask","floor":44,"gold_loss":0},{"damage_healed":0,"gold_gain":0,"player_choice":"Max HP","damage_taken":0,"max_hp_gain":0,"max_hp_loss":5,"event_name":"Winding Halls","floor":45,"gold_loss":0}],"is_beta":false,"boss_relics":[{"not_picked":["Empty Cage","WristBlade"],"picked":"Black Star"},{"not_picked":["Runic Pyramid","Astrolabe"],"picked":"Runic Dome"}],"items_purged_floors":[39],"is_endless":false,"potions_floor_spawned":[2,3,8,18,27,28,31,35,40,47],"ascension_level":0}}