{"host":"n3r7007bx0xr1slw","time":1613967474,"event":{"mods":["BaseMod","DeckTracker","Googly Eyes","Minty Spire (QoL Compilation)","StSLib"],"gold_per_floor":[109,109,122,122,49,49,81,81,152,178,191,38,38,38],"floor_reached":13,"language":"ENG","playtime":661,"items_purged":["Defend_P"],"score":95,"play_id":"dfb44acd-b8d9-4030-84f7-2ed7b3eb4468","local_time":"20210221231754","is_ascension_mode":true,"campfire_choices":[{"data":"Eruption","floor":6,"key":"SMITH"}],"circlet_count":0,"master_deck":["Strike_P","Strike_P","Strike_P","Strike_P","Defend_P","Eruption+1","Vigilance","Establishment","JustLucky","JustLucky","JustLucky","Nirvana","ThirdEye","ThirdEye"],"relics":["PureWater","Smiling Mask","Meat on the Bone","Spirit Poop","Darkstone Periapt","Ice Cream","Oddly Smooth Stone"],"acts_visited":["Exordium"],"potions_floor_usage":[10],"damage_taken":[{"damage":0,"enemies":"2 Louse","floor":1,"turns":2},{"damage":0,"enemies":"Cultist","floor":3,"turns":2},{"damage":37,"enemies":"Lagavulin","floor":7,"turns":6},{"damage":10,"enemies":"Gremlin Nob","floor":10,"turns":3},{"damage":2,"enemies":"Jaw Worm","floor":11,"turns":3},{"damage":31,"enemies":"3 Sentries","floor":13,"turns":4}],"seed_played":"-8538001976516487331","potions_obtained":[{"floor":1,"key":"StancePotion"},{"floor":10,"key":"Ancient Potion"},{"floor":11,"key":"FearPotion"}],"is_trial":false,"path_per_floor":["M","?","M","?","$","R","E","?","T","E","M","$","E"],"character_chosen":"WATCHER","items_purchased":["JustLucky","Oddly Smooth Stone"],"campfire_rested":0,"item_purchase_floors":[5,12],"current_hp_per_floor":[51,51,51,51,51,51,14,14,14,16,26,26,0,0],"gold":38,"neow_bonus":"TRANSFORM_TWO_CARDS","is_daily":false,"chose_seed":false,"campfire_upgraded":1,"win_rate":0.0,"timestamp":1613967474,"path_taken":["M","?","?","?","$","R","E","?","T","E","?","?","E"],"items_purchased_type":["Card","Relic"],"build_version":"2020-12-22","purchased_purges":1,"victory":false,"max_hp_per_floor":[72,72,72,72,72,72,72,72,72,72,72,72,72,72],"card_choices":[{"not_picked":["Sanctity","Fasting2"],"picked":"JustLucky","floor":1},{"not_picked":["Study","Prostrate"],"picked":"JustLucky","floor":3},{"not_picked":["InnerPeace","CarveReality"],"picked":"Nirvana","floor":7},{"not_picked":["EmptyMind","FlyingSleeves"],"picked":"ThirdEye","floor":10},{"not_picked":["Vault","FearNoEvil"],"picked":"ThirdEye","floor":11}],"player_experience":141632,"relics_obtained":[{"floor":7,"key":"Meat on the Bone"},{"floor":9,"key":"Darkstone Periapt"},{"floor":10,"key":"Ice Cream"}],"event_choices":[{"cards_removed":["MasterReality"],"damage_healed":0,"gold_gain":0,"player_choice":"Purged","damage_taken":0,"max_hp_gain":0,"max_hp_loss":0,"event_name":"Purifier","floor":2,"gold_loss":0},{"damage_healed":0,"gold_gain":0,"player_choice":"Box","damage_taken":0,"relics_obtained":["Smiling Mask"],"max_hp_gain":0,"max_hp_loss":0,"event_name":"Big Fish","floor":4,"gold_loss":0,"cards_obtained":["Regret"]},{"cards_removed":["Regret"],"damage_healed":0,"gold_gain":0,"player_choice":"Offered Curse","damage_taken":0,"relics_obtained":["Spirit Poop"],"max_hp_gain":0,"max_hp_loss":0,"event_name":"Bonfire Elementals","floor":8,"gold_loss":0}],"is_beta":false,"boss_relics":[],"items_purged_floors":[5],"is_endless":false,"potions_floor_spawned":[1,10,11],"killed_by":"3 Sentries","ascension_level":1}}