{"host":"2c84cb4cp1emursg","time":1613970431,"event":{"mods":["Act Like it!","BaseMod","Better Third Choice","Bossed Relics","Hermit","Minty Spire (QoL Compilation)","Permanent Neow","Shapeshifter Mod","StSLib"],"gold_per_floor":[19,36,36,53,69,95,95,121,121,121,121],"floor_reached":10,"language":"ENG","playtime":481,"items_purged":[],"score":108,"play_id":"9325c4f0-585b-44e4-ad0f-30477812dce9","local_time":"20210221220711","is_ascension_mode":true,"campfire_choices":[{"data":"StSShapeShifter:ClimbTree","floor":7,"key":"SMITH"}],"circlet_count":0,"master_deck":["StSShapeShifter:ShapeShifter_Strike","StSShapeShifter:ShapeShifter_Strike","StSShapeShifter:ShapeShifter_Strike","StSShapeShifter:ShapeShifter_Strike","StSShapeShifter:ShapeShifter_Strike","StSShapeShifter:ShapeShifter_Defend","StSShapeShifter:ShapeShifter_Defend","StSShapeShifter:ShapeShifter_Defend","StSShapeShifter:ShapeShifter_Defend","StSShapeShifter:ShapeShifter_Defend","StSShapeShifter:Tortoise_Form","StSShapeShifter:Lynx_Form","StSShapeShifter:FullMoon","StSShapeShifter:HippoForm","StSShapeShifter:ClimbTree+1","StSShapeShifter:ShiftingStrike","StSShapeShifter:BloomingSlash","StSShapeShifter:OakBlade","StSShapeShifter:EntForm"],"relics":["StSShapeShifter:AnimalHeart","StSShapeShifter:TheShapeShiftersMagnolia","Potion Belt","Blue Candle","Question Card","Vajra","Toxic Egg 2"],"acts_visited":["Exordium"],"potions_floor_usage":[5,5],"damage_taken":[{"damage":1,"enemies":"Jaw Worm","floor":1,"turns":4},{"damage":0,"enemies":"2 Louse","floor":2,"turns":2},{"damage":0,"enemies":"Cultist","floor":4,"turns":5},{"damage":8,"enemies":"Exordium Thugs","floor":5,"turns":4},{"damage":33,"enemies":"Lagavulin","floor":6,"turns":9},{"damage":0,"enemies":"Gremlin Nob","floor":8,"turns":3},{"damage":22,"enemies":"3 Sentries","floor":10,"turns":2}],"seed_played":"-2887759992065214521","potions_obtained":[{"floor":1,"key":"ColorlessPotion"},{"floor":2,"key":"Fire Potion"},{"floor":5,"key":"SpeedPotion"}],"is_trial":false,"path_per_floor":["M","M","?","M","M","E","R","E","T","E"],"character_chosen":"SHAPESHIFTER","items_purchased":[],"campfire_rested":0,"item_purchase_floors":[],"current_hp_per_floor":[77,77,54,54,46,13,13,13,13,0,0],"gold":121,"neow_bonus":"THREE_RARE_CARDS","is_daily":false,"chose_seed":false,"campfire_upgraded":1,"win_rate":0.0,"timestamp":1613970431,"path_taken":["M","M","?","M","M","E","R","E","T","E"],"items_purchased_type":[],"build_version":"2020-12-22","purchased_purges":0,"victory":false,"max_hp_per_floor":[78,78,78,78,78,78,78,78,78,78,78],"card_choices":[{"not_picked":["StSShapeShifter:MammothForm","StSShapeShifter:Summon_Mountains"],"picked":"StSShapeShifter:FullMoon","floor":0},{"not_picked":["StSShapeShifter:Guard","StSShapeShifter:Synchronicity"],"picked":"StSShapeShifter:HippoForm","floor":1},{"not_picked":["StSShapeShifter:VineHandcuffs","StSShapeShifter:BurstingSpore"],"picked":"StSShapeShifter:ClimbTree","floor":2},{"not_picked":["StSShapeShifter:PoisonIvy","StSShapeShifter:PantherForm"],"picked":"StSShapeShifter:ShiftingStrike","floor":4},{"not_picked":["StSShapeShifter:OakBlade","StSShapeShifter:FallingLeaves"],"picked":"StSShapeShifter:BloomingSlash","floor":5},{"not_picked":["StSShapeShifter:ForestFire","StSShapeShifter:Vengeance"],"picked":"StSShapeShifter:OakBlade","floor":6},{"not_picked":["StSShapeShifter:ForestFire","StSShapeShifter:ShiftingStrike","StSShapeShifter:BloomingSlash"],"picked":"StSShapeShifter:EntForm","floor":8}],"player_experience":583754,"relics_obtained":[{"floor":6,"key":"Question Card"},{"floor":8,"key":"Vajra"},{"floor":9,"key":"Toxic Egg 2"}],"event_choices":[{"damage_healed":0,"gold_gain":1,"player_choice":"Relic Relic ","damage_taken":23,"max_hp_gain":0,"max_hp_loss":0,"event_name":"betterThird:BetterScrap","floor":3,"gold_loss":0,"cards_obtained":["Doom and Gloom"]}],"is_beta":false,"boss_relics":[],"items_purged_floors":[],"is_endless":false,"potions_floor_spawned":[1,2,5],"killed_by":"3 Sentries","ascension_level":1}}