{"host":"2c84cb4cp1emursg","time":1613981950,"event":{"mods":["Act Like it!","BaseMod","Better Third Choice","Bossed Relics","Hermit","Minty Spire (QoL Compilation)","Permanent Neow","Shapeshifter Mod","StSLib"],"gold_per_floor":[11,47,74,106,106,147,161,176,176],"floor_reached":8,"language":"ENG","playtime":619,"items_purged":[],"score":63,"play_id":"e70c7b14-0bd8-475d-9452-707fcf1b6d54","local_time":"20210222011910","is_ascension_mode":true,"campfire_choices":[],"circlet_count":0,"master_deck":["StSShapeShifter:ShapeShifter_Strike","StSShapeShifter:ShapeShifter_Strike+1","StSShapeShifter:ShapeShifter_Strike","StSShapeShifter:ShapeShifter_Strike","StSShapeShifter:ShapeShifter_Strike","StSShapeShifter:ShapeShifter_Defend","StSShapeShifter:ShapeShifter_Defend","StSShapeShifter:ShapeShifter_Defend","StSShapeShifter:ShapeShifter_Defend+1","StSShapeShifter:ShapeShifter_Defend","StSShapeShifter:Tortoise_Form","StSShapeShifter:Lynx_Form","StSShapeShifter:Summer","StSShapeShifter:FoxForm","StSShapeShifter:ClimbTree","StSShapeShifter:Synchronicity","StSShapeShifter:EagleForm","StSShapeShifter:OakBlade"],"relics":["StSShapeShifter:AnimalHeart","StSShapeShifter:TheShapeShiftersMagnolia","Bottled Lightning"],"acts_visited":["Exordium"],"potions_floor_usage":[6,8],"damage_taken":[{"damage":5,"enemies":"Jaw Worm","floor":1,"turns":4},{"damage":0,"enemies":"Small Slimes","floor":2,"turns":4},{"damage":0,"enemies":"Cultist","floor":3,"turns":6},{"damage":2,"enemies":"Blue Slaver","floor":4,"turns":6},{"damage":27,"enemies":"Gremlin Nob","floor":6,"turns":5},{"damage":0,"enemies":"3 Louse","floor":7,"turns":4},{"damage":42,"enemies":"Lagavulin","floor":8,"turns":5}],"seed_played":"2290871200207644525","potions_obtained":[{"floor":1,"key":"StSShapeShifter:PolyBeastPotion"},{"floor":3,"key":"AttackPotion"},{"floor":6,"key":"Strength Potion"}],"is_trial":false,"path_per_floor":["M","M","M","M","?","E","M","E"],"character_chosen":"SHAPESHIFTER","items_purchased":[],"campfire_rested":0,"item_purchase_floors":[],"current_hp_per_floor":[73,73,73,71,55,28,28,0,0],"gold":176,"neow_bonus":"THREE_RARE_CARDS","is_daily":false,"chose_seed":false,"campfire_upgraded":0,"win_rate":0.0,"timestamp":1613981950,"path_taken":["M","M","M","M","?","E","M","E"],"items_purchased_type":[],"build_version":"2020-12-22","purchased_purges":0,"victory":false,"max_hp_per_floor":[78,78,78,78,78,78,78,78,78],"card_choices":[{"not_picked":["StSShapeShifter:MysticalSeed","StSShapeShifter:Sap_Burst"],"picked":"StSShapeShifter:Summer","floor":0},{"not_picked":["StSShapeShifter:SunflowerShuriken","StSShapeShifter:PantherForm"],"picked":"StSShapeShifter:FoxForm","floor":1},{"not_picked":["StSShapeShifter:PantherForm","StSShapeShifter:Consume"],"picked":"StSShapeShifter:ClimbTree","floor":2},{"not_picked":["StSShapeShifter:EmbraceTheCycle","StSShapeShifter:DeerForm"],"picked":"StSShapeShifter:Synchronicity","floor":3},{"not_picked":["StSShapeShifter:VileMushroom","StSShapeShifter:VineHandcuffs","StSShapeShifter:ThornToss"],"picked":"SKIP","floor":4},{"not_picked":["StSShapeShifter:PantherForm","StSShapeShifter:OpportuneSwoop"],"picked":"StSShapeShifter:EagleForm","floor":6},{"not_picked":["StSShapeShifter:SquirrelForm","StSShapeShifter:VineHandcuffs"],"picked":"StSShapeShifter:OakBlade","floor":7}],"player_experience":589405,"relics_obtained":[{"floor":6,"key":"Bottled Lightning"}],"event_choices":[{"damage_healed":71,"gold_gain":0,"player_choice":"Upgrade","damage_taken":16,"max_hp_gain":0,"max_hp_loss":78,"event_name":"betterThird:BetterShining","floor":5,"gold_loss":0,"cards_upgraded":["StSShapeShifter:ShapeShifter_Strike","StSShapeShifter:ShapeShifter_Defend"]}],"is_beta":false,"boss_relics":[],"items_purged_floors":[],"is_endless":false,"potions_floor_spawned":[1,3,6],"killed_by":"Lagavulin","ascension_level":1}}