{"host":"nb3r5a3er9rrnn3n","time":1613963763,"event":{"mods":["BaseMod","Colored Map","Downfall","Minty Spire (QoL Compilation)","Relic Stats","Spire Arcade","StSLib"],"gold_per_floor":[99,99,99,99,116,116,116,116,116,116],"floor_reached":8,"language":"ENG","playtime":275,"items_purged":[],"score":44,"play_id":"40125f2b-b8e5-43c0-8585-c771ded79f98","local_time":"20210222141603","is_ascension_mode":true,"campfire_choices":[{"data":"bronze:Goto","floor":1,"key":"SMITH"},{"data":"bronze:FineTuning","floor":6,"key":"SMITH"}],"circlet_count":0,"master_deck":["bronze:Strike","bronze:Strike","bronze:Strike","bronze:Strike","bronze:Defend","bronze:Defend","bronze:Defend","bronze:Defend","bronze:Replicate","bronze:Goto+1","bronze:FollowUp","bronze:Deprecate","bronze:FineTuning+1","bronze:Flail"],"relics":["bronze:BronzeCore","downfall:HeartsMalice","Calipers"],"acts_visited":["Exordium"],"potions_floor_usage":[8],"damage_taken":[{"damage":0,"enemies":"Cultist","floor":2,"turns":1},{"damage":0,"enemies":"Jaw Worm","floor":3,"turns":1},{"damage":0,"enemies":"2 Louse","floor":4,"turns":1},{"damage":13,"enemies":"Lots of Slimes","floor":5,"turns":4},{"damage":8,"enemies":"Lagavulin","floor":8,"turns":10}],"seed_played":"8131393164184460384","potions_obtained":[{"floor":5,"key":"Guardian:BlockOnCardUsePotion"}],"is_trial":false,"path_per_floor":["R","M","M","M","M","R","T","E"],"character_chosen":"THE_AUTOMATON","items_purchased":[],"campfire_rested":0,"item_purchase_floors":[],"current_hp_per_floor":[70,70,70,70,57,57,57,49,49,49],"gold":116,"neow_bonus":"THREE_ENEMY_KILL","is_daily":false,"chose_seed":false,"campfire_upgraded":2,"win_rate":0.0,"timestamp":1613963763,"path_taken":["R","M","M","M","M","R","T","E"],"items_purchased_type":[],"build_version":"2020-12-22","purchased_purges":0,"victory":false,"max_hp_per_floor":[70,70,70,70,70,70,70,70,70,70],"relic_stats":{"counters":[5,14],"obtain_stats":[{"bronze:BronzeCore":0,"Calipers":7,"downfall:HeartsMalice":0},{"bronze:BronzeCore":0,"Calipers":4,"downfall:HeartsMalice":0},{"bronze:BronzeCore":0,"Calipers":4,"downfall:HeartsMalice":0}]},"card_choices":[{"not_picked":["bronze:Turbo","bronze:BuggyMess"],"picked":"bronze:FollowUp","floor":2},{"not_picked":["bronze:Shield","bronze:DarkDash"],"picked":"bronze:Deprecate","floor":3},{"not_picked":["bronze:Frontload","bronze:ForceShield"],"picked":"bronze:FineTuning","floor":4},{"not_picked":["bronze:BugBarrage","bronze:DelayedSlice"],"picked":"bronze:Flail","floor":5}],"player_experience":2052976,"relics_obtained":[{"floor":7,"key":"Calipers"}],"event_choices":[],"is_beta":false,"boss_relics":[],"items_purged_floors":[],"is_endless":false,"potions_floor_spawned":[5],"killed_by":"Lagavulin","ascension_level":1}}