{"host":"xz7n3qy1zq36rzpg","time":1613955049,"event":{"mods":["BaseMod","Colored Map","Colored Powertips","Highlight Path","Minty Spire (QoL Compilation)","Quick Restart","Shop Mod"],"gold_per_floor":[117,93,106,121,121,121,152,152,229,242,242,266,292,292,292,395,395,414,514,527,153,171,201,201,229,252,167,38,38,53,70,70,170,170,188,188,116,0,12,47,47,64,64,77,107,107,126,160,160,160],"floor_reached":51,"language":"ENG","playtime":3463,"items_purged":["Doubt"],"score":966,"play_id":"c55e9ada-9d9e-4f0d-9423-bccfe1de7029","local_time":"20210222015049","is_ascension_mode":true,"campfire_choices":[{"data":"Neutralize","floor":6.0,"key":"SMITH"},{"floor":8.0,"key":"REST"},{"data":"Envenom","floor":11.0,"key":"SMITH"},{"floor":15.0,"key":"REST"},{"floor":24.0,"key":"REST"},{"data":"Blade Dance","floor":29.0,"key":"SMITH"},{"data":"Storm of Steel","floor":32.0,"key":"SMITH"},{"floor":41.0,"key":"REST"},{"data":"Adrenaline","floor":46.0,"key":"SMITH"},{"floor":49.0,"key":"REST"}],"circlet_count":0,"master_deck":["Strike_G","Strike_G","Strike_G","Strike_G","Defend_G+1","Defend_G","Defend_G","Defend_G","Defend_G","Survivor","Neutralize+1","Leg Sweep","Backstab","Quick Slash","Crippling Poison+1","Envenom+1","Terror","Blur","Bouncing Flask","Adrenaline+1","Blade Dance+1","Acrobatics","Catalyst+1","PiercingWail","Storm of Steel+1","Backflip+1","Well Laid Plans+1","Blade Dance+1","Footwork","Poisoned Stab+1","Backflip+1","Die Die Die","Riddle With Holes+1","Noxious Fumes","Quick Slash+1","Dash","Bullet Time","Poisoned Stab+1","A Thousand Cuts+1"],"relics":["Ring of the Snake","Prayer Wheel","Bag of Marbles","Meat on the Bone","Potion Belt","Anchor","WristBlade","TwistedFunnel","Gambling Chip","Nunchaku","Bronze Scales","Juzu Bracelet","Sozu","Red Mask","Regal Pillow","Pear","Frozen Egg 2","Happy Flower"],"acts_visited":["Exordium","TheCity","TheBeyond"],"potions_floor_usage":[50,50,50,50],"damage_taken":[{"damage":1.0,"enemies":"Jaw Worm","floor":1.0,"turns":5.0},{"damage":2.0,"enemies":"2 Louse","floor":3.0,"turns":5.0},{"damage":0.0,"enemies":"Cultist","floor":4.0,"turns":4.0},{"damage":25.0,"enemies":"3 Sentries","floor":7.0,"turns":9.0},{"damage":3.0,"enemies":"Looter","floor":10.0,"turns":2.0},{"damage":10.0,"enemies":"Lagavulin","floor":13.0,"turns":5.0},{"damage":23.0,"enemies":"Hexaghost","floor":16.0,"turns":10.0},{"damage":10.0,"enemies":"Shell Parasite","floor":18.0,"turns":4.0},{"damage":6.0,"enemies":"3 Byrds","floor":20.0,"turns":4.0},{"damage":2.0,"enemies":"Cultist and Chosen","floor":22.0,"turns":3.0},{"damage":22.0,"enemies":"Gremlin Leader","floor":23.0,"turns":6.0},{"damage":1.0,"enemies":"Slavers","floor":25.0,"turns":3.0},{"damage":0.0,"enemies":"Snake Plant","floor":30.0,"turns":2.0},{"damage":0.0,"enemies":"Centurion and Healer","floor":31.0,"turns":2.0},{"damage":11.0,"enemies":"Automaton","floor":33.0,"turns":10.0},{"damage":24.0,"enemies":"3 Darklings","floor":35.0,"turns":7.0},{"damage":0.0,"enemies":"3 Shapes","floor":39.0,"turns":1.0},{"damage":9.0,"enemies":"Giant Head","floor":40.0,"turns":6.0},{"damage":6.0,"enemies":"Maw","floor":42.0,"turns":5.0},{"damage":0.0,"enemies":"3 Darklings","floor":44.0,"turns":2.0},{"damage":8.0,"enemies":"Reptomancer","floor":45.0,"turns":4.0},{"damage":1.0,"enemies":"4 Shapes","floor":47.0,"turns":3.0},{"damage":13.0,"enemies":"Giant Head","floor":48.0,"turns":4.0},{"damage":65,"enemies":"Donu and Deca","floor":50,"turns":7}],"seed_played":"-2348960357326223624","potions_obtained":[{"floor":1.0,"key":"SteroidPotion"},{"floor":3.0,"key":"EssenceOfSteel"},{"floor":7.0,"key":"ColorlessPotion"},{"floor":13.0,"key":"Strength Potion"},{"floor":18.0,"key":"Energy Potion"},{"floor":22.0,"key":"Fire Potion"},{"floor":25.0,"key":"DuplicationPotion"},{"floor":33.0,"key":"Block Potion"}],"is_trial":false,"path_per_floor":["M","?","M","M","?","R","E","R","T","M","R","T","E","?","R","B",null,"M","?","M","$","M","E","R","E","T","?","$","R","M","M","R","B",null,"M","?","$","?","M","E","R","M","T","M","E","R","M","E","R","B",null],"character_chosen":"THE_SILENT","items_purchased":["TwistedFunnel","Storm of Steel","Footwork","EntropicBrew","Noxious Fumes"],"campfire_rested":5,"item_purchase_floors":[21,21,28,28,37],"current_hp_per_floor":[69,69,67,67,53,53,28,49,49,46,46,46,36,36,57,46,64,54,54,48,48,46,36,57,56,56,56,56,56,56,56,56,45,64,40,40,40,40,40,43,70,64,74,74,66,66,65,52,80,27],"gold":160,"neow_bonus":"ONE_RARE_RELIC","is_daily":false,"chose_seed":false,"campfire_upgraded":5,"win_rate":0.0,"timestamp":1613955049,"path_taken":["M","?","M","M","?","R","E","R","T","M","R","?","E","?","R","BOSS","M","?","?","$","M","E","R","E","T","?","$","R","M","M","R","BOSS","M","?","?","?","M","E","R","M","T","M","E","R","M","E","R","BOSS"],"items_purchased_type":["Relic","Card","Card","Potion","Card"],"build_version":"2020-12-22","purchased_purges":1,"victory":true,"max_hp_per_floor":[70,70,70,70,70,70,70,70,70,70,70,70,70,70,70,70,70,70,70,70,70,70,70,70,70,70,70,70,70,70,70,70,70,70,70,70,70,70,70,70,70,70,80,80,80,80,80,80,80,80],"card_choices":[{"not_picked":["Tactician","Masterful Stab"],"picked":"Leg Sweep","floor":1.0},{"not_picked":["Terror","Catalyst"],"picked":"Backstab","floor":1.0},{"not_picked":["Sucker Punch","Slice"],"picked":"Quick Slash","floor":3.0},{"not_picked":["Endless Agony","Outmaneuver","Catalyst"],"picked":"SKIP","floor":3.0},{"not_picked":["Backflip","PiercingWail"],"picked":"Crippling Poison","floor":4.0},{"not_picked":["Dagger Spray","Concentrate","Setup"],"picked":"SKIP","floor":4.0},{"not_picked":["Cloak And Dagger","Flying Knee"],"picked":"Envenom","floor":7.0},{"not_picked":["Deadly Poison","Choke"],"picked":"Terror","floor":10.0},{"not_picked":["Acrobatics","Cloak And Dagger"],"picked":"Blur","floor":10.0},{"not_picked":["Bane","Dagger Throw"],"picked":"Bouncing Flask","floor":13.0},{"not_picked":["Malaise","Doppelganger"],"picked":"Adrenaline","floor":16.0},{"not_picked":["Cloak And Dagger+1","Deadly Poison"],"picked":"Blade Dance+1","floor":18.0},{"not_picked":["Prepared","Bane"],"picked":"Acrobatics","floor":18.0},{"not_picked":["Skewer","Deadly Poison"],"picked":"Catalyst+1","floor":20.0},{"not_picked":["Underhanded Strike","Reflex"],"picked":"PiercingWail","floor":20.0},{"not_picked":["Grand Finale","Poisoned Stab"],"picked":"Backflip+1","floor":22.0},{"not_picked":["Dagger Throw","Concentrate+1","Slice"],"picked":"SKIP","floor":22.0},{"not_picked":["Glass Knife","Crippling Poison+1"],"picked":"Well Laid Plans+1","floor":23.0},{"not_picked":["Acrobatics","Crippling Poison+1"],"picked":"Blade Dance","floor":25.0},{"not_picked":["Crippling Poison+1","Outmaneuver"],"picked":"Poisoned Stab+1","floor":30.0},{"not_picked":["All Out Attack","Deflect"],"picked":"Backflip+1","floor":30.0},{"not_picked":["Flechettes","Underhanded Strike","Dagger Throw"],"picked":"SKIP","floor":31.0},{"not_picked":["Concentrate","Sucker Punch","Well Laid Plans"],"picked":"SKIP","floor":31.0},{"not_picked":["Grand Finale","Tools of the Trade"],"picked":"Die Die Die","floor":33.0},{"not_picked":["Acrobatics+1","Escape Plan"],"picked":"Riddle With Holes+1","floor":35.0},{"not_picked":["Acrobatics+1","Masterful Stab+1","Heel Hook"],"picked":"SKIP","floor":35.0},{"not_picked":["Distraction","Bane"],"picked":"Quick Slash+1","floor":39.0},{"not_picked":["Outmaneuver+1","Setup","Noxious Fumes"],"picked":"SKIP","floor":39.0},{"not_picked":["Blade Dance","Dagger Throw+1"],"picked":"Dash","floor":40.0},{"not_picked":["Riddle With Holes+1","Underhanded Strike"],"picked":"Bullet Time","floor":42.0},{"not_picked":["Caltrops","Deflect","Cloak And Dagger"],"picked":"SKIP","floor":42.0},{"not_picked":["Dagger Throw","Underhanded Strike+1"],"picked":"Poisoned Stab+1","floor":44.0},{"not_picked":["PiercingWail","Dagger Spray+1","Backflip+1"],"picked":"SKIP","floor":44.0},{"not_picked":["Flying Knee+1","Bane"],"picked":"A Thousand Cuts+1","floor":45.0},{"not_picked":["Dagger Spray+1","Leg Sweep+1","Acrobatics"],"picked":"SKIP","floor":47.0},{"not_picked":["Endless Agony+1","Prepared","Deadly Poison"],"picked":"SKIP","floor":47.0},{"not_picked":["Calculated Gamble+1","Poisoned Stab+1","Flying Knee+1"],"picked":"SKIP","floor":48.0}],"player_experience":557266,"relics_obtained":[{"floor":7.0,"key":"Bag of Marbles"},{"floor":9.0,"key":"Meat on the Bone"},{"floor":12.0,"key":"Potion Belt"},{"floor":13.0,"key":"Anchor"},{"floor":23.0,"key":"Gambling Chip"},{"floor":25.0,"key":"Nunchaku"},{"floor":26.0,"key":"Bronze Scales"},{"floor":40.0,"key":"Regal Pillow"},{"floor":43.0,"key":"Pear"},{"floor":45.0,"key":"Frozen Egg 2"},{"floor":48.0,"key":"Happy Flower"}],"event_choices":[{"damage_healed":0.0,"max_hp_gain":0.0,"max_hp_loss":0.0,"gold_gain":0.0,"event_name":"World of Goop","player_choice":"Left Gold","floor":2.0,"gold_loss":24.0,"damage_taken":0.0},{"damage_healed":0.0,"max_hp_gain":0.0,"max_hp_loss":0.0,"gold_gain":0.0,"event_name":"Shining Light","player_choice":"Entered Light","floor":5.0,"gold_loss":0.0,"damage_taken":14.0,"cards_upgraded":["Crippling Poison","Defend_G"]},{"damage_healed":0.0,"max_hp_gain":0.0,"max_hp_loss":0.0,"gold_gain":0.0,"event_name":"Scrap Ooze","player_choice":"Fled","floor":14.0,"gold_loss":0.0,"damage_taken":0.0},{"damage_healed":0.0,"max_hp_gain":0.0,"max_hp_loss":0.0,"gold_gain":100.0,"event_name":"Golden Shrine","player_choice":"Pray","floor":19.0,"gold_loss":0.0,"damage_taken":0.0},{"damage_healed":0.0,"max_hp_gain":0.0,"max_hp_loss":0.0,"gold_gain":0.0,"event_name":"Addict","player_choice":"Obtained Relic","floor":27.0,"gold_loss":85.0,"damage_taken":0.0,"relics_obtained":["Juzu Bracelet"]},{"cards_removed":["Strike_G"],"damage_healed":0.0,"max_hp_gain":0.0,"max_hp_loss":0.0,"gold_gain":0.0,"event_name":"Purifier","player_choice":"Purged","floor":36.0,"gold_loss":0.0,"damage_taken":0.0},{"damage_healed":0.0,"max_hp_gain":0.0,"max_hp_loss":0.0,"gold_gain":0.0,"event_name":"Tomb of Lord Red Mask","player_choice":"Paid","floor":38.0,"gold_loss":116.0,"damage_taken":0.0,"relics_obtained":["Red Mask"]}],"is_beta":false,"boss_relics":[{"not_picked":["Cursed Key","Astrolabe"],"picked":"WristBlade"},{"not_picked":["Snecko Eye","Calling Bell"],"picked":"Sozu"}],"items_purged_floors":[21],"is_endless":false,"potions_floor_spawned":[1,3,7,13,18,22,25,33,42,45,47,48],"ascension_level":5}}