{"host":"117k4jqr844m944g","time":1613982920,"event":{"mods":["BaseMod","Downfall","Minty Spire (QoL Compilation)","StSLib","UnlockEverythingMod"],"gold_per_floor":[99,111,125,143,143,153,153,53,65,165,218,232,232,248,268,370,370,370,381,381,381,392,392,392,407,433,445,479,512,412,427,446,548,548,548,560,580,580,580,580,580,490,506,541,116,116,151,162,178,178],"floor_reached":51,"language":"ZHS","playtime":3478,"items_purged":["Guardian:Defend_Guardian","Guardian:Strike_Guardian"],"score":1048,"play_id":"eeae10eb-ad4f-4c49-a1f9-697ef98f3c1f","local_time":"20210222163520","is_ascension_mode":true,"campfire_choices":[{"floor":1.0,"key":"RECALL"},{"data":"Guardian:CompilePackage","floor":8.0,"key":"SMITH"},{"data":"Guardian:TemporalShield","floor":13.0,"key":"SMITH"},{"data":"Guardian:SphericShield","floor":18.0,"key":"SMITH"},{"data":"Guardian:AncientConstruct","floor":23.0,"key":"SMITH"},{"data":"Guardian:FierceBash","floor":30,"key":"SMITH"},{"data":"Guardian:Suspension","floor":35,"key":"SMITH"}],"circlet_count":0,"master_deck":["Guardian:Strike_Guardian","Guardian:Defend_Guardian","Guardian:Defend_Guardian","Guardian:CurlUp+1","Guardian:TwinSlam","Guardian:Recover","Guardian:Planning","Guardian:CompilePackage+1","Guardian:CompilePackage+1","Guardian:AncientConstruct+1","Guardian:TemporalShield+1","Guardian:ChargeUp","Guardian:Suspension+1","Guardian:SphericShield+1","Guardian:FierceBash+1","Guardian:Repulse","Guardian:ConstructionForm","Guardian:TemporalShield+1","Guardian:WalkerClaw+1","CurseOfTheBell","CurseOfTheBell","Decay","Guardian:FierceBash"],"relics":["Guardian:ModeShifter","Pantograph","downfall:HeartBlessingRed","Toy Ornithopter","Snecko Eye","Ornamental Fan","Lizard Tail","Sundial","Shuriken","Red Mask","downfall:HeartBlessingGreen","Coffee Dripper","Singing Bowl","Dead Branch","downfall:ExtraCursedBell","Smiling Mask","Mummified Hand","Bird Faced Urn","PreservedInsect"],"acts_visited":["TheCity","TheBeyond"],"potions_floor_usage":[29,29,33,33,50,50,50],"damage_taken":[{"damage":4.0,"enemies":"Jaw Worm","floor":2.0,"turns":5.0},{"damage":0.0,"enemies":"Cultist","floor":3.0,"turns":4.0},{"damage":0.0,"enemies":"Small Slimes","floor":4.0,"turns":3.0},{"damage":3.0,"enemies":"Blue Slaver","floor":6.0,"turns":4.0},{"damage":5.0,"enemies":"Red Slaver","floor":9.0,"turns":2.0},{"damage":2.0,"enemies":"downfall:Heads","floor":10.0,"turns":3.0},{"damage":2.0,"enemies":"downfall:LooterAlt","floor":12.0,"turns":3.0},{"damage":0.0,"enemies":"Exordium Wildlife","floor":14.0,"turns":4.0},{"damage":6.0,"enemies":"2 Fungi Beasts","floor":15.0,"turns":2.0},{"damage":22.0,"enemies":"WA_ARCHETYPE_RETAIN","floor":16.0,"turns":9.0},{"damage":5.0,"enemies":"downfall:LooterAlt2","floor":19.0,"turns":4.0},{"damage":11.0,"enemies":"Shell Parasite","floor":22.0,"turns":6.0},{"damage":0.0,"enemies":"Chosen and Byrds","floor":25.0,"turns":5.0},{"damage":20.0,"enemies":"Book of Stabbing","floor":26.0,"turns":6.0},{"damage":4.0,"enemies":"Cultist and Chosen","floor":27.0,"turns":6.0},{"damage":0.0,"enemies":"Slavers","floor":28.0,"turns":5.0},{"damage":17,"enemies":"Masked Bandits","floor":29,"turns":5},{"damage":10,"enemies":"Centurion and Healer","floor":31,"turns":6},{"damage":0,"enemies":"Shelled Parasite and Fungi","floor":32,"turns":5},{"damage":7,"enemies":"SI_MIRROR_ARCHETYPE","floor":33,"turns":9},{"damage":0,"enemies":"Orb Walker","floor":36,"turns":6},{"damage":0,"enemies":"3 Darklings","floor":37,"turns":4},{"damage":0,"enemies":"downfall:FleeingMerchant","floor":42,"turns":4},{"damage":9,"enemies":"Writhing Mass","floor":43,"turns":5},{"damage":0,"enemies":"Reptomancer","floor":44,"turns":4},{"damage":0,"enemies":"downfall:FleeingMerchant","floor":45,"turns":4},{"damage":0,"enemies":"Nemesis","floor":47,"turns":7},{"damage":0,"enemies":"Sphere and 2 Shapes","floor":48,"turns":4},{"damage":0,"enemies":"Maw","floor":49,"turns":4},{"damage":0,"enemies":"DF_ARCHETYPE_ORBS","floor":50,"turns":4}],"seed_played":"2713700316388321124","potions_obtained":[{"floor":4.0,"key":"AttackPotion"},{"floor":9.0,"key":"Fire Potion"},{"floor":12.0,"key":"ColorlessPotion"},{"floor":16.0,"key":"Strength Potion"},{"floor":20.0,"key":"CultistPotion"},{"floor":28.0,"key":"bronze:BurnAndBuffPotion"},{"floor":29,"key":"SkillPotion"},{"floor":32,"key":"Slimebound:ThreeZeroPotion"},{"floor":36,"key":"DuplicationPotion"},{"floor":47,"key":"GamblersBrew"}],"is_trial":false,"path_per_floor":["R","M","M","M","?","M","T","R","M","?","T","M","R","M","M","B",null,"R","M","?","T","M","R","T","M","E","M","E","?","R","M","M","B",null,"R","M","M","?","?","?","T","$","M","E","$","?","E","M","M","B",null],"character_chosen":"GUARDIAN","items_purchased":["Dead Branch"],"campfire_rested":0,"item_purchase_floors":[45],"current_hp_per_floor":[80,76,76,76,76,73,73,73,68,66,66,64,64,64,58,58,75,75,70,70,70,59,59,59,59,39,35,40,33,33,23,23,51,73,73,73,73,73,73,73,73,73,64,64,66,66,84,86,88,88],"gold":178,"neow_bonus":"UPGRADE_CARD","is_daily":false,"chose_seed":false,"campfire_upgraded":6,"win_rate":0.0,"timestamp":1613982920,"path_taken":["R","M","M","M","?","M","T","R","?","?","?","M","R","?","M","BOSS","R","M","?","?","M","R","T","M","E","M","E","?","R","M","M","BOSS","R","M","M","?","?","?","T","$","M","E","?","?","E","M","M","BOSS"],"items_purchased_type":["Relic"],"build_version":"2020-12-22","purchased_purges":2,"victory":true,"max_hp_per_floor":[80,80,80,80,80,80,80,80,80,80,80,80,80,80,80,80,80,80,80,80,80,80,80,80,80,80,80,80,80,80,80,80,80,80,80,80,80,80,80,80,80,80,80,80,82,82,84,86,88,88],"card_choices":[{"not_picked":["Guardian:Gem_Yellow","Guardian:TemporalShield"],"picked":"Guardian:Recover","floor":2.0},{"not_picked":["Guardian:Recover","Guardian:RollAttack"],"picked":"Guardian:Planning","floor":3.0},{"not_picked":["Guardian:ShieldCharger","Guardian:Orbwalk"],"picked":"Guardian:CompilePackage","floor":4.0},{"not_picked":["Guardian:Reroute","Guardian:VentSteam"],"picked":"Guardian:Orbwalk","floor":6.0},{"not_picked":["Guardian:Gem_Lightblue","Guardian:PrimingBeam"],"picked":"Guardian:Gem_White","floor":9.0},{"not_picked":["Guardian:PiercingHide","Guardian:TemporalStrike"],"picked":"Guardian:TemporalShield","floor":10.0},{"not_picked":["Guardian:PiercingHide","Guardian:Gem_Cyan"],"picked":"Guardian:ChargeUp","floor":12.0},{"not_picked":["Guardian:Gem_Green","Guardian:Gem_Red"],"picked":"Guardian:Suspension","floor":14.0},{"not_picked":["Guardian:PrimingBeam","Guardian:TemporalStrike","Guardian:DecasProtection"],"picked":"SKIP","floor":15.0},{"not_picked":["Guardian:CompilePackage","Guardian:GemFire"],"picked":"Guardian:SphericShield","floor":16.0},{"not_picked":["Guardian:ChargeCore+1","Guardian:BronzeArmor","Guardian:TemporalShield"],"picked":"SKIP","floor":19.0},{"not_picked":["Guardian:RollAttack+1","Guardian:Gem_Green"],"picked":"Guardian:Gem_White","floor":22.0},{"not_picked":["Guardian:Recover","Guardian:Reroute","Guardian:Gem_Lightblue"],"picked":"SKIP","floor":25.0},{"not_picked":["Guardian:TemporalStrike","Guardian:Incinerate"],"picked":"Guardian:FierceBash","floor":26.0},{"not_picked":["Guardian:ChargeCore","Guardian:PiercingHide","Guardian:PrimingBeam+1"],"picked":"SKIP","floor":27.0},{"not_picked":["Guardian:Planning","Guardian:Reroute"],"picked":"Guardian:Repulse","floor":28.0},{"not_picked":["Guardian:Harden","Guardian:CrystalBeam"],"picked":"Guardian:Gem_Orange","floor":29},{"not_picked":["Guardian:Reroute","Guardian:PolyBeam","Guardian:Gem_Crimson"],"picked":"SKIP","floor":31},{"not_picked":["Guardian:Planning+1","Guardian:PrismaticBeam","Guardian:CrystalBeam"],"picked":"SKIP","floor":32},{"not_picked":["Guardian:GemFire","Guardian:Gem_Synthetic"],"picked":"Guardian:ConstructionForm","floor":33},{"not_picked":["Guardian:PrimingBeam+1","Guardian:Gem_Red","Guardian:Suspension+1"],"picked":"SKIP","floor":36},{"not_picked":["Guardian:Incinerate+1","Guardian:Harden+1","Guardian:VentSteam"],"picked":"SKIP","floor":37},{"not_picked":["Guardian:RefractedBeam","Guardian:Clone+1","Guardian:CrystalBeam"],"picked":"SKIP","floor":42},{"not_picked":["Guardian:RefractedBeam+1","Guardian:Gem_Lightblue"],"picked":"Guardian:TemporalShield+1","floor":43},{"not_picked":["Guardian:Gem_Fragmented","Guardian:Gem_Purple"],"picked":"Guardian:WalkerClaw+1","floor":44},{"not_picked":["Guardian:Gem_Lightblue","Guardian:Gem_Synthetic","Guardian:BronzeOrb"],"picked":"Singing Bowl","floor":45},{"not_picked":["Guardian:Recover","Guardian:FloatingOrbs+1","Guardian:Gem_Lightblue"],"picked":"Singing Bowl","floor":47},{"not_picked":["Guardian:EvasiveProtocol+1","Guardian:Suspension+1","Guardian:TemporalStrike"],"picked":"Singing Bowl","floor":48},{"not_picked":["Guardian:Gem_Green","Guardian:BronzeOrb+1","Guardian:PrimingBeam"],"picked":"Singing Bowl","floor":49}],"player_experience":106534,"relics_obtained":[{"floor":7.0,"key":"Pantograph"},{"floor":11.0,"key":"Toy Ornithopter"},{"floor":21.0,"key":"Ornamental Fan"},{"floor":24.0,"key":"Lizard Tail"},{"floor":26.0,"key":"Sundial"},{"floor":28.0,"key":"Shuriken"},{"floor":29,"key":"Red Mask"},{"floor":44,"key":"Singing Bowl"},{"floor":46,"key":"Smiling Mask"},{"floor":46,"key":"Mummified Hand"},{"floor":46,"key":"Bird Faced Urn"},{"floor":47,"key":"PreservedInsect"}],"event_choices":[{"damage_healed":0,"gold_gain":0,"player_choice":"Fought Bandits","damage_taken":0,"max_hp_gain":0,"max_hp_loss":0,"event_name":"Masked Bandits","floor":29,"gold_loss":0},{"cards_removed":["Guardian:Orbwalk"],"damage_healed":0,"gold_gain":0,"player_choice":"Removed Power","damage_taken":0,"max_hp_gain":0,"max_hp_loss":0,"event_name":"Falling","floor":38,"gold_loss":0}],"is_beta":false,"boss_relics":[{"not_picked":["Tiny House","expansioncontent:StudyCardRelic"],"picked":"Snecko Eye"},{"not_picked":["Busted Crown","Fusion Hammer"],"picked":"Coffee Dripper"}],"items_purged_floors":[42,45],"is_endless":false,"potions_floor_spawned":[4,9,12,16,19,22,28,29,32,36,47,48,49],"ascension_level":5}}