{"host":"pgm1p3lvdjflie30","time":1613998747,"event":{"mods":["ATMod(ªü½@Mod)","Act Like it!","Aspiration","BaseMod","Colored Map","Colored Powertips","Conspire","Downfall","Energized Spire","Gensokyo","Hermit","HornydragonMod","Minty Spire (QoL Compilation)","Quarter Circle Forward PUNCH!","Reliquary","Robot Space Explorer","Spicy Shops","StSLib","The Jungle","The Marked","Waifu the Spire","¡i?ª«¥dµP¡jREMEMod"],"gold_per_floor":[0,18,35,49,49,2949,2974,2874,2874,2874,2971,2971,2971,2990,3002,2852,2872,2883,2883,2078,2098,2115,2146,2144,2144,2144,2171,2020,2020,2020,2020],"floor_reached":32,"language":"ZHS","playtime":641,"items_purged":["Slimebound:Defend_Slimebound","Slimebound:Defend_Slimebound"],"score":1398,"play_id":"f613c958-c698-4c4b-aaee-56231bb1267a","local_time":"20210222205907","is_ascension_mode":false,"campfire_choices":[{"floor":1.0,"key":"RECALL"},{"data":"RobotSpaceExplorer:Autoloader","floor":6.0,"key":"SMITH"},{"data":"AT_EssenceShift","floor":8.0,"key":"SMITH"},{"data":"Slimebound:SplitLeeching","floor":10.0,"key":"SMITH"},{"data":"Slimebound:OneTwoCombo","floor":13.0,"key":"SMITH"},{"data":"REME_Flogging","floor":24.0,"key":"SMITH"},{"data":"Blind","floor":29.0,"key":"SMITH"}],"circlet_count":0,"master_deck":["Slimebound:Strike_Slimebound","Slimebound:Strike_Slimebound","Slimebound:Strike_Slimebound","Slimebound:Tackle","Slimebound:Defend_Slimebound","Slimebound:Split","Slimebound:CorrosiveSpit","RobotSpaceExplorer:Autoloader+1","AT_EssenceShift+1","Slimebound:SlimeBarrage","Slimebound:SplitLeeching+1","Slimebound:PressTheAttack","Slimebound:OneTwoCombo+1","Blind+1","Apotheosis","REME_PuzzleBox","REME_Flogging+1","AT_LightSaberMaster","Slimebound:Repurpose","HandOfGreed","Apotheosis","REME_TwoStrings","Slimebound:MassRepurpose","REME_HeartOfCthun","Master of Strategy","Flash of Steel+1","Dark Shackles+1","AT_Homeward+1","Chrysalis","REME_PuzzleBox"],"relics":["Slimebound:AbsorbEndCombat","AT_ATBox","REME_ComplimentaryCards","downfall:HeartBlessingRed","downfall:HeartBlessingBlue","qcfpunch:Red_Beret","REME_LowDesire","AT_SpeedBoots","reliquary:Spinner","reliquary:Boomerang","AT_GuinsooRageblade","Bottled Flame","reliquary:FingerTrap","Prayer Wheel","Membership Card","qcfpunch:Wrestler\u0027s_Cloak","Mercury Hourglass","downfall:HeartBlessingGreen","Slimebound:TarBlob","qcfpunch:Not_Strongest_Fighting_Style_Guidebook","Lee\u0027s Waffle","Orrery"],"acts_visited":["Exordium","TheCity","TheBeyond","TheEnding"],"potions_floor_usage":[],"damage_taken":[{"damage":5.0,"enemies":"Small Slimes","floor":2.0,"turns":4.0},{"damage":0.0,"enemies":"Jaw Worm","floor":3.0,"turns":1.0},{"damage":0.0,"enemies":"Cultist","floor":4.0,"turns":1.0},{"damage":0.0,"enemies":"SI_SHIV_ARCHETYPE","floor":11.0,"turns":1.0},{"damage":0.0,"enemies":"conspire:FuzzyDice","floor":14.0,"turns":1.0},{"damage":0.0,"enemies":"3 Byrds","floor":15.0,"turns":1.0},{"damage":0.0,"enemies":"Cultist and Chosen","floor":17.0,"turns":1.0},{"damage":0.0,"enemies":"conspire:HollyBat","floor":18.0,"turns":3.0},{"damage":0.0,"enemies":"downfall:FleeingMerchant","floor":20.0,"turns":1.0},{"damage":0.0,"enemies":"3 Cultists","floor":21.0,"turns":1.0},{"damage":0.0,"enemies":"Centurion and Healer","floor":22.0,"turns":1.0},{"damage":0.0,"enemies":"REME_1_Revenger","floor":23.0,"turns":1.0},{"damage":0.0,"enemies":"DF_ARCHETYPE_CLAW","floor":24.0,"turns":1.0},{"damage":0.0,"enemies":"IC_BLOCK_ARCHETYPE","floor":25.0,"turns":1.0},{"damage":0.0,"enemies":"downfall:CharBossMerchant","floor":27.0,"turns":1.0},{"damage":0,"enemies":"downfall:NeowBoss","floor":30,"turns":3},{"damage":0,"enemies":"downfall:NeowBossFinal","floor":31,"turns":2}],"seed_played":"-2432200248314158585","potions_obtained":[{"floor":4.0,"key":"AttackPotion"},{"floor":15.0,"key":"SkillPotion"},{"floor":17.0,"key":"Energy Potion"}],"is_trial":false,"path_per_floor":["R","M","M","M","?","R","T","R","?","R","?",null,"R","M","M","?","M","M","T","$","M","M","E","R",null,null,"E","$","R","B","B",null],"character_chosen":"SLIMEBOUND","items_purchased":["AT_GuinsooRageblade","Bottled Flame","reliquary:FingerTrap","Prayer Wheel","Membership Card","qcfpunch:Wrestler\u0027s_Cloak","Lee\u0027s Waffle","Orrery"],"campfire_rested":0,"item_purchase_floors":[20,20,20,20,20,20,28,28],"current_hp_per_floor":[77,72,72,72,72,72,72,82,82,82,75,87,87,87,87,97,97,97,97,97,97,97,97,97,97,97,97,104,104,104,104],"gold":2020,"neow_bonus":"TWENTY_PERCENT_HP_BONUS","is_daily":false,"chose_seed":false,"campfire_upgraded":6,"win_rate":0.0,"timestamp":1613998747,"path_taken":["R","M","M","M","?","R","T","R","?","R","?","BOSS","R","M","M","?","M","M","T","$","M","M","E","R","BOSS","BOSS","E","$","R","BOSS","BOSS"],"items_purchased_type":["Relic","Relic","Relic","Relic","Relic","Relic","Relic","Relic"],"build_version":"2020-12-22","purchased_purges":2,"victory":true,"max_hp_per_floor":[77,77,77,77,77,77,77,87,87,87,87,87,87,87,87,97,97,97,97,97,97,97,97,97,97,97,97,104,104,104,104],"card_choices":[{"not_picked":["Slimebound:LivingWall","Slimebound:Grow"],"picked":"Slimebound:SlimeBarrage","floor":2.0},{"not_picked":["Slimebound:ItLooksTasty","Slimebound:Gluttony"],"picked":"Slimebound:SplitLeeching","floor":3.0},{"not_picked":["Slimebound:SplitLeeching","Slimebound:DivideAndConquer"],"picked":"Slimebound:PressTheAttack","floor":4.0},{"not_picked":["Slimebound:RallyTheTroops","Slimebound:OozeBath"],"picked":"Slimebound:OneTwoCombo","floor":11.0},{"not_picked":["Slimebound:LivingWall","Slimebound:DivideAndConquer","Slimebound:PrepareCrush"],"picked":"Blind","floor":14.0},{"not_picked":["Slimebound:Replication","Slimebound:GrowthPunch","Slimebound:HauntingLick"],"picked":"Apotheosis","floor":15.0},{"not_picked":["Slimebound:RollThrough","Slimebound:LeadByExample","Slimebound:SpikyOuterGoop"],"picked":"REME_PuzzleBox","floor":17.0},{"not_picked":["Slimebound:SplitMire+1","Slimebound:RainOfGoop","Slimebound:Schlurp"],"picked":"REME_Flogging","floor":18.0},{"not_picked":["Slimebound:Gluttony+1","Slimebound:GoopTackle+1","Slimebound:SplitAcid"],"picked":"AT_LightSaberMaster","floor":20.0},{"not_picked":["Slimebound:GoopSpray","Slimebound:ProtectTheBoss","Impatience"],"picked":"Slimebound:Repurpose","floor":21.0},{"not_picked":["Slimebound:RollThrough+1","Slimebound:GoopTackle","Slimebound:LeechingTouch"],"picked":"HandOfGreed","floor":21.0},{"not_picked":["Slimebound:TongueLash","Slimebound:SplitLeeching","Slimebound:RainOfGoop"],"picked":"Apotheosis","floor":22.0},{"not_picked":["Slimebound:LeechEnergy","Slimebound:PressTheAttack","Slimebound:LivingWall+1"],"picked":"REME_TwoStrings","floor":22.0},{"not_picked":["Slimebound:Dissolve","Slimebound:Nibble+1","Impatience"],"picked":"Slimebound:MassRepurpose","floor":23.0},{"not_picked":["Slimebound:OneTwoCombo","Slimebound:PrepareCrush","Slimebound:CheckThePlaybook"],"picked":"REME_HeartOfCthun","floor":24.0},{"not_picked":["Slimebound:SamplingLick+1","Slimebound:SlimeTap","Slimebound:SpikyOuterGoop"],"picked":"Master of Strategy","floor":27.0},{"not_picked":["Slimebound:SplitMire+1","Slimebound:BestDefense","Slimebound:SamplingLick+1"],"picked":"Flash of Steel+1","floor":28.0},{"not_picked":["Slimebound:SplitLeeching","Slimebound:LeechEnergy+1","Slimebound:FinishingTackle"],"picked":"Dark Shackles+1","floor":28.0},{"not_picked":["Slimebound:FinishingTackle+1","Slimebound:ProtectTheBoss+1","Slimebound:RainOfGoop"],"picked":"AT_Homeward+1","floor":28.0},{"not_picked":["Slimebound:SplitSpecialist","Slimebound:LeechLife","Slimebound:MegaLick"],"picked":"Chrysalis","floor":28.0},{"not_picked":["Slimebound:SlimeSpikes+1","Slimebound:ProtectTheBoss","Slimebound:MegaLick+1"],"picked":"REME_PuzzleBox","floor":28.0}],"player_experience":482757,"relics_obtained":[{"floor":12.0,"key":"AT_SpeedBoots"},{"floor":12.0,"key":"reliquary:Spinner"},{"floor":19.0,"key":"reliquary:Boomerang"},{"floor":23.0,"key":"Mercury Hourglass"},{"floor":27.0,"key":"qcfpunch:Not_Strongest_Fighting_Style_Guidebook"}],"event_choices":[{"cards_removed":["Slimebound:Defend_Slimebound"],"damage_healed":0.0,"max_hp_gain":0.0,"max_hp_loss":0.0,"gold_gain":0.0,"event_name":"The Cleric","player_choice":"Card Removal","floor":5.0,"gold_loss":0.0,"damage_taken":0.0},{"damage_healed":0.0,"max_hp_gain":0.0,"max_hp_loss":0.0,"gold_gain":0.0,"event_name":"Scrap Ooze","player_choice":"Success","floor":11.0,"gold_loss":0.0,"damage_taken":7.0,"relics_obtained":["qcfpunch:Red_Beret"]}],"is_beta":false,"boss_relics":[{"not_picked":["SacredBark","energizedSpire:SpiderWeb"],"picked":"REME_LowDesire"},{"not_picked":["reliquary:KinkedSpring","aspiration:DefectSkillbook"],"picked":"Slimebound:TarBlob"}],"items_purged_floors":[20,20],"is_endless":false,"potions_floor_spawned":[4,15,17,23],"ascension_level":0}}