{"host":"f5gffvlv6a66yqkd","time":1613974863,"event":{"mods":["2.2 Compatiblity","BaseMod","Colored Map","Custom Start","DeckTracker","Keyboard Shortcuts","Minty Spire (QoL Compilation)","Permanent Neow","Quick Restart","Relic Stats","StSLib","SuperFastMode"],"gold_per_floor":[111,111,111,111,186,222,2,2,2,46,10,10,30,30,30,123,123,136,226,251,3,3,3,18,18,67,85,85,110,154,167,167,167,167],"floor_reached":33,"language":"KOR","playtime":640,"items_purged":[],"score":642,"play_id":"45d52ecc-04bc-4578-8538-a2f6c23bd12b","local_time":"20210222152103","is_ascension_mode":true,"campfire_choices":[{"data":"Fission","floor":8.0,"key":"SMITH"},{"data":"Zap","floor":12.0,"key":"SMITH"},{"data":"Defragment","floor":15.0,"key":"SMITH"},{"data":"Electrodynamics","floor":23.0,"key":"SMITH"},{"data":"Thunder Strike","floor":25.0,"key":"SMITH"},{"data":"Heatsinks","floor":28.0,"key":"SMITH"},{"floor":32,"key":"REST"}],"circlet_count":0,"master_deck":["AscendersBane","Strike_B","Strike_B","Strike_B","Defend_B","Defend_B","Defend_B","Defend_B","Zap+1","Dualcast","Rebound","Injury","Fission+1","Melter","Gash","Ball Lightning","Lockon","Defragment+1","Electrodynamics+1","Reinforced Body","White Noise","Heatsinks+1","Thunder Strike+1","Turbo","Hologram+1","Glacier","Coolheaded"],"relics":["Cracked Core","NeowsBlessing","Golden Idol","TungstenRod","OrangePellets","Bird Faced Urn","PreservedInsect","Runic Dome","Lee\u0027s Waffle","Peace Pipe"],"acts_visited":["Exordium","TheCity"],"potions_floor_usage":[30,30,30,30,30,33],"damage_taken":[{"damage":0.0,"enemies":"Jaw Worm","floor":1.0,"turns":1.0},{"damage":0.0,"enemies":"3 Sentries","floor":6.0,"turns":1.0},{"damage":0.0,"enemies":"Gremlin Nob","floor":10.0,"turns":1.0},{"damage":0.0,"enemies":"Small Slimes","floor":13.0,"turns":1.0},{"damage":45.0,"enemies":"The Guardian","floor":16.0,"turns":11.0},{"damage":25.0,"enemies":"2 Thieves","floor":18.0,"turns":3.0},{"damage":7.0,"enemies":"3 Byrds","floor":20.0,"turns":3.0},{"damage":2.0,"enemies":"Snake Plant","floor":24.0,"turns":3.0},{"damage":37.0,"enemies":"Centurion and Healer","floor":27.0,"turns":5.0},{"damage":37,"enemies":"Cultist and Chosen","floor":29,"turns":5},{"damage":18,"enemies":"Book of Stabbing","floor":30,"turns":4},{"damage":0,"enemies":"Sentry and Sphere","floor":31,"turns":2},{"damage":88,"enemies":"Collector","floor":33,"turns":8}],"seed_played":"1480490054660394990","potions_obtained":[{"floor":6.0,"key":"EntropicBrew"},{"floor":10.0,"key":"Weak Potion"},{"floor":27.0,"key":"Swift Potion"},{"floor":29,"key":"Energy Potion"}],"is_trial":false,"path_per_floor":["M","?","?","?","?","E","$","R","T","E","$","R","M","?","R","B",null,"M","?","M","$","?","R","M","R","T","M","R","M","E","M","R","B"],"character_chosen":"DEFECT","items_purchased":["OrangePellets","Gash","Lockon","Lee\u0027s Waffle","Heatsinks"],"campfire_rested":1,"item_purchase_floors":[7,7,11,21,21],"current_hp_per_floor":[64,64,64,64,53,53,53,53,53,53,53,53,53,58,58,15,61,40,30,27,83,83,83,81,81,81,52,52,23,11,19,43,0,0],"gold":167,"neow_bonus":"THREE_ENEMY_KILL","is_daily":false,"chose_seed":false,"campfire_upgraded":6,"win_rate":0.0,"timestamp":1613974863,"path_taken":["M","?","?","?","?","E","$","R","T","E","$","R","M","?","R","BOSS","M","?","?","$","?","R","M","R","T","M","R","M","E","?","R","BOSS"],"items_purchased_type":["Relic","Card","Card","Relic","Card"],"build_version":"2020-12-22","purchased_purges":0,"victory":false,"max_hp_per_floor":[71,71,71,71,71,71,71,71,71,71,71,71,71,76,76,76,76,76,76,76,83,83,83,83,83,83,83,83,83,83,83,83,83,83],"relic_stats":{"Peace Pipe":1,"OrangePellets":[4],"Lee\u0027s Waffle":56,"counters":[13,48],"Golden Idol":71,"Bird Faced Urn":[48],"PreservedInsect":43,"obtain_stats":[{"Peace Pipe":30,"OrangePellets":7,"Runic Dome":17,"Lee\u0027s Waffle":21,"NeowsBlessing":0,"Golden Idol":2,"Bird Faced Urn":9,"PreservedInsect":10,"Cracked Core":0,"TungstenRod":6},{"Peace Pipe":11,"OrangePellets":2,"Runic Dome":5,"Lee\u0027s Waffle":7,"NeowsBlessing":0,"Golden Idol":1,"Bird Faced Urn":2,"PreservedInsect":3,"Cracked Core":0,"TungstenRod":2},{"Peace Pipe":38,"OrangePellets":2,"Runic Dome":15,"Lee\u0027s Waffle":21,"NeowsBlessing":0,"Golden Idol":1,"Bird Faced Urn":2,"PreservedInsect":3,"Cracked Core":0,"TungstenRod":2}],"TungstenRod":42},"card_choices":[{"not_picked":["Conserve Battery","Leap"],"picked":"Rebound","floor":1.0},{"not_picked":["Turbo","Steam"],"picked":"Melter","floor":6.0},{"not_picked":["Beam Cell","Machine Learning"],"picked":"Ball Lightning","floor":10.0},{"not_picked":["Doom and Gloom","Reinforced Body"],"picked":"Defragment","floor":13.0},{"not_picked":["Creative AI","Rainbow"],"picked":"Electrodynamics","floor":16.0},{"not_picked":["Darkness","Redo"],"picked":"Reinforced Body","floor":18.0},{"not_picked":["Compile Driver","Recycle"],"picked":"White Noise","floor":20.0},{"not_picked":["Chaos","Ball Lightning","Sunder"],"picked":"SKIP","floor":24.0},{"not_picked":["Darkness","Undo+1"],"picked":"Turbo","floor":27.0},{"not_picked":["Compile Driver","FTL"],"picked":"Hologram+1","floor":29},{"not_picked":["Reinforced Body+1","Compile Driver"],"picked":"Glacier","floor":30},{"not_picked":["Glacier","Compile Driver"],"picked":"Coolheaded","floor":31}],"player_experience":1543991,"relics_obtained":[{"floor":6.0,"key":"TungstenRod"},{"floor":9.0,"key":"Bird Faced Urn"},{"floor":10.0,"key":"PreservedInsect"},{"floor":30,"key":"Peace Pipe"}],"event_choices":[{"damage_healed":0.0,"max_hp_gain":0.0,"max_hp_loss":0.0,"gold_gain":0.0,"event_name":"Golden Idol","player_choice":"Take Wound","floor":2.0,"gold_loss":0.0,"damage_taken":0.0,"relics_obtained":["Golden Idol"],"cards_obtained":["Injury"]},{"damage_healed":0.0,"max_hp_gain":0.0,"max_hp_loss":0.0,"gold_gain":0.0,"event_name":"Scrap Ooze","player_choice":"Fled","floor":3.0,"gold_loss":0.0,"damage_taken":0.0},{"damage_healed":0.0,"max_hp_gain":0.0,"max_hp_loss":0.0,"gold_gain":0.0,"cards_transformed":["Strike_B"],"event_name":"Living Wall","player_choice":"Change","floor":4.0,"gold_loss":0.0,"damage_taken":0.0,"cards_obtained":["Fission"]},{"damage_healed":0.0,"max_hp_gain":0.0,"max_hp_loss":0.0,"gold_gain":75.0,"event_name":"World of Goop","player_choice":"Gather Gold","floor":5.0,"gold_loss":0.0,"damage_taken":11.0},{"damage_healed":0.0,"max_hp_gain":5.0,"max_hp_loss":0.0,"gold_gain":0.0,"event_name":"Big Fish","player_choice":"Donut","floor":14.0,"gold_loss":0.0,"damage_taken":0.0},{"damage_healed":0.0,"max_hp_gain":0.0,"max_hp_loss":0.0,"gold_gain":90.0,"event_name":"Knowing Skull","player_choice":"GOLD ","floor":19.0,"potions_obtained":[],"gold_loss":0.0,"damage_taken":12.0,"cards_obtained":[]},{"damage_healed":0.0,"max_hp_gain":0.0,"max_hp_loss":0.0,"gold_gain":0.0,"event_name":"Match and Keep!","player_choice":"1 cards matched","floor":22.0,"gold_loss":0.0,"damage_taken":0.0,"cards_obtained":["Thunder Strike"]}],"is_beta":false,"boss_relics":[{"not_picked":["SacredBark","Tiny House"],"picked":"Runic Dome"}],"items_purged_floors":[],"is_endless":false,"potions_floor_spawned":[6,10,16,18,20,27,29],"killed_by":"Collector","ascension_level":20}}