{"host":"kh6fvhxn285ncg0o","time":1613966483,"event":{"mods":["Act Like it!","BaseMod","Colored Map","Friendly Minions","Keyboard Shortcuts","Minty Spire (QoL Compilation)","Quick Restart","Relic Stats","StSLib","SuperFastMode","UnlockEverythingMod"],"gold_per_floor":[112,112,127,144,144,171,171,199,223,235,264,274,274,291,291,362,362,376,391,5,24,35,63,63,113,113,113,138,157,173,198,198,271,271,285,285,336,114,124,124,149,169,218,232,232,260,272,307,319,331,343,355,367,79,110,110],"floor_reached":57,"language":"KOR","playtime":2121,"items_purged":["Pain","Strike_R","Strike_R"],"score":3298,"play_id":"2c8a4cd9-68e8-4b86-aa5b-a3745f80a888","local_time":"20210222130123","is_ascension_mode":true,"campfire_choices":[{"floor":7.0,"key":"REST"},{"floor":13.0,"key":"REST"},{"data":"Flame Barrier","floor":15.0,"key":"SMITH"},{"data":"Fiend Fire","floor":24.0,"key":"SMITH"},{"floor":27.0,"key":"REST"},{"data":"Rage","floor":32.0,"key":"SMITH"},{"floor":40.0,"key":"DIG"},{"floor":49,"key":"RECALL"},{"floor":53,"key":"DIG"}],"circlet_count":0,"master_deck":["AscendersBane","Strike_R","Strike_R","Strike_R","Defend_R","Defend_R","Defend_R+1","Bash","Rampage","Rage+1","Offering+1","Blood for Blood","Flame Barrier+1","Fiend Fire+1","Disarm","Whirlwind","Shrug It Off+1","Juggernaut","Body Slam+1","Battle Trance","Deep Breath","Dark Embrace","True Grit"],"relics":["SacredBark","WarpedTongs","Akabeko","Art of War","Smiling Mask","War Paint","Runic Pyramid","Calipers","Du-Vu Doll","Thread and Needle","FossilizedHelix","HornCleat","Busted Crown","Shovel","Frozen Eye","Pen Nib","Sundial","Pantograph","MawBank","Letter Opener","Anchor"],"acts_visited":["Exordium","TheCity","TheBeyond","TheEnding"],"potions_floor_usage":[48,55,56,56],"damage_taken":[{"damage":7.0,"enemies":"Jaw Worm","floor":1.0,"turns":3.0},{"damage":4.0,"enemies":"Cultist","floor":3.0,"turns":4.0},{"damage":3.0,"enemies":"Small Slimes","floor":4.0,"turns":3.0},{"damage":30.0,"enemies":"Gremlin Nob","floor":6.0,"turns":4.0},{"damage":9.0,"enemies":"Lagavulin","floor":8.0,"turns":5.0},{"damage":2.0,"enemies":"Blue Slaver","floor":10.0,"turns":2.0},{"damage":16.0,"enemies":"3 Sentries","floor":11.0,"turns":5.0},{"damage":7.0,"enemies":"Large Slime","floor":12.0,"turns":7.0},{"damage":3.0,"enemies":"Exordium Wildlife","floor":14.0,"turns":4.0},{"damage":19.0,"enemies":"The Guardian","floor":16.0,"turns":10.0},{"damage":18.0,"enemies":"Shell Parasite","floor":18.0,"turns":4.0},{"damage":29.0,"enemies":"2 Thieves","floor":19.0,"turns":5.0},{"damage":0.0,"enemies":"Snake Plant","floor":21.0,"turns":2.0},{"damage":1.0,"enemies":"Centurion and Healer","floor":22.0,"turns":6.0},{"damage":6.0,"enemies":"Slavers","floor":23.0,"turns":1.0},{"damage":2.0,"enemies":"Book of Stabbing","floor":28.0,"turns":3.0},{"damage":0.0,"enemies":"Chosen and Byrds","floor":29.0,"turns":5.0},{"damage":0.0,"enemies":"Shelled Parasite and Fungi","floor":30.0,"turns":2.0},{"damage":8.0,"enemies":"Slavers","floor":31.0,"turns":6.0},{"damage":34.0,"enemies":"Collector","floor":33.0,"turns":12.0},{"damage":0.0,"enemies":"Orb Walker","floor":35.0,"turns":4.0},{"damage":6.0,"enemies":"2 Orb Walkers","floor":37.0,"turns":3.0},{"damage":0.0,"enemies":"3 Darklings","floor":39.0,"turns":2.0},{"damage":0.0,"enemies":"Reptomancer","floor":41.0,"turns":5.0},{"damage":0.0,"enemies":"Transient","floor":42.0,"turns":6.0},{"damage":0,"enemies":"Writhing Mass","floor":44,"turns":2},{"damage":0,"enemies":"Giant Head","floor":46,"turns":4},{"damage":0,"enemies":"Sphere and 2 Shapes","floor":47,"turns":2},{"damage":0,"enemies":"Nemesis","floor":48,"turns":1},{"damage":13,"enemies":"Donu and Deca","floor":50,"turns":10},{"damage":11,"enemies":"Awakened One","floor":51,"turns":10},{"damage":22,"enemies":"Shield and Spear","floor":55,"turns":5},{"damage":0,"enemies":"The Heart","floor":56,"turns":8}],"seed_played":"-5955912050847453793","potions_obtained":[{"floor":1.0,"key":"BlessingOfTheForge"},{"floor":3.0,"key":"Explosive Potion"},{"floor":6.0,"key":"CultistPotion"},{"floor":8.0,"key":"Block Potion"},{"floor":12.0,"key":"Explosive Potion"},{"floor":14.0,"key":"BloodPotion"},{"floor":21.0,"key":"Block Potion"},{"floor":28.0,"key":"Block Potion"},{"floor":33.0,"key":"DistilledChaos"},{"floor":37.0,"key":"AttackPotion"},{"floor":41.0,"key":"SpeedPotion"},{"floor":48,"key":"LiquidMemories"},{"floor":55,"key":"ColorlessPotion"}],"is_trial":false,"path_per_floor":["M","?","M","M","?","E","R","E","T","M","E","M","R","M","R","B",null,"M","M","$","M","M","E","R","?","T","R","E","M","M","E","R","B",null,"M","?","?","$","M","R","E","M","T","M","?","E","M","E","R","B","B",null,"R","$","E","B",null],"character_chosen":"IRONCLAD","items_purchased":["Calipers","Frozen Eye","Deep Breath","Dark Embrace","True Grit"],"campfire_rested":3,"item_purchase_floors":[20,38,54,54,54],"current_hp_per_floor":[61,61,57,54,54,24,46,37,37,35,19,12,34,31,31,12,59,41,12,12,42,41,35,35,35,35,57,55,55,55,47,47,13,60,60,60,54,54,54,54,54,54,54,54,54,54,54,54,54,62,64,72,72,72,50,75],"gold":110,"neow_bonus":"BOSS_RELIC","is_daily":false,"chose_seed":false,"campfire_upgraded":3,"win_rate":0.0,"timestamp":1613966483,"path_taken":["M","?","?","M","?","E","R","E","T","M","E","M","R","?","R","BOSS","M","M","$","M","M","E","R","?","T","R","E","M","M","E","R","BOSS","M","?","?","?","?","R","E","M","T","M","?","E","M","E","R","BOSS","BOSS","R","$","E","BOSS"],"items_purchased_type":["Relic","Relic","Card","Card","Card"],"build_version":"2020-12-22","purchased_purges":3,"victory":true,"max_hp_per_floor":[75,75,75,75,75,75,75,75,75,75,75,75,75,75,75,75,75,75,75,75,75,75,75,75,75,75,75,75,75,75,75,75,75,75,75,75,75,75,75,75,75,75,75,75,75,75,75,75,75,75,75,75,75,75,75,75],"relic_stats":{"counters":[33,155],"Pen Nib":[8],"Letter Opener":[75],"War Paint":["Offering","Defend_R"],"Smiling Mask":150,"MawBank":72,"WarpedTongs":[141],"Busted Crown":22,"Shovel":2,"Sundial":[44],"Pantograph":59,"Art of War":[40],"obtain_stats":[{"Calipers":20,"SacredBark":0,"Thread and Needle":26,"Pen Nib":40,"Letter Opener":53,"War Paint":11,"Smiling Mask":9,"MawBank":48,"Burning Blood":0,"Akabeko":6,"WarpedTongs":2,"Du-Vu Doll":23,"Frozen Eye":38,"Anchor":55,"HornCleat":31,"Busted Crown":34,"Shovel":37,"Sundial":41,"Pantograph":46,"Art of War":8,"FossilizedHelix":28,"Runic Pyramid":17},{"Calipers":12,"SacredBark":0,"Thread and Needle":15,"Pen Nib":23,"Letter Opener":31,"War Paint":7,"Smiling Mask":5,"MawBank":29,"Burning Blood":0,"Akabeko":4,"WarpedTongs":1,"Du-Vu Doll":15,"Frozen Eye":22,"Anchor":32,"HornCleat":19,"Busted Crown":20,"Shovel":22,"Sundial":24,"Pantograph":27,"Art of War":5,"FossilizedHelix":16,"Runic Pyramid":10},{"Calipers":56,"SacredBark":0,"Thread and Needle":65,"Pen Nib":102,"Letter Opener":142,"War Paint":26,"Smiling Mask":19,"MawBank":122,"Burning Blood":0,"Akabeko":14,"WarpedTongs":3,"Du-Vu Doll":65,"Frozen Eye":100,"Anchor":147,"HornCleat":81,"Busted Crown":93,"Shovel":100,"Sundial":107,"Pantograph":119,"Art of War":19,"FossilizedHelix":68,"Runic Pyramid":47}]},"card_choices":[{"not_picked":["Dual Wield","Havoc"],"picked":"Rampage","floor":1.0},{"not_picked":["Wild Strike","True Grit"],"picked":"Rage","floor":4.0},{"not_picked":["Seeing Red","Warcry"],"picked":"Blood for Blood","floor":6.0},{"not_picked":["Seeing Red","Juggernaut"],"picked":"Flame Barrier","floor":8.0},{"not_picked":["Pommel Strike","Havoc","Anger"],"picked":"SKIP","floor":10.0},{"not_picked":["Armaments","Sword Boomerang","Rage"],"picked":"SKIP","floor":11.0},{"not_picked":["Wild Strike","Headbutt","Perfected Strike"],"picked":"SKIP","floor":12.0},{"not_picked":["Flex","Iron Wave","Cleave"],"picked":"SKIP","floor":14.0},{"not_picked":["Exhume","Demon Form"],"picked":"Fiend Fire","floor":16.0},{"not_picked":["Havoc","Rampage"],"picked":"Disarm","floor":18.0},{"not_picked":["Headbutt","Sword Boomerang","True Grit"],"picked":"SKIP","floor":19.0},{"not_picked":["Whirlwind","Twin Strike","Pommel Strike"],"picked":"SKIP","floor":21.0},{"not_picked":["Twin Strike","Pommel Strike"],"picked":"Whirlwind","floor":21.0},{"not_picked":["Carnage","Double Tap","Iron Wave+1"],"picked":"SKIP","floor":22.0},{"not_picked":["Carnage","Dark Embrace"],"picked":"Shrug It Off+1","floor":23.0},{"not_picked":["Spot Weakness","True Grit","Clothesline+1"],"picked":"SKIP","floor":28.0},{"not_picked":["Rage","Shrug It Off","Flex"],"picked":"SKIP","floor":29.0},{"not_picked":["Shrug It Off","Ghostly Armor","Flame Barrier"],"picked":"SKIP","floor":30.0},{"not_picked":["Heavy Blade","Demon Form","Warcry"],"picked":"SKIP","floor":31.0},{"not_picked":["Heavy Blade","Demon Form","Warcry"],"picked":"SKIP","floor":31.0},{"not_picked":["Demon Form","Brutality"],"picked":"Juggernaut","floor":33.0},{"not_picked":[],"picked":"Body Slam+1","floor":37.0},{"not_picked":["Warcry"],"picked":"SKIP","floor":39.0},{"not_picked":[],"picked":"Battle Trance","floor":41.0},{"not_picked":["Evolve+1"],"picked":"SKIP","floor":42},{"not_picked":["Evolve"],"picked":"SKIP","floor":44},{"not_picked":["Disarm"],"picked":"SKIP","floor":46},{"not_picked":["Iron Wave"],"picked":"SKIP","floor":47},{"not_picked":["Fire Breathing"],"picked":"SKIP","floor":48},{"not_picked":["Heavy Blade"],"picked":"SKIP","floor":55}],"player_experience":1495687,"relics_obtained":[{"floor":6.0,"key":"Akabeko"},{"floor":8.0,"key":"Art of War"},{"floor":9.0,"key":"Smiling Mask"},{"floor":11.0,"key":"War Paint"},{"floor":23.0,"key":"Du-Vu Doll"},{"floor":26.0,"key":"Thread and Needle"},{"floor":28.0,"key":"FossilizedHelix"},{"floor":31.0,"key":"HornCleat"},{"floor":37.0,"key":"Shovel"},{"floor":40.0,"key":"Pen Nib"},{"floor":41.0,"key":"Sundial"},{"floor":46,"key":"Pantograph"},{"floor":48,"key":"MawBank"},{"floor":53,"key":"Letter Opener"},{"floor":55,"key":"Anchor"}],"event_choices":[{"damage_healed":0.0,"max_hp_gain":0.0,"max_hp_loss":0.0,"gold_gain":0.0,"event_name":"Accursed Blacksmith","player_choice":"Rummage","floor":2.0,"gold_loss":0.0,"damage_taken":0.0,"relics_obtained":["WarpedTongs"],"cards_obtained":["Pain"]},{"damage_healed":0.0,"max_hp_gain":0.0,"max_hp_loss":0.0,"gold_gain":0.0,"event_name":"Match and Keep!","player_choice":"1 cards matched","floor":5.0,"gold_loss":0.0,"damage_taken":0.0,"cards_obtained":["Offering"]},{"damage_healed":0.0,"max_hp_gain":0.0,"max_hp_loss":0.0,"gold_gain":50.0,"event_name":"Nest","player_choice":"Stole From Cult","floor":25.0,"gold_loss":0.0,"damage_taken":0.0},{"damage_healed":0.0,"max_hp_gain":0.0,"max_hp_loss":0.0,"gold_gain":0.0,"event_name":"Tomb of Lord Red Mask","player_choice":"Ignored","floor":36.0,"gold_loss":0.0,"damage_taken":0.0},{"damage_healed":0.0,"max_hp_gain":0.0,"max_hp_loss":0.0,"gold_gain":0.0,"event_name":"Mysterious Sphere","player_choice":"Fight","floor":37.0,"gold_loss":0.0,"damage_taken":0.0},{"cards_removed":["Defend_R"],"damage_healed":0,"gold_gain":0,"player_choice":"Removed Skill","damage_taken":0,"max_hp_gain":0,"max_hp_loss":0,"event_name":"Falling","floor":45,"gold_loss":0}],"is_beta":false,"boss_relics":[{"not_picked":["Sozu","Ectoplasm"],"picked":"Runic Pyramid"},{"not_picked":["Snecko Eye","Empty Cage"],"picked":"Busted Crown"}],"items_purged_floors":[20,38,54],"is_endless":false,"potions_floor_spawned":[1,3,6,8,12,14,21,22,28,30,33,37,41,44,48,55],"ascension_level":20}}