{"host":"delta","time":1613961357,"event":{"mods":["Act Like it!","BaseMod","Lobotomy","Minty Spire (QoL Compilation)","StSLib","The Hierophant","WarShipGirlsR/战舰少女R mod","残留之物"],"gold_per_floor":[111,127,127,144,160,160,13,42,42,55,73,88,88,104,104,205,205,216,216,227,244,244,244,244,244,244,244,273,305,305,317,317,414,414,434,451,462,306,317,351,331,331,358,358,358,358,368,387,387,387],"floor_reached":51,"language":"ZHS","playtime":3905,"items_purged":[],"score":896,"play_id":"58419a1e-4351-4932-a770-68a4c870ffbb","local_time":"20210222103557","is_ascension_mode":false,"campfire_choices":[],"circlet_count":0,"master_deck":["ApocalypseBird","PunishingBird","LongBird","BigBird","SpecialBullet","SpecialBullet","SpecialBullet","SpecialBullet","SpecialBullet","InformationCode","SecurityCode","ExtractionCode","Noise","BlueScar","Beak","LifeForTheDareDevil","WhitesApple","SolemnVow","Rudolta","BlueScar","Alriune","RapturousDream","UniverseFragment","CrimsonScar","MHz","Pinks","Amita","SoundOfStar","CentralCode","CENSORED_ego","FourthMatchFlame+1","MeltingLove","TrainingCode","BlackArmy","DaCapo","SpiderBud","SomewhereSpear+1","DisciplinaryCode","BigBadWolf","Pinks","BodiesMountain","LaLuna","HappyTeddy","SilentOrchestra","Amita","CENSORED_ego","GalaxyChild","RecordCode","Laetitia","Porccubus"],"relics":["CogitoBucket","WarpedTongs","Membership Card","Shovel","Sundial","BackwardClock","Coffee Dripper","Theresia","Enchiridion","WingedGreaves","Bottled Flame","Bottled Lightning","Dream Catcher","AtMidnight","HellTrain","Busted Crown","Bag of Preparation","OrangePellets","Letter Opener","Twilight","Toy Ornithopter"],"acts_visited":["Exordium","TheCity","TheBeyond"],"potions_floor_usage":[50],"damage_taken":[{"damage":11.0,"enemies":"Jaw Worm","floor":1.0,"turns":3.0},{"damage":6.0,"enemies":"Cultist","floor":2.0,"turns":3.0},{"damage":0.0,"enemies":"2 Louse","floor":4.0,"turns":2.0},{"damage":1.0,"enemies":"Blue Slaver","floor":5.0,"turns":2.0},{"damage":6.0,"enemies":"Lagavulin","floor":8.0,"turns":3.0},{"damage":25.0,"enemies":"Exordium Wildlife","floor":10.0,"turns":2.0},{"damage":30.0,"enemies":"Exordium Thugs","floor":11.0,"turns":5.0},{"damage":0.0,"enemies":"2 Fungi Beasts","floor":12.0,"turns":2.0},{"damage":0.0,"enemies":"Looter","floor":14.0,"turns":1.0},{"damage":1.0,"enemies":"Slime Boss","floor":16.0,"turns":2.0},{"damage":22.0,"enemies":"2 Thieves","floor":18.0,"turns":3.0},{"damage":1.0,"enemies":"Spheric Guardian","floor":20.0,"turns":2.0},{"damage":4.0,"enemies":"Centurion and Healer","floor":21.0,"turns":2.0},{"damage":0.0,"enemies":"Gremlin Leader","floor":28.0,"turns":1.0},{"damage":0.0,"enemies":"Slavers","floor":29.0,"turns":1.0},{"damage":0.0,"enemies":"Sentry and Sphere","floor":31.0,"turns":1.0},{"damage":41.0,"enemies":"Automaton","floor":33.0,"turns":3.0},{"damage":0.0,"enemies":"3 Shapes","floor":35.0,"turns":1.0},{"damage":0.0,"enemies":"Orb Walker","floor":36.0,"turns":1.0},{"damage":12.0,"enemies":"Transient","floor":37.0,"turns":3.0},{"damage":0.0,"enemies":"Writhing Mass","floor":39.0,"turns":1.0},{"damage":0.0,"enemies":"Nemesis","floor":40.0,"turns":1.0},{"damage":0.0,"enemies":"Reptomancer","floor":42.0,"turns":1.0},{"damage":6.0,"enemies":"4 Shapes","floor":47.0,"turns":1.0},{"damage":11.0,"enemies":"Transient","floor":48.0,"turns":2.0},{"damage":96,"enemies":"Donu and Deca","floor":50,"turns":1},{"damage":0,"enemies":"Malkuth","floor":51,"turns":1},{"damage":87,"enemies":"Netzach","floor":51,"turns":2},{"damage":15,"enemies":"Chesed","floor":51,"turns":1},{"damage":90,"enemies":"Hokma","floor":51,"turns":2},{"damage":0,"enemies":"Angela","floor":51,"turns":1}],"seed_played":"-2814784431565877363","potions_obtained":[{"floor":1.0,"key":"SpeedPotion"},{"floor":5.0,"key":"Strength Potion"},{"floor":8.0,"key":"Energy Potion"},{"floor":16.0,"key":"GamblersBrew"},{"floor":47.0,"key":"BlessingOfTheForge"}],"is_trial":false,"path_per_floor":["M","M","?","M","M","R","$","E","T","M","M","M","R","M","R","B",null,"M","?","M","M","?","R","T","R","T","R","E","E","R","M","R","B",null,"M","M","M","$","M","E","?","E","T","R","?","R","M","M","R","B",null],"character_chosen":"Angela","items_purchased":["Membership Card","Bag of Preparation","OrangePellets"],"campfire_rested":0,"item_purchase_floors":[7,38,38],"current_hp_per_floor":[67,69,69,69,68,68,68,62,62,37,7,22,22,22,22,39,70,48,32,49,45,45,45,45,45,45,45,49,71,71,78,78,59,82,83,87,91,91,95,99,99,103,103,103,103,103,107,111,111,16],"gold":387,"neow_bonus":"TRANSFORM_TWO_CARDS","is_daily":false,"chose_seed":false,"campfire_upgraded":0,"win_rate":0.0,"timestamp":1613961357,"path_taken":["M","M","?","M","M","R","$","E","T","M","M","M","R","M","R","BOSS","BOSS","M","?","M","M","?","R","?","R","T","R","E","E","R","M","R","BOSS","M","M","M","$","M","E","?","E","T","R","?","R","M","M","R","BOSS"],"items_purchased_type":["Relic","Relic","Relic"],"build_version":"2020-12-18","purchased_purges":0,"victory":true,"max_hp_per_floor":[70,70,70,70,70,70,70,70,70,70,70,70,70,70,70,70,70,70,70,70,70,70,70,70,70,70,70,74,78,78,78,78,82,82,83,87,91,91,95,99,99,103,103,103,103,103,107,111,111,111],"card_choices":[{"not_picked":["WallGazer","Scorched"],"picked":"LongBird","floor":1.0},{"not_picked":["Soda"],"picked":"Beak","floor":1.0},{"not_picked":["FrostShard"],"picked":"LifeForTheDareDevil","floor":2.0},{"not_picked":["Scorched","BeautyBeast"],"picked":"WhitesApple","floor":2.0},{"not_picked":["Heaven"],"picked":"SolemnVow","floor":2.0},{"not_picked":["CherryBlossoms","OldLady"],"picked":"Rudolta","floor":4.0},{"not_picked":["Soda"],"picked":"BlueScar","floor":4.0},{"not_picked":["UniverseFragment","Scorched"],"picked":"Alriune","floor":5.0},{"not_picked":["Beak"],"picked":"RapturousDream","floor":5.0},{"not_picked":["BeautyBeast","Murderer"],"picked":"UniverseFragment","floor":8.0},{"not_picked":["Harmony"],"picked":"CrimsonScar","floor":8.0},{"not_picked":["Scorched","WallGazer"],"picked":"MHz","floor":10.0},{"not_picked":["CherryBlossom","RapturousDream"],"picked":"SKIP","floor":10.0},{"not_picked":["Wingbeat"],"picked":"Pinks","floor":11.0},{"not_picked":["WristCuter"],"picked":"Amita","floor":11.0},{"not_picked":["RedShoes","CherryBlossoms"],"picked":"PunishingBird","floor":12.0},{"not_picked":["Spore"],"picked":"SoundOfStar","floor":12.0},{"not_picked":["RapturousDream","Soda"],"picked":"SKIP","floor":14.0},{"not_picked":["Adoration"],"picked":"CENSORED_ego","floor":16.0},{"not_picked":["Wingbeat"],"picked":"FourthMatchFlame+1","floor":18.0},{"not_picked":["RapturousDream+1","Discord"],"picked":"SKIP","floor":20.0},{"not_picked":["Scorched","Bloodbath"],"picked":"MeltingLove","floor":21.0},{"not_picked":["Discord","Wingbeat"],"picked":"SKIP","floor":21.0},{"not_picked":["Pleasure","SomewhereSpear"],"picked":"SKIP","floor":21.0},{"not_picked":["Discord","Wingbeat"],"picked":"SKIP","floor":21.0},{"not_picked":["Pleasure","SomewhereSpear"],"picked":"SKIP","floor":21.0},{"not_picked":["DespairKnight","SpiderBud"],"picked":"BlackArmy","floor":28.0},{"not_picked":["SwordSharpenedByTears"],"picked":"DaCapo","floor":28.0},{"not_picked":["RedShoes","Laetitia"],"picked":"SpiderBud","floor":29.0},{"not_picked":["Soda"],"picked":"SomewhereSpear+1","floor":29.0},{"not_picked":["RedEyes","Lantern"],"picked":"SKIP","floor":31.0},{"not_picked":["QueenOfHatred","NakedNest"],"picked":"BigBadWolf","floor":33.0},{"not_picked":["DaCapo"],"picked":"Pinks","floor":33.0},{"not_picked":["DreamingCurrent","GreedKing"],"picked":"BodiesMountain","floor":35.0},{"not_picked":["NakedNest","Mercenary"],"picked":"LaLuna","floor":36.0},{"not_picked":["Variant","GreedKing"],"picked":"HappyTeddy","floor":37.0},{"not_picked":["Scarecrow","DespairKnight"],"picked":"SilentOrchestra","floor":39.0},{"not_picked":["Bloodbath","MeatLantern"],"picked":"BigBird","floor":40.0},{"not_picked":[],"picked":"Amita","floor":41.0},{"not_picked":[],"picked":"CENSORED_ego","floor":41.0},{"not_picked":["LittlePrince","CrumblingArmor"],"picked":"GalaxyChild","floor":42.0},{"not_picked":["RedShoes","MeatLantern"],"picked":"Laetitia","floor":47.0},{"not_picked":["Scorched","CherryBlossoms"],"picked":"Porccubus","floor":48.0}],"player_experience":344823,"relics_obtained":[{"floor":8.0,"key":"Shovel"},{"floor":9.0,"key":"Sundial"},{"floor":19.0,"key":"Enchiridion"},{"floor":24.0,"key":"WingedGreaves"},{"floor":26.0,"key":"Bottled Flame"},{"floor":28.0,"key":"Bottled Lightning"},{"floor":29.0,"key":"Dream Catcher"},{"floor":31.0,"key":"AtMidnight"},{"floor":40.0,"key":"Letter Opener"},{"floor":42.0,"key":"Twilight"},{"floor":43.0,"key":"Toy Ornithopter"}],"event_choices":[{"damage_healed":0.0,"max_hp_gain":0.0,"max_hp_loss":0.0,"gold_gain":0.0,"event_name":"Accursed Blacksmith","player_choice":"Rummage","floor":3.0,"gold_loss":0.0,"damage_taken":0.0,"relics_obtained":["WarpedTongs"],"cards_obtained":["Pain"]},{"damage_healed":0.0,"max_hp_gain":0.0,"max_hp_loss":0.0,"gold_gain":0.0,"event_name":"Cursed Tome","player_choice":"Obtained Book","floor":19.0,"gold_loss":0.0,"damage_taken":16.0},{"cards_removed":["Pain"],"damage_healed":0.0,"max_hp_gain":0.0,"max_hp_loss":0.0,"gold_gain":0.0,"event_name":"Back to Basics","player_choice":"Elegance","floor":22.0,"gold_loss":0.0,"damage_taken":0.0},{"damage_healed":0.0,"max_hp_gain":0.0,"max_hp_loss":0.0,"gold_gain":0.0,"event_name":"Tomb of Lord Red Mask","player_choice":"Ignored","floor":45.0,"gold_loss":0.0,"damage_taken":0.0}],"is_beta":true,"boss_relics":[{"not_picked":["Runic Dome","SacredBark"],"picked":"Coffee Dripper"},{"not_picked":["Calling Bell","Astrolabe"],"picked":"Busted Crown"}],"items_purged_floors":[],"is_endless":false,"potions_floor_spawned":[1,5,8,11,16,18,21,33,35,47],"ascension_level":0}}