{"host":"gk9qdtkqd8dwfeg2","time":1613999954,"event":{"mods":["ATMod(∞¢Ë™Mod)","Act Like it!","Aspiration","BaseMod","Colored Powertips","Gensokyo","Minty Spire (QoL Compilation)","Quick Restart","Reimu£®≤©¿ˆ¡È√Œ£©","Remilia£®¿Ÿ√◊¿Ú—«£©","Replay The Spire","Shop Mod","StSLib","TestMod","The Servant 0.9.4","Waifu the Spire","Youmu£®ªÍ∆«—˝√Œ£©"],"gold_per_floor":[119,154,154,154,79,79,107,119,169,499,499,525,97,197,197,271,271,282,141,141,157,157,183,195,195,195,224,62,74,90,118,118,191,191,209,209,209,220,250,250,280,158,204,204,247,256,299,312,321,346,346,346,355,9,55,55,55],"floor_reached":56,"language":"ZHS","playtime":2323,"items_purged":["Pain","Strike_B","Rebound"],"score":2209,"play_id":"2ae1b7e8-5862-41c9-9b5a-3592fe7887a2","local_time":"20210222211914","is_ascension_mode":true,"campfire_choices":[{"data":"Zap","floor":6.0,"key":"SMITH"},{"data":"AT_FamilyPortrait","floor":11.0,"key":"SMITH"},{"data":"BasicCrystalCard","floor":15.0,"key":"SMITH"},{"data":"Crystallizer","floor":32.0,"key":"SMITH"},{"data":"AT_EMC2","floor":40.0,"key":"SMITH"},{"floor":44,"key":"REST"},{"data":"Recycle","floor":46,"key":"SMITH"},{"floor":49,"key":"RECALL"},{"data":"Heatsinks","floor":53,"key":"SMITH"}],"circlet_count":0,"master_deck":["AscendersBane","Zap+1","AT_FamilyPortrait+1","Self Repair+1","BasicCrystalCard+1","Compile Driver","Heatsinks+1","AT_StudyProgram","AT_WarpDrive","Chill","Mirror Shield","Crystallizer+1","Capacitor","Echo Form","Skim","FIFO Queue","Hologram","Recycle+1","aspiration:Polymerization","Gash","Consume+1","AT_ThunderBolt","Storm","Pot Of Greed","Pot Of Greed"],"relics":["Cracked Core","AT_ATBox","testmod-TestBox","testmod-IndustrialRevolution","NeowsBlessing","Replay:PocketPolymizer","Gensokyo:LunaticRedEyes","testmod-ArcanaOfDestiny","AT_RedTearstoneRing","Old Coin","AT_EbonyIvory","MerchantsRug","aspiration:HummingbirdHeart","Black Star","Iron Hammer","aspiration:DSix","Replay:Wax Seal","Potion Belt","Membership Card","Blue Doll","ReplayFunnel","Empty Cage","Gensokyo:EmptyGrave","aspiration:Lifesprig","Strawberry","Runic Capacitor","Bag of Preparation","Lantern","CeramicFish","Ancient Tea Set","AntiCross","Replay:Towering Pillar of Hats","testmod-FatalChain","Grinning Jar"],"acts_visited":["Exordium","Gensokyo:Gensokyo","Gensokyo:Gensokyoer","TheEnding"],"potions_floor_usage":[51,55,55,56],"damage_taken":[{"damage":0.0,"enemies":"Gensokyo:3_Fairies","floor":1.0,"turns":1.0},{"damage":0.0,"enemies":"Gensokyo:Python","floor":2.0,"turns":1.0},{"damage":0.0,"enemies":"Gensokyo:Mamizou","floor":7.0,"turns":2.0},{"damage":0.0,"enemies":"Gensokyo:2_Kodama","floor":8.0,"turns":2.0},{"damage":16.0,"enemies":"Gensokyo:Cirno","floor":10.0,"turns":6.0},{"damage":21.0,"enemies":"Gensokyo:Mamizou","floor":12.0,"turns":7.0},{"damage":2.0,"enemies":"Gensokyo:Kokoro","floor":16.0,"turns":5.0},{"damage":0.0,"enemies":"Gensokyo:CosmicMonolith","floor":18.0,"turns":2.0},{"damage":5.0,"enemies":"Gensokyo:AngelMirror","floor":21.0,"turns":2.0},{"damage":4.0,"enemies":"Gensokyo:Tenshi","floor":23.0,"turns":3.0},{"damage":0.0,"enemies":"Gensokyo:Wraith","floor":24.0,"turns":2.0},{"damage":0.0,"enemies":"Gensokyo:Reisen","floor":27.0,"turns":6.0},{"damage":0.0,"enemies":"Gensokyo:3_Gloops","floor":29.0,"turns":2.0},{"damage":0.0,"enemies":"Gensokyo:Chomper_and_Gloop","floor":30.0,"turns":4.0},{"damage":6.0,"enemies":"Gensokyo:Tenshi","floor":31.0,"turns":3.0},{"damage":3.0,"enemies":"Gensokyo:Eternal_Rivals","floor":33.0,"turns":5.0},{"damage":17.0,"enemies":"Gensokyo:3_Boulders","floor":35.0,"turns":6.0},{"damage":17.0,"enemies":"Gensokyo:AncientGuardian","floor":38.0,"turns":7.0},{"damage":64.0,"enemies":"Gensokyo:Kasen","floor":41.0,"turns":6.0},{"damage":0,"enemies":"Gensokyo:Marisa","floor":45,"turns":6},{"damage":0,"enemies":"Gensokyo:Doremy","floor":47,"turns":4},{"damage":0,"enemies":"Gensokyo:4_Bats","floor":48,"turns":4},{"damage":1,"enemies":"Gensokyo:Yuyuko","floor":50,"turns":7},{"damage":19,"enemies":"Gensokyo:Scarlet_Devils","floor":51,"turns":5},{"damage":27,"enemies":"Shield and Spear","floor":55,"turns":6},{"damage":70,"enemies":"The Heart","floor":56,"turns":4}],"seed_played":"-6151901302803361389","potions_obtained":[{"floor":2.0,"key":"ZuzhouPotion:ReiMu"},{"floor":10.0,"key":"PotionOfCapacity"},{"floor":12.0,"key":"SteroidPotion"},{"floor":21.0,"key":"Swift Potion"},{"floor":29.0,"key":"FocusPotion"},{"floor":30.0,"key":"Dexterity Potion"},{"floor":35.0,"key":"FearPotion"},{"floor":39.0,"key":"Adrenaline Potion"},{"floor":39.0,"key":"AttackPotion"},{"floor":39.0,"key":"Block Potion"},{"floor":47,"key":"DistilledChaos"}],"is_trial":false,"path_per_floor":["M","M","?","?","$","R","E","M","T","E","R","E","$","?","R","B",null,"M","$","?","M","?","E","M","?","T","E","$","M","M","E","R","B",null,"M","?","?","M","?","R","E","$","T","R","E","R","E","M","R","B","B",null,"R","$","E","B"],"character_chosen":"DEFECT","items_purchased":["MerchantsRug","aspiration:HummingbirdHeart","Capacitor","Membership Card","Recycle","Runic Capacitor","Storm","DistilledChaos","DuplicationPotion","Replay:Towering Pillar of Hats"],"campfire_rested":1,"item_purchase_floors":[13,13,19,28,42,42,54,54,54,54],"current_hp_per_floor":[64,64,47,47,47,47,47,54,54,45,45,31,31,31,31,36,62,62,62,62,64,64,67,71,71,71,71,71,71,71,71,71,68,70,53,53,53,46,25,57,18,18,18,39,49,49,59,69,69,71,52,66,66,66,71,1,1],"gold":55,"neow_bonus":"THREE_ENEMY_KILL","is_daily":false,"chose_seed":false,"campfire_upgraded":7,"win_rate":0.0,"timestamp":1613999954,"path_taken":["M","?","?","?","$","R","E","M","T","E","R","E","?","?","R","BOSS","M","$","?","M","?","E","?","?","T","E","?","M","M","E","R","BOSS","M","?","?","M","?","R","E","$","T","R","E","R","E","M","R","BOSS","BOSS","R","$","E","BOSS"],"items_purchased_type":["Relic","Relic","Card","Relic","Card","Relic","Card","Potion","Potion","Relic"],"build_version":"2020-12-22","purchased_purges":3,"victory":false,"max_hp_per_floor":[71,71,71,71,71,71,71,71,71,71,71,71,71,71,71,71,71,71,71,71,71,71,71,71,71,71,71,71,71,71,71,71,71,71,71,71,64,64,64,64,71,71,71,71,71,71,71,71,71,71,71,71,71,71,71,71,71],"card_choices":[{"not_picked":["Rebound","Stack"],"picked":"Self Repair","floor":1.0},{"not_picked":["AT_WarpDrive","BasicCrystalCard"],"picked":"Sweeping Beam","floor":2.0},{"not_picked":["Amplify","Gash"],"picked":"Compile Driver","floor":7.0},{"not_picked":["Go for the Eyes","Conserve Battery"],"picked":"ReplayTheSpireMod:Reroute Power","floor":8.0},{"not_picked":["Beam Cell","Stack"],"picked":"Heatsinks","floor":10.0},{"not_picked":["Darkness","Reinforced Body"],"picked":"AT_WarpDrive","floor":12.0},{"not_picked":["Amplify","Reboot"],"picked":"Mirror Shield","floor":16.0},{"not_picked":["Stack+1","Heatsinks"],"picked":"Crystallizer","floor":18.0},{"not_picked":["Stack","Gash","Conserve Battery"],"picked":"SKIP","floor":21.0},{"not_picked":["Barrage","Static Discharge","Rebound+1"],"picked":"SKIP","floor":23.0},{"not_picked":["Cold Snap","ReplayTheSpireMod:Calculation Training","Sweeping Beam"],"picked":"SKIP","floor":24.0},{"not_picked":["ReplayTheSpireMod:Calculation Training","Streamline","Sunder"],"picked":"SKIP","floor":27.0},{"not_picked":["Static Discharge","Barrage"],"picked":"Skim","floor":29.0},{"not_picked":["Stack","Compile Driver","Static Discharge"],"picked":"SKIP","floor":30.0},{"not_picked":["Streamline","Stack"],"picked":"AT_EMC2","floor":31.0},{"not_picked":["Redo","Double Energy","BasicCrystalCard"],"picked":"SKIP","floor":35.0},{"not_picked":["Leap","Panic Button","AT_HeatAcrobatics+1"],"picked":"SKIP","floor":38.0},{"not_picked":["Cold Snap+1","Barrage"],"picked":"FIFO Queue","floor":39.0},{"not_picked":["Panic Button","Undo+1","Gash+1"],"picked":"SKIP","floor":41},{"not_picked":["Reboot","ReplaySolidLightProjector+1"],"picked":"aspiration:Polymerization","floor":45},{"not_picked":["BootSequence","Leap"],"picked":"Consume+1","floor":47},{"not_picked":["Heatsinks","Reinforced Body","aspiration:Polymerization"],"picked":"SKIP","floor":48},{"not_picked":["AT_HeatAcrobatics","Rebound","Self Repair"],"picked":"SKIP","floor":55},{"not_picked":["AT_HeatAcrobatics","Rebound","Self Repair"],"picked":"SKIP","floor":55}],"player_experience":815548,"relics_obtained":[{"floor":7.0,"key":"testmod-ArcanaOfDestiny"},{"floor":9.0,"key":"AT_RedTearstoneRing"},{"floor":10.0,"key":"Old Coin"},{"floor":12.0,"key":"AT_EbonyIvory"},{"floor":23.0,"key":"Iron Hammer"},{"floor":23.0,"key":"aspiration:DSix"},{"floor":27.0,"key":"Replay:Wax Seal"},{"floor":27.0,"key":"Potion Belt"},{"floor":31.0,"key":"Blue Doll"},{"floor":31.0,"key":"ReplayFunnel"},{"floor":41,"key":"aspiration:Lifesprig"},{"floor":41,"key":"Strawberry"},{"floor":43,"key":"Bag of Preparation"},{"floor":45,"key":"Lantern"},{"floor":45,"key":"CeramicFish"},{"floor":47,"key":"Ancient Tea Set"},{"floor":47,"key":"AntiCross"},{"floor":55,"key":"testmod-FatalChain"},{"floor":55,"key":"Grinning Jar"}],"event_choices":[],"is_beta":false,"boss_relics":[{"not_picked":["aspiration:BursterCore","Philosopher\u0027s Stone"],"picked":"Black Star"},{"not_picked":["testmod-BatchProcessingSystem","Replay:Drink Me"],"picked":"Empty Cage"}],"items_purged_floors":[5,19,54],"is_endless":false,"potions_floor_spawned":[2,10,12,21,29,30,35,47],"killed_by":"The Heart","ascension_level":20}}