{"host":"to2s10i0cynxbiqz","time":1613963897,"event":{"mods":["BaseMod","Colored Powertips","Highlight Path","Minty Spire (QoL Compilation)","Quick Restart","StSLib","slay the spire mod where everything is the same but ironclad has a cowboy hat"],"gold_per_floor":[10,10,24,43,63,63,81,93,93,109,443,462,462,472,472,573,573,590,267,366,366,380,408,408,436,436,467,467,467,494,594,594,697,697,709,709,723,740,426,426,454,466,515,528,563,575,213,15,15,15,15,15,15,42,42],"floor_reached":56,"language":"ZHS","playtime":3373,"items_purged":["Defend_B","Strike_B","Defend_B","Strike_B"],"score":1853,"play_id":"d631dd1c-fa4b-4894-9d3f-6ebf746caeeb","local_time":"20210222111817","is_ascension_mode":true,"campfire_choices":[{"data":"Electrodynamics","floor":6.0,"key":"SMITH"},{"data":"Turbo","floor":13.0,"key":"SMITH"},{"floor":15.0,"key":"REST"},{"data":"Thunder Strike","floor":24.0,"key":"SMITH"},{"data":"Fission","floor":29.0,"key":"SMITH"},{"data":"White Noise","floor":32.0,"key":"SMITH"},{"floor":40.0,"key":"RECALL"},{"data":"Buffer","floor":49.0,"key":"SMITH"},{"data":"Thunder Strike","floor":52.0,"key":"SMITH"}],"circlet_count":0,"master_deck":["Strike_B","Strike_B","Defend_B","Defend_B","Zap","Dualcast","Force Field","Loop","FTL","Electrodynamics+1","Turbo+1","Glacier","Skim","Self Repair","Loop","Thunder Strike+1","White Noise+1","Heatsinks","Coolheaded","White Noise","Chill+1","Fission+1","Thunder Strike+1","Discovery","Force Field","Thunder Strike+1","Skim+1","Buffer+1","Undo"],"relics":["Cracked Core","Ginger","Old Coin","Snecko Eye","Membership Card","PreservedInsect","Nilry\u0027s Codex","Gremlin Horn","Blood Vial","Pantograph","Pen Nib","Centennial Puzzle","Dead Branch","Pear","Nuclear Battery","DollysMirror","Mummified Hand","Singing Bowl","Strawberry","Smiling Mask","DataDisk","Bottled Tornado","Lizard Tail","Mercury Hourglass"],"acts_visited":["TheCity","TheBeyond","TheEnding"],"potions_floor_usage":[55,55],"damage_taken":[{"damage":1.0,"enemies":"Cultist","floor":1.0,"turns":3.0},{"damage":2.0,"enemies":"2 Louse","floor":3.0,"turns":2.0},{"damage":0.0,"enemies":"Small Slimes","floor":4.0,"turns":3.0},{"damage":3.0,"enemies":"2 Fungi Beasts","floor":5.0,"turns":3.0},{"damage":0.0,"enemies":"Blue Slaver","floor":7.0,"turns":2.0},{"damage":6.0,"enemies":"Exordium Thugs","floor":8.0,"turns":3.0},{"damage":1.0,"enemies":"2 Fungi Beasts","floor":10.0,"turns":3.0},{"damage":0.0,"enemies":"Gremlin Nob","floor":11.0,"turns":3.0},{"damage":10.0,"enemies":"Exordium Wildlife","floor":12.0,"turns":3.0},{"damage":32.0,"enemies":"Gremlin Gang","floor":14.0,"turns":3.0},{"damage":57.0,"enemies":"Hexaghost","floor":16.0,"turns":13.0},{"damage":22.0,"enemies":"2 Thieves","floor":18.0,"turns":3.0},{"damage":0.0,"enemies":"3 Byrds","floor":22.0,"turns":1.0},{"damage":0.0,"enemies":"Gremlin Leader","floor":23.0,"turns":6.0},{"damage":0.0,"enemies":"Slavers","floor":25.0,"turns":1.0},{"damage":12.0,"enemies":"Book of Stabbing","floor":27.0,"turns":5.0},{"damage":0.0,"enemies":"Gremlin Leader","floor":30.0,"turns":4.0},{"damage":23.0,"enemies":"Colosseum Slavers","floor":31.0,"turns":4.0},{"damage":0.0,"enemies":"Colosseum Nobs","floor":31.0,"turns":4.0},{"damage":13.0,"enemies":"Automaton","floor":33.0,"turns":6.0},{"damage":11.0,"enemies":"3 Darklings","floor":35.0,"turns":4.0},{"damage":0.0,"enemies":"Orb Walker","floor":37.0,"turns":2.0},{"damage":0.0,"enemies":"3 Darklings","floor":38.0,"turns":1.0},{"damage":0.0,"enemies":"Nemesis","floor":41.0,"turns":1.0},{"damage":0.0,"enemies":"4 Shapes","floor":42.0,"turns":2.0},{"damage":15.0,"enemies":"Transient","floor":44.0,"turns":5.0},{"damage":0.0,"enemies":"Giant Head","floor":45.0,"turns":4.0},{"damage":0.0,"enemies":"Sphere and 2 Shapes","floor":46.0,"turns":1.0},{"damage":1.0,"enemies":"Time Eater","floor":50.0,"turns":7.0},{"damage":27.0,"enemies":"Shield and Spear","floor":54.0,"turns":6.0},{"damage":106,"enemies":"The Heart","floor":55,"turns":5}],"seed_played":"-163411610724315164","potions_obtained":[{"floor":2.0,"key":"ColorlessPotion"},{"floor":2.0,"key":"Swift Potion"},{"floor":2.0,"key":"EntropicBrew"},{"floor":3.0,"key":"DistilledChaos"},{"floor":7.0,"key":"Weak Potion"},{"floor":8.0,"key":"Weak Potion"},{"floor":14.0,"key":"Swift Potion"},{"floor":22.0,"key":"GamblersBrew"},{"floor":23.0,"key":"Strength Potion"},{"floor":27.0,"key":"FairyPotion"},{"floor":38.0,"key":"Regen Potion"},{"floor":42.0,"key":"EntropicBrew"},{"floor":54.0,"key":"ColorlessPotion"}],"is_trial":false,"path_per_floor":["M","?","M","M","M","R","M","M","T","M","E","M","R","M","R","B",null,"M","$","?","?","M","E","R","E","T","E","?","R","E","?","R","B",null,"M","?","M","M","$","R","E","M","T","M","E","M","$","$","R","B",null,"R","$","E","B",null],"character_chosen":"DEFECT","items_purchased":["Membership Card","Heatsinks","Coolheaded","PreservedInsect","Force Field","DollysMirror","Mummified Hand","SkillPotion","DataDisk","Buffer","Bottled Tornado","DuplicationPotion","Lizard Tail"],"campfire_rested":1,"item_purchase_floors":[19,19,19,19,39,39,39,39,47,47,47,47,48],"current_hp_per_floor":[74,74,72,72,69,69,69,63,63,62,62,62,62,37,59,9,75,53,53,53,37,37,44,44,51,51,48,73,73,75,71,71,79,85,81,81,83,85,85,85,87,89,96,98,98,100,100,100,100,100,100,100,100,80,35],"gold":42,"neow_bonus":"ONE_RARE_RELIC","is_daily":false,"chose_seed":false,"campfire_upgraded":7,"win_rate":0.0,"timestamp":1613963897,"path_taken":["M","?","?","?","M","R","M","M","T","M","E","M","R","M","R","BOSS","M","$","?","?","M","E","R","E","T","E","?","R","E","?","R","BOSS","M","?","M","M","$","R","E","M","T","M","E","M","?","$","R","BOSS","R","$","E","BOSS"],"items_purchased_type":["Relic","Card","Card","Relic","Card","Relic","Relic","Potion","Relic","Card","Relic","Potion","Relic"],"build_version":"2020-12-22","purchased_purges":4,"victory":true,"max_hp_per_floor":[75,75,75,75,75,75,75,75,75,75,75,75,75,75,75,75,75,75,75,75,75,75,75,75,75,75,75,75,75,75,85,85,85,85,85,85,85,85,85,85,87,89,96,98,98,100,100,100,100,100,100,100,100,100,100],"card_choices":[{"not_picked":["Coolheaded","Steam Power"],"picked":"Force Field","floor":1.0},{"not_picked":["Streamline","Hologram"],"picked":"Loop","floor":3.0},{"not_picked":["Rebound","Go for the Eyes"],"picked":"FTL","floor":4.0},{"not_picked":["Fusion","Lockon"],"picked":"Electrodynamics","floor":5.0},{"not_picked":["Sweeping Beam","Compile Driver"],"picked":"Turbo","floor":7.0},{"not_picked":["Chaos","Steam"],"picked":"Glacier","floor":8.0},{"not_picked":["Force Field","Consume"],"picked":"Skim","floor":10.0},{"not_picked":["Stack","Streamline"],"picked":"Self Repair","floor":11.0},{"not_picked":["Stack","Rebound","Consume"],"picked":"SKIP","floor":12.0},{"not_picked":["Gash","Recycle"],"picked":"Loop","floor":14.0},{"not_picked":["Multi-Cast","Machine Learning"],"picked":"Thunder Strike","floor":16.0},{"not_picked":["Genetic Algorithm","Rebound"],"picked":"White Noise","floor":18.0},{"not_picked":["Beam Cell+1","Leap"],"picked":"White Noise","floor":22.0},{"not_picked":["Stack","Cold Snap"],"picked":"Chill+1","floor":23.0},{"not_picked":["Go for the Eyes","Scrape+1","Rebound"],"picked":"SKIP","floor":25.0},{"not_picked":["Compile Driver","Glacier"],"picked":"Fission","floor":27.0},{"not_picked":["Redo","Conserve Battery","Cold Snap"],"picked":"SKIP","floor":30.0},{"not_picked":["Core Surge","Hyperbeam"],"picked":"Thunder Strike","floor":33.0},{"not_picked":["Coolheaded","Doom and Gloom+1","Redo"],"picked":"SKIP","floor":35.0},{"not_picked":["Scrape+1","Doom and Gloom+1","Barrage"],"picked":"SKIP","floor":37.0},{"not_picked":["Chaos","Scrape","Blizzard+1"],"picked":"SKIP","floor":38.0},{"not_picked":["Loop+1","Barrage+1","Sweeping Beam+1"],"picked":"Singing Bowl","floor":41.0},{"not_picked":["Beam Cell","Barrage","Doom and Gloom+1"],"picked":"Singing Bowl","floor":42.0},{"not_picked":["Sweeping Beam+1","Leap","Blizzard+1"],"picked":"Singing Bowl","floor":44.0},{"not_picked":["Rebound+1","Reprogram+1"],"picked":"Skim+1","floor":45.0},{"not_picked":["Rip and Tear+1","Beam Cell+1","Rebound+1"],"picked":"Singing Bowl","floor":46.0},{"not_picked":["Go for the Eyes+1","Sunder"],"picked":"Undo","floor":54.0}],"player_experience":172616,"relics_obtained":[{"floor":11.0,"key":"Old Coin"},{"floor":21.0,"key":"Nilry\u0027s Codex"},{"floor":23.0,"key":"Gremlin Horn"},{"floor":25.0,"key":"Blood Vial"},{"floor":26.0,"key":"Pantograph"},{"floor":27.0,"key":"Pen Nib"},{"floor":30.0,"key":"Centennial Puzzle"},{"floor":31.0,"key":"Dead Branch"},{"floor":31.0,"key":"Pear"},{"floor":41.0,"key":"Singing Bowl"},{"floor":43.0,"key":"Strawberry"},{"floor":45.0,"key":"Smiling Mask"},{"floor":54.0,"key":"Mercury Hourglass"}],"event_choices":[{"damage_healed":0.0,"max_hp_gain":0.0,"max_hp_loss":0.0,"gold_gain":0.0,"event_name":"Lab","player_choice":"Got Potions","floor":2.0,"gold_loss":0.0,"damage_taken":0.0},{"damage_healed":0.0,"max_hp_gain":0.0,"max_hp_loss":0.0,"gold_gain":99.0,"event_name":"Nest","player_choice":"Stole From Cult","floor":20.0,"gold_loss":0.0,"damage_taken":0.0},{"damage_healed":0.0,"max_hp_gain":0.0,"max_hp_loss":0.0,"gold_gain":0.0,"event_name":"Cursed Tome","player_choice":"Obtained Book","floor":21.0,"gold_loss":0.0,"damage_taken":16.0},{"damage_healed":25.0,"max_hp_gain":0.0,"max_hp_loss":0.0,"gold_gain":0.0,"event_name":"The Library","player_choice":"Heal","floor":28.0,"gold_loss":0.0,"damage_taken":0.0},{"damage_healed":0.0,"max_hp_gain":0.0,"max_hp_loss":0.0,"gold_gain":0.0,"event_name":"Colosseum","player_choice":"Fight","floor":31.0,"gold_loss":0.0,"damage_taken":0.0},{"damage_healed":0.0,"max_hp_gain":0.0,"max_hp_loss":0.0,"gold_gain":0.0,"event_name":"Colosseum","player_choice":"Fought Nobs","floor":31.0,"gold_loss":0.0,"damage_taken":0.0},{"damage_healed":0.0,"max_hp_gain":0.0,"max_hp_loss":0.0,"gold_gain":0.0,"event_name":"Match and Keep!","player_choice":"1 cards matched","floor":36.0,"gold_loss":0.0,"damage_taken":0.0,"cards_obtained":["Discovery"]}],"is_beta":false,"boss_relics":[{"not_picked":["Cursed Key","Ectoplasm"],"picked":"Snecko Eye"},{"not_picked":["Runic Dome","Busted Crown"],"picked":"Nuclear Battery"}],"items_purged_floors":[19,39,47,48],"is_endless":false,"potions_floor_spawned":[3,5,7,8,14,22,23,27,38,42,54],"ascension_level":2}}