{"host":"j0lq4v91luowxwha","time":1613989295,"event":{"mods":["BaseMod","Colored Powertips","Downfall","Hermit","Minty Spire (QoL Compilation)","Quick Restart","Replay The Spire","StSLib","SuperFastMode","The Cursed"],"gold_per_floor":[99,374,374,374,374,374,401,415,449,449,463,463,463,463],"floor_reached":12,"language":"ENG","playtime":318,"items_purged":[],"score":74,"play_id":"a879968e-87b4-4fc4-9d9e-95d1718d5ed4","local_time":"20210222052135","is_ascension_mode":false,"campfire_choices":[{"data":"champ:Taunt","floor":1,"key":"SMITH"},{"data":"champ:FanOfKnives","floor":6,"key":"SMITH"},{"floor":10,"key":"REST"}],"circlet_count":0,"master_deck":["champ:Strike","champ:Strike","champ:Strike","champ:Strike","champ:Defend","champ:Defend","champ:Defend","champ:Defend","champ:Execute","champ:Taunt+1","Regret","champ:ViciousMockery","champ:FanOfKnives+1","champ:AdrenalArmor","champ:BringItOn","champ:EndlessRage"],"relics":["champ:ChampionCrown","downfall:HeartsMalice","StoneCalendar"],"acts_visited":["Exordium"],"potions_floor_usage":[],"damage_taken":[{"damage":0,"enemies":"Jaw Worm","floor":3,"turns":1},{"damage":0,"enemies":"Cultist","floor":4,"turns":1},{"damage":0,"enemies":"Small Slimes","floor":5,"turns":1},{"damage":20,"enemies":"2 Fungi Beasts","floor":8,"turns":3},{"damage":88,"enemies":"Lagavulin","floor":9,"turns":9},{"damage":13,"enemies":"Blue Slaver","floor":11,"turns":4},{"damage":86,"enemies":"Gremlin Nob","floor":12,"turns":4}],"seed_played":"-766877797537134791","potions_obtained":[{"floor":9,"key":"Languid Potion"}],"is_trial":false,"path_per_floor":["R","?","M","M","M","R","T","M","E","R","M","E"],"character_chosen":"THE_CHAMP","items_purchased":[],"campfire_rested":1,"item_purchase_floors":[],"current_hp_per_floor":[90,90,90,90,90,90,90,90,37,64,61,0,0,0],"gold":463,"neow_bonus":"THREE_ENEMY_KILL","is_daily":false,"chose_seed":false,"campfire_upgraded":2,"win_rate":0.0,"timestamp":1613989295,"path_taken":["R","?","M","M","M","R","T","M","E","R","M","E"],"items_purchased_type":[],"build_version":"2020-12-22","purchased_purges":0,"victory":false,"max_hp_per_floor":[90,90,90,90,90,90,90,90,90,90,90,90,90,90],"card_choices":[{"not_picked":["champ:Endure","champ:Encircle"],"picked":"champ:ViciousMockery","floor":3},{"not_picked":["champ:SkillfulDodge","champ:BerserkersShout"],"picked":"champ:FanOfKnives","floor":4},{"not_picked":["champ:ShieldWall","champ:FlashCut"],"picked":"champ:AdrenalArmor","floor":5},{"not_picked":["champ:Circumvent","champ:GladiatorStyle","champ:BerserkerStyle"],"picked":"SKIP","floor":8},{"not_picked":["champ:ShieldSlam","champ:FanOfKnives"],"picked":"champ:BringItOn","floor":9},{"not_picked":["champ:Shatter","champ:BringItOn"],"picked":"champ:EndlessRage","floor":11}],"player_experience":247500,"relics_obtained":[{"floor":9,"key":"StoneCalendar"}],"event_choices":[],"is_beta":false,"boss_relics":[],"items_purged_floors":[],"is_endless":false,"potions_floor_spawned":[9],"killed_by":"Gremlin Nob","ascension_level":0}}