{"host":"ksz6njxfowgsdugl","time":1613987133,"event":{"mods":["2.2 Compatiblity","Act Like it!","BaseMod","Downfall","Duelist Mod","Hubris","Jedi Mod","Minty Spire (QoL Compilation)","Reliquary","Replay The Spire","Robot Space Explorer","Ruina","StSLib","The Animator","The Marked","The Servant 0.9.4"],"gold_per_floor":[99,116,126,143,163,174,174,111,121,140,140,175,191,223,241,343,343,343,355,355,369,388,388,388,400,400,413,429,429,446,464,475,580,580,580,592,592,592],"floor_reached":37,"language":"ENG","playtime":2828,"items_purged":[],"score":393,"play_id":"a896b51a-fe73-47a5-952a-fee6e5a48fe6","local_time":"20210222104533","is_ascension_mode":false,"campfire_choices":[{"data":"champ:AdrenalArmor","floor":11,"key":"SMITH"},{"data":"champ:CheapShot","floor":18,"key":"SMITH"},{"data":"champ:AdrenalArmor","floor":26,"key":"SMITH"},{"floor":29,"key":"REST"},{"data":"champ:VampiricStrike","floor":35,"key":"SMITH"}],"circlet_count":0,"master_deck":["champ:Strike","champ:Strike","champ:Strike","champ:Defend","champ:Defend","champ:Defend","champ:Defend","champ:Execute","champ:Taunt","champ:ArenaPreparation","champ:BerserkersShout","champ:MurderStrike","champ:AdrenalArmor+1","champ:AdrenalArmor+1","champ:ShieldWall","champ:Haymaker","champ:AdrenalArmor+1","champ:RecklessLeap","champ:FanOfKnives","champ:PreciseThrust","champ:BerserkersShout+1","champ:CrookedStrike","champ:CheapShot+1","champ:FancyFootwork+1","champ:PreciseThrust","champ:BringItOn+1","champ:BringItOn+1","champ:FocusedBerserking+1","champ:Circumvent+1","champ:CrookedStrike","champ:VampiricStrike+1","champ:StanceDance+1"],"relics":["champ:ChampionCrown","Toxic Egg 2","reliquary:Spinner","Counterbalance","Painkiller Herb","champ:FightingForDummies","hubris:64BitClover","reliquary:Sod","ReplayTheSpireMod:DimensionalGlitch"],"acts_visited":["Exordium","TheCity","TheBeyond"],"potions_floor_usage":[12,12,14,14,16,22,28,31,32,33],"damage_taken":[{"damage":0,"enemies":"Cultist","floor":2,"turns":3},{"damage":15,"enemies":"Jaw Worm","floor":3,"turns":4},{"damage":25,"enemies":"2 Louse","floor":4,"turns":4},{"damage":40,"enemies":"Red Slaver","floor":5,"turns":3},{"damage":86,"enemies":"Large Slime","floor":6,"turns":7},{"damage":20,"enemies":"downfall:FleeingMerchant","floor":8,"turns":4},{"damage":59,"enemies":"3 Louse","floor":9,"turns":4},{"damage":14,"enemies":"2 Fungi Beasts","floor":10,"turns":3},{"damage":68,"enemies":"3 Sentries","floor":12,"turns":4},{"damage":37,"enemies":"Red Slaver","floor":13,"turns":4},{"damage":34,"enemies":"Gremlin Nob","floor":14,"turns":5},{"damage":40,"enemies":"downfall:LooterAlt","floor":15,"turns":3},{"damage":61,"enemies":"SI_SHIV_ARCHETYPE","floor":16,"turns":4},{"damage":45,"enemies":"Chosen","floor":19,"turns":4},{"damage":25,"enemies":"Shell Parasite","floor":21,"turns":4},{"damage":81,"enemies":"Cultist and Chosen","floor":22,"turns":5},{"damage":48,"enemies":"Snake Plant","floor":25,"turns":5},{"damage":26,"enemies":"Chosen and Byrds","floor":27,"turns":5},{"damage":43,"enemies":"Sentry and Sphere","floor":28,"turns":5},{"damage":80,"enemies":"Centurion and Healer","floor":30,"turns":6},{"damage":40,"enemies":"Snake Plant","floor":31,"turns":3},{"damage":57,"enemies":"Shelled Parasite and Fungi","floor":32,"turns":4},{"damage":81,"enemies":"IC_MUSHROOM_ARCHETYPE","floor":33,"turns":8},{"damage":102,"enemies":"3 Darklings","floor":36,"turns":5},{"damage":44,"enemies":"3 Shapes","floor":37,"turns":3}],"seed_played":"3825918072735643740","potions_obtained":[{"floor":3,"key":"Fire Potion"},{"floor":4,"key":"PowerPotion"},{"floor":5,"key":"sneckomod:MuddlingPotion"},{"floor":13,"key":"Block Potion"},{"floor":14,"key":"ColorlessPotion"},{"floor":15,"key":"Explosive Potion"},{"floor":19,"key":"sneckomod:MuddlingPotion"},{"floor":22,"key":"Regen Potion"},{"floor":27,"key":"Dexterity Potion"},{"floor":31,"key":"Dexterity Potion"}],"is_trial":false,"path_per_floor":["R","M","M","M","M","M","T","$","M","M","R","E","M","E","M","B",null,"T","?","?","?","?","?","T","?","T","?","?","T","?","?","?","B",null,"T","?","?"],"character_chosen":"THE_CHAMP","items_purchased":["champ:Haymaker"],"campfire_rested":1,"item_purchase_floors":[8],"current_hp_per_floor":[99,99,99,94,84,73,73,73,64,60,60,47,45,41,41,30,99,99,99,99,99,73,73,73,65,65,59,46,75,75,84,82,73,99,99,30,0,0],"gold":592,"neow_bonus":"TEN_PERCENT_HP_BONUS","is_daily":false,"chose_seed":false,"campfire_upgraded":4,"win_rate":0.0,"timestamp":1613987133,"path_taken":["R","M","M","M","M","M","T","$","M","M","R","E","?","E","M","BOSS","T","?","?","?","?","?","T","?","T","?","?","T","?","?","?","BOSS","T","?","?"],"items_purchased_type":["Card"],"build_version":"2020-12-22","purchased_purges":0,"victory":false,"max_hp_per_floor":[99,99,99,99,99,99,99,99,99,99,99,99,99,99,99,99,99,99,99,99,99,99,99,99,99,99,99,99,99,99,99,99,99,99,99,99,99,99],"card_choices":[{"not_picked":["champ:RecklessLeap","champ:EnragedBash","champ:Haymaker"],"picked":"SKIP","floor":2},{"not_picked":["champ:Circumvent","champ:Shatter"],"picked":"champ:BerserkersShout","floor":3},{"not_picked":["champ:StanceDance","champ:CrownThrow"],"picked":"champ:MurderStrike","floor":4},{"not_picked":["champ:Circumvent","champ:FanOfKnives"],"picked":"champ:AdrenalArmor","floor":5},{"not_picked":["champ:ShieldSlam","champ:SetATrap"],"picked":"champ:AdrenalArmor","floor":6},{"not_picked":["champ:LastStand","champ:EndlessRage"],"picked":"champ:ShieldWall","floor":8},{"not_picked":["champ:Parry+1","champ:GutPunch"],"picked":"champ:AdrenalArmor+1","floor":9},{"not_picked":["champ:Lariat+1","champ:CrownThrow"],"picked":"champ:RecklessLeap","floor":10},{"not_picked":["champ:GladiatorStyle","champ:Haymaker"],"picked":"champ:FanOfKnives","floor":12},{"not_picked":["champ:EndlessRage","champ:CrownThrow"],"picked":"champ:PreciseThrust","floor":13},{"not_picked":["champ:Haymaker","champ:TornadoPunch"],"picked":"champ:BerserkersShout+1","floor":14},{"not_picked":["champ:TornadoPunch","champ:Shatter"],"picked":"champ:CrookedStrike","floor":15},{"not_picked":["champ:Devastate","champ:GladiatorForm"],"picked":"champ:CheapShot","floor":16},{"not_picked":["champ:BladeFlurry+1","champ:EnGarde+1"],"picked":"champ:FancyFootwork+1","floor":19},{"not_picked":["champ:ShieldWall","champ:DefensiveShout+1"],"picked":"champ:PreciseThrust","floor":21},{"not_picked":["champ:ShieldThrow","champ:PerfectedStrike","champ:CrownThrow"],"picked":"SKIP","floor":22},{"not_picked":["champ:BladeFlurry","champ:RecklessLeap+1"],"picked":"champ:BringItOn+1","floor":25},{"not_picked":["champ:GladiatorStyle","champ:GutPunch+1"],"picked":"champ:BringItOn+1","floor":27},{"not_picked":["champ:FlashCut","champ:BerserkersShout+1","champ:GutPunch"],"picked":"SKIP","floor":28},{"not_picked":["champ:GladiatorForm","champ:GutPunch"],"picked":"champ:FocusedBerserking+1","floor":30},{"not_picked":["champ:ArenaPreparation+1","champ:FocusedBerserking+1"],"picked":"champ:Circumvent+1","floor":31},{"not_picked":["champ:TornadoPunch","champ:BladeFlurry"],"picked":"champ:CrookedStrike","floor":32},{"not_picked":["champ:GladiatorForm","champ:Improvising"],"picked":"champ:VampiricStrike","floor":33},{"not_picked":["champ:EnGarde+1","champ:FocusedBerserking+1"],"picked":"champ:StanceDance+1","floor":36}],"player_experience":672766,"relics_obtained":[{"floor":7,"key":"Toxic Egg 2"},{"floor":12,"key":"reliquary:Spinner"},{"floor":14,"key":"Counterbalance"},{"floor":24,"key":"hubris:64BitClover"},{"floor":33,"key":"reliquary:Sod"}],"event_choices":[],"is_beta":false,"boss_relics":[{"not_picked":["jedi:hotpepper","Runic Dome"],"picked":"Painkiller Herb"},{"not_picked":["Cursed Key","hubris:BlackHole"],"picked":"ReplayTheSpireMod:DimensionalGlitch"}],"items_purged_floors":[],"is_endless":false,"potions_floor_spawned":[3,4,5,13,14,15,19,22,27,31],"killed_by":"3 Shapes","ascension_level":0}}