{"host":"mzi5fmi0sxohsdsn","time":1613998860,"event":{"mods":["AchievementEnabler","BaseMod","DeckTracker","Filter the Spire","Minty Spire (QoL Compilation)","Quick Restart","Shop Mod","StSLib"],"gold_per_floor":[111,122,47,47,67,102,102,177,177,177,238,254,274,288,288,383,383,393,413,172,189,104,104,104],"floor_reached":23,"language":"RUS","playtime":3420,"items_purged":["Strike_P"],"score":193,"play_id":"6a0d4c81-fdb4-4fad-8a67-fcd841a3db09","local_time":"20210222200100","is_ascension_mode":false,"campfire_choices":[{"floor":7.0,"key":"REST"},{"data":"BowlingBash","floor":10.0,"key":"SMITH"},{"floor":15,"key":"REST"}],"circlet_count":0,"master_deck":["Strike_P","Strike_P","Strike_P","Defend_P","Defend_P","Eruption","Vigilance","BowlingBash+1","BowlingBash","FlyingSleeves","BowlingBash","WindmillStrike","EmptyBody+1","Prostrate+1","EmptyBody+1","EmptyBody+1"],"relics":["PureWater","StoneCalendar","Omamori","Mercury Hourglass","Shuriken","Toxic Egg 2","Empty Cage","Anchor","Eternal Feather"],"acts_visited":["Exordium","TheCity"],"potions_floor_usage":[16,16,16,21,23],"damage_taken":[{"damage":1.0,"enemies":"Jaw Worm","floor":1.0,"turns":5.0},{"damage":0.0,"enemies":"2 Louse","floor":2.0,"turns":3.0},{"damage":0.0,"enemies":"Small Slimes","floor":5.0,"turns":3.0},{"damage":32.0,"enemies":"Gremlin Nob","floor":6.0,"turns":3.0},{"damage":5.0,"enemies":"3 Sentries","floor":11.0,"turns":4.0},{"damage":0.0,"enemies":"Exordium Wildlife","floor":12.0,"turns":4.0},{"damage":4.0,"enemies":"2 Fungi Beasts","floor":13.0,"turns":2.0},{"damage":2,"enemies":"Exordium Thugs","floor":14,"turns":4},{"damage":17,"enemies":"Hexaghost","floor":16,"turns":7},{"damage":10,"enemies":"Chosen","floor":18,"turns":3},{"damage":49,"enemies":"Shell Parasite","floor":19,"turns":6},{"damage":24,"enemies":"Sentry and Sphere","floor":21,"turns":6},{"damage":7,"enemies":"Gremlin Leader","floor":23,"turns":2}],"seed_played":"8802383095509311990","potions_obtained":[{"floor":5.0,"key":"SneckoOil"},{"floor":6.0,"key":"PowerPotion"},{"floor":11.0,"key":"Weak Potion"},{"floor":13.0,"key":"BottledMiracle"},{"floor":18,"key":"Strength Potion"}],"is_trial":false,"path_per_floor":["M","M","$","?","M","E","R","?","T","R","?","M","M","M","R","B",null,"M","M","$","M","?","E"],"character_chosen":"WATCHER","items_purchased":["EmptyBody+1","Anchor","Regen Potion"],"campfire_rested":2,"item_purchase_floors":[20,20,20],"current_hp_per_floor":[50,50,50,43,43,11,32,21,21,21,16,16,12,10,31,14,72,62,13,13,1,1,0,0],"gold":104,"neow_bonus":"ONE_RARE_RELIC","is_daily":false,"chose_seed":false,"campfire_upgraded":1,"win_rate":0.0,"timestamp":1613998860,"path_taken":["M","M","$","?","M","E","R","?","T","R","?","M","?","M","R","BOSS","M","M","$","M","?","E"],"items_purchased_type":["Card","Relic","Potion"],"build_version":"2020-12-22","purchased_purges":1,"victory":false,"max_hp_per_floor":[72,72,72,72,72,72,72,72,72,72,72,72,72,72,72,72,72,72,72,72,72,72,72,72],"card_choices":[{"not_picked":["Nirvana","Prostrate"],"picked":"BowlingBash","floor":1.0},{"not_picked":["EmptyFist","ForeignInfluence"],"picked":"BowlingBash","floor":2.0},{"not_picked":["WindmillStrike","LikeWater"],"picked":"FlyingSleeves","floor":5.0},{"not_picked":["MentalFortress","LikeWater","Wireheading"],"picked":"SKIP","floor":6.0},{"not_picked":["PathToVictory+1","ConjureBlade+1"],"picked":"BowlingBash","floor":11.0},{"not_picked":["EmptyMind+1","ClearTheMind+1","Weave"],"picked":"SKIP","floor":12.0},{"not_picked":["WheelKick","DeceiveReality+1"],"picked":"WindmillStrike","floor":13.0},{"not_picked":["MentalFortress","CutThroughFate","Weave"],"picked":"SKIP","floor":14},{"not_picked":["Consecrate","Halt+1"],"picked":"EmptyBody+1","floor":18},{"not_picked":["WreathOfFlame+1","TalkToTheHand"],"picked":"Prostrate+1","floor":19},{"not_picked":["Wireheading","ThirdEye+1"],"picked":"EmptyBody+1","floor":21}],"player_experience":184696,"relics_obtained":[{"floor":6.0,"key":"Mercury Hourglass"},{"floor":9.0,"key":"Shuriken"},{"floor":11.0,"key":"Toxic Egg 2"}],"event_choices":[{"damage_healed":0.0,"max_hp_gain":0.0,"max_hp_loss":0.0,"gold_gain":0.0,"event_name":"Scrap Ooze","player_choice":"Success","floor":4.0,"gold_loss":0.0,"damage_taken":7.0,"relics_obtained":["Omamori"]},{"damage_healed":0.0,"max_hp_gain":0.0,"max_hp_loss":0.0,"gold_gain":75.0,"event_name":"World of Goop","player_choice":"Gather Gold","floor":8.0,"gold_loss":0.0,"damage_taken":11.0},{"damage_healed":0.0,"max_hp_gain":0.0,"max_hp_loss":0.0,"gold_gain":0.0,"event_name":"Dead Adventurer","player_choice":"Searched \u00271\u0027 times","floor":11.0,"gold_loss":0.0,"damage_taken":0.0},{"damage_healed":0,"gold_gain":0,"player_choice":"Obtained Relic","damage_taken":0,"relics_obtained":["Eternal Feather"],"max_hp_gain":0,"max_hp_loss":0,"event_name":"Addict","floor":22,"gold_loss":85}],"is_beta":false,"boss_relics":[{"not_picked":["Ectoplasm","Snecko Eye"],"picked":"Empty Cage"}],"items_purged_floors":[3],"is_endless":false,"potions_floor_spawned":[5,6,11,13,14,18],"killed_by":"Gremlin Leader","ascension_level":0}}