{"host":"gfxjwtol062e9znw","time":1613997212,"event":{"mods":["BaseMod","Colored Map","Minty Spire (QoL Compilation)","Rare Cards Sparkle","StSLib"],"gold_per_floor":[116,16,16,35,49,76,151,151,204,204,47,47,74,87,87,190,190,208,208,228,228,240,240,66,96,96,112,112,141,141,166,166,264,264,278,332,348,348,366,395,395,79,79,113,163,245,245,258,258,258],"floor_reached":51,"language":"ENG","playtime":3140,"items_purged":["Strike_G","Defend_G"],"score":1281,"play_id":"efab2097-5d0f-47e4-982c-ebe52a5214e2","local_time":"20210222233332","is_ascension_mode":true,"campfire_choices":[{"floor":8,"key":"REST"},{"data":"Neutralize","floor":10,"key":"SMITH"},{"data":"Cloak And Dagger","floor":12,"key":"SMITH"},{"floor":15,"key":"REST"},{"floor":23,"key":"REST"},{"data":"RitualDagger","floor":28,"key":"SMITH"},{"data":"Blade Dance","floor":30,"key":"SMITH"},{"data":"Leg Sweep","floor":32,"key":"SMITH"},{"floor":41,"key":"REST"},{"data":"Storm of Steel","floor":47,"key":"SMITH"},{"data":"Secret Technique","floor":49,"key":"SMITH"}],"circlet_count":0,"master_deck":["AscendersBane","Strike_G","Strike_G+1","Strike_G","Defend_G","Defend_G","Defend_G","Survivor","Neutralize+1","Blade Dance","Dodge and Roll","Flying Knee+1","Cloak And Dagger+1","Dagger Spray","Leg Sweep+1","Finisher","Corpse Explosion","Blade Dance+1","RitualDagger+1","Skewer+1","Backstab+1","All Out Attack","Catalyst+1","Storm of Steel+1","Cloak And Dagger+1","Secret Weapon","Backstab","PiercingWail","Secret Technique+1","Regret","Calculated Gamble+1","Shame"],"relics":["Ring of the Snake","Whetstone","Nunchaku","Orichalcum","Dead Branch","Empty Cage","Eternal Feather","Pantograph","Pear","Bronze Scales","Cursed Key","Tingsha","Snake Skull","Blue Candle","PreservedInsect","Girya","InkBottle"],"acts_visited":["TheCity","TheBeyond"],"potions_floor_usage":[6,13,16,25,31,33,39,44,50,50],"damage_taken":[{"damage":3,"enemies":"2 Louse","floor":1,"turns":4},{"damage":3,"enemies":"Jaw Worm","floor":4,"turns":4},{"damage":1,"enemies":"Small Slimes","floor":5,"turns":4},{"damage":11,"enemies":"3 Sentries","floor":6,"turns":8},{"damage":8,"enemies":"Lagavulin","floor":13,"turns":5},{"damage":0,"enemies":"Looter","floor":14,"turns":3},{"damage":9,"enemies":"Slime Boss","floor":16,"turns":8},{"damage":0,"enemies":"3 Byrds","floor":18,"turns":2},{"damage":0,"enemies":"Spheric Guardian","floor":20,"turns":2},{"damage":14,"enemies":"Centurion and Healer","floor":22,"turns":2},{"damage":0,"enemies":"Gremlin Leader","floor":25,"turns":3},{"damage":18,"enemies":"Shelled Parasite and Fungi","floor":27,"turns":6},{"damage":19,"enemies":"Book of Stabbing","floor":29,"turns":4},{"damage":12,"enemies":"Gremlin Leader","floor":31,"turns":5},{"damage":43,"enemies":"Collector","floor":33,"turns":9},{"damage":14,"enemies":"3 Shapes","floor":35,"turns":3},{"damage":11,"enemies":"2 Orb Walkers","floor":36,"turns":4},{"damage":0,"enemies":"Orb Walker","floor":37,"turns":1},{"damage":27,"enemies":"Sphere and 2 Shapes","floor":39,"turns":4},{"damage":40,"enemies":"Giant Head","floor":40,"turns":6},{"damage":23,"enemies":"Nemesis","floor":44,"turns":4},{"damage":0,"enemies":"Mind Bloom Boss Battle","floor":45,"turns":2},{"damage":8,"enemies":"4 Shapes","floor":48,"turns":2},{"damage":35,"enemies":"Donu and Deca","floor":50,"turns":3}],"seed_played":"3539801680236235401","potions_obtained":[{"floor":5,"key":"Explosive Potion"},{"floor":6,"key":"CunningPotion"},{"floor":13,"key":"ColorlessPotion"},{"floor":25,"key":"FairyPotion"},{"floor":29,"key":"LiquidBronze"},{"floor":31,"key":"CultistPotion"},{"floor":36,"key":"AttackPotion"},{"floor":45,"key":"CunningPotion"},{"floor":48,"key":"Strength Potion"}],"is_trial":false,"path_per_floor":["M","$","?","M","M","E","?","R","T","R","$","R","E","M","R","B",null,"M","?","M","?","M","R","$","E","T","M","R","E","R","E","R","B",null,"M","?","M","?","M","E","R","$","T","E","?","T","R","M","R","B",null],"character_chosen":"THE_SILENT","items_purchased":["Dodge and Roll","Orichalcum","CunningPotion","SmokeBomb","SteroidPotion","Secret Technique"],"campfire_rested":4,"item_purchase_floors":[2,11,24,42,42,42],"current_hp_per_floor":[67,67,67,64,63,52,41,64,64,64,64,64,56,56,77,68,75,75,69,69,69,55,77,77,77,77,59,71,62,74,62,74,44,76,62,51,51,51,24,26,67,67,67,44,69,69,87,79,87,52],"gold":258,"neow_bonus":"TEN_PERCENT_HP_BONUS","is_daily":false,"chose_seed":false,"campfire_upgraded":7,"win_rate":0.0,"timestamp":1613997212,"path_taken":["M","$","?","M","M","E","?","R","T","R","$","R","E","M","R","BOSS","M","?","M","?","M","R","$","E","T","M","R","E","R","E","R","BOSS","M","?","M","?","M","E","R","$","T","E","?","?","R","M","R","BOSS"],"items_purchased_type":["Card","Relic","Potion","Potion","Potion","Card"],"build_version":"2020-12-22","purchased_purges":2,"victory":true,"max_hp_per_floor":[77,77,77,77,77,77,77,77,77,77,77,77,77,77,77,77,77,77,77,77,77,77,77,77,77,77,77,77,87,87,87,87,87,87,87,87,87,87,87,87,87,87,87,87,87,87,87,87,87,87],"card_choices":[{"not_picked":["Quick Slash","Outmaneuver"],"picked":"Blade Dance","floor":1},{"not_picked":["Bouncing Flask","Underhanded Strike"],"picked":"Flying Knee","floor":4},{"not_picked":["Acrobatics","Flechettes"],"picked":"Cloak And Dagger","floor":5},{"not_picked":["Concentrate","Footwork"],"picked":"Dagger Spray","floor":6},{"not_picked":["Flying Knee","Outmaneuver"],"picked":"Leg Sweep","floor":13},{"not_picked":["Outmaneuver","Eviscerate"],"picked":"Finisher","floor":14},{"not_picked":["Bullet Time","Burst"],"picked":"Corpse Explosion","floor":16},{"not_picked":["Flying Knee","Noxious Fumes"],"picked":"Blade Dance","floor":18},{"not_picked":["Dagger Throw+1","Poisoned Stab+1"],"picked":"Skewer+1","floor":20},{"not_picked":["Dash+1","Tactician"],"picked":"Backstab+1","floor":22},{"not_picked":["Quick Slash","Catalyst"],"picked":"All Out Attack","floor":25},{"not_picked":["Deadly Poison","Outmaneuver","Eviscerate"],"picked":"SKIP","floor":27},{"not_picked":["Deadly Poison","All Out Attack+1","Acrobatics"],"picked":"SKIP","floor":29},{"not_picked":["Noxious Fumes","Blade Dance"],"picked":"Catalyst+1","floor":31},{"not_picked":["Malaise","Grand Finale"],"picked":"Storm of Steel","floor":33},{"not_picked":["Infinite Blades+1","Distraction+1","Deadly Poison+1"],"picked":"SKIP","floor":35},{"not_picked":["Distraction","Dagger Throw+1"],"picked":"Cloak And Dagger+1","floor":36},{"not_picked":["Catalyst+1","Outmaneuver","Heel Hook"],"picked":"SKIP","floor":37},{"not_picked":["Mayhem","Trip"],"picked":"Secret Weapon","floor":38},{"not_picked":["Flying Knee+1","Outmaneuver+1"],"picked":"Backstab","floor":39},{"not_picked":["Dagger Throw+1","Setup"],"picked":"PiercingWail","floor":40},{"not_picked":["Corpse Explosion","Acrobatics+1"],"picked":"Calculated Gamble+1","floor":44},{"not_picked":["Underhanded Strike+1","Reflex+1","Backflip+1"],"picked":"SKIP","floor":48}],"player_experience":202722,"relics_obtained":[{"floor":6,"key":"Whetstone"},{"floor":9,"key":"Nunchaku"},{"floor":13,"key":"Dead Branch"},{"floor":25,"key":"Eternal Feather"},{"floor":26,"key":"Pantograph"},{"floor":29,"key":"Pear"},{"floor":31,"key":"Bronze Scales"},{"floor":36,"key":"Tingsha"},{"floor":40,"key":"Snake Skull"},{"floor":43,"key":"Blue Candle"},{"floor":44,"key":"PreservedInsect"},{"floor":45,"key":"Girya"},{"floor":46,"key":"InkBottle"}],"event_choices":[{"damage_healed":0,"gold_gain":0,"player_choice":"Ignored","damage_taken":0,"max_hp_gain":0,"max_hp_loss":0,"event_name":"Shining Light","floor":3,"gold_loss":0},{"damage_healed":0,"gold_gain":75,"player_choice":"Gather Gold","damage_taken":11,"max_hp_gain":0,"max_hp_loss":0,"event_name":"World of Goop","floor":7,"gold_loss":0},{"damage_healed":0,"gold_gain":0,"player_choice":"Joined the Cult","damage_taken":6,"max_hp_gain":0,"max_hp_loss":0,"event_name":"Nest","floor":19,"gold_loss":0,"cards_obtained":["RitualDagger"]},{"damage_healed":0,"gold_gain":0,"player_choice":"Ignored","damage_taken":0,"max_hp_gain":0,"max_hp_loss":0,"event_name":"Vampires","floor":21,"gold_loss":0},{"damage_healed":0,"gold_gain":0,"player_choice":"Fight","damage_taken":0,"max_hp_gain":0,"max_hp_loss":0,"event_name":"Mysterious Sphere","floor":36,"gold_loss":0},{"damage_healed":0,"gold_gain":0,"player_choice":"Memory 1","damage_taken":0,"max_hp_gain":0,"max_hp_loss":0,"event_name":"SensoryStone","floor":38,"gold_loss":0},{"damage_healed":0,"gold_gain":0,"player_choice":"Fight","damage_taken":0,"max_hp_gain":0,"max_hp_loss":0,"event_name":"MindBloom","floor":45,"gold_loss":0}],"is_beta":false,"boss_relics":[{"not_picked":["Velvet Choker","Tiny House"],"picked":"Empty Cage"},{"not_picked":["Runic Pyramid","Runic Dome"],"picked":"Cursed Key"}],"items_purged_floors":[2,24],"is_endless":false,"potions_floor_spawned":[5,6,13,25,29,31,36,37,45,48],"ascension_level":11}}