{"host":"otnudku6n3tqcmrv","time":1613964830,"event":{"mods":["BaseMod","Colored Map","DeckTracker","Hermit","Keyboard Shortcuts","Minty Spire (QoL Compilation)","Quick Restart","StSLib","SuperFastMode","Waifu the Spire","everything is the same but u backflip on backflip"],"gold_per_floor":[114,189,219,219,219,249,249,279,279,294,324,339,339,354,354,454,454,469,484,493,508,523,523,523,538,538,538,163,178,208,223,223,323,323,353,368,368,118,133,133,163,13,13,13,43,58,58,73,73,73],"floor_reached":51,"language":"KOR","playtime":1453,"items_purged":["hermit:Purgatory","Grand Finale"],"score":951,"play_id":"f6a9d37e-ebe6-4c07-98da-3ad1b8f9c5d1","local_time":"20210222123350","daily_mods":["Shiny","Diverse","Binary"],"is_ascension_mode":false,"campfire_choices":[{"data":"Scrawl","floor":7,"key":"SMITH"},{"floor":15,"key":"REST"},{"floor":23,"key":"REST"},{"floor":27,"key":"REST"},{"data":"Wraith Form v2","floor":32,"key":"SMITH"},{"data":"hermit:EternalForm","floor":40,"key":"SMITH"},{"data":"1","floor":47,"key":"LIFT"},{"data":"2","floor":49,"key":"LIFT"}],"circlet_count":0,"master_deck":["hermit:DeadOrAlive","hermit:FromBeyond","hermit:Roughhouse","hermit:Magnum","hermit:FatalDesire","hermit:HeroicBravado","hermit:HighNoon","hermit:Gambit","hermit:FinalCanter","hermit:EternalForm+1","hermit:Adapt","hermit:Dissolve","hermit:OverwhelmingPower","hermit:BlackWind","hermit:RoundhouseKick","Brilliance","Devotion","LessonLearned","Vault","Alpha","Establishment","DeusExMachina","Judgement","ConjureBlade+1","MasterReality","Blasphemy","Ragnarok","Scrawl+1","Wish","Omniscience","SpiritShield","DevaForm","Hyperbeam","Machine Learning","Buffer","Seek","Echo Form","All For One","Reboot","Fission","Core Surge","Multi-Cast","Thunder Strike","Biased Cognition","Electrodynamics","Rainbow","Meteor Strike","Amplify","Creative AI","Corpse Explosion","Die Die Die","Adrenaline","Envenom","Doppelganger","Burst","Wraith Form v2+1","Tools of the Trade","After Image","A Thousand Cuts","Venomology","Malaise","Phantasmal Killer","Night Terror","Unload","Bullet Time","Storm of Steel","Glass Knife","Double Tap","Demon Form","Fiend Fire","Berserk","Impervious","Juggernaut","Brutality","Exhume","Offering","Bludgeon","Feed","Limit Break","Corruption","Barricade","Reaper","Immolate","Echo Form"],"relics":["Cracked Core","Singing Bowl","Bag of Preparation","CeramicFish","Mummified Hand","Pen Nib","Philosopher\u0027s Stone","Orichalcum","Bird Faced Urn","Lee\u0027s Waffle","Oddly Smooth Stone","Eternal Feather","Busted Crown","Medical Kit","Girya","Nunchaku","Ancient Tea Set","Letter Opener"],"acts_visited":["Exordium","TheCity","TheBeyond"],"potions_floor_usage":[13,30,45,50],"damage_taken":[{"damage":6,"enemies":"2 Louse","floor":1,"turns":2},{"damage":5,"enemies":"Small Slimes","floor":3,"turns":3},{"damage":7,"enemies":"Gremlin Nob","floor":6,"turns":3},{"damage":23,"enemies":"Lagavulin","floor":8,"turns":7},{"damage":0,"enemies":"Jaw Worm","floor":10,"turns":2},{"damage":7,"enemies":"3 Sentries","floor":11,"turns":4},{"damage":6,"enemies":"2 Fungi Beasts","floor":12,"turns":1},{"damage":0,"enemies":"Gremlin Gang","floor":13,"turns":1},{"damage":6,"enemies":"Exordium Wildlife","floor":14,"turns":1},{"damage":0,"enemies":"Slime Boss","floor":16,"turns":7},{"damage":0,"enemies":"Spheric Guardian","floor":18,"turns":1},{"damage":0,"enemies":"2 Thieves","floor":19,"turns":2},{"damage":12,"enemies":"Chosen and Byrds","floor":21,"turns":3},{"damage":43,"enemies":"Snake Plant","floor":22,"turns":3},{"damage":39,"enemies":"Shelled Parasite and Fungi","floor":25,"turns":5},{"damage":6,"enemies":"Centurion and Healer","floor":29,"turns":6},{"damage":31,"enemies":"Book of Stabbing","floor":30,"turns":5},{"damage":0,"enemies":"Sentry and Sphere","floor":31,"turns":1},{"damage":13,"enemies":"Collector","floor":33,"turns":4},{"damage":19,"enemies":"3 Darklings","floor":35,"turns":3},{"damage":0,"enemies":"3 Shapes","floor":36,"turns":2},{"damage":1,"enemies":"Transient","floor":39,"turns":6},{"damage":2,"enemies":"Giant Head","floor":41,"turns":6},{"damage":49,"enemies":"Reptomancer","floor":45,"turns":5},{"damage":0,"enemies":"Sphere and 2 Shapes","floor":46,"turns":2},{"damage":0,"enemies":"3 Darklings","floor":48,"turns":2},{"damage":41,"enemies":"Time Eater","floor":50,"turns":10}],"seed_played":"-9004314451342404475","potions_obtained":[{"floor":8,"key":"Dexterity Potion"},{"floor":10,"key":"SmokeBomb"},{"floor":19,"key":"Energy Potion"},{"floor":30,"key":"Weak Potion"}],"is_trial":false,"path_per_floor":["M","?","M","?","?","E","R","E","T","M","E","M","M","M","R","B",null,"M","M","?","M","M","R","?","M","T","R","$","M","E","M","R","B",null,"M","M","?","$","M","R","E","$","T","?","E","M","R","M","R","B",null],"character_chosen":"DEFECT","items_purchased":["Lee\u0027s Waffle","Oddly Smooth Stone","Medical Kit","Nunchaku"],"campfire_rested":3,"item_purchase_floors":[28,28,38,42],"current_hp_per_floor":[69,58,53,58,55,50,50,29,29,31,29,25,25,21,49,51,97,99,101,101,91,50,81,81,48,48,80,114,116,99,101,120,122,122,109,122,122,122,122,122,121,121,121,121,81,87,122,122,122,122],"gold":73,"neow_bonus":"","is_daily":true,"chose_seed":false,"campfire_upgraded":3,"win_rate":0.0,"timestamp":1613964830,"path_taken":["M","?","M","?","?","E","R","E","T","M","E","M","M","?","R","BOSS","M","M","?","M","?","R","?","M","T","R","$","M","E","M","R","BOSS","M","M","?","$","M","R","E","$","T","?","E","?","R","M","R","BOSS"],"items_purchased_type":["Relic","Relic","Relic","Relic"],"build_version":"2020-12-22","purchased_purges":2,"victory":true,"max_hp_per_floor":[75,75,75,80,80,82,82,84,84,86,91,93,93,95,95,97,97,99,101,101,103,105,105,105,107,107,107,114,116,118,120,120,122,122,122,122,122,122,122,122,122,122,122,122,122,122,122,122,122,122],"card_choices":[{"not_picked":["hermit:Vantage","Perfected Strike"],"picked":"SKIP","floor":1},{"not_picked":["FlurryOfBlows","Crippling Poison"],"picked":"SKIP","floor":3},{"not_picked":["Reckless Charge","Tantrum"],"picked":"Singing Bowl","floor":6},{"not_picked":["Study","Self Repair"],"picked":"Singing Bowl","floor":8},{"not_picked":["Cleave","True Grit"],"picked":"Singing Bowl","floor":10},{"not_picked":["FlurryOfBlows","Quick Slash"],"picked":"Singing Bowl","floor":11},{"not_picked":["Gash","ReachHeaven"],"picked":"Singing Bowl","floor":12},{"not_picked":["Streamline","Twin Strike"],"picked":"Singing Bowl","floor":14},{"not_picked":["After Image","Exhume"],"picked":"Singing Bowl","floor":16},{"not_picked":["Twin Strike","Pummel+1"],"picked":"Singing Bowl","floor":18},{"not_picked":["hermit:Misfire","Sucker Punch+1"],"picked":"Singing Bowl","floor":19},{"not_picked":["Flex","Seeing Red"],"picked":"Singing Bowl","floor":21},{"not_picked":["Body Slam","Cleave"],"picked":"Singing Bowl","floor":22},{"not_picked":["Leap","Heavy Blade+1"],"picked":"Singing Bowl","floor":25},{"not_picked":["Consume","hermit:PistolWhip"],"picked":"Singing Bowl","floor":29},{"not_picked":["ThirdEye","hermit:BodyArmor"],"picked":"Singing Bowl","floor":30},{"not_picked":["Demon Form","hermit:Dive"],"picked":"Singing Bowl","floor":31},{"not_picked":["Fission","hermit:Reprieve"],"picked":"Singing Bowl","floor":33}],"player_experience":1325794,"relics_obtained":[{"floor":6,"key":"Bag of Preparation"},{"floor":8,"key":"CeramicFish"},{"floor":9,"key":"Mummified Hand"},{"floor":11,"key":"Pen Nib"},{"floor":26,"key":"Bird Faced Urn"},{"floor":30,"key":"Eternal Feather"},{"floor":41,"key":"Girya"},{"floor":43,"key":"Ancient Tea Set"},{"floor":45,"key":"Letter Opener"}],"event_choices":[{"damage_healed":0,"gold_gain":75,"player_choice":"Gather Gold","damage_taken":11,"max_hp_gain":0,"max_hp_loss":0,"event_name":"World of Goop","floor":2,"gold_loss":0},{"damage_healed":0,"gold_gain":0,"player_choice":"Donut","damage_taken":0,"max_hp_gain":5,"max_hp_loss":0,"event_name":"Big Fish","floor":4,"gold_loss":0},{"damage_healed":0,"gold_gain":0,"player_choice":"Success","damage_taken":3,"relics_obtained":["Singing Bowl"],"max_hp_gain":0,"max_hp_loss":0,"event_name":"Scrap Ooze","floor":5,"gold_loss":0},{"damage_healed":0,"gold_gain":0,"player_choice":"Copied","damage_taken":0,"max_hp_gain":0,"max_hp_loss":0,"event_name":"Duplicator","floor":20,"gold_loss":0,"cards_obtained":["Echo Form"]},{"damage_healed":0,"gold_gain":0,"player_choice":"Opened","damage_taken":0,"relics_obtained":["Orichalcum"],"max_hp_gain":0,"max_hp_loss":0,"event_name":"The Mausoleum","floor":24,"gold_loss":0},{"damage_healed":0,"gold_gain":0,"player_choice":"Ignored","damage_taken":0,"max_hp_gain":0,"max_hp_loss":0,"event_name":"Tomb of Lord Red Mask","floor":37,"gold_loss":0},{"cards_removed":["hermit:Reprieve"],"damage_healed":0,"gold_gain":0,"player_choice":"Purged","damage_taken":0,"max_hp_gain":0,"max_hp_loss":0,"event_name":"Purifier","floor":44,"gold_loss":0}],"is_beta":false,"boss_relics":[{"not_picked":["Velvet Choker","SacredBark"],"picked":"Philosopher\u0027s Stone"},{"not_picked":["Sozu","Nuclear Battery"],"picked":"Busted Crown"}],"items_purged_floors":[28,38],"is_endless":false,"potions_floor_spawned":[8,10,11,12,19,25,30,33,35,46,48],"ascension_level":0}}