{"host":"a9gsz7kv8aebwp1f","time":1613997476,"event":{"mods":["AchievementEnabler","BaseMod","Minty Spire (QoL Compilation)"],"gold_per_floor":[114,189,201,201,201,233,42,42,94,94,109,33,33,44,44,146,196,121,136,136,136,136],"floor_reached":21,"language":"KOR","playtime":767,"items_purged":[],"score":320,"play_id":"6153410a-8c9f-4ee5-971e-a896c3a7b88b","local_time":"20210222213756","is_ascension_mode":true,"campfire_choices":[{"floor":8,"key":"REST"},{"data":"Dualcast","floor":10,"key":"SMITH"},{"data":"Hello World","floor":13,"key":"SMITH"},{"data":"Auto Shields","floor":15,"key":"SMITH"}],"circlet_count":0,"master_deck":["AscendersBane","Strike_B","Strike_B","Strike_B","Strike_B","Defend_B","Defend_B","Defend_B","Defend_B+1","Zap","Dualcast+1","Hello World+1","Blizzard","Leap","Undo","Auto Shields+1","Leap","Steam","Chill","Leap","Reinforced Body","Melter"],"relics":["Cracked Core","NeowsBlessing","Boot","Bag of Marbles","Sling","Toy Ornithopter","Tiny House","Vajra"],"acts_visited":["Exordium","TheCity"],"potions_floor_usage":[],"damage_taken":[{"damage":0,"enemies":"2 Louse","floor":1,"turns":1},{"damage":0,"enemies":"Jaw Worm","floor":3,"turns":1},{"damage":0,"enemies":"3 Sentries","floor":6,"turns":1},{"damage":1,"enemies":"Small Slimes","floor":11,"turns":4},{"damage":7,"enemies":"Blue Slaver","floor":14,"turns":4},{"damage":17,"enemies":"Hexaghost","floor":16,"turns":15},{"damage":4,"enemies":"2 Thieves","floor":18,"turns":5},{"damage":2,"enemies":"Shell Parasite","floor":19,"turns":11},{"damage":88,"enemies":"3 Cultists","floor":21,"turns":7}],"seed_played":"-7932636627391821045","potions_obtained":[{"floor":6,"key":"Explosive Potion"},{"floor":14,"key":"ColorlessPotion"},{"floor":17,"key":"Strength Potion"}],"is_trial":false,"path_per_floor":["M","?","M","?","?","E","$","R","T","R","M","$","R","M","R","B",null,"M","M","?","M"],"character_chosen":"DEFECT","items_purchased":["Sling","Undo","Leap","Steam"],"campfire_rested":1,"item_purchase_floors":[7,7,12,12],"current_hp_per_floor":[68,57,57,57,45,45,45,67,67,67,66,66,66,59,59,42,72,68,66,66,0,0],"gold":136,"neow_bonus":"THREE_ENEMY_KILL","is_daily":false,"chose_seed":false,"campfire_upgraded":3,"win_rate":0.0,"timestamp":1613997476,"path_taken":["M","?","M","?","?","E","$","R","T","R","M","?","R","?","R","BOSS","M","M","?","M"],"items_purchased_type":["Relic","Card","Card","Card"],"build_version":"2020-12-22","purchased_purges":0,"victory":false,"max_hp_per_floor":[75,75,75,75,75,75,75,75,75,75,75,75,75,75,75,75,80,80,80,80,80,80],"card_choices":[{"not_picked":["Stack","Darkness"],"picked":"Hello World","floor":1},{"not_picked":["Static Discharge","Self Repair"],"picked":"Blizzard","floor":3},{"not_picked":["Compile Driver","Rip and Tear"],"picked":"Leap","floor":6},{"not_picked":["Scrape","Ball Lightning"],"picked":"Auto Shields","floor":11},{"not_picked":["FTL","Double Energy"],"picked":"Chill","floor":14},{"not_picked":["Go for the Eyes","Compile Driver"],"picked":"Leap","floor":17},{"not_picked":["Turbo","Beam Cell"],"picked":"Reinforced Body","floor":18},{"not_picked":["Chill","Chaos"],"picked":"Melter","floor":19}],"player_experience":476091,"relics_obtained":[{"floor":6,"key":"Bag of Marbles"},{"floor":9,"key":"Toy Ornithopter"}],"event_choices":[{"damage_healed":0,"gold_gain":75,"player_choice":"Gather Gold","damage_taken":11,"max_hp_gain":0,"max_hp_loss":0,"event_name":"World of Goop","floor":2,"gold_loss":0},{"damage_healed":0,"gold_gain":0,"player_choice":"Ignored","damage_taken":0,"max_hp_gain":0,"max_hp_loss":0,"event_name":"Golden Wing","floor":4,"gold_loss":0},{"damage_healed":0,"gold_gain":0,"player_choice":"Success","damage_taken":12,"relics_obtained":["Boot"],"max_hp_gain":0,"max_hp_loss":0,"event_name":"Scrap Ooze","floor":5,"gold_loss":0},{"damage_healed":0,"gold_gain":0,"player_choice":"Gave Potion","damage_taken":0,"relics_obtained":["Vajra"],"max_hp_gain":0,"max_hp_loss":0,"event_name":"WeMeetAgain","floor":20,"gold_loss":0}],"is_beta":false,"boss_relics":[{"not_picked":["Cursed Key","Coffee Dripper"],"picked":"Tiny House"}],"items_purged_floors":[],"is_endless":false,"potions_floor_spawned":[6,14,16],"killed_by":"3 Cultists","ascension_level":12}}