{"host":"2d926qfvvz477zl6","time":1613965620,"event":{"mods":["Aspiration","BaseMod","Challenge The Spire","Conspire","Downfall","GifTheSpireLib","GungeonMod","Halation","Hermit","Hubris","Infinite Spire","Minty Spire (QoL Compilation)","Morshu Shopkeeper","Permanent Neow","Quick Restart","Rare Cards Sparkle","Reliquary","Replay The Spire","Shedinja","Somnambulant","Spicy Shops","StSLib","Stuff the Spire","Td1madao Mod","The Blue Laboratory","The Bug Knight","The Construct","The Cursed","The Disciple","The Forsaken","The Hierophant","TheFirefly","Wandering Minibosses","Wide Potions","everything is the same but u backflip on backflip","slay the spire mod where everything is the same but ironclad has a cowboy hat"],"gold_per_floor":[116,116,116,135,135,135,191,191,215,245,263,263,42,53,53,53,53],"floor_reached":16,"language":"ENG","playtime":493,"items_purged":["Overencumbered"],"score":130,"play_id":"f7570764-34aa-43e0-bb41-2396d76a6281","local_time":"20210221224700","is_ascension_mode":true,"campfire_choices":[{"data":"Poisoned Strike","floor":6,"key":"SMITH"},{"data":"hermit:Covet","floor":8,"key":"SMITH"},{"floor":12,"key":"REST"},{"data":"hermit:Horror","floor":15,"key":"SMITH"}],"circlet_count":0,"master_deck":["hermit:Strike_Hermit+1","hermit:Strike_Hermit","hermit:Strike_Hermit","hermit:Strike_Hermit","hermit:Defend_Hermit","hermit:Defend_Hermit","hermit:Defend_Hermit","hermit:Defend_Hermit+1","hermit:Snapshot","hermit:Covet+1","Poisoned Strike+1","Burn","hermit:Desperado","hermit:ItchyTrigger","hermit:NoHoldsBarred","hermit:Horror+1","hermit:Dive"],"relics":["hermit:Momento","halation:EternalFortune","StuffTheSpire:OldFever","reliquary:PartyBalloon","StuffTheSpire:BottledEssence"],"acts_visited":["Exordium"],"potions_floor_usage":[10,11],"damage_taken":[{"damage":0,"enemies":"Small Slimes","floor":1,"turns":3},{"damage":6,"enemies":"Jaw Worm","floor":4,"turns":2},{"damage":18,"enemies":"Cultist","floor":7,"turns":5},{"damage":33,"enemies":"Gremlin Nob","floor":10,"turns":4},{"damage":4,"enemies":"2 Fungi Beasts","floor":11,"turns":2},{"damage":0,"enemies":"Large Slime","floor":14,"turns":3},{"damage":33,"enemies":"Slime Boss","floor":16,"turns":9}],"seed_played":"-3898195195795268021","potions_obtained":[{"floor":1,"key":"Energy Potion"},{"floor":7,"key":"Elixir"},{"floor":11,"key":"Ancient Potion"}],"is_trial":false,"path_per_floor":["M","?","?","M","?","R","M","R","T","E","M","R","$","M","R","B"],"character_chosen":"HERMIT","items_purchased":["StuffTheSpire:BottledEssence"],"campfire_rested":1,"item_purchase_floors":[13],"current_hp_per_floor":[68,71,71,68,68,68,50,50,50,17,13,37,37,37,37,4,4],"gold":53,"neow_bonus":"RANDOM_COLORLESS_2","is_daily":false,"chose_seed":false,"campfire_upgraded":3,"win_rate":0.0,"timestamp":1613965620,"path_taken":["M","?","?","M","?","R","M","R","T","E","M","R","$","M","R","BOSS"],"items_purchased_type":["Relic"],"build_version":"2020-12-22","purchased_purges":1,"victory":false,"max_hp_per_floor":[75,78,78,81,81,81,81,81,81,81,81,81,81,81,81,81,81],"card_choices":[{"not_picked":["StuffTheSpire:Recharge","Master of Strategy"],"picked":"Poisoned Strike","floor":0},{"not_picked":["hermit:LoneWolf","hermit:ShadowCloak","hermit:TrackingShot"],"picked":"SKIP","floor":1},{"not_picked":["hermit:BigShot","hermit:Dive"],"picked":"hermit:Desperado","floor":4},{"not_picked":["hermit:LowProfile","hermit:Quickdraw"],"picked":"hermit:ItchyTrigger","floor":7},{"not_picked":["hermit:HighNoon","hermit:Dive"],"picked":"hermit:NoHoldsBarred","floor":10},{"not_picked":["hermit:Roulette","hermit:Spite"],"picked":"hermit:Horror","floor":11},{"not_picked":["hermit:HoleUp","hermit:GhostlyPresence"],"picked":"hermit:Dive","floor":14}],"player_experience":499531,"relics_obtained":[{"floor":4,"key":"halation:EternalFortune"},{"floor":9,"key":"StuffTheSpire:OldFever"},{"floor":10,"key":"reliquary:PartyBalloon"}],"event_choices":[{"cards_removed":["Burn"],"damage_healed":0,"gold_gain":0,"player_choice":"Purged","damage_taken":0,"max_hp_gain":0,"max_hp_loss":0,"event_name":"Purifier","floor":5,"gold_loss":0}],"is_beta":false,"boss_relics":[],"items_purged_floors":[13],"is_endless":false,"potions_floor_spawned":[1,7,11],"killed_by":"Slime Boss","ascension_level":6}}