{"host":"yy1cu9q9bsxhflzi","time":1613968739,"event":{"mods":["BaseMod","DeckTracker","Minty Spire (QoL Compilation)","Quick Restart","StSLib","SuperFastMode","everything is the same but u backflip on backflip"],"gold_per_floor":[114,79,95,112,112,137,212,212,212,239,259,288,288,304,304,382,382,400,400,418,418,430,465,465,476,476,509,509,544,544,571,571,642,642,659,934,698,698,319,319,319,354,379,379,379,414,414,445,445,445,445,445,445,102,130,130],"floor_reached":57,"language":"KOR","playtime":1828,"items_purged":["Regret","Glacier"],"score":3510,"play_id":"f7494b9e-ed16-4572-8276-66caab1397f1","local_time":"20210222133859","is_ascension_mode":true,"campfire_choices":[{"data":"Juggernaut","floor":8.0,"key":"SMITH"},{"data":"Coolheaded","floor":15.0,"key":"SMITH"},{"data":"Echo Form","floor":24.0,"key":"SMITH"},{"data":"Coolheaded","floor":30.0,"key":"SMITH"},{"data":"Coolheaded","floor":32.0,"key":"SMITH"},{"data":"Echo Form","floor":40.0,"key":"SMITH"},{"floor":45.0,"key":"RECALL"},{"data":"Turbo","floor":47,"key":"SMITH"},{"data":"Buffer","floor":49,"key":"SMITH"},{"floor":53,"key":"REST"}],"circlet_count":0,"master_deck":["Coolheaded+1","Coolheaded+1","Coolheaded+1","Glacier","Glacier","Glacier+1","Dualcast","AscendersBane","Juggernaut+1","Hologram","Self Repair","BootSequence+1","Turbo+1","Chill","Echo Form+1","Undo","Ghostly+1","Ghostly+1","Ghostly+1","Coolheaded+1","Fusion+1","Echo Form+1","Apotheosis+1","Storm","Buffer+1","Force Field+1"],"relics":["FrozenCore","Bird Faced Urn","Blood Vial","Lizard Tail","StrikeDummy","Bag of Preparation","Snecko Eye","MutagenicStrength","Thread and Needle","Toxic Egg 2","Sundial","Prayer Wheel","Pocketwatch","Inserter","Happy Flower","Incense Burner","Anchor","Eternal Feather","White Beast Statue","Bottled Tornado","PrismaticShard","Pear"],"acts_visited":["Exordium","TheCity","TheBeyond","TheEnding"],"potions_floor_usage":[56,56],"damage_taken":[{"damage":1.0,"enemies":"Jaw Worm","floor":1.0,"turns":4.0},{"damage":0.0,"enemies":"Small Slimes","floor":3.0,"turns":3.0},{"damage":0.0,"enemies":"2 Louse","floor":4.0,"turns":4.0},{"damage":9.0,"enemies":"Gremlin Nob","floor":6.0,"turns":4.0},{"damage":0.0,"enemies":"Lagavulin","floor":10.0,"turns":4.0},{"damage":0.0,"enemies":"Blue Slaver","floor":11.0,"turns":4.0},{"damage":13.0,"enemies":"Gremlin Nob","floor":12.0,"turns":4.0},{"damage":0.0,"enemies":"Large Slime","floor":14.0,"turns":3.0},{"damage":0.0,"enemies":"Hexaghost","floor":16.0,"turns":7.0},{"damage":0.0,"enemies":"2 Thieves","floor":18.0,"turns":4.0},{"damage":0.0,"enemies":"Shell Parasite","floor":20.0,"turns":2.0},{"damage":0.0,"enemies":"Centurion and Healer","floor":22.0,"turns":5.0},{"damage":1.0,"enemies":"Slavers","floor":23.0,"turns":3.0},{"damage":0.0,"enemies":"Chosen and Byrds","floor":25.0,"turns":3.0},{"damage":0.0,"enemies":"Book of Stabbing","floor":27.0,"turns":4.0},{"damage":0.0,"enemies":"Gremlin Leader","floor":29.0,"turns":7.0},{"damage":4.0,"enemies":"Slavers","floor":31.0,"turns":7.0},{"damage":0.0,"enemies":"Champ","floor":33.0,"turns":7.0},{"damage":0.0,"enemies":"Orb Walker","floor":35.0,"turns":3.0},{"damage":0.0,"enemies":"Nemesis","floor":42.0,"turns":7.0},{"damage":2,"enemies":"Giant Head","floor":46,"turns":5},{"damage":7,"enemies":"Nemesis","floor":48,"turns":7},{"damage":0,"enemies":"Time Eater","floor":50,"turns":10},{"damage":0,"enemies":"Awakened One","floor":51,"turns":12},{"damage":0,"enemies":"Shield and Spear","floor":55,"turns":5},{"damage":10,"enemies":"The Heart","floor":56,"turns":6}],"seed_played":"-4825921991450654896","potions_obtained":[{"floor":3.0,"key":"FocusPotion"},{"floor":10.0,"key":"SpeedPotion"},{"floor":16.0,"key":"DuplicationPotion"},{"floor":55,"key":"ColorlessPotion"}],"is_trial":true,"path_per_floor":["M","?","M","M","?","E","?","R","T","E","M","E","?","M","R","B",null,"M","?","M","?","M","E","R","M","T","E","?","E","R","E","R","B",null,"M","?","$","T","$","R","?","E","T","?","R","E","R","E","R","B","B",null,"R","$","E","B",null],"character_chosen":"DEFECT","items_purchased":["Happy Flower","Apotheosis+1","Anchor","Force Field+1","PrismaticShard"],"campfire_rested":1,"item_purchase_floors":[37,39,39,54,54],"current_hp_per_floor":[63,71,71,71,60,62,51,51,51,64,68,58,37,41,41,54,67,71,71,71,71,71,70,70,71,71,71,35,35,35,35,35,35,35,35,35,35,35,35,35,35,35,35,35,35,33,35,28,35,35,35,35,35,35,45,45],"gold":130,"neow_bonus":"","is_daily":false,"chose_seed":false,"campfire_upgraded":8,"win_rate":0.0,"timestamp":1613968739,"path_taken":["M","?","M","M","?","E","?","R","T","E","?","E","?","M","R","BOSS","M","?","M","?","M","E","R","M","T","E","?","E","R","E","R","BOSS","M","?","$","?","$","R","?","E","T","?","R","E","R","E","R","BOSS","BOSS","R","$","E","BOSS"],"items_purchased_type":["Relic","Card","Relic","Card","Relic"],"build_version":"2020-12-22","purchased_purges":2,"victory":true,"max_hp_per_floor":[71,71,71,71,71,71,71,71,71,71,71,71,71,71,71,71,71,71,71,71,71,71,71,71,71,71,71,35,35,35,35,35,35,35,35,35,35,35,35,35,35,35,35,35,35,35,35,35,35,35,35,35,35,35,45,45],"card_choices":[{"not_picked":["Stack","Tempest","Barrage"],"picked":"SKIP","floor":1.0},{"not_picked":["Stack","Cold Snap"],"picked":"Hologram","floor":3.0},{"not_picked":["Darkness","Gash"],"picked":"Self Repair","floor":4.0},{"not_picked":["Sweeping Beam","Beam Cell","Recycle"],"picked":"SKIP","floor":6.0},{"not_picked":["Conserve Battery","Auto Shields"],"picked":"BootSequence","floor":10.0},{"not_picked":["Steam","Rip and Tear"],"picked":"Turbo","floor":11.0},{"not_picked":["Reprogram","Stack","FTL"],"picked":"SKIP","floor":12.0},{"not_picked":["Cold Snap","Go for the Eyes"],"picked":"Chill","floor":14.0},{"not_picked":["Amplify","Buffer"],"picked":"Echo Form","floor":16.0},{"not_picked":["Stack","Redo","Sweeping Beam+1"],"picked":"SKIP","floor":18.0},{"not_picked":["Gash","Undo","Conserve Battery"],"picked":"SKIP","floor":20.0},{"not_picked":["Sweeping Beam","Turbo","Streamline"],"picked":"SKIP","floor":22.0},{"not_picked":["FTL","Skim","Undo"],"picked":"SKIP","floor":23.0},{"not_picked":["Sunder","Sweeping Beam","Go for the Eyes"],"picked":"SKIP","floor":25.0},{"not_picked":["Turbo+1","Auto Shields+1","Compile Driver"],"picked":"SKIP","floor":27.0},{"not_picked":["Tempest+1","Rainbow+1"],"picked":"Coolheaded+1","floor":29.0},{"not_picked":["Reboot+1","Streamline"],"picked":"Fusion+1","floor":31.0},{"not_picked":["Hyperbeam","All For One"],"picked":"Echo Form","floor":33.0},{"not_picked":["Turbo+1","Redo+1","Hologram+1"],"picked":"SKIP","floor":35.0},{"not_picked":["Go for the Eyes","Steam Power+1","Redo+1"],"picked":"SKIP","floor":35.0},{"not_picked":["Leap+1","Steam Power+1","Undo+1"],"picked":"SKIP","floor":42.0},{"not_picked":["Steam+1","Streamline","Gash"],"picked":"SKIP","floor":46},{"not_picked":["Self Repair","Steam+1"],"picked":"Buffer","floor":48},{"not_picked":["Study","Cleave","Violence+1"],"picked":"SKIP","floor":55}],"player_experience":3928945,"relics_obtained":[{"floor":6.0,"key":"Blood Vial"},{"floor":9.0,"key":"Lizard Tail"},{"floor":10.0,"key":"StrikeDummy"},{"floor":12.0,"key":"Bag of Preparation"},{"floor":23.0,"key":"Thread and Needle"},{"floor":26.0,"key":"Toxic Egg 2"},{"floor":27.0,"key":"Sundial"},{"floor":29.0,"key":"Prayer Wheel"},{"floor":31.0,"key":"Pocketwatch"},{"floor":38.0,"key":"Incense Burner"},{"floor":42.0,"key":"Eternal Feather"},{"floor":46,"key":"White Beast Statue"},{"floor":48,"key":"Bottled Tornado"},{"floor":55,"key":"Pear"}],"event_choices":[{"damage_healed":17.0,"max_hp_gain":0.0,"max_hp_loss":0.0,"gold_gain":0.0,"event_name":"The Cleric","player_choice":"Healed","floor":2.0,"gold_loss":35.0,"damage_taken":0.0},{"damage_healed":0.0,"max_hp_gain":0.0,"max_hp_loss":0.0,"gold_gain":0.0,"event_name":"Scrap Ooze","player_choice":"Success","floor":5.0,"gold_loss":0.0,"damage_taken":11.0,"relics_obtained":["Bird Faced Urn"]},{"damage_healed":0.0,"max_hp_gain":0.0,"max_hp_loss":0.0,"gold_gain":75.0,"event_name":"World of Goop","player_choice":"Gather Gold","floor":7.0,"gold_loss":0.0,"damage_taken":11.0},{"damage_healed":0.0,"max_hp_gain":0.0,"max_hp_loss":0.0,"gold_gain":0.0,"event_name":"Shining Light","player_choice":"Entered Light","floor":13.0,"gold_loss":0.0,"damage_taken":21.0,"cards_upgraded":["Glacier","BootSequence"]},{"damage_healed":0.0,"max_hp_gain":0.0,"max_hp_loss":0.0,"gold_gain":0.0,"event_name":"The Library","player_choice":"Read","floor":19.0,"gold_loss":0.0,"damage_taken":0.0,"cards_obtained":["Undo"]},{"damage_healed":0.0,"max_hp_gain":0.0,"max_hp_loss":0.0,"gold_gain":0.0,"event_name":"Drug Dealer","player_choice":"Inject Mutagens","floor":21.0,"gold_loss":0.0,"damage_taken":0.0,"relics_obtained":["MutagenicStrength"]},{"damage_healed":0.0,"max_hp_gain":0.0,"max_hp_loss":36.0,"gold_gain":0.0,"event_name":"Ghosts","player_choice":"Became a Ghost","floor":28.0,"gold_loss":0.0,"damage_taken":0.0,"cards_obtained":["Ghostly","Ghostly","Ghostly"]},{"damage_healed":0.0,"max_hp_gain":0.0,"max_hp_loss":0.0,"gold_gain":275.0,"event_name":"Golden Shrine","player_choice":"Desecrate","floor":36.0,"gold_loss":0.0,"damage_taken":0.0,"cards_obtained":["Regret"]},{"damage_healed":0.0,"max_hp_gain":0.0,"max_hp_loss":0.0,"gold_gain":0.0,"event_name":"Tomb of Lord Red Mask","player_choice":"Ignored","floor":41.0,"gold_loss":0.0,"damage_taken":0.0},{"damage_healed":0.0,"max_hp_gain":0.0,"max_hp_loss":0.0,"gold_gain":0.0,"cards_transformed":["Coolheaded"],"event_name":"Transmorgrifier","player_choice":"Transformed","floor":44.0,"gold_loss":0.0,"damage_taken":0.0,"cards_obtained":["Storm"]}],"is_beta":false,"boss_relics":[{"not_picked":["Empty Cage","Ectoplasm"],"picked":"Snecko Eye"},{"not_picked":["Nuclear Battery","Black Star"],"picked":"Inserter"}],"items_purged_floors":[37,54],"is_endless":false,"potions_floor_spawned":[3,10,16,20,22,25,31,33,42,48,55],"ascension_level":20}}