{"host":"2tw1kmxli5prmq7p","time":1613953339,"event":{"mods":["BaseMod","BetterRewards","Colored Map","Conspire","Energized Spire","GifTheSpireLib","Highlight Path","Hubris","Infinite Spire","Minty Spire (QoL Compilation)","Rare Cards Sparkle","Relic Sorter","Replay The Spire","StSLib","The Animator","The Saiyan"],"gold_per_floor":[121,138,138,158,158,158,180,180,207,207,231,272,272,294,294,423,423,452,468,393,409,421,471,471,530,583,682,682,695,721,741,786,934,934,958,977,996,1008,857,857,897,907,907,941,941,941,974,986,986,1108,1108,1117,1117,1133,1149,1162,1162,474,497,497,506,506,530,530,550,550,642,642,656,695,695,195,294,294,313,321,321,336,336,346,8775,8775,8886,8984,8984,9047,8497,8503,8503,8520,8520,8593,8600,8600,8614,8039,8039,8054,8068,8068,8162,8162,8176,7572,7585,7596,7610,7610,7642,7709,7734,7734,7734,7756,7832,7842,7842,7942,7942,8003,8019,8019,8069,8069,8092,8092,8114,8114,8114,8122,8130,8146,8164,8164,8258,8258,8277,8277,7652,7665,7062,7062,7072,7072,7072,7072,7088,7088,7088,7136,7136,7110,7110,7110,6211,6238,6283],"floor_reached":158,"language":"ENG","playtime":17166,"items_purged":["animator:Strike_Konosuba","animator:Defend_Konosuba","animator:Strike","animator:Strike","animator:Strike","animator:Defend","animator:Defend","animator:Defend","animator:Shuna","animator:Shuna","animator:Demiurge","animator:FielNirvalen","animator:Kazuma","animator:GuildGirl","animator:Darkness","animator:Verdia","animator:GazelDwargon","animator:Sebas+1","animator:Priestess","animator:GuildGirl+1","animator:Vanir+1","animator:Shuna","animator:Jibril","animator:Hans+1","animator:Wiz+1","animator:Mitsurugi+1","animator:Chris+1","animator:YunYun+1","animator:Verdia+2","animator:Demiurge+1","animator:GoblinSlayer+1"],"score":4362,"play_id":"53369f13-95f2-40a3-8d1b-72cd515298e2","local_time":"20210221172219","is_ascension_mode":false,"campfire_choices":[{"data":"animator:Mitsurugi","floor":6.0,"key":"SMITH"},{"data":"animator:YunYun","floor":6.0,"key":"SMITH"},{"data":"ReplayTheSpireMod:Echoes of Time","floor":13.0,"key":"SMITH"},{"data":"animator:Vanir","floor":13.0,"key":"SMITH"},{"floor":15.0,"key":"DIG"},{"data":"animator:Hans","floor":24.0,"key":"SMITH"},{"data":"animator:Aqua","floor":24.0,"key":"SMITH"},{"data":"animator:Chris","floor":28.0,"key":"SMITH"},{"data":"animator:Megumin+23","floor":28.0,"key":"SMITH"},{"data":"animator:Megumin+67","floor":40.0,"key":"SMITH"},{"data":"animator:Megumin+71","floor":45.0,"key":"SMITH"},{"data":"animator:Megumin+147","floor":49.0,"key":"SMITH"},{"floor":57.0,"key":"RECALL"},{"data":"animator:GuildGirl","floor":62.0,"key":"SMITH"},{"data":"animator:Megumin+157","floor":62.0,"key":"SMITH"},{"data":"animator:Megumin+159","floor":64.0,"key":"SMITH"},{"data":"infinitespire:DeathsTouch","floor":74.0,"key":"SMITH"},{"data":"animator:Megumin+164","floor":74.0,"key":"SMITH"},{"data":"animator:Megumin+168","floor":79.0,"key":"SMITH"},{"data":"animator:Sora+1","floor":91.0,"key":"SMITH"},{"data":"animator:Verdia+1","floor":91.0,"key":"SMITH"},{"data":"animator:Sora+2","floor":100.0,"key":"SMITH"},{"data":"animator:Sora+3","floor":100.0,"key":"SMITH"},{"data":"animator:Ainz","floor":108,"key":"SMITH"},{"data":"animator:Sora+4","floor":108,"key":"SMITH"},{"data":"animator:GoblinSlayer","floor":117,"key":"SMITH"},{"data":"animator:Sora+5","floor":117,"key":"SMITH"},{"data":"animator:Shiro","floor":126,"key":"SMITH"},{"data":"infinitespire:FutureSight","floor":126,"key":"SMITH"},{"data":"animator:Demiurge","floor":142,"key":"SMITH"},{"data":"animator:Sora+7","floor":142,"key":"SMITH"},{"data":"animator:Aqua+1","floor":146,"key":"SMITH"},{"data":"animator:Aqua+2","floor":146,"key":"SMITH"},{"data":"animator:Aqua+3","floor":149,"key":"SMITH"},{"data":"animator:Aqua+4","floor":149,"key":"SMITH"},{"data":"animator:Aqua+5","floor":151,"key":"SMITH"},{"data":"animator:Aqua+6","floor":151,"key":"SMITH"},{"data":"animator:Kazuma+1","floor":154,"key":"SMITH"},{"data":"animator:Kazuma+2","floor":154,"key":"SMITH"}],"circlet_count":0,"master_deck":["animator:Aqua+7","animator:Megumin+204","animator:Kazuma+3","animator:Darkness+1","animator:Rimuru","animator:Sora+8","animator:Ainz+1","animator:Shiro+1","infinitespire:FutureSight+1"],"relics":["animator:LivingPicture","Lizard Tail","hubris:TinFlute","animator:ColorlessFragment","infinitespire:FocusingShard","infinitespire:WardingShard","infinitespire:EmpoweringShard","energizedSpire:DeadBattery","Philosopher\u0027s Stone","Happy Flower","energizedSpire:RedRose","ReplayTheSpireMod:Lightbulb","Lantern","conspire:InfiniteJournal","Replay:Arrowhead","animator:AlchemistGlove","animator:HeavyHalberd","Calipers","Anchor","hubris:MedicalManual","Medical Kit","hubris:Towel","infinitespire:Satchel","conspire:SpecialSausage","Vajra","ReplayFunnel","Replay:Ringing Soul","hubris:MobiusCoin","hubris:TenFootPole","Red Mask","Thread and Needle","energizedSpire:OgreHead","Pet Ghost","Champion Belt"],"acts_visited":[],"potions_floor_usage":[157,157,157],"damage_taken":[{"damage":0.0,"enemies":"Small Slimes","floor":1.0,"turns":1.0},{"damage":0.0,"enemies":"infinitespire:Voidling","floor":2.0,"turns":1.0},{"damage":0.0,"enemies":"Jaw Worm","floor":4.0,"turns":1.0},{"damage":0.0,"enemies":"Large Slime","floor":7.0,"turns":1.0},{"damage":0.0,"enemies":"2 Fungi Beasts","floor":11.0,"turns":1.0},{"damage":0.0,"enemies":"Gremlin Nob","floor":12.0,"turns":2.0},{"damage":0.0,"enemies":"Exordium Thugs","floor":14.0,"turns":1.0},{"damage":0.0,"enemies":"The Guardian","floor":16.0,"turns":6.0},{"damage":0.0,"enemies":"Chosen","floor":18.0,"turns":3.0},{"damage":0.0,"enemies":"Shell Parasite","floor":19.0,"turns":2.0},{"damage":11.0,"enemies":"Snake Plant","floor":21.0,"turns":2.0},{"damage":0.0,"enemies":"Snecko","floor":22.0,"turns":4.0},{"damage":0.0,"enemies":"Book of Stabbing","floor":23.0,"turns":4.0},{"damage":8.0,"enemies":"Nightmare","floor":25.0,"turns":4.0},{"damage":0.0,"enemies":"Sentry and Sphere","floor":29.0,"turns":2.0},{"damage":0.0,"enemies":"Chosen and Byrds","floor":30.0,"turns":1.0},{"damage":0.0,"enemies":"Centurion and Healer","floor":31.0,"turns":1.0},{"damage":0.0,"enemies":"conspire:MimicChest","floor":32.0,"turns":3.0},{"damage":20.0,"enemies":"hubris:MusketHawk","floor":33.0,"turns":6.0},{"damage":0.0,"enemies":"Orb Walker","floor":35.0,"turns":1.0},{"damage":0.0,"enemies":"3 Darklings","floor":36.0,"turns":1.0},{"damage":0.0,"enemies":"Sphere and 2 Shapes","floor":37.0,"turns":1.0},{"damage":0.0,"enemies":"Writhing Mass","floor":38.0,"turns":1.0},{"damage":8.0,"enemies":"R_Hoarder","floor":41.0,"turns":5.0},{"damage":0.0,"enemies":"Spire Growth","floor":42.0,"turns":1.0},{"damage":0.0,"enemies":"Giant Head","floor":44.0,"turns":2.0},{"damage":0.0,"enemies":"Nemesis","floor":47.0,"turns":1.0},{"damage":0.0,"enemies":"Sphere and 2 Shapes","floor":48.0,"turns":1.0},{"damage":0.0,"enemies":"conspire:OrnateMirror","floor":50.0,"turns":1.0},{"damage":0.0,"enemies":"Jaw Worm","floor":52.0,"turns":1.0},{"damage":0.0,"enemies":"Small Slimes","floor":54.0,"turns":1.0},{"damage":0.0,"enemies":"2 Louse","floor":55.0,"turns":1.0},{"damage":0.0,"enemies":"Exordium Thugs","floor":56.0,"turns":1.0},{"damage":0.0,"enemies":"Looter","floor":59.0,"turns":1.0},{"damage":0.0,"enemies":"2 Fungi Beasts","floor":61.0,"turns":1.0},{"damage":0.0,"enemies":"Replay:BlueRogue","floor":63.0,"turns":1.0},{"damage":0.0,"enemies":"Blue Slaver","floor":65.0,"turns":1.0},{"damage":0.0,"enemies":"Fading Forest","floor":67.0,"turns":7.0},{"damage":0.0,"enemies":"Spheric Guardian","floor":69.0,"turns":1.0},{"damage":0.0,"enemies":"conspire:MimicChest","floor":70.0,"turns":2.0},{"damage":0.0,"enemies":"Chosen","floor":75.0,"turns":2.0},{"damage":0.0,"enemies":"3 Cultists","floor":76.0,"turns":1.0},{"damage":0.0,"enemies":"Sentry and Sphere","floor":78.0,"turns":1.0},{"damage":0.0,"enemies":"Centurion and Healer","floor":80.0,"turns":1.0},{"damage":0.0,"enemies":"Colosseum Slavers","floor":83.0,"turns":2.0},{"damage":0.0,"enemies":"Colosseum Nobs","floor":83.0,"turns":1.0},{"damage":0.0,"enemies":"hubris:MusketHawk","floor":84.0,"turns":1.0},{"damage":0.0,"enemies":"3 Shapes","floor":86.0,"turns":1.0},{"damage":4.0,"enemies":"3 Darklings","floor":88.0,"turns":2.0},{"damage":0.0,"enemies":"4 Shapes","floor":90.0,"turns":2.0},{"damage":0.0,"enemies":"Nightmare_Alpha","floor":92.0,"turns":7.0},{"damage":0.0,"enemies":"Maw","floor":93.0,"turns":1.0},{"damage":0.0,"enemies":"Jaw Worm Horde","floor":95.0,"turns":1.0},{"damage":0.0,"enemies":"Writhing Mass","floor":98.0,"turns":1.0},{"damage":0.0,"enemies":"4 Shapes","floor":99.0,"turns":1.0},{"damage":0.0,"enemies":"conspire:OrnateMirror","floor":101.0,"turns":1.0},{"damage":0.0,"enemies":"2 Louse","floor":103.0,"turns":1.0},{"damage":0.0,"enemies":"Jaw Worm","floor":105.0,"turns":1.0},{"damage":0,"enemies":"Small Slimes","floor":106,"turns":1},{"damage":0,"enemies":"Looter","floor":107,"turns":1},{"damage":0,"enemies":"3 Sentries","floor":109,"turns":1},{"damage":0,"enemies":"2 Fungi Beasts","floor":114,"turns":1},{"damage":0,"enemies":"3 Louse","floor":115,"turns":1},{"damage":0,"enemies":"Blue Slaver","floor":116,"turns":1},{"damage":0,"enemies":"Hexaghost","floor":118,"turns":1},{"damage":0,"enemies":"2 Thieves","floor":120,"turns":1},{"damage":0,"enemies":"Spheric Guardian","floor":121,"turns":1},{"damage":0,"enemies":"conspire:SneckoGhost","floor":125,"turns":1},{"damage":0,"enemies":"Snake Plant","floor":127,"turns":1},{"damage":0,"enemies":"Sentry and Sphere","floor":130,"turns":2},{"damage":0,"enemies":"Centurion and Healer","floor":131,"turns":1},{"damage":0,"enemies":"Cultist and Chosen","floor":132,"turns":1},{"damage":0,"enemies":"Sentry and Sphere","floor":133,"turns":1},{"damage":0,"enemies":"Champ","floor":135,"turns":1},{"damage":0,"enemies":"Orb Walker","floor":137,"turns":1},{"damage":0,"enemies":"3 Shapes","floor":140,"turns":2},{"damage":0,"enemies":"Maw","floor":143,"turns":1},{"damage":0,"enemies":"3 Darklings","floor":147,"turns":1},{"damage":0,"enemies":"Mind Bloom Boss Battle","floor":150,"turns":1},{"damage":0,"enemies":"infinitespire:LordOfFortification","floor":152,"turns":39},{"damage":0,"enemies":"Shield and Spear","floor":156,"turns":1},{"damage":58,"enemies":"The Heart","floor":157,"turns":10}],"seed_played":"7736623046059203940","potions_obtained":[{"floor":4.0,"key":"SteroidPotion"},{"floor":7.0,"key":"SpeedPotion"},{"floor":10.0,"key":"Regen Potion"},{"floor":10.0,"key":"Regen Potion"},{"floor":14.0,"key":"Swift Potion"},{"floor":19.0,"key":"LiquidMemories"},{"floor":25.0,"key":"SpeedPotion"},{"floor":33.0,"key":"Strength Potion"},{"floor":36.0,"key":"Block Potion"},{"floor":41.0,"key":"Swift Potion"},{"floor":67.0,"key":"Explosive Potion"}],"is_trial":false,"path_per_floor":["M","M","?","M","?","R","M","?","T","?","M","E","R","M","R_BF","B",null,"M","M","?","M","M","E","R","NM","T","?","R","M","M","M","R_BF","B",null,"M","M","M","M","$","R","E","M","T","E","R","?","E","M","R","B",null,"M","?","M","M","M","R","$","M","T","M","R","E","R","M","R_BF","B",null,"M","?","T","$","?","R","M","M","T","M","R","M","$","?","R_BF","B",null,"M","$","M","?","M","R","NM","M","T","M","$","?","M","M","R","B",null,"M","$","M","M","M","R","E","?","T","?","?","M","M","M","R","B",null,"M","M","?","?","T","E","R","M","T","?","M","M","M","M","R_BF","B",null,"M","?","$","M","$","R","M","$","T","R","M","?","R","?","R","B",null,"R","$","E","B",null],"character_chosen":"THE_ANIMATOR","items_purchased":["animator:Megumin","infinitespire:WardingShard","animator:Chris","animator:Verdia","animator:Megumin","animator:Vanir","Anchor","animator:Shuna","animator:Demiurge","animator:FielNirvalen","infinitespire:Bottled Soul","animator:Megumin+1","animator:Darkness","animator:Kazuma+1","animator:Megumin+1","animator:GuildGirl","animator:YunYun","animator:AlchemistGlove","animator:Mitsurugi","Replay:Arrowhead","animator:Megumin","animator:Darkness+1","animator:ColorlessFragment","Lantern","Medical Kit","hubris:MedicalManual","animator:Wiz+1","animator:Megumin","infinitespire:FocusingShard","animator:Verdia+1","animator:Megumin","DollysMirror","ReplayFunnel","animator:Megumin","animator:Priestess","animator:Shuna","animator:Demiurge","animator:Megumin","Pet Ghost"],"campfire_rested":0,"item_purchase_floors":[0,0,0,0,0,0,0,0,0,0,0,0,0,0,0,0,0,0,0,0,0,0,0,0,0,0,0,0,0,0,0,39,58,58,81,104,141,155,155],"current_hp_per_floor":[66,66,66,66,66,66,66,51,51,51,51,53,53,55,55,57,66,66,66,66,55,58,60,60,55,55,55,61,64,64,64,67,50,67,67,67,67,67,67,67,61,61,61,64,67,67,67,67,67,67,67,67,67,68,68,68,68,68,68,68,68,68,68,68,68,68,69,69,69,69,69,69,69,69,69,69,69,69,69,69,72,72,72,72,72,75,75,71,71,74,74,78,78,78,78,78,78,78,78,78,81,81,81,84,84,84,84,84,84,84,84,87,87,90,93,93,93,93,93,93,93,96,99,99,99,99,99,99,99,99,99,99,99,102,102,102,102,102,102,102,105,105,105,78,78,78,88,88,88,88,88,97,105,105,108,108,50],"gold":6283,"neow_bonus":"","is_daily":false,"chose_seed":false,"campfire_upgraded":37,"win_rate":0.0,"timestamp":1613953339,"path_taken":["M","M","?","?","?","R","M","?","T","?","M","E","R","M","R_BF","BOSS","M","M","?","M","M","E","R","NM","T","?","R","M","M","M","R_BF","BOSS","M","?","M","M","$","R","E","M","T","E","R","?","E","M","R","BOSS","M","?","M","M","M","R","$","M","T","?","R","E","R","M","R_BF","BOSS","M","?","?","$","?","R","M","M","T","M","R","M","$","?","R_BF","BOSS","M","$","M","?","M","R","NM","M","T","?","?","?","?","M","R","BOSS","M","?","?","M","M","R","E","?","T","?","?","?","M","M","R","BOSS","M","M","?","?","?","E","R","M","T","?","M","?","M","M","R_BF","BOSS","M","?","$","M","$","R","M","?","T","R","?","?","R","?","R","BOSS","R","$","E","BOSS"],"items_purchased_type":["Card","Relic","Card","Card","Card","Card","Relic","Card","Card","Card","Relic","Card","Card","Card","Card","Card","Card","Relic","Card","Relic","Card","Card","Relic","Relic","Relic","Relic","Card","Card","Relic","Card","Card","Relic","Relic","Card","Card","Card","Card","Card","Relic"],"build_version":"2020-12-22","purchased_purges":31,"victory":true,"max_hp_per_floor":[66,66,66,66,66,66,66,66,66,66,66,66,66,66,66,66,66,66,66,66,66,67,67,67,67,67,67,67,67,67,67,67,67,67,67,67,67,67,67,67,67,67,67,67,67,67,67,67,67,67,67,67,67,68,68,68,68,68,68,68,68,68,68,68,68,68,69,69,69,69,69,69,69,69,69,69,69,69,69,69,72,72,72,72,72,75,75,75,75,75,75,78,78,78,78,78,78,78,78,78,81,81,81,84,84,84,84,84,84,84,84,87,87,90,93,93,93,93,93,93,93,96,99,99,99,99,99,99,99,99,99,99,99,102,102,102,102,102,102,102,105,105,105,105,105,105,105,105,105,105,105,105,105,105,108,108,108],"card_choices":[{"not_picked":["animator:Souei","animator:DwarfShaman","animator:NarberalGamma"],"picked":"SKIP","floor":1.0},{"not_picked":["animator:DwarfShaman","animator:DolaCouronne","animator:Tatsumaki"],"picked":"SKIP","floor":2.0},{"not_picked":["animator:DwarfShaman","animator:DolaCouronne","animator:Tatsumaki"],"picked":"SKIP","floor":2.0},{"not_picked":["animator:Spearman","animator:Kazuma","animator:Shion"],"picked":"SKIP","floor":7.0},{"not_picked":["infinitespire:TheBestDefense","hubris:Rewind"],"picked":"ReplayTheSpireMod:Echoes of Time","floor":8.0},{"not_picked":["animator:Mitsurugi","animator:Cocytus","animator:Evileye"],"picked":"SKIP","floor":11.0},{"not_picked":["animator:Evileye","animator:Kazuma","animator:IrohaTamaki"],"picked":"SKIP","floor":12.0},{"not_picked":["animator:DolaCouronne","animator:Aqua","animator:Hakurou"],"picked":"SKIP","floor":14.0},{"not_picked":["animator:HomuraAkemi","animator:Albedo"],"picked":"animator:Hans","floor":16.0},{"not_picked":["animator:Vesta","animator:Tet","animator:Entoma+1"],"picked":"SKIP","floor":18.0},{"not_picked":["animator:MumenRider","animator:Geryuganshoop","animator:Cocytus+1"],"picked":"SKIP","floor":19.0},{"not_picked":["animator:ChlammyZell","animator:YuiTsuruno","animator:PandorasActor"],"picked":"SKIP","floor":21.0},{"not_picked":["animator:Megumin","animator:PandorasActor"],"picked":"animator:Chris","floor":22.0},{"not_picked":["animator:Geryuganshoop","animator:GazelDwargon+1","animator:Priestess"],"picked":"SKIP","floor":23.0},{"not_picked":["animator:Hakurou","animator:Genos"],"picked":"animator:Megumin","floor":25.0},{"not_picked":["animator:Entoma","animator:Cocytus","animator:SuzuneAmano+1"],"picked":"SKIP","floor":29.0},{"not_picked":["animator:NagisaMomoe","animator:Millim","animator:PandorasActor+1"],"picked":"SKIP","floor":30.0},{"not_picked":["animator:Vesta","animator:Shiro","animator:IrohaTamaki"],"picked":"SKIP","floor":31.0},{"not_picked":["animator:Shizu","animator:Hans"],"picked":"animator:Rimuru","floor":33.0},{"not_picked":["animator:OrikoMikuni","animator:GuildGirl","animator:Demiurge+1"],"picked":"SKIP","floor":35.0},{"not_picked":["animator:Evileye","animator:Tatsumaki","animator:DwarfShaman"],"picked":"SKIP","floor":36.0},{"not_picked":["animator:Priestess","animator:DolaCouronne","animator:DolaStephanie"],"picked":"SKIP","floor":37.0},{"not_picked":["animator:Melzalgald","animator:Millim+1","animator:Hakurou"],"picked":"SKIP","floor":38.0},{"not_picked":["animator:NarberalGamma","animator:Benimaru+1","animator:Entoma+1"],"picked":"SKIP","floor":41.0},{"not_picked":["animator:Rimuru","animator:FielNirvalen+1","animator:GazelDwargon"],"picked":"SKIP","floor":42.0},{"not_picked":["animator:SayakaMiki","animator:SwordMaiden","animator:Shalltear"],"picked":"SKIP","floor":44.0},{"not_picked":["animator:Shion","animator:Vanir","animator:NagisaMomoe"],"picked":"SKIP","floor":47.0},{"not_picked":["animator:KyokoSakura","animator:Chris","animator:Mitsurugi"],"picked":"SKIP","floor":48.0},{"not_picked":["animator:MadokaKaname","animator:Kyubey"],"picked":"animator:Shiro","floor":50.0},{"not_picked":["animator:HighElfArcher","animator:Demiurge","animator:Aqua"],"picked":"SKIP","floor":52.0},{"not_picked":["animator:OrikoMikuni","animator:Hakurou"],"picked":"animator:GazelDwargon","floor":54.0},{"not_picked":["animator:DwarfShaman","animator:Sebas"],"picked":"animator:GuildGirl","floor":55.0},{"not_picked":["animator:PandorasActor","animator:Shuna"],"picked":"animator:Megumin","floor":56.0},{"not_picked":["animator:Kaijin","animator:Shion","animator:OrikoMikuni"],"picked":"SKIP","floor":59.0},{"not_picked":["animator:IrohaTamaki","animator:DwarfShaman","animator:NagisaMomoe"],"picked":"SKIP","floor":61.0},{"not_picked":["animator:Geryuganshoop","animator:FielNirvalen","animator:Entoma"],"picked":"SKIP","floor":63.0},{"not_picked":["animator:Entoma","animator:Mitsurugi","animator:Darkness"],"picked":"SKIP","floor":65.0},{"not_picked":["animator:Entoma","animator:Mitsurugi","animator:Darkness"],"picked":"SKIP","floor":65.0},{"not_picked":["animator:Rimuru","animator:Ainz"],"picked":"animator:Sora","floor":67.0},{"not_picked":["infinitespire:FinalStrike","ReplayTheSpireMod:Haul"],"picked":"infinitespire:DeathsTouch","floor":67.0},{"not_picked":["animator:Mitsurugi+1","animator:KyokoSakura","animator:DolaCouronne"],"picked":"SKIP","floor":69.0},{"not_picked":["animator:ChlammyZell+1","animator:Sebas","animator:MetalKnight+1"],"picked":"SKIP","floor":75.0},{"not_picked":["animator:SilverFang","animator:Hakurou","animator:Genos"],"picked":"SKIP","floor":76.0},{"not_picked":["animator:Vesta","animator:Cocytus","animator:Benimaru"],"picked":"SKIP","floor":78.0},{"not_picked":["animator:Demiurge","animator:Kazuma+1","animator:DolaSchwi"],"picked":"SKIP","floor":80.0},{"not_picked":["animator:DwarfShaman+1","animator:LizardPriest+1"],"picked":"animator:Evileye+1","floor":86.0},{"not_picked":["animator:IrohaTamaki","animator:Shion+1","animator:Genos"],"picked":"SKIP","floor":88.0},{"not_picked":["animator:Kaijin","animator:SuzuneAmano","animator:PandorasActor"],"picked":"SKIP","floor":90.0},{"not_picked":["animator:GazelDwargon","animator:SilverFang+1"],"picked":"animator:Witch+1","floor":92.0},{"not_picked":["animator:Benimaru","animator:Sonic+1","animator:NarberalGamma"],"picked":"SKIP","floor":93.0},{"not_picked":["animator:Benimaru","animator:Sonic+1","animator:NarberalGamma"],"picked":"SKIP","floor":93.0},{"not_picked":["animator:Cocytus+1","animator:Priestess+1","animator:DolaSchwi+1"],"picked":"SKIP","floor":95.0},{"not_picked":["animator:SwordMaiden","animator:Benimaru","animator:YunYun+1"],"picked":"SKIP","floor":98.0},{"not_picked":["animator:Geryuganshoop","animator:Jibril","animator:Benimaru"],"picked":"SKIP","floor":99.0},{"not_picked":["animator:Shizu","animator:GoblinSlayer"],"picked":"animator:Ainz","floor":101.0},{"not_picked":["animator:DolaSchwi","animator:Shion","animator:Benimaru"],"picked":"SKIP","floor":103.0},{"not_picked":["animator:Melzalgald","animator:Shion","animator:Rimuru"],"picked":"SKIP","floor":105},{"not_picked":["animator:Jibril","animator:Shalltear","animator:MumenRider"],"picked":"SKIP","floor":106},{"not_picked":["animator:Jibril","animator:Shalltear","animator:MumenRider"],"picked":"SKIP","floor":106},{"not_picked":["animator:Sonic","animator:ChlammyZell","animator:Entoma"],"picked":"SKIP","floor":107},{"not_picked":["animator:Millim","animator:Verdia","animator:YunYun"],"picked":"SKIP","floor":109},{"not_picked":["animator:IrohaTamaki","animator:MetalKnight"],"picked":"animator:GoblinSlayer","floor":114},{"not_picked":["animator:HighElfArcher","animator:Saitama"],"picked":"animator:Jibril","floor":115},{"not_picked":["animator:SuzuneAmano","animator:Souei","animator:MumenRider"],"picked":"SKIP","floor":116},{"not_picked":["animator:Geryuganshoop","animator:DolaCouronne+1","animator:Entoma"],"picked":"SKIP","floor":120},{"not_picked":["animator:Cocytus+1","animator:Verdia","animator:HighElfArcher+1"],"picked":"SKIP","floor":121},{"not_picked":["infinitespire:Collect","infinitespire:DeathsTouch"],"picked":"infinitespire:FutureSight","floor":123},{"not_picked":["animator:Shion","animator:HomuraAkemi","animator:Kaijin"],"picked":"SKIP","floor":125},{"not_picked":["animator:Millim","animator:DolaSchwi+1","animator:Geryuganshoop"],"picked":"SKIP","floor":127},{"not_picked":["animator:Genos+1","animator:IrohaTamaki","animator:Darkness"],"picked":"SKIP","floor":130},{"not_picked":["animator:Tet+1","animator:GuildGirl+1","animator:DolaRiku"],"picked":"SKIP","floor":131},{"not_picked":["animator:Jibril","animator:Vanir","animator:Benimaru"],"picked":"SKIP","floor":132},{"not_picked":["animator:Jibril","animator:Vanir","animator:Benimaru"],"picked":"SKIP","floor":132},{"not_picked":["animator:Shalltear","animator:IzunaHatsuse","animator:Shuna"],"picked":"SKIP","floor":133},{"not_picked":["animator:Shalltear","animator:IzunaHatsuse","animator:Shuna"],"picked":"SKIP","floor":133},{"not_picked":["animator:Vanir+1","animator:MetalKnight+1","animator:Entoma+1"],"picked":"SKIP","floor":137},{"not_picked":["animator:Shion+1","animator:KyokoSakura","animator:Shiro"],"picked":"SKIP","floor":140},{"not_picked":["animator:DwarfShaman","animator:Shion+1","animator:ChlammyZell+1"],"picked":"SKIP","floor":143},{"not_picked":["animator:Melzalgald","animator:DolaRiku+1","animator:Kaijin"],"picked":"SKIP","floor":147},{"not_picked":["animator:OrikoMikuni","animator:HighElfArcher+1","animator:Melzalgald+1"],"picked":"SKIP","floor":156}],"player_experience":47042,"relics_obtained":[{"floor":15.0,"key":"infinitespire:Satchel"},{"floor":23.0,"key":"Vajra"},{"floor":25.0,"key":"Eternal Feather"},{"floor":26.0,"key":"ReplayTheSpireMod:Lightbulb"},{"floor":32.0,"key":"Gambling Chip"},{"floor":41.0,"key":"infinitespire:PuzzleCube"},{"floor":43.0,"key":"Bronze Scales"},{"floor":44.0,"key":"infinitespire:EmpoweringShard"},{"floor":47.0,"key":"Orichalcum"},{"floor":60.0,"key":"Garlic"},{"floor":63.0,"key":"infinitespire:CheckeredPen"},{"floor":70.0,"key":"War Paint"},{"floor":77.0,"key":"Replay:Ringing Soul"},{"floor":83.0,"key":"hubris:MobiusCoin"},{"floor":83.0,"key":"conspire:InfiniteJournal"},{"floor":92.0,"key":"animator:HeavyHalberd"},{"floor":94.0,"key":"hubris:TinFlute"},{"floor":110,"key":"hubris:TenFootPole"},{"floor":111,"key":"Happy Flower"},{"floor":123,"key":"Red Mask"},{"floor":124,"key":"Lizard Tail"},{"floor":145,"key":"Calipers"},{"floor":150,"key":"Thread and Needle"},{"floor":156,"key":"Champion Belt"}],"event_choices":[{"damage_healed":0.0,"max_hp_gain":0.0,"max_hp_loss":0.0,"gold_gain":0.0,"event_name":"Match and Keep!","player_choice":"0 cards matched","floor":3.0,"gold_loss":0.0,"damage_taken":0.0,"cards_obtained":[]},{"damage_healed":0.0,"max_hp_gain":0.0,"max_hp_loss":0.0,"gold_gain":0.0,"event_name":"Lab","player_choice":"Got Potions","floor":10.0,"gold_loss":0.0,"damage_taken":0.0},{"cards_removed":["animator:Chris"],"damage_healed":0.0,"max_hp_gain":0.0,"max_hp_loss":0.0,"gold_gain":0.0,"event_name":"Beggar","player_choice":"Gave Gold","floor":20.0,"gold_loss":75.0,"damage_taken":0.0},{"damage_healed":0.0,"max_hp_gain":0.0,"max_hp_loss":0.0,"gold_gain":99.0,"event_name":"Nest","player_choice":"Stole From Cult","floor":27.0,"gold_loss":0.0,"damage_taken":0.0},{"damage_healed":0.0,"max_hp_gain":0.0,"max_hp_loss":0.0,"gold_gain":0.0,"event_name":"Duplicator","player_choice":"Copied","floor":46.0,"gold_loss":0.0,"damage_taken":0.0,"cards_obtained":["animator:Megumin"]},{"damage_healed":0.0,"max_hp_gain":0.0,"max_hp_loss":0.0,"gold_gain":0.0,"event_name":"Upgrade Shrine","player_choice":"Upgraded","floor":53.0,"gold_loss":0.0,"damage_taken":0.0,"cards_upgraded":["animator:Shiro"]},{"damage_healed":0.0,"max_hp_gain":0.0,"max_hp_loss":0.0,"gold_gain":99.0,"event_name":"Nest","player_choice":"Stole From Cult","floor":73.0,"gold_loss":0.0,"damage_taken":0.0},{"damage_healed":0.0,"max_hp_gain":0.0,"max_hp_loss":0.0,"gold_gain":0.0,"event_name":"conspire:Investor","player_choice":"Leave","floor":82.0,"gold_loss":0.0,"damage_taken":0.0},{"damage_healed":0.0,"max_hp_gain":0.0,"max_hp_loss":0.0,"gold_gain":0.0,"event_name":"Colosseum","player_choice":"Fight","floor":83.0,"gold_loss":0.0,"damage_taken":0.0},{"damage_healed":0.0,"max_hp_gain":0.0,"max_hp_loss":0.0,"gold_gain":0.0,"event_name":"Colosseum","player_choice":"Fought Nobs","floor":83.0,"gold_loss":0.0,"damage_taken":0.0},{"damage_healed":0.0,"max_hp_gain":0.0,"max_hp_loss":0.0,"gold_gain":0.0,"event_name":"Lab","player_choice":"Got Potions","floor":89.0,"gold_loss":0.0,"damage_taken":0.0},{"damage_healed":0.0,"max_hp_gain":0.0,"max_hp_loss":0.0,"gold_gain":0.0,"event_name":"The Woman in Blue","player_choice":"Bought 0 Potions","floor":97.0,"gold_loss":0.0,"damage_taken":0.0},{"damage_healed":0,"gold_gain":0,"player_choice":"Ignored","damage_taken":0,"max_hp_gain":0,"max_hp_loss":0,"event_name":"NoteForYourself","floor":113,"gold_loss":0},{"damage_healed":0,"gold_gain":0,"player_choice":"Read","damage_taken":0,"max_hp_gain":0,"max_hp_loss":0,"event_name":"The Library","floor":122,"gold_loss":0,"cards_obtained":["animator:Shiro"]},{"damage_healed":0,"gold_gain":0,"player_choice":"Cursed","damage_taken":0,"max_hp_gain":0,"max_hp_loss":0,"event_name":"Wheel of Change","floor":134,"gold_loss":0,"cards_obtained":["Decay"]},{"damage_healed":0,"gold_gain":0,"player_choice":"Upgraded","damage_taken":0,"max_hp_gain":0,"max_hp_loss":0,"event_name":"Upgrade Shrine","floor":138,"gold_loss":0,"cards_upgraded":["animator:Sora"]},{"damage_healed":0,"gold_gain":0,"player_choice":"Memory 1","damage_taken":0,"max_hp_gain":0,"max_hp_loss":0,"event_name":"SensoryStone","floor":148,"gold_loss":0},{"damage_healed":0,"gold_gain":0,"player_choice":"Fight","damage_taken":0,"max_hp_gain":0,"max_hp_loss":0,"event_name":"MindBloom","floor":150,"gold_loss":0}],"is_beta":false,"boss_relics":[{"not_picked":["Painkiller Herb","Busted Crown"],"picked":"conspire:SpecialSausage"},{"not_picked":["hubris:VirtuousBlindfold","Honey Jar","Kintsugi"]},{"not_picked":["energizedSpire:RedRose","Replay:Bronze Core"],"picked":"Mark of Pain"},{"not_picked":["hubris:RunicObelisk","ReplayTheSpireMod:DimensionalGlitch","Astrolabe"]},{"not_picked":["Black Star","hubris:TerracottaHorce"],"picked":"energizedSpire:DeadBattery"},{"not_picked":["hubris:CrackedHourglass","hubris:GrandSneckoEye"],"picked":"Philosopher\u0027s Stone"},{"not_picked":["energizedSpire:EnergizedDie","Ring of Chaos"],"picked":"energizedSpire:RedRose"},{"not_picked":["hubris:HollowSoul","infinitespire:Cupcake"],"picked":"Empty Cage"},{"not_picked":["Replay:Ancient Bell","energizedSpire:HugeHouse"],"picked":"energizedSpire:OgreHead"}],"items_purged_floors":[0,0,0,0,0,0,0,0,0,0,0,0,0,0,0,0,58,72,81,87,96,104,139,141,144,144,144,144,144,144,155],"is_endless":true,"potions_floor_spawned":[4,7,14,19,22,25,29,32,33,36,41,44,47,48,50,52,55,56,65,67,69,75,83,84,88,90,99,101,105,106,116,125,130,131,133,135,137,156,157],"ascension_level":0}}