{"host":"2hea6pl5vmah38iy","time":1613972045,"event":{"mods":["AchievementEnabler","BaseMod","Colored Map","DeckTracker","Keyboard Shortcuts","Minty Spire (QoL Compilation)","Rare Cards Sparkle","StSLib","SuperFastMode","everything is the same but u backflip on backflip"],"gold_per_floor":[112,124,124,140,154,154,154,154,178,191,218,242,254,282,294,380,392,421,445,473,485,507,519,519],"floor_reached":23,"language":"KOR","playtime":1215,"items_purged":[],"score":380,"play_id":"ef7f2c15-ea0d-4b39-a6f4-3878d26e3f1d","local_time":"20210222143405","is_ascension_mode":true,"campfire_choices":[{"floor":6.0,"key":"REST"},{"data":"CrushJoints","floor":8.0,"key":"SMITH"},{"data":"Perseverance","floor":15.0,"key":"SMITH"}],"circlet_count":0,"master_deck":["AscendersBane","Strike_P+1","Strike_P","Defend_P","Defend_P","Defend_P+1","Eruption+1","Vigilance","CrushJoints+1","Perseverance+1","EmptyMind","FollowUp+1","Worship","Evaluate","Establishment"],"relics":["PureWater","Ginger","Whetstone","Juzu Bracelet","MawBank","Empty Cage"],"acts_visited":["Exordium","TheCity"],"potions_floor_usage":[22],"damage_taken":[{"damage":3.0,"enemies":"2 Louse","floor":1.0,"turns":3.0},{"damage":0.0,"enemies":"Cultist","floor":2.0,"turns":2.0},{"damage":4.0,"enemies":"Jaw Worm","floor":4.0,"turns":4.0},{"damage":0.0,"enemies":"Lots of Slimes","floor":5.0,"turns":2.0},{"damage":0.0,"enemies":"Blue Slaver","floor":10.0,"turns":2.0},{"damage":7.0,"enemies":"3 Sentries","floor":11.0,"turns":10.0},{"damage":15.0,"enemies":"Gremlin Gang","floor":14.0,"turns":4.0},{"damage":11.0,"enemies":"Hexaghost","floor":16.0,"turns":9.0},{"damage":10.0,"enemies":"Shell Parasite","floor":18.0,"turns":6.0},{"damage":16.0,"enemies":"Spheric Guardian","floor":19.0,"turns":6.0},{"damage":9.0,"enemies":"Snecko","floor":20.0,"turns":4.0},{"damage":10,"enemies":"Snake Plant","floor":22,"turns":5},{"damage":0,"enemies":"Gremlin Leader","floor":23,"turns":2}],"seed_played":"-7236025750354951758","potions_obtained":[{"floor":2.0,"key":"ColorlessPotion"},{"floor":4.0,"key":"Block Potion"},{"floor":10.0,"key":"BlessingOfTheForge"},{"floor":18.0,"key":"Ambrosia"}],"is_trial":false,"path_per_floor":["M","M","?","M","M","R","?","R","T","M","E","T","?","M","R","B",null,"M","M","M","?","M","E"],"character_chosen":"WATCHER","items_purchased":[],"campfire_rested":1,"item_purchase_floors":[],"current_hp_per_floor":[40,40,20,16,16,36,36,36,36,36,29,29,34,19,19,8,57,47,31,22,22,12,12,12],"gold":519,"neow_bonus":"ONE_RARE_RELIC","is_daily":false,"chose_seed":false,"campfire_upgraded":2,"win_rate":0.0,"timestamp":1613972045,"path_taken":["M","M","?","M","M","R","?","R","T","?","E","?","?","M","R","BOSS","M","M","M","?","M","E"],"items_purchased_type":[],"build_version":"2020-12-22","purchased_purges":0,"victory":false,"max_hp_per_floor":[68,68,68,68,68,68,68,68,68,68,68,68,73,73,73,73,73,73,73,73,73,73,73,73],"card_choices":[{"not_picked":["Protect","Study"],"picked":"CrushJoints","floor":1.0},{"not_picked":["Protect","JustLucky"],"picked":"Perseverance","floor":2.0},{"not_picked":["Protect","Evaluate"],"picked":"EmptyMind","floor":4.0},{"not_picked":["Crescendo","FlurryOfBlows"],"picked":"FollowUp","floor":5.0},{"not_picked":["Judgement","BowlingBash","EmptyFist"],"picked":"SKIP","floor":10.0},{"not_picked":["DeceiveReality","Blasphemy"],"picked":"Worship","floor":11.0},{"not_picked":["CrushJoints","ReachHeaven"],"picked":"Evaluate","floor":14.0},{"not_picked":["DevaForm","Judgement"],"picked":"Establishment","floor":16.0},{"not_picked":["EmptyBody","Wireheading","FollowUp+1"],"picked":"SKIP","floor":18.0},{"not_picked":["EmptyBody","ClearTheMind+1","WreathOfFlame"],"picked":"SKIP","floor":19.0},{"not_picked":["CrushJoints","Crescendo","FlyingSleeves"],"picked":"SKIP","floor":20.0},{"not_picked":["Halt","PathToVictory","CrushJoints+1"],"picked":"SKIP","floor":22}],"player_experience":609154,"relics_obtained":[{"floor":9.0,"key":"Whetstone"},{"floor":11.0,"key":"Juzu Bracelet"},{"floor":12.0,"key":"MawBank"}],"event_choices":[{"damage_healed":0.0,"max_hp_gain":0.0,"max_hp_loss":0.0,"gold_gain":0.0,"event_name":"Shining Light","player_choice":"Entered Light","floor":3.0,"gold_loss":0.0,"damage_taken":20.0,"cards_upgraded":["Eruption","Defend_P"]},{"cards_removed":["Strike_P"],"damage_healed":0.0,"max_hp_gain":0.0,"max_hp_loss":0.0,"gold_gain":0.0,"event_name":"Purifier","player_choice":"Purged","floor":7.0,"gold_loss":0.0,"damage_taken":0.0},{"damage_healed":0.0,"max_hp_gain":5.0,"max_hp_loss":0.0,"gold_gain":0.0,"event_name":"Big Fish","player_choice":"Donut","floor":13.0,"gold_loss":0.0,"damage_taken":0.0},{"damage_healed":0,"gold_gain":0,"player_choice":"Ignored","damage_taken":0,"max_hp_gain":0,"max_hp_loss":0,"event_name":"Cursed Tome","floor":21,"gold_loss":0}],"is_beta":false,"boss_relics":[{"not_picked":["Cursed Key","Ectoplasm"],"picked":"Empty Cage"}],"items_purged_floors":[],"is_endless":false,"potions_floor_spawned":[2,4,10,18],"killed_by":"Gremlin Leader","ascension_level":19}}