{"host":"fwdkxxz7291ipt0p","time":1613962335,"event":{"mods":["Act Like it!","BaseMod","Downfall","Minty Spire (QoL Compilation)","Relic Filter Mod","Relic Stats","StSLib","The Administrix","Yakumo Yukari mod","Youmu£®ªÍ∆«—˝√Œ£©"],"gold_per_floor":[0,100,100,113,124,124,124,141,157,169,269,143,43,76,86,187,187,87,102,102,115,115,144,144,155,58,71,91,91,119,4,22,126,126,26,44,64,64,123,133,133,133,147,158,158,11,26,26,44,44,44,78,78,78,78,78],"floor_reached":57,"language":"ZHS","playtime":7369,"items_purged":["AdministrixMod:Strike_Administrix","AdministrixMod:Defend_Administrix"],"score":1343,"play_id":"556dc79a-f114-4341-b052-764a2b608e65","local_time":"20210222105215","is_ascension_mode":true,"campfire_choices":[{"floor":1.0,"key":"RECALL"},{"data":"AdministrixMod:ImmortalGrace","floor":6.0,"key":"SMITH"},{"data":"AdministrixMod:HarmonicReverence","floor":13.0,"key":"SMITH"},{"data":"AdministrixMod:JustRewards","floor":18.0,"key":"SMITH"},{"data":"AdministrixMod:WifeLightning","floor":29.0,"key":"SMITH"},{"data":"AdministrixMod:StarSwordSoul","floor":35.0,"key":"SMITH"},{"data":"AdministrixMod:RedCloak","floor":42.0,"key":"SMITH"},{"data":"AdministrixMod:ImmortalPurity+1","floor":45.0,"key":"SMITH"},{"data":"AdministrixMod:BlueCloak","floor":54,"key":"SMITH"}],"circlet_count":0,"master_deck":["AdministrixMod:RedCloak+1","AdministrixMod:Defend_Administrix","AdministrixMod:Defend_Administrix","AdministrixMod:BlueCloak+1","AdministrixMod:ImmortalGrace+1","AdministrixMod:ShadowPlay+1","AdministrixMod:HarmonicReverence+1","AdministrixMod:JustRewards+1","AdministrixMod:ChooseYourEnd","AdministrixMod:WifeLightning+1","CurseOfTheBell","AdministrixMod:Transition+1","AdministrixMod:RebukeDesires+1","AdministrixMod:StarSwordSoul+1","AdministrixMod:SipOfSparks+1","AdministrixMod:Overdrive","AdministrixMod:BishamonBlessing+1","AdministrixMod:SyncreticSurge+1","AdministrixMod:ImmortalPurity+2","AdministrixMod:LightOfYourLife+1"],"relics":["AdministrixMod:ConductorRitualBaton","Turnip","downfall:HeartBlessingRed","Pear","Calling Bell","Strawberry","Kunai","CaptainsWheel","downfall:HeartBlessingBlue","TungstenRod","Anchor","Cursed Key","downfall:HeartBlessingGreen","Thread and Needle","OrangePellets","Boot"],"acts_visited":["Exordium","TheCity","TheBeyond","TheEnding"],"potions_floor_usage":[56],"damage_taken":[{"damage":0.0,"enemies":"2 Louse","floor":4.0,"turns":2.0},{"damage":3.0,"enemies":"Jaw Worm","floor":5.0,"turns":3.0},{"damage":0.0,"enemies":"Small Slimes","floor":8.0,"turns":3.0},{"damage":1.0,"enemies":"Exordium Wildlife","floor":9.0,"turns":3.0},{"damage":2.0,"enemies":"Blue Slaver","floor":10.0,"turns":3.0},{"damage":26.0,"enemies":"downfall:Heads","floor":11.0,"turns":5.0},{"damage":0.0,"enemies":"downfall:FleeingMerchant","floor":12.0,"turns":4.0},{"damage":1.0,"enemies":"Lagavulin","floor":14.0,"turns":5.0},{"damage":0.0,"enemies":"downfall:LooterAlt","floor":15.0,"turns":2.0},{"damage":9.0,"enemies":"SI_SHIV_ARCHETYPE","floor":16.0,"turns":5.0},{"damage":0.0,"enemies":"3 Byrds","floor":19.0,"turns":4.0},{"damage":3.0,"enemies":"Shell Parasite","floor":21.0,"turns":3.0},{"damage":13.0,"enemies":"Gremlin Leader","floor":23.0,"turns":6.0},{"damage":0.0,"enemies":"Snecko","floor":25.0,"turns":4.0},{"damage":0.0,"enemies":"downfall:FleeingMerchant","floor":26.0,"turns":4.0},{"damage":0.0,"enemies":"Sentry and Sphere","floor":27.0,"turns":4.0},{"damage":3.0,"enemies":"3 Cultists","floor":28.0,"turns":3.0},{"damage":4.0,"enemies":"Slavers","floor":30.0,"turns":5.0},{"damage":1.0,"enemies":"downfall:FleeingMerchant","floor":31.0,"turns":4.0},{"damage":0.0,"enemies":"Chosen and Byrds","floor":32.0,"turns":4.0},{"damage":30.0,"enemies":"IC_MUSHROOM_ARCHETYPE","floor":33.0,"turns":6.0},{"damage":0.0,"enemies":"3 Darklings","floor":36.0,"turns":4.0},{"damage":0.0,"enemies":"Orb Walker","floor":37.0,"turns":2.0},{"damage":0.0,"enemies":"downfall:FleeingMerchant","floor":39.0,"turns":1.0},{"damage":0.0,"enemies":"Spire Growth","floor":40.0,"turns":3.0},{"damage":0.0,"enemies":"Jaw Worm Horde","floor":43.0,"turns":3.0},{"damage":0.0,"enemies":"4 Shapes","floor":44.0,"turns":3.0},{"damage":0.0,"enemies":"Maw","floor":47.0,"turns":5.0},{"damage":0.0,"enemies":"Spire Growth","floor":49.0,"turns":4.0},{"damage":12.0,"enemies":"DF_ARCHETYPE_ORBS","floor":50.0,"turns":6.0},{"damage":0.0,"enemies":"downfall:CharBossMerchant","floor":52.0,"turns":6.0},{"damage":1,"enemies":"downfall:NeowBoss","floor":55,"turns":14},{"damage":6,"enemies":"downfall:NeowBossFinal","floor":56,"turns":10}],"seed_played":"-3002081814859636500","potions_obtained":[{"floor":8.0,"key":"Guardian:BlockOnCardUsePotion"},{"floor":9.0,"key":"BlessingOfTheForge"},{"floor":11.0,"key":"champ:CounterPotion"},{"floor":16.0,"key":"Weak Potion"},{"floor":19.0,"key":"SteroidPotion"},{"floor":25.0,"key":"PowerPotion"},{"floor":27.0,"key":"Slimebound:ThreeZeroPotion"},{"floor":32.0,"key":"BlessingOfTheForge"},{"floor":44.0,"key":"GamblersBrew"}],"is_trial":false,"path_per_floor":["R","?","T","M","M","R","T","M","M","M","?","$","R","E","M","B",null,"R","M","?","M","?","E","T","M","$","M","M","R","E","$","M","B",null,"R","M","M","?","$","M","T","R","M","M","R","$","M","T","M","B",null,"E","$","R","B","B",null],"character_chosen":"TheAdministrix","items_purchased":["AdministrixMod:ChooseYourEnd","AdministrixMod:Overdrive","Thread and Needle","OrangePellets"],"campfire_rested":0,"item_purchase_floors":[12,26,39,46],"current_hp_per_floor":[65,65,65,65,62,62,62,62,61,59,33,33,33,42,42,33,82,92,92,92,89,89,76,76,76,76,76,73,73,69,68,68,38,92,92,92,92,92,92,92,92,92,92,92,92,92,92,92,92,80,92,92,92,92,91,85],"gold":78,"neow_bonus":"REMOVE_TWO","is_daily":false,"chose_seed":false,"campfire_upgraded":8,"win_rate":0.0,"timestamp":1613962335,"path_taken":["R","?","?","M","M","R","T","M","M","M","?","$","R","E","M","BOSS","R","M","?","M","?","E","T","M","$","M","?","R","E","$","M","BOSS","R","M","M","?","$","M","T","R","M","?","R","$","M","?","M","BOSS","E","$","R","BOSS","BOSS"],"items_purchased_type":["Card","Card","Relic","Relic"],"build_version":"2020-12-22","purchased_purges":2,"victory":true,"max_hp_per_floor":[65,65,65,65,65,65,65,65,65,65,65,65,65,75,75,75,82,92,92,92,92,92,92,92,92,92,92,92,92,92,92,92,92,92,92,92,92,92,92,92,92,92,92,92,92,92,92,92,92,92,92,92,92,92,92,92],"relic_stats":{"OrangePellets":[4],"counters":[33,143],"Turnip":[16],"Kunai":[108],"Cursed Key":0,"Boot":[16],"obtain_stats":[{"Pear":14,"downfall:HeartBlessingRed":13,"downfall:HeartBlessingGreen":35,"Thread and Needle":39,"AdministrixMod:ConductorRitualBaton":0,"Cursed Key":34,"Boot":52,"Calling Bell":17,"OrangePellets":46,"CaptainsWheel":17,"Anchor":30,"downfall:HeartBlessingBlue":18,"Strawberry":17,"Turnip":3,"Kunai":17,"TungstenRod":23},{"Pear":8,"downfall:HeartBlessingRed":7,"downfall:HeartBlessingGreen":21,"Thread and Needle":24,"AdministrixMod:ConductorRitualBaton":0,"Cursed Key":21,"Boot":31,"Calling Bell":10,"OrangePellets":27,"CaptainsWheel":10,"Anchor":18,"downfall:HeartBlessingBlue":10,"Strawberry":10,"Turnip":0,"Kunai":10,"TungstenRod":13},{"Pear":28,"downfall:HeartBlessingRed":23,"downfall:HeartBlessingGreen":82,"Thread and Needle":89,"AdministrixMod:ConductorRitualBaton":0,"Cursed Key":82,"Boot":119,"Calling Bell":35,"OrangePellets":98,"CaptainsWheel":35,"Anchor":68,"downfall:HeartBlessingBlue":35,"Strawberry":35,"Turnip":0,"Kunai":35,"TungstenRod":48}],"TungstenRod":13},"card_choices":[{"not_picked":["AdministrixMod:ExtolVirtue","AdministrixMod:SealAway","AdministrixMod:DreamsMausoleum"],"picked":"SKIP","floor":4.0},{"not_picked":["AdministrixMod:FeastOfDew","AdministrixMod:TrickOfTheLight"],"picked":"AdministrixMod:ImmortalGrace","floor":5.0},{"not_picked":["AdministrixMod:PlateOfAntiquity","AdministrixMod:DreamsMausoleum"],"picked":"AdministrixMod:ShadowPlay","floor":8.0},{"not_picked":["AdministrixMod:UnstableVigor","AdministrixMod:GuanyinBlessing"],"picked":"AdministrixMod:HarmonicReverence","floor":9.0},{"not_picked":["AdministrixMod:DreamsMausoleum","AdministrixMod:SipOfSparks","AdministrixMod:Metempsychosis"],"picked":"SKIP","floor":10.0},{"not_picked":["AdministrixMod:CrackingPangu","AdministrixMod:SyncreticSurge","AdministrixMod:RegentEdict"],"picked":"SKIP","floor":11.0},{"not_picked":["AdministrixMod:TouchOfCinnabar","AdministrixMod:XianArts","AdministrixMod:FeastOfDew"],"picked":"SKIP","floor":12.0},{"not_picked":["AdministrixMod:SealAway","AdministrixMod:SeventeenArticleLaser","AdministrixMod:XianArts"],"picked":"SKIP","floor":14.0},{"not_picked":["AdministrixMod:ExtolVirtue","AdministrixMod:ImmortalGrace","AdministrixMod:QuietConspiracy"],"picked":"SKIP","floor":15.0},{"not_picked":["AdministrixMod:CosmosControl","AdministrixMod:FalseDeath"],"picked":"AdministrixMod:WifeLightning","floor":16.0},{"not_picked":["AdministrixMod:JustRewards+1","AdministrixMod:CastOffRegrets"],"picked":"AdministrixMod:Transition+1","floor":19.0},{"not_picked":["AdministrixMod:FeastOfDew","AdministrixMod:Transition"],"picked":"AdministrixMod:RebukeDesires+1","floor":21.0},{"not_picked":["AdministrixMod:PlateOfAntiquity","AdministrixMod:BloodBargain","AdministrixMod:UnstableVigor"],"picked":"SKIP","floor":23.0},{"not_picked":["AdministrixMod:PlateOfAntiquity","AdministrixMod:ChooseYourEnd"],"picked":"AdministrixMod:StarSwordSoul","floor":25.0},{"not_picked":["AdministrixMod:StarSwordSoul","AdministrixMod:HarmonicReverence"],"picked":"AdministrixMod:SipOfSparks+1","floor":26.0},{"not_picked":["AdministrixMod:Wuji","AdministrixMod:CrackingPangu","AdministrixMod:PlateOfAntiquity"],"picked":"SKIP","floor":27.0},{"not_picked":["AdministrixMod:FeastOfDew","AdministrixMod:HarmonicReverence+1","AdministrixMod:NoblePath"],"picked":"SKIP","floor":28.0},{"not_picked":["AdministrixMod:Untouchable","AdministrixMod:DiversionaryTactic"],"picked":"AdministrixMod:BishamonBlessing","floor":30.0},{"not_picked":["AdministrixMod:FuneraryRites","AdministrixMod:BloodlessSapphire+1","AdministrixMod:SealAway"],"picked":"SKIP","floor":31.0},{"not_picked":["AdministrixMod:ReachToHeaven","AdministrixMod:StarSwordSoul"],"picked":"AdministrixMod:SyncreticSurge+1","floor":32.0},{"not_picked":["AdministrixMod:MixOfMercury+1","AdministrixMod:BloodBargain+1"],"picked":"AdministrixMod:ImmortalPurity+1","floor":36.0},{"not_picked":["AdministrixMod:RebukeDesires","AdministrixMod:ArmillarySphere","AdministrixMod:XianArts+1"],"picked":"SKIP","floor":37.0},{"not_picked":["AdministrixMod:PlateOfAntiquity+1","AdministrixMod:SipOfSparks","AdministrixMod:DeathByGlamour"],"picked":"SKIP","floor":39.0},{"not_picked":["AdministrixMod:MixOfMercury","AdministrixMod:TouchOfCinnabar+1","AdministrixMod:NoblePath"],"picked":"SKIP","floor":40.0},{"not_picked":["AdministrixMod:HiddenPower+1","AdministrixMod:QuietConspiracy","AdministrixMod:SeventeenArticleLaser"],"picked":"SKIP","floor":43.0},{"not_picked":["AdministrixMod:BishamonBlessing","AdministrixMod:ImmortalGrace+1"],"picked":"AdministrixMod:LightOfYourLife+1","floor":44.0},{"not_picked":["AdministrixMod:PassageOfAges+1","AdministrixMod:TouchOfCinnabar+1","AdministrixMod:Wuji"],"picked":"SKIP","floor":47.0},{"not_picked":["AdministrixMod:SipOfSparks","AdministrixMod:TrickOfTheLight","AdministrixMod:PassageOfAges"],"picked":"SKIP","floor":49.0},{"not_picked":["AdministrixMod:CrackingPangu+1","AdministrixMod:XianArts","AdministrixMod:SeventeenArticleLaser+1"],"picked":"SKIP","floor":52.0}],"player_experience":599541,"relics_obtained":[{"floor":3.0,"key":"Turnip"},{"floor":14.0,"key":"Pear"},{"floor":17.0,"key":"Strawberry"},{"floor":17.0,"key":"Kunai"},{"floor":17.0,"key":"CaptainsWheel"},{"floor":23.0,"key":"TungstenRod"},{"floor":30.0,"key":"Anchor"},{"floor":52.0,"key":"Boot"}],"event_choices":[{"damage_healed":0.0,"max_hp_gain":0.0,"max_hp_loss":0.0,"gold_gain":0.0,"event_name":"Vampires","player_choice":"Ignored","floor":22.0,"gold_loss":0.0,"damage_taken":0.0}],"is_beta":false,"boss_relics":[{"not_picked":["Busted Crown","AdministrixMod:BloodSoakedVeil"],"picked":"Calling Bell"},{"not_picked":["Astrolabe","Coffee Dripper"],"picked":"Cursed Key"}],"items_purged_floors":[12,31],"is_endless":false,"potions_floor_spawned":[8,9,11,16,19,25,27,32,33,36,37,44,49],"ascension_level":1}}