{"host":"vld99k9l4elccfy8","time":1613978634,"event":{"mods":["AchievementEnabler","BaseMod","Bestiary","Block Reminder","Colored Map","Colored Powertips","Custom Start","Highlight Path","Minty Spire (QoL Compilation)","Permanent Neow","Rare Cards Sparkle"],"gold_per_floor":[130,217,243,255,278,301,313,337,349,387,417,429,460,485,497,614,626,654,666,678,707,729,741,668,680,692,723,735,236,236,253,253,358,358,371,421,436,449,449,449,449],"floor_reached":40,"language":"ENG","playtime":3473,"items_purged":[],"score":417,"play_id":"988fb310-27cb-4dd0-a9cc-3eb6d42f857f","local_time":"20210222002354","is_ascension_mode":false,"campfire_choices":[{"floor":7.0,"key":"RECALL"},{"floor":12.0,"key":"REST"},{"floor":15.0,"key":"REST"},{"floor":23.0,"key":"REST"},{"data":"Noxious Fumes","floor":25.0,"key":"SMITH"},{"floor":30.0,"key":"REST"},{"floor":32.0,"key":"REST"}],"circlet_count":0,"master_deck":["Strike_G","Strike_G","Strike_G","Strike_G","Strike_G","Defend_G","Defend_G","Defend_G","Defend_G","Defend_G","Survivor","Neutralize","CurseOfTheBell","Noxious Fumes+1","Deflect","Predator","Bullet Time","Neutralize","Impatience","Acrobatics","Terror","Deflect","PiercingWail","Venomology","Calculated Gamble","Blade Dance","Venomology","Footwork","J.A.X.","Bouncing Flask","Distraction+1","Leg Sweep","Flying Knee","Apotheosis","Backstab+1","Corpse Explosion","Dagger Spray+1","Poisoned Stab+1","Catalyst+1","Bane+1"],"relics":["Calling Bell","MawBank","Paper Crane","Ginger","Bronze Scales","Oddly Smooth Stone","SlaversCollar","Sundial","Membership Card","Ninja Scroll","Pantograph","Runic Pyramid","Peace Pipe"],"acts_visited":["Exordium","TheCity","TheBeyond"],"potions_floor_usage":[40,40],"damage_taken":[{"damage":4.0,"enemies":"Jaw Worm","floor":1.0,"turns":10.0},{"damage":1.0,"enemies":"2 Louse","floor":3.0,"turns":5.0},{"damage":1.0,"enemies":"Cultist","floor":5.0,"turns":4.0},{"damage":0.0,"enemies":"Looter","floor":6.0,"turns":4.0},{"damage":1.0,"enemies":"Exordium Wildlife","floor":8.0,"turns":4.0},{"damage":45.0,"enemies":"Gremlin Nob","floor":10.0,"turns":5.0},{"damage":4.0,"enemies":"2 Fungi Beasts","floor":11.0,"turns":4.0},{"damage":0.0,"enemies":"Large Slime","floor":13.0,"turns":5.0},{"damage":1.0,"enemies":"Blue Slaver","floor":14.0,"turns":4.0},{"damage":26.0,"enemies":"The Guardian","floor":16.0,"turns":13.0},{"damage":12.0,"enemies":"Shell Parasite","floor":18.0,"turns":6.0},{"damage":11.0,"enemies":"Chosen","floor":21.0,"turns":5.0},{"damage":16.0,"enemies":"Snecko","floor":22.0,"turns":3.0},{"damage":5.0,"enemies":"Snake Plant","floor":27.0,"turns":5.0},{"damage":29.0,"enemies":"3 Cultists","floor":31.0,"turns":5.0},{"damage":64.0,"enemies":"Champ","floor":33.0,"turns":13.0},{"damage":9.0,"enemies":"Orb Walker","floor":35.0,"turns":3.0},{"damage":0.0,"enemies":"Mind Bloom Boss Battle","floor":36.0,"turns":5.0},{"damage":27.0,"enemies":"3 Darklings","floor":37.0,"turns":3.0},{"damage":4.0,"enemies":"Maw","floor":38.0,"turns":7.0},{"damage":44,"enemies":"Spire Growth","floor":40,"turns":6}],"seed_played":"8781936793627516397","potions_obtained":[{"floor":1.0,"key":"AttackPotion"},{"floor":5.0,"key":"Swift Potion"},{"floor":8.0,"key":"GamblersBrew"},{"floor":13.0,"key":"ColorlessPotion"},{"floor":14.0,"key":"SkillPotion"},{"floor":22.0,"key":"LiquidBronze"},{"floor":33.0,"key":"FearPotion"},{"floor":38.0,"key":"FearPotion"}],"is_trial":false,"path_per_floor":["M","?","M","?","M","M","R","M","T","E","M","R","M","M","R","B",null,"M","?","?","M","M","R","?","R","T","M","?","$","R","M","R","B",null,"M","?","M","M","?","M"],"character_chosen":"THE_SILENT","items_purchased":["Membership Card","Ninja Scroll","Pantograph","Flying Knee","Apotheosis"],"campfire_rested":5,"item_purchase_floors":[29,29,29,29,29],"current_hp_per_floor":[66,55,54,54,53,53,53,52,52,7,3,24,24,23,44,18,70,58,58,58,47,31,52,52,52,52,47,47,47,68,39,60,6,70,61,70,43,39,39,0,0],"gold":449,"neow_bonus":"BOSS_RELIC","is_daily":false,"chose_seed":false,"campfire_upgraded":1,"win_rate":0.0,"timestamp":1613978634,"path_taken":["M","?","M","?","M","M","R","M","T","E","?","R","M","M","R","BOSS","M","?","?","M","M","R","?","R","T","M","?","$","R","?","R","BOSS","M","?","M","M","?","M"],"items_purchased_type":["Relic","Relic","Relic","Card","Card"],"build_version":"2020-12-22","purchased_purges":0,"victory":false,"max_hp_per_floor":[70,70,70,70,70,70,70,70,70,70,70,70,70,70,70,70,70,70,70,70,70,70,70,70,70,70,70,70,70,70,70,70,70,70,70,70,70,70,70,70,70],"card_choices":[{"not_picked":["Concentrate","Riddle With Holes"],"picked":"Noxious Fumes","floor":1.0},{"not_picked":["Bane","Setup"],"picked":"Deflect","floor":3.0},{"not_picked":["Tactician","Crippling Poison"],"picked":"Terror","floor":5.0},{"not_picked":["Calculated Gamble","Underhanded Strike"],"picked":"Deflect","floor":6.0},{"not_picked":["Flying Knee","Cloak And Dagger"],"picked":"PiercingWail","floor":8.0},{"not_picked":["Escape Plan","Dodge and Roll"],"picked":"Venomology","floor":10.0},{"not_picked":["Reflex","Prepared"],"picked":"Flying Knee","floor":11.0},{"not_picked":["Quick Slash","Prepared"],"picked":"Calculated Gamble","floor":13.0},{"not_picked":["Cloak And Dagger","Slice"],"picked":"Blade Dance","floor":14.0},{"not_picked":["Tools of the Trade","Malaise"],"picked":"Venomology","floor":16.0},{"not_picked":["Riddle With Holes","Underhanded Strike"],"picked":"Footwork","floor":18.0},{"not_picked":["Deadly Poison","Well Laid Plans"],"picked":"Bouncing Flask","floor":21.0},{"not_picked":["Bane","Dagger Throw"],"picked":"Distraction+1","floor":22.0},{"not_picked":["Underhanded Strike+1","Well Laid Plans"],"picked":"Leg Sweep","floor":27.0},{"not_picked":["Poisoned Stab+1","Bane+1"],"picked":"Backstab+1","floor":31.0},{"not_picked":["Unload","Doppelganger"],"picked":"Corpse Explosion","floor":33.0},{"not_picked":["Distraction","Acrobatics"],"picked":"Dagger Spray+1","floor":35.0},{"not_picked":["Distraction","Flechettes"],"picked":"Poisoned Stab+1","floor":36.0},{"not_picked":["Dagger Spray+1","Sucker Punch+1"],"picked":"Catalyst+1","floor":37.0},{"not_picked":["Riddle With Holes","Tools of the Trade"],"picked":"Bane+1","floor":38.0}],"player_experience":440748,"relics_obtained":[{"floor":0.0,"key":"MawBank"},{"floor":0.0,"key":"Paper Crane"},{"floor":0.0,"key":"Ginger"},{"floor":9.0,"key":"Bronze Scales"},{"floor":10.0,"key":"Oddly Smooth Stone"},{"floor":36.0,"key":"Peace Pipe"}],"event_choices":[{"damage_healed":0.0,"max_hp_gain":0.0,"max_hp_loss":0.0,"gold_gain":75.0,"event_name":"World of Goop","player_choice":"Gather Gold","floor":2.0,"gold_loss":0.0,"damage_taken":11.0},{"damage_healed":0.0,"max_hp_gain":0.0,"max_hp_loss":0.0,"gold_gain":0.0,"event_name":"Match and Keep!","player_choice":"5 cards matched","floor":4.0,"gold_loss":0.0,"damage_taken":0.0,"cards_obtained":["Predator","Bullet Time","Neutralize","Impatience","Acrobatics"]},{"damage_healed":0.0,"max_hp_gain":0.0,"max_hp_loss":0.0,"gold_gain":0.0,"event_name":"Drug Dealer","player_choice":"Obtain J.A.X.","floor":19.0,"gold_loss":0.0,"damage_taken":0.0,"cards_obtained":["J.A.X."]},{"damage_healed":0.0,"max_hp_gain":0.0,"max_hp_loss":0.0,"gold_gain":0.0,"event_name":"Beggar","player_choice":"Ignored","floor":20.0,"gold_loss":0.0,"damage_taken":0.0},{"damage_healed":0.0,"max_hp_gain":0.0,"max_hp_loss":0.0,"gold_gain":0.0,"event_name":"Addict","player_choice":"Obtained Relic","floor":24.0,"gold_loss":85.0,"damage_taken":0.0,"relics_obtained":["Sundial"]},{"damage_healed":0.0,"max_hp_gain":0.0,"max_hp_loss":0.0,"gold_gain":0.0,"event_name":"Vampires","player_choice":"Ignored","floor":28.0,"gold_loss":0.0,"damage_taken":0.0},{"damage_healed":0.0,"max_hp_gain":0.0,"max_hp_loss":0.0,"gold_gain":0.0,"event_name":"MindBloom","player_choice":"Fight","floor":36.0,"gold_loss":0.0,"damage_taken":0.0},{"cards_removed":["Flying Knee"],"damage_healed":0.0,"max_hp_gain":0.0,"max_hp_loss":0.0,"gold_gain":0.0,"event_name":"Falling","player_choice":"Removed Attack","floor":39.0,"gold_loss":0.0,"damage_taken":0.0}],"is_beta":false,"boss_relics":[{"not_picked":["Black Star","Fusion Hammer"],"picked":"SlaversCollar"},{"not_picked":["Sozu","Cursed Key"],"picked":"Runic Pyramid"}],"items_purged_floors":[],"is_endless":false,"potions_floor_spawned":[1,5,8,13,14,22,27,33,38],"killed_by":"Spire Growth","ascension_level":0}}