{"host":"elacvoo1ojii4e8w","time":1613976774,"event":{"mods":["Aspiration","Bard","BaseMod","BetterRewards","Challenge The Spire","Colored Map","Colored Powertips","Conspire","Downfall","Energized Spire","Friendly Minions","GifTheSpireLib","Halation","Highlight Path","Hubris","Infinite Spire","Mad Scientist","Marisa????????","Minty Spire (QoL Compilation)","Quick Restart","RNG Fix","Relic Sorter","Reliquary","Replay The Spire","Spikes Relics","StS++","StSLib","Stuff the Spire","The Blackbeard","The Disciple","The Gatherer","The Jungle","The Marked","The Runesmith","The Servant 0.9.4","The Valiant","Unceasing Turn Reminder"],"gold_per_floor":[118,159,159,57,70,104,117,134,134,134,153,153,153,165,199,301,301,316,88,88,104,104,104,136,141,141],"floor_reached":25,"language":"ENG","playtime":963,"items_purged":[],"score":246,"play_id":"384fbf33-59c7-42d2-8788-3964be9e671b","local_time":"20210222005254","is_ascension_mode":false,"campfire_choices":[{"floor":23,"key":"REST"}],"circlet_count":0,"master_deck":["Strike_G+1","Strike_G+1","Strike_G+1","Strike_G+1","Strike_G+1","Defend_G+1","Defend_G+1","Defend_G+1","Defend_G+1","Defend_G+1","Survivor","Neutralize","StuffTheSpire:Injection","Caltrops","StuffTheSpire:Injection","Toxin Wave","Outmaneuver","Draining Mist+1","Dagger Spray","Deadly Poison","After Image","Outmaneuver","Backflip","Die Die Die","Blade Dance+1","Backstab","Writhe","Riddle With Holes","Bane"],"relics":["Ring of the Snake","NeowsBlessing","halation:Trompette","Ring of Fury","Pear","Replay:PocketPolymizer","hubris:MobiusCoin","hubris:CrystalStatue","energizedSpire:OgreHead","Juzu Bracelet","hubris:DisguiseKit","halation:IllGainedPizza"],"acts_visited":["Exordium","TheCity"],"potions_floor_usage":[16,18,18],"damage_taken":[{"damage":0,"enemies":"Jaw Worm","floor":1,"turns":1},{"damage":0,"enemies":"Cultist","floor":5,"turns":1},{"damage":0,"enemies":"3 Sentries","floor":6,"turns":1},{"damage":1,"enemies":"2 Louse","floor":7,"turns":2},{"damage":6,"enemies":"Large Slime","floor":8,"turns":4},{"damage":9,"enemies":"Blue Slaver","floor":11,"turns":3},{"damage":5,"enemies":"Looter","floor":14,"turns":3},{"damage":20,"enemies":"conspire:MimicChest","floor":15,"turns":7},{"damage":11,"enemies":"The Guardian","floor":16,"turns":10},{"damage":4,"enemies":"2 Thieves","floor":18,"turns":3},{"damage":12,"enemies":"3 Byrds","floor":21,"turns":3},{"damage":68,"enemies":"Slavers","floor":24,"turns":5},{"damage":12,"enemies":"Centurion and Healer","floor":25,"turns":7}],"seed_played":"5305790094849298979","potions_obtained":[{"floor":1,"key":"Weak Potion"},{"floor":5,"key":"FearPotion"},{"floor":15,"key":"SpeedPotion"},{"floor":16,"key":"BlessingOfTheForge"}],"is_trial":false,"path_per_floor":["M","?","?","$","M","E","M","M","T","?","M","?","?","M","R_BF","B",null,"M","$","?","M","?","R","E","M"],"character_chosen":"THE_SILENT","items_purchased":["StuffTheSpire:Injection","Toxin Wave","Juzu Bracelet","Backstab"],"campfire_rested":1,"item_purchase_floors":[4,4,19,19],"current_hp_per_floor":[70,70,70,70,70,80,79,73,73,73,64,64,64,59,39,28,80,76,76,76,64,64,80,12,0,0],"gold":141,"neow_bonus":"THREE_ENEMY_KILL","is_daily":false,"chose_seed":false,"campfire_upgraded":0,"win_rate":0.0,"timestamp":1613976774,"path_taken":["M","?","?","$","M","E","M","M","T","?","M","?","?","M","R_BF","BOSS","M","$","?","M","?","R","E","M"],"items_purchased_type":["Card","Card","Relic","Card"],"build_version":"2020-12-22","purchased_purges":0,"victory":false,"max_hp_per_floor":[70,70,70,70,70,80,80,80,80,80,80,80,80,80,80,80,80,80,80,80,80,80,80,80,80,80],"card_choices":[{"not_picked":["Slice","ReplayTheSpireMod:Exploit Weakness"],"picked":"StuffTheSpire:Injection","floor":1},{"not_picked":["Sucker Punch","StuffTheSpire:Fury"],"picked":"Caltrops","floor":2},{"not_picked":["ReplayTheSpireMod:Shiv Toss","StSpp:Dive"],"picked":"Outmaneuver","floor":5},{"not_picked":["ShadowRift","Choke"],"picked":"Dodge and Roll","floor":6},{"not_picked":["Underhanded Strike","Dodge and Roll"],"picked":"Draining Mist","floor":7},{"not_picked":["Masterful Stab","Dodge and Roll"],"picked":"Dagger Spray","floor":8},{"not_picked":["Well Laid Plans","Slice"],"picked":"Deadly Poison","floor":11},{"not_picked":["StuffTheSpire:ClusterCrunch","All Out Attack"],"picked":"After Image","floor":14},{"not_picked":["StuffTheSpire:BumpUp","Endless Agony"],"picked":"Backflip","floor":15},{"not_picked":["StSpp:AbandonFlesh","After Image"],"picked":"Die Die Die","floor":16},{"not_picked":["Terror","Outmaneuver"],"picked":"Blade Dance+1","floor":18},{"not_picked":["Slice","Flechettes","Sucker Punch"],"picked":"hexamod:Hexaguard","floor":21},{"not_picked":["PiercingWail","Sucker Punch+1","hexamod:ForkedFlame"],"picked":"Bane","floor":24}],"player_experience":79655,"relics_obtained":[{"floor":2,"key":"halation:Trompette"},{"floor":3,"key":"Ring of Fury"},{"floor":6,"key":"Pear"},{"floor":9,"key":"Replay:PocketPolymizer"},{"floor":15,"key":"hubris:CrystalStatue"},{"floor":24,"key":"halation:IllGainedPizza"}],"event_choices":[{"damage_healed":0,"gold_gain":0,"player_choice":"Leave","damage_taken":0,"max_hp_gain":0,"max_hp_loss":0,"event_name":"The Cleric","floor":10,"gold_loss":0},{"damage_healed":0,"gold_gain":0,"player_choice":"Gave Potion","damage_taken":0,"relics_obtained":["hubris:MobiusCoin"],"max_hp_gain":0,"max_hp_loss":0,"event_name":"WeMeetAgain","floor":13,"gold_loss":0},{"damage_healed":0,"gold_gain":0,"player_choice":"Opened","damage_taken":0,"relics_obtained":["hubris:DisguiseKit"],"max_hp_gain":0,"max_hp_loss":0,"event_name":"The Mausoleum","floor":20,"gold_loss":0,"cards_obtained":["Writhe"]},{"damage_healed":0,"gold_gain":0,"player_choice":"Simplicity","damage_taken":0,"max_hp_gain":0,"max_hp_loss":0,"event_name":"Back to Basics","floor":22,"gold_loss":0,"cards_upgraded":["Strike_G","Strike_G","Strike_G","Strike_G","Strike_G","Defend_G","Defend_G","Defend_G","Defend_G","Defend_G"]}],"is_beta":false,"boss_relics":[{"not_picked":["Kintsugi","bronze:MakeshiftBattery"],"picked":"energizedSpire:OgreHead"}],"items_purged_floors":[],"is_endless":false,"potions_floor_spawned":[1,5,15,16],"killed_by":"Centurion and Healer","ascension_level":0}}