{"host":"ifvrsrzj00f2ebkn","time":1613991288,"event":{"mods":["BaseMod","Bestiary","BetterRewards","Block Reminder","Colored Map","Colored Powertips","Defuse TimeMaze Blight","Downfall","Minty Spire (QoL Compilation)","Permanent Neow","Quick Restart","Remove Card Discount Mod","Shop Mod","Spicy Shops","StSLib","Thieving Mod","????"],"gold_per_floor":[118,118,193,158,208,208,237,11,38,38,63,63,63,78,78,152,152,167,112,112,146,162,162,162,162,186,219,219,237,237,227,227,299,299,311,311,638,306,277,67,67,93,93,127,125,54,86,115,115,192,267,267,283,283,283,294,167,167,200,234,234,267,267,297,297,297,254,329,329,345,343,343,104,119,119,150,150,176,96,124,149,183,218,44,117,117,134,2,12,37,57,88,88,113,145,145,180,208,233,262,262,339,413,413,427,427,427,454,454],"floor_reached":108,"language":"ENG","playtime":3701,"items_purged":["Pommel Strike","Demon Form","Flex","Pommel Strike","Armaments","True Grit","Power Through+1","Power Through+1","Barricade+1","Double Tap+1"],"score":8741,"play_id":"b0772040-7ec3-4043-8f73-870a757e594f","local_time":"20210222185448","daily_mods":["SealedDeck","Red Cards","Heirloom","Time Dilation","Flight","DeadlyEvents","Elite Swarm"],"is_ascension_mode":true,"campfire_choices":[{"data":"Body Slam","floor":6.0,"key":"SMITH"},{"data":"Body Slam","floor":10.0,"key":"SMITH"},{"data":"Shrug It Off","floor":12.0,"key":"SMITH"},{"data":"Shrug It Off","floor":13.0,"key":"SMITH"},{"data":"Body Slam","floor":15.0,"key":"SMITH"},{"data":"Shrug It Off","floor":23.0,"key":"SMITH"},{"data":"Barricade","floor":24.0,"key":"SMITH"},{"data":"Power Through","floor":25.0,"key":"SMITH"},{"data":"Shrug It Off","floor":30.0,"key":"SMITH"},{"data":"Power Through","floor":32.0,"key":"SMITH"},{"data":"Entrench","floor":41.0,"key":"SMITH"},{"data":"Shrug It Off","floor":49.0,"key":"SMITH"},{"data":"Body Slam","floor":58.0,"key":"SMITH"},{"data":"Double Tap","floor":63.0,"key":"SMITH"},{"data":"Double Tap","floor":65.0,"key":"SMITH"},{"data":"Body Slam","floor":75.0,"key":"SMITH"},{"data":"Shrug It Off","floor":77.0,"key":"SMITH"},{"data":"Shrug It Off","floor":93.0,"key":"SMITH"},{"data":"1","floor":101.0,"key":"LIFT"}],"circlet_count":0,"master_deck":["AscendersBane","Body Slam+1","Body Slam+1","Body Slam+1","Shrug It Off+1","Shrug It Off+1","Shrug It Off+1","Shrug It Off+1","Entrench+1","Shrug It Off+1","Body Slam+1","Double Tap+1","Body Slam+1","Shrug It Off+1","Shrug It Off+1"],"relics":["Black Blood","Dream Catcher","Slimebound:StickyStick","hexamod:BolsterEngine","MerchantsRug","Nunchaku","Bag of Preparation","Dead Branch","Omamori","Singing Bowl","sneckomod:SneckoTalon","Girya","Membership Card","PreservedInsect","Sling","Anchor","Red Skull","Lantern","Oddly Smooth Stone","Eternal Feather","Cursed Key","War Paint","Centennial Puzzle","Black Star","Nloth\u0027s Gift","Calipers","Bag of Marbles","Happy Flower","Philosopher\u0027s Stone","Gremlin Horn","Turnip","Runic Cube"],"acts_visited":["Exordium","TheCity","TheBeyond","Exordium","TheCity","TheBeyond","Exordium"],"potions_floor_usage":[],"damage_taken":[{"damage":0.0,"enemies":"Jaw Worm","floor":1.0,"turns":3.0},{"damage":0.0,"enemies":"Gremlin Nob","floor":7.0,"turns":2.0},{"damage":7.0,"enemies":"Lagavulin","floor":11.0,"turns":4.0},{"damage":0.0,"enemies":"2 Louse","floor":14.0,"turns":2.0},{"damage":16.0,"enemies":"The Guardian","floor":16.0,"turns":5.0},{"damage":1.0,"enemies":"Spheric Guardian","floor":18.0,"turns":4.0},{"damage":0.0,"enemies":"Slavers","floor":21.0,"turns":4.0},{"damage":0.0,"enemies":"Chosen","floor":22.0,"turns":2.0},{"damage":25.0,"enemies":"Gremlin Leader","floor":27.0,"turns":4.0},{"damage":4.0,"enemies":"Shelled Parasite and Fungi","floor":29.0,"turns":3.0},{"damage":0.0,"enemies":"Collector","floor":33.0,"turns":3.0},{"damage":0.0,"enemies":"3 Shapes","floor":35.0,"turns":2.0},{"damage":0.0,"enemies":"Nemesis","floor":37.0,"turns":3.0},{"damage":0.0,"enemies":"Giant Head","floor":42.0,"turns":2.0},{"damage":0.0,"enemies":"Reptomancer","floor":44.0,"turns":1.0},{"damage":0.0,"enemies":"Giant Head","floor":47.0,"turns":1.0},{"damage":0.0,"enemies":"Nemesis","floor":48.0,"turns":1.0},{"damage":0.0,"enemies":"Donu and Deca","floor":50.0,"turns":3.0},{"damage":0.0,"enemies":"Awakened One","floor":51.0,"turns":7.0},{"damage":0.0,"enemies":"Jaw Worm","floor":53.0,"turns":1.0},{"damage":0.0,"enemies":"Cultist","floor":56.0,"turns":1.0},{"damage":0.0,"enemies":"3 Sentries","floor":59.0,"turns":1.0},{"damage":0.0,"enemies":"Gremlin Nob","floor":60.0,"turns":1.0},{"damage":0.0,"enemies":"Lagavulin","floor":62.0,"turns":1.0},{"damage":0.0,"enemies":"3 Sentries","floor":64.0,"turns":1.0},{"damage":0.0,"enemies":"Slime Boss","floor":68.0,"turns":1.0},{"damage":0.0,"enemies":"Chosen","floor":70.0,"turns":1.0},{"damage":0.0,"enemies":"2 Thieves","floor":74.0,"turns":3.0},{"damage":0.0,"enemies":"Slavers","floor":76.0,"turns":1.0},{"damage":0.0,"enemies":"Book of Stabbing","floor":78.0,"turns":1.0},{"damage":0.0,"enemies":"Slavers","floor":80.0,"turns":1.0},{"damage":0.0,"enemies":"Gremlin Leader","floor":81.0,"turns":1.0},{"damage":0.0,"enemies":"Slavers","floor":82.0,"turns":1.0},{"damage":0.0,"enemies":"Gremlin Leader","floor":83.0,"turns":1.0},{"damage":0.0,"enemies":"Automaton","floor":85.0,"turns":1.0},{"damage":0.0,"enemies":"3 Shapes","floor":87.0,"turns":1.0},{"damage":0.0,"enemies":"Orb Walker","floor":89.0,"turns":1.0},{"damage":0.0,"enemies":"Mind Bloom Boss Battle","floor":90.0,"turns":1.0},{"damage":0.0,"enemies":"Jaw Worm Horde","floor":91.0,"turns":1.0},{"damage":0.0,"enemies":"Giant Head","floor":92.0,"turns":1.0},{"damage":0.0,"enemies":"Reptomancer","floor":94.0,"turns":1.0},{"damage":0.0,"enemies":"Giant Head","floor":95.0,"turns":1.0},{"damage":0.0,"enemies":"Reptomancer","floor":97.0,"turns":1.0},{"damage":0.0,"enemies":"Giant Head","floor":98.0,"turns":1.0},{"damage":0.0,"enemies":"Nemesis","floor":99.0,"turns":1.0},{"damage":0.0,"enemies":"Giant Head","floor":100.0,"turns":1.0},{"damage":0.0,"enemies":"Time Eater","floor":102.0,"turns":1.0},{"damage":0.0,"enemies":"Awakened One","floor":103.0,"turns":2.0},{"damage":0.0,"enemies":"2 Louse","floor":105.0,"turns":1.0},{"damage":0.0,"enemies":"3 Sentries","floor":108.0,"turns":1.0}],"seed_played":"8537283044507220181","potions_obtained":[{"floor":16.0,"key":"bronze:BurnAndBuffPotion"},{"floor":21.0,"key":"LiquidBronze"},{"floor":51.0,"key":"Regen Potion"},{"floor":62.0,"key":"Swift Potion"},{"floor":76.0,"key":"BloodPotion"}],"is_trial":true,"path_per_floor":["M","?","?","?","T","R","E","$","T","R","E","R","R","M","R","B",null,"M","$","?","E","M","R","R","R","T","E","?","M","R","$","R","B",null,"M","?","E","$","$","R","R","E","T","E","R","R","E","E","R","B","B",null,"M","?","$","M","$","R","E","E","T","E","R","E","R","?","R","B",null,"M","$","?","$","M","R","E","R","E","$","E","E","E","E","R","B",null,"M","$","M","?","M","E","R","E","E","?","E","E","E","E","R","B","B",null,"M","?","$","E"],"character_chosen":"IRONCLAD","items_purchased":["Shrug It Off","MerchantsRug","Shrug It Off","Membership Card","PreservedInsect","Strawberry","Sling","Entrench","Whetstone","Anchor","Shrug It Off","Oddly Smooth Stone","Body Slam","War Paint","Body Slam","Shrug It Off","Calipers","Lee\u0027s Waffle","Bag of Marbles","Happy Flower","Shrug It Off","Gremlin Horn"],"campfire_rested":0,"item_purchase_floors":[8,8,19,38,38,38,39,40,40,40,46,46,57,57,67,67,73,73,79,84,84,88],"current_hp_per_floor":[74,56,45,63,63,63,69,69,69,69,68,68,68,74,74,64,72,75,75,75,75,75,75,75,75,75,64,64,72,72,72,72,79,79,81,81,83,90,90,90,90,92,106,108,108,108,110,112,112,114,116,116,118,118,118,120,120,120,120,122,122,124,124,124,124,124,124,126,126,128,128,128,135,137,137,139,139,141,141,143,145,147,149,149,151,151,153,153,155,157,159,161,161,163,165,165,167,169,171,173,173,175,177,177,179,179,179,181,181],"gold":454,"neow_bonus":"","is_daily":false,"chose_seed":false,"campfire_upgraded":18,"win_rate":0.0,"timestamp":1613991288,"path_taken":["M","?","?","?","?","R","E","$","T","R","E","R","R","M","R","BOSS","M","$","?","?","?","R","R","R","T","E","?","?","R","$","R","BOSS","M","?","?","?","$","R","R","E","T","E","R","R","E","E","R","BOSS","BOSS","M","?","$","M","$","R","E","E","T","E","R","E","R","?","R","BOSS","M","$","?","$","?","R","E","R","E","$","E","E","E","E","R","BOSS","M","$","M","?","?","E","R","E","E","?","E","E","E","?","R","BOSS","BOSS","M","?","$","?"],"items_purchased_type":["Card","Relic","Card","Relic","Relic","Relic","Relic","Card","Relic","Relic","Card","Relic","Card","Relic","Card","Card","Relic","Relic","Relic","Relic","Card","Relic"],"build_version":"2020-12-22","purchased_purges":10,"victory":false,"max_hp_per_floor":[75,75,75,75,75,75,75,75,75,75,75,75,75,75,75,75,75,75,75,75,75,75,75,75,75,75,77,77,77,77,77,77,79,79,81,81,83,90,90,90,90,92,106,108,108,108,110,112,112,114,116,116,118,118,118,120,120,120,120,122,122,124,124,124,124,124,124,126,126,128,128,128,135,137,137,139,139,141,141,143,145,147,149,149,151,151,153,153,155,157,159,161,161,163,165,165,167,169,171,173,173,175,177,177,179,179,179,181,181],"card_choices":[{"not_picked":["Intimidate","True Grit","Cleave"],"picked":"SKIP","floor":1.0},{"not_picked":["Bludgeon","Double Tap","Demon Form"],"picked":"SKIP","floor":7.0},{"not_picked":["Feed","Corruption"],"picked":"Barricade","floor":11.0},{"not_picked":["Sword Boomerang","Burning Pact","Anger"],"picked":"SKIP","floor":14.0},{"not_picked":["Intimidate","Armaments","Metallicize"],"picked":"SKIP","floor":18.0},{"not_picked":["Corruption","Bludgeon","Fiend Fire"],"picked":"SKIP","floor":21.0},{"not_picked":["Armaments","Warcry+1","Flame Barrier"],"picked":"SKIP","floor":22.0},{"not_picked":["Reaper","Corruption","Barricade"],"picked":"Singing Bowl","floor":27.0},{"not_picked":["Wild Strike","Anger"],"picked":"Shrug It Off","floor":29.0},{"not_picked":["Limit Break","Feed","Brutality"],"picked":"Singing Bowl","floor":33.0},{"not_picked":["Iron Wave","Second Wind","Perfected Strike+1"],"picked":"Singing Bowl","floor":35.0},{"not_picked":["Corruption","Bludgeon","Impervious"],"picked":"Singing Bowl","floor":37.0},{"not_picked":["Exhume","Fiend Fire","Immolate"],"picked":"Singing Bowl","floor":42.0},{"not_picked":["Reaper","Corruption","Bludgeon"],"picked":"Singing Bowl","floor":44.0},{"not_picked":["Immolate","Feed","Limit Break"],"picked":"Singing Bowl","floor":47.0},{"not_picked":["Corruption","Impervious","Fiend Fire"],"picked":"Singing Bowl","floor":48.0},{"not_picked":["Brutality","Exhume","Barricade"],"picked":"Singing Bowl","floor":50.0},{"not_picked":["Feed","Bludgeon","Berserk"],"picked":"Singing Bowl","floor":51.0},{"not_picked":["Seeing Red","Armaments","Metallicize"],"picked":"Singing Bowl","floor":53.0},{"not_picked":["Flex","Hemokinesis","Pommel Strike"],"picked":"Singing Bowl","floor":56.0},{"not_picked":["Impervious","Immolate"],"picked":"Double Tap","floor":59.0},{"not_picked":["Demon Form","Barricade","Brutality"],"picked":"Singing Bowl","floor":60.0},{"not_picked":["Limit Break","Fiend Fire","Brutality"],"picked":"Singing Bowl","floor":62.0},{"not_picked":["Impervious","Bludgeon"],"picked":"Double Tap","floor":64.0},{"not_picked":["Immolate","Bludgeon","Feed"],"picked":"Singing Bowl","floor":68.0},{"not_picked":["Cleave","Havoc+1","Clash"],"picked":"Singing Bowl","floor":70.0},{"not_picked":["Spot Weakness+1","Bloodletting","Pummel"],"picked":"Singing Bowl","floor":74.0},{"not_picked":["Limit Break","Corruption","Bludgeon"],"picked":"Singing Bowl","floor":76.0},{"not_picked":["Impervious","Limit Break","Juggernaut"],"picked":"Singing Bowl","floor":78.0},{"not_picked":["Exhume","Demon Form","Brutality"],"picked":"Singing Bowl","floor":80.0},{"not_picked":["Double Tap","Immolate","Corruption"],"picked":"Singing Bowl","floor":81.0},{"not_picked":["Berserk","Immolate","Bludgeon"],"picked":"Singing Bowl","floor":82.0},{"not_picked":["Double Tap","Offering","Bludgeon"],"picked":"Singing Bowl","floor":83.0},{"not_picked":["Corruption","Fiend Fire","Immolate"],"picked":"Singing Bowl","floor":85.0},{"not_picked":["Heavy Blade","Wild Strike","Clothesline+1"],"picked":"Singing Bowl","floor":87.0},{"not_picked":["Ghostly Armor","Twin Strike","Combust"],"picked":"Singing Bowl","floor":89.0},{"not_picked":["Clothesline+1","Sword Boomerang","Blood for Blood"],"picked":"Singing Bowl","floor":90.0},{"not_picked":["Thunderclap","Seeing Red","Armaments"],"picked":"Singing Bowl","floor":91.0},{"not_picked":["Offering","Exhume","Limit Break"],"picked":"Singing Bowl","floor":92.0},{"not_picked":["Impervious","Reaper","Demon Form"],"picked":"Singing Bowl","floor":94.0},{"not_picked":["Berserk","Double Tap","Immolate"],"picked":"Singing Bowl","floor":95.0},{"not_picked":["Demon Form","Limit Break","Offering"],"picked":"Singing Bowl","floor":97.0},{"not_picked":["Double Tap","Demon Form","Reaper"],"picked":"Singing Bowl","floor":98.0},{"not_picked":["Barricade","Demon Form","Juggernaut"],"picked":"Singing Bowl","floor":99.0},{"not_picked":["Fiend Fire","Double Tap","Exhume"],"picked":"Singing Bowl","floor":100.0},{"not_picked":["Limit Break","Double Tap","Corruption"],"picked":"Singing Bowl","floor":102.0},{"not_picked":["Immolate","Demon Form","Reaper"],"picked":"Singing Bowl","floor":103.0},{"not_picked":["Second Wind","Clash","Heavy Blade"],"picked":"Singing Bowl","floor":105.0},{"not_picked":["Juggernaut","Feed","Double Tap"],"picked":"Singing Bowl","floor":108}],"player_experience":61771,"relics_obtained":[{"floor":5.0,"key":"Slimebound:StickyStick"},{"floor":7.0,"key":"hexamod:BolsterEngine"},{"floor":9.0,"key":"Nunchaku"},{"floor":11.0,"key":"Bag of Preparation"},{"floor":21.0,"key":"Dead Branch"},{"floor":26.0,"key":"Omamori"},{"floor":27.0,"key":"Singing Bowl"},{"floor":37.0,"key":"Old Coin"},{"floor":42.0,"key":"Red Skull"},{"floor":43.0,"key":"Mango"},{"floor":44.0,"key":"Lantern"},{"floor":47.0,"key":"Eternal Feather"},{"floor":48.0,"key":"Potion Belt"},{"floor":61.0,"key":"Centennial Puzzle"},{"floor":90.0,"key":"Turnip"}],"event_choices":[{"damage_healed":0.0,"max_hp_gain":0.0,"max_hp_loss":0.0,"gold_gain":0.0,"event_name":"Scrap Ooze","player_choice":"Success","floor":2.0,"gold_loss":0.0,"damage_taken":18.0,"relics_obtained":["Dream Catcher"]},{"damage_healed":0.0,"max_hp_gain":0.0,"max_hp_loss":0.0,"gold_gain":75.0,"event_name":"World of Goop","player_choice":"Gather Gold","floor":3.0,"gold_loss":0.0,"damage_taken":11.0},{"damage_healed":18.0,"max_hp_gain":0.0,"max_hp_loss":0.0,"gold_gain":0.0,"event_name":"The Cleric","player_choice":"Healed","floor":4.0,"gold_loss":35.0,"damage_taken":0.0},{"damage_healed":0.0,"max_hp_gain":0.0,"max_hp_loss":0.0,"gold_gain":0.0,"event_name":"Match and Keep!","player_choice":"2 cards matched","floor":20.0,"gold_loss":0.0,"damage_taken":0.0,"cards_obtained":["Demon Form","Flex"]},{"damage_healed":0.0,"max_hp_gain":0.0,"max_hp_loss":0.0,"gold_gain":0.0,"event_name":"Ghosts","player_choice":"Ignored","floor":28.0,"gold_loss":0.0,"damage_taken":0.0},{"damage_healed":0.0,"max_hp_gain":0.0,"max_hp_loss":0.0,"gold_gain":0.0,"event_name":"WeMeetAgain","player_choice":"Gave Potion","floor":36.0,"gold_loss":0.0,"damage_taken":0.0,"relics_obtained":["Girya"]},{"damage_healed":0.0,"max_hp_gain":0.0,"max_hp_loss":0.0,"gold_gain":0.0,"event_name":"Golden Wing","player_choice":"Ignored","floor":54.0,"gold_loss":0.0,"damage_taken":0.0},{"damage_healed":0.0,"max_hp_gain":0.0,"max_hp_loss":0.0,"gold_gain":0.0,"event_name":"FaceTrader","player_choice":"Leave","floor":66.0,"gold_loss":0.0,"damage_taken":0.0},{"damage_healed":0.0,"max_hp_gain":0.0,"max_hp_loss":0.0,"gold_gain":0.0,"event_name":"N\u0027loth","player_choice":"Traded Relic","floor":72.0,"relics_lost":["StoneCalendar"],"gold_loss":0.0,"damage_taken":0.0,"relics_obtained":["Nloth\u0027s Gift"]},{"damage_healed":0.0,"max_hp_gain":0.0,"max_hp_loss":0.0,"gold_gain":0.0,"event_name":"MindBloom","player_choice":"Fight","floor":90.0,"gold_loss":0.0,"damage_taken":0.0},{"damage_healed":0.0,"max_hp_gain":0.0,"max_hp_loss":0.0,"gold_gain":0.0,"event_name":"Transmorgrifier","player_choice":"Ignored","floor":96.0,"gold_loss":0.0,"damage_taken":0.0},{"damage_healed":0.0,"max_hp_gain":0.0,"max_hp_loss":0.0,"gold_gain":0.0,"event_name":"FaceTrader","player_choice":"Leave","floor":106.0,"gold_loss":0.0,"damage_taken":0.0}],"is_beta":false,"boss_relics":[{"not_picked":["Runic Pyramid","Ectoplasm"],"picked":"Black Blood"},{"not_picked":["Runic Dome","Busted Crown"],"picked":"sneckomod:SneckoTalon"},{"not_picked":["Philosopher\u0027s Stone","Tiny House"],"picked":"Cursed Key"},{"not_picked":["Tiny House","Runic Pyramid"],"picked":"Black Star"},{"not_picked":["SlaversCollar","Snecko Eye"],"picked":"Philosopher\u0027s Stone"},{"not_picked":["expansioncontent:StudyCardRelic","Fusion Hammer"],"picked":"Runic Cube"}],"items_purged_floors":[19,31,31,31,31,31,45,46,71,84],"is_endless":true,"potions_floor_spawned":[16,21,22,33,35,47,50,51,53,62,64,70,76,78,83,85,90,92,98,100,102],"killed_by":"3 Sentries","ascension_level":20}}