{"host":"g3js2eermvvpeiqn","time":1613971203,"event":{"mods":["BaseMod","DeckTracker","Downfall","Minty Spire (QoL Compilation)","Quick Restart","StSLib"],"gold_per_floor":[117,192,192,203,128,159,159,309,357,357,357,120,151,170,170,244,244,259,271,271,288,24,24,58,58,58,89,89,105,116,116,116,116,116],"floor_reached":33,"language":"ENG","playtime":1345,"items_purged":["Doubt","Strike_R"],"score":592,"play_id":"fc949db5-cd8f-48c2-8e11-804ba55d1f80","local_time":"20210221232003","is_ascension_mode":true,"campfire_choices":[{"data":"Rampage","floor":7.0,"key":"SMITH"},{"data":"Bloodletting","floor":10.0,"key":"SMITH"},{"floor":15.0,"key":"REST"},{"floor":23.0,"key":"REST"},{"data":"Offering","floor":25.0,"key":"SMITH"},{"floor":32,"key":"REST"}],"circlet_count":0,"master_deck":["AscendersBane","Strike_R+1","Defend_R","Defend_R","Bash","Rampage+1","Bloodletting+1","Headbutt","Headbutt","Offering+1","Shrug It Off","Headbutt","Offering","Shrug It Off+1","Whirlwind","Seeing Red"],"relics":["Burning Blood","NeowsBlessing","Mercury Hourglass","Oddly Smooth Stone","OrangePellets","Vajra","Empty Cage","DollysMirror","Ornamental Fan","Shuriken","Red Mask"],"acts_visited":["Exordium","TheCity"],"potions_floor_usage":[30,33,33],"damage_taken":[{"damage":0.0,"enemies":"2 Louse","floor":1.0,"turns":1.0},{"damage":0.0,"enemies":"Small Slimes","floor":4.0,"turns":1.0},{"damage":0.0,"enemies":"Gremlin Nob","floor":6.0,"turns":1.0},{"damage":31.0,"enemies":"Lagavulin","floor":13.0,"turns":5.0},{"damage":6.0,"enemies":"Jaw Worm","floor":14.0,"turns":2.0},{"damage":25.0,"enemies":"The Guardian","floor":16.0,"turns":9.0},{"damage":18.0,"enemies":"3 Byrds","floor":18.0,"turns":4.0},{"damage":18.0,"enemies":"Spheric Guardian","floor":19.0,"turns":4.0},{"damage":14.0,"enemies":"3 Cultists","floor":21.0,"turns":4.0},{"damage":25.0,"enemies":"Slavers","floor":24.0,"turns":5.0},{"damage":17.0,"enemies":"Masked Bandits","floor":27.0,"turns":2.0},{"damage":9.0,"enemies":"Cultist and Chosen","floor":29.0,"turns":3.0},{"damage":17,"enemies":"Snecko","floor":30,"turns":5},{"damage":40,"enemies":"Champ","floor":33,"turns":7}],"seed_played":"670442651316688586","potions_obtained":[{"floor":1.0,"key":"Dexterity Potion"},{"floor":14.0,"key":"champ:CounterPotion"},{"floor":16.0,"key":"Swift Potion"},{"floor":21.0,"key":"EssenceOfSteel"},{"floor":24.0,"key":"EssenceOfSteel"},{"floor":30,"key":"LiquidMemories"}],"is_trial":false,"path_per_floor":["M","?","?","M","?","E","R","?","T","R","T","$","E","M","R","B",null,"M","M","?","M","$","R","E","R","T","?","?","M","M","$","R","B"],"character_chosen":"IRONCLAD","items_purchased":["OrangePellets","DollysMirror"],"campfire_rested":3,"item_purchase_floors":[12,22],"current_hp_per_floor":[74,63,40,46,46,52,52,52,52,52,52,52,27,27,49,30,64,52,40,40,32,32,54,35,35,35,24,24,21,10,10,32,0,0],"gold":116,"neow_bonus":"THREE_ENEMY_KILL","is_daily":false,"chose_seed":false,"campfire_upgraded":3,"win_rate":0.0,"timestamp":1613971203,"path_taken":["M","?","?","M","?","E","R","?","T","R","?","$","E","?","R","BOSS","M","M","?","?","$","R","E","R","T","?","?","M","M","$","R","BOSS"],"items_purchased_type":["Relic","Relic"],"build_version":"2020-12-22","purchased_purges":2,"victory":false,"max_hp_per_floor":[75,75,75,75,75,75,75,75,75,75,75,75,75,75,75,75,75,75,75,75,75,75,75,75,75,75,75,75,75,75,75,75,75,75],"card_choices":[{"not_picked":["Twin Strike","Sword Boomerang"],"picked":"Rampage","floor":1.0},{"not_picked":["Warcry","Wild Strike"],"picked":"Bloodletting","floor":4.0},{"not_picked":["Reckless Charge","Fire Breathing"],"picked":"Headbutt","floor":6.0},{"not_picked":["Armaments","Bloodletting"],"picked":"Headbutt","floor":13.0},{"not_picked":["Thunderclap","Sever Soul","Blood for Blood"],"picked":"SKIP","floor":14.0},{"not_picked":["Fiend Fire","Corruption"],"picked":"Offering","floor":16.0},{"not_picked":["Warcry+1","Heavy Blade+1"],"picked":"Shrug It Off","floor":18.0},{"not_picked":["Armaments","Body Slam"],"picked":"Headbutt","floor":19.0},{"not_picked":["Dual Wield","Havoc","Flex"],"picked":"SKIP","floor":21.0},{"not_picked":["Iron Wave","Pummel"],"picked":"Shrug It Off+1","floor":24.0},{"not_picked":["Iron Wave","Offering"],"picked":"Seeing Red","floor":29.0},{"not_picked":["Thunderclap","Anger","Clothesline"],"picked":"SKIP","floor":30}],"player_experience":1554464,"relics_obtained":[{"floor":6.0,"key":"Mercury Hourglass"},{"floor":11.0,"key":"Oddly Smooth Stone"},{"floor":13.0,"key":"Vajra"},{"floor":24.0,"key":"Ornamental Fan"},{"floor":26.0,"key":"Shuriken"},{"floor":27.0,"key":"Red Mask"}],"event_choices":[{"damage_healed":0.0,"max_hp_gain":0.0,"max_hp_loss":0.0,"gold_gain":75.0,"event_name":"World of Goop","player_choice":"Gather Gold","floor":2.0,"gold_loss":0.0,"damage_taken":11.0},{"damage_healed":0.0,"max_hp_gain":0.0,"max_hp_loss":0.0,"gold_gain":0.0,"event_name":"Shining Light","player_choice":"Entered Light","floor":3.0,"gold_loss":0.0,"damage_taken":23.0,"cards_upgraded":["Strike_R","Strike_R"]},{"cards_removed":["Strike_R"],"damage_healed":0.0,"max_hp_gain":0.0,"max_hp_loss":0.0,"gold_gain":0.0,"event_name":"The Cleric","player_choice":"Card Removal","floor":5.0,"gold_loss":75.0,"damage_taken":0.0},{"damage_healed":0.0,"max_hp_gain":0.0,"max_hp_loss":0.0,"gold_gain":150.0,"event_name":"Liars Game","player_choice":"AGREE","floor":8.0,"gold_loss":0.0,"damage_taken":0.0,"cards_obtained":["Doubt"]},{"cards_removed":["Strike_R"],"damage_healed":0.0,"max_hp_gain":0.0,"max_hp_loss":0.0,"gold_gain":0.0,"event_name":"Wheel of Change","player_choice":"Card Removal","floor":20.0,"gold_loss":0.0,"damage_taken":0.0},{"damage_healed":0.0,"max_hp_gain":0.0,"max_hp_loss":0.0,"gold_gain":0.0,"event_name":"Masked Bandits","player_choice":"Fought Bandits","floor":27.0,"gold_loss":0.0,"damage_taken":0.0},{"damage_healed":0.0,"max_hp_gain":0.0,"max_hp_loss":0.0,"gold_gain":0.0,"cards_transformed":["Defend_R"],"event_name":"Transmorgrifier","player_choice":"Transformed","floor":28.0,"gold_loss":0.0,"damage_taken":0.0,"cards_obtained":["Whirlwind"]}],"is_beta":false,"boss_relics":[{"not_picked":["Velvet Choker","SlaversCollar"],"picked":"Empty Cage"}],"items_purged_floors":[12,22],"is_endless":false,"potions_floor_spawned":[1,14,16,21,24,30],"killed_by":"Champ","ascension_level":20}}