{"host":"00olc56ucl6mk3pv","time":1613967725,"event":{"mods":["AchievementEnabler","BaseMod","Keyboard Shortcuts","Minty Spire (QoL Compilation)","Quick Restart","SuperFastMode"],"gold_per_floor":[119,131,131,147,172,172,193,193,246,246,270,309,0,13,13,102,102,123,123,123],"floor_reached":19,"language":"KOR","playtime":624,"items_purged":["Strike_B"],"score":338,"play_id":"76c45ff0-3605-4cc1-924f-56db2326eb9c","local_time":"20210222132205","is_ascension_mode":true,"campfire_choices":[{"floor":6.0,"key":"REST"},{"data":"Chaos","floor":8.0,"key":"SMITH"},{"data":"Dualcast","floor":10.0,"key":"SMITH"},{"floor":15,"key":"REST"}],"circlet_count":0,"master_deck":["AscendersBane","Strike_B","Strike_B","Strike_B","Defend_B","Defend_B","Defend_B","Defend_B","Zap","Dualcast+1","Chaos+1","Conserve Battery","Hologram","Rainbow","Capacitor","Cold Snap+1","Creative AI","Ball Lightning+1","Echo Form","Heatsinks"],"relics":["Cracked Core","Regal Pillow","Golden Idol","Boot","Bronze Scales","Molten Egg 2","SacredBark"],"acts_visited":["TheCity"],"potions_floor_usage":[],"damage_taken":[{"damage":1.0,"enemies":"Cultist","floor":1.0,"turns":3.0},{"damage":7.0,"enemies":"Small Slimes","floor":2.0,"turns":5.0},{"damage":7.0,"enemies":"Jaw Worm","floor":4.0,"turns":3.0},{"damage":20.0,"enemies":"Lots of Slimes","floor":7.0,"turns":6.0},{"damage":9.0,"enemies":"3 Louse","floor":11.0,"turns":3.0},{"damage":24,"enemies":"3 Sentries","floor":12,"turns":8},{"damage":2,"enemies":"Blue Slaver","floor":14,"turns":3},{"damage":35,"enemies":"Hexaghost","floor":16,"turns":8},{"damage":28,"enemies":"Chosen","floor":18,"turns":5},{"damage":28,"enemies":"3 Byrds","floor":19,"turns":2}],"seed_played":"7853115436222663156","potions_obtained":[{"floor":1.0,"key":"Ancient Potion"},{"floor":4.0,"key":"SpeedPotion"}],"is_trial":false,"path_per_floor":["M","M","?","M","T","R","M","R","T","R","M","E","$","M","R","B",null,"M","M"],"character_chosen":"DEFECT","items_purchased":["Creative AI","Ball Lightning+1"],"campfire_rested":2,"item_purchase_floors":[13,13],"current_hp_per_floor":[63,56,32,25,25,61,41,41,41,41,32,8,8,6,42,7,55,27,0,0],"gold":123,"neow_bonus":"RANDOM_COMMON_RELIC","is_daily":false,"chose_seed":false,"campfire_upgraded":2,"win_rate":0.0,"timestamp":1613967725,"path_taken":["M","?","?","M","?","R","M","R","T","R","M","E","$","M","R","BOSS","M","M"],"items_purchased_type":["Card","Card"],"build_version":"2020-12-22","purchased_purges":1,"victory":false,"max_hp_per_floor":[71,71,71,71,71,71,71,71,71,71,71,71,71,71,71,71,71,71,71,71],"card_choices":[{"not_picked":["Streamline","Gash"],"picked":"Chaos","floor":1.0},{"not_picked":["Heatsinks","Steam"],"picked":"Conserve Battery","floor":2.0},{"not_picked":["Rebound","Leap"],"picked":"Hologram","floor":4.0},{"not_picked":["Melter","Chill"],"picked":"Rainbow","floor":7.0},{"not_picked":["White Noise","Leap"],"picked":"Capacitor","floor":11.0},{"not_picked":["Sweeping Beam+1","Redo"],"picked":"Cold Snap+1","floor":12},{"not_picked":["Melter+1","Fission","Scrape+1"],"picked":"SKIP","floor":14},{"not_picked":["Fission","Reboot"],"picked":"Echo Form","floor":16},{"not_picked":["Conserve Battery","Leap"],"picked":"Heatsinks","floor":18}],"player_experience":602255,"relics_obtained":[{"floor":5.0,"key":"Boot"},{"floor":9.0,"key":"Bronze Scales"},{"floor":12,"key":"Molten Egg 2"}],"event_choices":[{"damage_healed":0.0,"max_hp_gain":0.0,"max_hp_loss":0.0,"gold_gain":0.0,"event_name":"Golden Idol","player_choice":"Take Damage","floor":3.0,"gold_loss":0.0,"damage_taken":24.0,"relics_obtained":["Golden Idol"]}],"is_beta":false,"boss_relics":[{"not_picked":["SlaversCollar","Ectoplasm"],"picked":"SacredBark"}],"items_purged_floors":[13],"is_endless":false,"potions_floor_spawned":[1,4],"killed_by":"3 Byrds","ascension_level":20}}