{"host":"mg6qqnp83j5r6p2r","time":1613967342,"event":{"mods":["Alarm Clock","BaseMod","Block Reminder","Colored Map","Colored Powertips","Dark Map","Highlight Path","Minty Spire (QoL Compilation)","Random Character Button","Rare Cards Sparkle","Relic Sorter","Relic Stats","StSLib"],"gold_per_floor":[13,26,46,58,8,36,88,102,102,132,150,3,3,3,3],"floor_reached":14,"language":"ENG","playtime":474,"items_purged":[],"score":117,"play_id":"1f7f9ea3-c2cf-4615-b811-452e8748064c","local_time":"20210221221542","is_ascension_mode":true,"campfire_choices":[{"floor":13,"key":"REST"}],"circlet_count":0,"master_deck":["Strike_R","Strike_R","Strike_R","Strike_R","Defend_R","Defend_R","Defend_R","Defend_R","Bash","Berserk","Ghostly Armor","Carnage","Cleave","Demon Form"],"relics":["Burning Blood","Nunchaku","Mummified Hand","Toy Ornithopter"],"acts_visited":["Exordium"],"potions_floor_usage":[8,14],"damage_taken":[{"damage":4,"enemies":"Cultist","floor":1,"turns":3},{"damage":13,"enemies":"Small Slimes","floor":2,"turns":4},{"damage":2,"enemies":"Jaw Worm","floor":3,"turns":4},{"damage":1,"enemies":"Large Slime","floor":4,"turns":6},{"damage":59,"enemies":"Lagavulin","floor":6,"turns":8},{"damage":1,"enemies":"3 Louse","floor":8,"turns":2},{"damage":25,"enemies":"3 Sentries","floor":10,"turns":8},{"damage":5,"enemies":"2 Fungi Beasts","floor":11,"turns":3},{"damage":53,"enemies":"Lagavulin","floor":14,"turns":6}],"seed_played":"-4909441579131926492","potions_obtained":[{"floor":1,"key":"DuplicationPotion"},{"floor":2,"key":"Strength Potion"},{"floor":3,"key":"LiquidBronze"},{"floor":8,"key":"ElixirPotion"}],"is_trial":false,"path_per_floor":["M","M","M","M","?","E","?","M","T","E","M","$","R","E"],"character_chosen":"IRONCLAD","items_purchased":["Toy Ornithopter"],"campfire_rested":1,"item_purchase_floors":[12],"current_hp_per_floor":[80,73,77,80,80,27,27,32,32,13,14,14,38,0,0],"gold":3,"neow_bonus":"THREE_RARE_CARDS","is_daily":false,"chose_seed":false,"campfire_upgraded":0,"win_rate":0.0,"timestamp":1613967342,"path_taken":["M","M","M","M","?","E","?","M","T","E","M","$","R","E"],"items_purchased_type":["Relic"],"build_version":"2020-12-22","purchased_purges":0,"victory":false,"max_hp_per_floor":[80,80,80,80,80,80,80,80,80,80,80,80,80,80,80],"relic_stats":{"Nunchaku":[2],"counters":[9,44],"Mummified Hand":[1],"obtain_stats":[{"Nunchaku":6,"Mummified Hand":10,"Burning Blood":0,"Toy Ornithopter":12},{"Nunchaku":5,"Mummified Hand":7,"Burning Blood":0,"Toy Ornithopter":8},{"Nunchaku":25,"Mummified Hand":35,"Burning Blood":0,"Toy Ornithopter":38}],"Burning Blood":44,"Toy Ornithopter":5},"card_choices":[{"not_picked":["Impervious","Feed"],"picked":"Berserk","floor":0},{"not_picked":["Entrench","True Grit"],"picked":"Ghostly Armor","floor":1},{"not_picked":["Dropkick","Seeing Red","Fire Breathing"],"picked":"SKIP","floor":2},{"not_picked":["Perfected Strike","Fire Breathing"],"picked":"Carnage","floor":3},{"not_picked":["Pommel Strike","Wild Strike"],"picked":"Cleave","floor":4},{"not_picked":["Fiend Fire","Body Slam","Sword Boomerang"],"picked":"SKIP","floor":6},{"not_picked":["Warcry","Perfected Strike","Heavy Blade"],"picked":"SKIP","floor":8},{"not_picked":["Armaments","Second Wind"],"picked":"Demon Form","floor":10},{"not_picked":["Power Through","Twin Strike","Armaments"],"picked":"SKIP","floor":11}],"player_experience":262801,"relics_obtained":[{"floor":6,"key":"Nunchaku"},{"floor":10,"key":"Mummified Hand"}],"event_choices":[{"cards_removed":["Strike_R"],"damage_healed":0,"gold_gain":0,"player_choice":"Card Removal","damage_taken":0,"max_hp_gain":0,"max_hp_loss":0,"event_name":"The Cleric","floor":5,"gold_loss":50},{"damage_healed":0,"gold_gain":52,"player_choice":"Gained Gold","damage_taken":0,"max_hp_gain":0,"max_hp_loss":0,"event_name":"Golden Wing","floor":7,"gold_loss":0}],"is_beta":false,"boss_relics":[],"items_purged_floors":[],"is_endless":false,"potions_floor_spawned":[1,2,3,8],"killed_by":"Lagavulin","ascension_level":3}}