{"host":"d73an99q9oevilk5","time":1613981905,"event":{"mods":["2.2 Compatiblity","AchievementEnabler","Act Like it!","Aspiration","BaseMod","Beaked The Cultist","Better Third Choice","BetterRewards","Colored Map","Colored Powertips","Conspire","Downfall","GifTheSpireLib","Halation","Hubris","Infinite Spire","Marisa????????","Mimic Mod","Minty Spire (QoL Compilation)","MostiFishMod","Quick Restart","Relic Sorter","Reliquary","Replay The Spire","Shop Mod","Spikes Relics","StSLib","Stuff the Spire","The Cursed","The Jungle","The Necromancer","The Saiyan","Waifu the Spire","egg","slay the spire mod where everything is the same but ironclad has a cowboy hat"],"gold_per_floor":[116,116,136,311,324,359,379,404,437,22,36,36,48,374,425,529,529,541,641,641,660,575,575,607,103,135,162,162,162,162,122,122,232,232,258,258,109,129,129,167,167,30,85,104,125,162,62,78,78,78],"floor_reached":51,"language":"ENG","playtime":1817,"items_purged":["Doubt","conspire:NecroticWound"],"score":1538,"play_id":"cf5ea129-2797-4e31-a4f8-d33f17538525","local_time":"20210222011825","is_ascension_mode":false,"campfire_choices":[{"data":"StuffTheSpire:Synthwave","floor":12.0,"key":"SMITH"},{"data":"BasicCrystalCard","floor":23.0,"key":"SMITH"},{"floor":29.0,"key":"REST"},{"data":"Fusion","floor":32.0,"key":"SMITH"},{"data":"MostiFishMod:ActiveDefenseSystem","floor":49.0,"key":"SMITH"}],"circlet_count":0,"master_deck":["Strike_B+1","Strike_B","Strike_B","Defend_B","Defend_B","Defend_B","Defend_B","Zap","Dualcast","MostiFishMod:PushDownKick","Leap","Go for the Eyes","Storm","Conserve Battery","StuffTheSpire:Synthwave+1","Redo","Ball Lightning+1","Conserve Battery","BasicCrystalCard+1","Reinforced Body","MostiFishMod:ActiveDefenseSystem+1","BootSequence","Loop","Fusion+1","ReplayTheSpireMod:Private Reserves","MostiFishMod:TheLastGuard","Leap+1","BasicCrystalCard+1","MostiFishMod:StrandedSiren","Glacier","MostiFishMod:Galeforce","Defragment","conspire:Banana","BasicCrystalCard","MostiFishMod:ActiveDefenseSystem"],"relics":["Cracked Core","DaveBox","ArrowTower","halation:Jellyphish","StoneCalendar","Replay:Antivirus Software","DaCapo","SynthV:TestCard","Lantern","Pet Ghost","reliquary:GummyVitamins","conspire:TreasureMap","reliquary:ExpiredCoupon","Toy Ornithopter","reliquary:ThirdArm","hubris:FruitBowl","hubris:TenFootPole","halation:AfternoonTea","Ying","TungstenRod","reliquary:FerryPass","Cursed Key","reliquary:Knoch","infinitespire:EvilPickle","FeatherPendant","reliquary:Knoch","StuffTheSpire:SapphireSignet","MiniBlackHole","infinitespire:SolderingIron"],"acts_visited":["Exordium","TheCity","TheBeyond"],"potions_floor_usage":[50,50],"damage_taken":[{"damage":2.0,"enemies":"Jaw Worm","floor":1.0,"turns":3.0},{"damage":0.0,"enemies":"conspire:RoseBush","floor":3.0,"turns":2.0},{"damage":1.0,"enemies":"Cultist","floor":5.0,"turns":3.0},{"damage":13.0,"enemies":"Lagavulin","floor":6.0,"turns":6.0},{"damage":10.0,"enemies":"Exordium Thugs","floor":7.0,"turns":3.0},{"damage":1.0,"enemies":"Gremlin Nob","floor":8.0,"turns":3.0},{"damage":0.0,"enemies":"Lots of Slimes","floor":9.0,"turns":5.0},{"damage":0.0,"enemies":"Lots of Slimes","floor":11.0,"turns":2.0},{"damage":0.0,"enemies":"Exordium Wildlife","floor":13.0,"turns":2.0},{"damage":4.0,"enemies":"Replay:BlueRogue","floor":14.0,"turns":4.0},{"damage":1.0,"enemies":"The Guardian","floor":16.0,"turns":6.0},{"damage":0.0,"enemies":"conspire:FuzzyDice","floor":18.0,"turns":4.0},{"damage":0.0,"enemies":"Spheric Guardian","floor":21.0,"turns":4.0},{"damage":10.0,"enemies":"conspire:SneckoGhost","floor":24.0,"turns":4.0},{"damage":3.0,"enemies":"Chosen and Byrds","floor":26.0,"turns":6.0},{"damage":10.0,"enemies":"Replay:Snechameleon","floor":27.0,"turns":5.0},{"damage":0.0,"enemies":"Chosen and Byrds","floor":28.0,"turns":1.0},{"damage":0.0,"enemies":"Pondfish","floor":33.0,"turns":9.0},{"damage":0.0,"enemies":"3 Shapes","floor":35.0,"turns":3.0},{"damage":2.0,"enemies":"3 Darklings","floor":38.0,"turns":4.0},{"damage":0.0,"enemies":"R_Hoarder","floor":40.0,"turns":4.0},{"damage":0.0,"enemies":"4 Shapes","floor":44.0,"turns":3.0},{"damage":0.0,"enemies":"Maw","floor":45.0,"turns":6.0},{"damage":11.0,"enemies":"Nemesis","floor":46.0,"turns":6.0},{"damage":0.0,"enemies":"3 Darklings","floor":48.0,"turns":4.0},{"damage":0,"enemies":"Donu and Deca","floor":50,"turns":9}],"seed_played":"7094105038492205824","potions_obtained":[{"floor":1.0,"key":"Reflective Coating"},{"floor":5.0,"key":"Dexterity Potion"},{"floor":7.0,"key":"champ:CounterPotion"},{"floor":11.0,"key":"Strength Potion"},{"floor":21.0,"key":"GamblersBrew"},{"floor":24.0,"key":"SmokeBomb"},{"floor":38.0,"key":"Fruit Juice"},{"floor":44.0,"key":"SpeedPotion"},{"floor":48.0,"key":"Ancient Potion"}],"is_trial":false,"path_per_floor":["M","?","M","?","M","E","M","E","MIM","$","M","R","M","E","R_BF","B",null,"M","?","$","M","?","R","E","$","MIM","E","M","R","AVR","?","R","B",null,"M","?","$","M","?","E","?","$","T","M","M","E","$","M","R","B",null],"character_chosen":"DEFECT","items_purchased":["halation:Jellyphish","Replay:Antivirus Software","conspire:TreasureMap","reliquary:ExpiredCoupon","Ball Lightning+1","hubris:FruitBowl","Ying","Fusion","ReplayTheSpireMod:Private Reserves","MostiFishMod:TheLastGuard","reliquary:Knoch","Defragment","conspire:Banana"],"campfire_rested":1,"item_purchase_floors":[0,0,10,10,10,20,25,25,25,25,37,42,42],"current_hp_per_floor":[73,73,56,56,55,42,32,31,31,31,31,31,31,27,27,36,56,56,56,37,37,37,37,27,27,24,14,19,35,35,35,35,50,56,56,56,56,63,63,63,63,63,63,63,65,56,56,58,58,71],"gold":78,"neow_bonus":"","is_daily":false,"chose_seed":false,"campfire_upgraded":4,"win_rate":0.0,"timestamp":1613981905,"path_taken":["M","?","M","?","M","E","M","E","MIM","$","M","R","?","E","R_BF","BOSS","M","?","?","?","?","R","E","$","MIM","E","M","R","AVR","?","R","BOSS","M","?","$","M","?","E","?","?","T","M","M","E","$","M","R","BOSS"],"items_purchased_type":["Relic","Relic","Relic","Relic","Card","Relic","Relic","Card","Card","Card","Relic","Card","Card"],"build_version":"2020-12-22","purchased_purges":2,"victory":true,"max_hp_per_floor":[75,75,56,56,56,56,56,56,56,56,56,56,56,56,56,56,56,56,56,56,56,56,56,56,56,56,56,56,56,56,56,56,56,56,56,56,56,63,63,63,63,63,63,63,65,67,67,69,69,72],"card_choices":[{"not_picked":["Hologram","Sweeping Beam","Hello World"],"picked":"SKIP","floor":1.0},{"not_picked":["MostiFishMod:Impulse","Coolheaded","Beam Cell","StuffTheSpire:NuclearReactor"],"picked":"Leap","floor":3.0},{"not_picked":["StuffTheSpire:SnapShoot","Barrage","Coolheaded","MostiFishMod:PushDownKick"],"picked":"Go for the Eyes","floor":5.0},{"not_picked":["ReplayTheSpireMod:GoodbyeWorld","Rebound","StuffTheSpire:NuclearReactor","Capacitor"],"picked":"Storm","floor":6.0},{"not_picked":["Cold Snap","Leap","Steam","aspiration:Polymerization"],"picked":"Conserve Battery","floor":7.0},{"not_picked":["Go for the Eyes","Rebound","MostiFishMod:StarOceanB","Loop"],"picked":"StuffTheSpire:Synthwave","floor":8.0},{"not_picked":["Coolheaded","Ball Lightning","Sweeping Beam","Conserve Battery"],"picked":"Redo","floor":9.0},{"not_picked":["StuffTheSpire:Plugnplay","Gash","Sunder","Rip and Tear"],"picked":"Conserve Battery","floor":11.0},{"not_picked":["Redo","Auto Shields","RefreshScreen","Reinforced Body"],"picked":"BasicCrystalCard","floor":13.0},{"not_picked":["conspire:Rain","MostiFishMod:DeathFromBelow","Go for the Eyes","FTL"],"picked":"Reinforced Body","floor":14.0},{"not_picked":["MostiFishMod:StrandedSiren","MostiFishMod:Exploitation","All For One","ReplayTheSpireMod:Omega Cannon"],"picked":"MostiFishMod:ActiveDefenseSystem","floor":16.0},{"not_picked":["Hologram","Coolheaded+1","Barrage","Compile Driver"],"picked":"BootSequence","floor":18.0},{"not_picked":["Turbo","Compile Driver","FTL","Reprogram"],"picked":"Loop","floor":21.0},{"not_picked":["ReplaySort","MostiFishMod:Distribution","MostiFishMod:ReprogramOld","MostiFishMod:IceShield","Compile Driver"],"picked":"SKIP","floor":24.0},{"not_picked":["Coolheaded","Beam Cell","Turbo","Redo"],"picked":"Leap+1","floor":26.0},{"not_picked":["Ball Lightning+1","Gash+1","Streamline","Hologram"],"picked":"BasicCrystalCard","floor":27.0},{"not_picked":["MostiFishMod:Culaccino","Mirror Shield","Multi-Cast","MostiFishMod:ReadyAimFire"],"picked":"MostiFishMod:StrandedSiren","floor":33.0},{"not_picked":["Coolheaded+1","Fusion","Cold Snap+1","Barrage"],"picked":"Glacier","floor":35.0},{"not_picked":["Sunder","Undo","Leap","StuffTheSpire:Plugnplay","Streamline+1"],"picked":"SKIP","floor":38.0},{"not_picked":["Swift Strike","Replay:Parry","Flash of Steel","PlatinumSkin"],"picked":"MostiFishMod:Galeforce","floor":39.0},{"not_picked":["Cold Snap","Turbo+1","StuffTheSpire:Rend+1","ReplayTheSpireMod:Reroute Power+1","ReplayTheSpireMod:Dual Polarity"],"picked":"SKIP","floor":40.0},{"not_picked":["Beam Cell+1","StuffTheSpire:SnapShoot+1","Hologram","Steam Power"],"picked":"BasicCrystalCard","floor":44.0},{"not_picked":["Streamline+1","Coolheaded+1","StuffTheSpire:SnapShoot+1","RefreshScreen","Cold Snap"],"picked":"SKIP","floor":45.0},{"not_picked":["Rip and Tear+1","Coolheaded+1","StuffTheSpire:Coldhearted+1","MostiFishMod:Impulse+1","Conserve Battery"],"picked":"SKIP","floor":46.0},{"not_picked":["hubris:Ukulele+1","MostiFishMod:PushDownKick+1","Steam+1","StuffTheSpire:CleanHardDrive"],"picked":"MostiFishMod:ActiveDefenseSystem","floor":48.0}],"player_experience":1963868,"relics_obtained":[{"floor":1.0,"key":"SynthV:TestCard"},{"floor":6.0,"key":"Lantern"},{"floor":8.0,"key":"Pet Ghost"},{"floor":9.0,"key":"reliquary:GummyVitamins"},{"floor":14.0,"key":"Toy Ornithopter"},{"floor":24.0,"key":"halation:AfternoonTea"},{"floor":26.0,"key":"TungstenRod"},{"floor":27.0,"key":"reliquary:FerryPass"},{"floor":40.0,"key":"StuffTheSpire:SapphireSignet"},{"floor":43.0,"key":"MiniBlackHole"},{"floor":46.0,"key":"infinitespire:SolderingIron"}],"event_choices":[{"damage_healed":0.0,"max_hp_gain":0.0,"max_hp_loss":0.0,"gold_gain":175.0,"event_name":"betterThird:BetterSerpent","player_choice":"AGREE","floor":4.0,"gold_loss":0.0,"damage_taken":136.0},{"damage_healed":0.0,"max_hp_gain":0.0,"max_hp_loss":0.0,"gold_gain":100.0,"event_name":"Golden Shrine","player_choice":"Pray","floor":19.0,"gold_loss":0.0,"damage_taken":0.0},{"damage_healed":0.0,"max_hp_gain":0.0,"max_hp_loss":0.0,"gold_gain":0.0,"event_name":"Addict","player_choice":"Obtained Relic","floor":22.0,"gold_loss":85.0,"damage_taken":0.0,"relics_obtained":["hubris:TenFootPole"]},{"damage_healed":0.0,"max_hp_gain":0.0,"max_hp_loss":0.0,"gold_gain":0.0,"event_name":"Designer","player_choice":"Upgrade","floor":31.0,"gold_loss":40.0,"damage_taken":0.0,"cards_upgraded":["BasicCrystalCard"]},{"damage_healed":0.0,"max_hp_gain":0.0,"max_hp_loss":0.0,"gold_gain":0.0,"event_name":"SensoryStone","player_choice":"Memory 1","floor":39.0,"gold_loss":0.0,"damage_taken":0.0},{"cards_removed":["Strike_B"],"damage_healed":0.0,"max_hp_gain":0.0,"max_hp_loss":0.0,"gold_gain":0.0,"event_name":"Falling","player_choice":"Removed Attack","floor":41.0,"gold_loss":0.0,"damage_taken":0.0}],"is_beta":false,"boss_relics":[{"not_picked":["Abe\u0027s Treasure","RhineSuit"],"picked":"reliquary:ThirdArm"},{"not_picked":["Sandwich","StuffTheSpire:RunicConfusion"],"picked":"FeatherPendant"}],"items_purged_floors":[10,47],"is_endless":false,"potions_floor_spawned":[1,5,7,11,21,24,38,44,48],"ascension_level":0}}