{"host":"or8fr2mp0k3eluj8","time":1613979501,"event":{"mods":["AchievementEnabler","BaseMod","Colored Map","DeckTracker","Keyboard Shortcuts","Minty Spire (QoL Compilation)","StSLib","SuperFastMode","everything is the same but u backflip on backflip"],"gold_per_floor":[12,12,25,42,53,53,66,31,31,63,63,63,63],"floor_reached":12,"language":"KOR","playtime":345,"items_purged":[],"score":100,"play_id":"97fb6841-eb39-4420-8703-30823f96adf0","local_time":"20210222163821","is_ascension_mode":true,"campfire_choices":[{"data":"Acrobatics","floor":6,"key":"SMITH"},{"data":"Prepared","floor":11,"key":"SMITH"}],"circlet_count":0,"master_deck":["Strike_G","Strike_G","Strike_G","Strike_G","Strike_G","Defend_G","Defend_G","Defend_G","Defend_G","Defend_G","Survivor","Neutralize","Grand Finale","Dagger Throw","Acrobatics+1","Prepared+1"],"relics":["Ring of the Snake","Eternal Feather","Bottled Flame"],"acts_visited":["Exordium"],"potions_floor_usage":[10],"damage_taken":[{"damage":5,"enemies":"Cultist","floor":1,"turns":5},{"damage":0,"enemies":"Small Slimes","floor":3,"turns":3},{"damage":7,"enemies":"2 Louse","floor":4,"turns":3},{"damage":4,"enemies":"Large Slime","floor":5,"turns":7},{"damage":33,"enemies":"Gremlin Gang","floor":7,"turns":4},{"damage":25,"enemies":"3 Sentries","floor":10,"turns":9},{"damage":30,"enemies":"Gremlin Nob","floor":12,"turns":3}],"seed_played":"-6051270380267978712","potions_obtained":[{"floor":7,"key":"BlessingOfTheForge"},{"floor":10,"key":"Dexterity Potion"}],"is_trial":false,"path_per_floor":["M","$","M","M","M","R","M","?","T","E","R","E"],"character_chosen":"THE_SILENT","items_purchased":[],"campfire_rested":0,"item_purchase_floors":[],"current_hp_per_floor":[65,65,65,58,54,54,21,38,38,13,22,0,0],"gold":63,"neow_bonus":"THREE_RARE_CARDS","is_daily":false,"chose_seed":false,"campfire_upgraded":2,"win_rate":0.0,"timestamp":1613979501,"path_taken":["M","?","M","M","M","R","M","?","T","E","R","E"],"items_purchased_type":[],"build_version":"2020-12-22","purchased_purges":0,"victory":false,"max_hp_per_floor":[70,70,70,70,70,70,70,70,70,70,70,70,70],"card_choices":[{"not_picked":["Unload","Bullet Time"],"picked":"Grand Finale","floor":0},{"not_picked":["Dagger Spray","Masterful Stab"],"picked":"Dagger Throw","floor":1},{"not_picked":["Blade Dance","Flechettes","Predator"],"picked":"SKIP","floor":3},{"not_picked":["Concentrate","Flechettes","Slice"],"picked":"SKIP","floor":4},{"not_picked":["Dagger Spray","Cloak And Dagger"],"picked":"Acrobatics","floor":5},{"not_picked":["Night Terror","Cloak And Dagger","Dagger Spray"],"picked":"SKIP","floor":7},{"not_picked":["Concentrate","Bane"],"picked":"Prepared","floor":10}],"player_experience":441077,"relics_obtained":[{"floor":9,"key":"Eternal Feather"},{"floor":10,"key":"Bottled Flame"}],"event_choices":[{"damage_healed":17,"gold_gain":0,"player_choice":"Healed","damage_taken":0,"max_hp_gain":0,"max_hp_loss":0,"event_name":"The Cleric","floor":8,"gold_loss":35}],"is_beta":false,"boss_relics":[],"items_purged_floors":[],"is_endless":false,"potions_floor_spawned":[7,10],"killed_by":"Gremlin Nob","ascension_level":5}}