{"host":"8t5dkgm85abdp22d","time":1613969367,"event":{"mods":["100% Spire Juice","ATMod(阿瑾Mod)","Act Like it!","BaseMod","Colored Powertips","Conspire","Gensokyo","GungeonMod","Hallownest","Marisa（F雨　魔理沙）","Minty Spire (QoL Compilation)","MostiFishMod","Remilia（蕾米莉亚）","RumiaBox-露米娅的神秘盒子","Ryuuou龙王","StSLib","The Bug Knight","The Marked","UnlockEverythingMod","Waifu the Spire","WarShipGirlsR/战舰少女R mod","Yakumo Yukari mod"],"gold_per_floor":[113,188,188,201,201,201,233,249,249,263,276,276,40,69,69,169,169,189,549,569,586,603,630,643,676,676,709,729,27,38,58,58,158,38,55,55,55,0,10,10,36,36,36,36,36,0,13,25,25,25,25,25,25,50,50],"floor_reached":56,"language":"ZHS","playtime":2976,"items_purged":["Moonworks:Strike"],"score":1699,"play_id":"7d57ce1d-a585-41d9-9851-cbb4dd43a060","local_time":"20210222124927","is_ascension_mode":false,"campfire_choices":[{"data":"MostiFishMod:SparklingWater","floor":6,"key":"SMITH"},{"data":"Moonworks:EvilSpyWorkPreparation","floor":12,"key":"SMITH"},{"data":"AT_ShrugMaster","floor":15,"key":"SMITH"},{"data":"Moonworks:LongDistanceShot","floor":32,"key":"SMITH"},{"floor":40,"key":"RECALL"},{"data":"Moonworks:NicePresent","floor":42,"key":"SMITH"},{"floor":44,"key":"REST"},{"floor":49,"key":"REST"},{"floor":52,"key":"REST"}],"circlet_count":0,"master_deck":["Moonworks:Strike+1","Moonworks:Strike+1","Moonworks:Strike+1","Moonworks:Defend+1","Moonworks:Defend+1","Moonworks:Defend+1","Moonworks:Defend+1","Moonworks:Ambush+1","Moonworks:LongDistanceShot+1","AT_ShrugMaster+1","MostiFishMod:Neptune+1","MostiFishMod:TheEndOfMoonlight+1","MostiFishMod:SparklingWater+1","MostiFishMod:FantasySummer+1","MostiFishMod:NightSea+1","Moonworks:Wanted+1","Moonworks:EvilSpyWorkPreparation+1","Moonworks:NicePresent+1","Moonworks:EvilSpyWorkPreparation+1","MostiFishMod:ButterFly+1","Moonworks:GoAway+1","Moonworks:CrystalBarrier+1","Moonworks:NicePresent+1","Moonworks:NicePresent+1","Moonworks:NicePresent+1","Moonworks:LuckyCharm+1","Moonworks:RocketCannon+1","Moonworks:NicePresent+1","Moonworks:MeltingMemories+1","Moonworks:BigMagnum+1","Moonworks:NicePresent+1","Moonworks:HolyNight+1","Moonworks:SinkOrSwim+1","Moonworks:MetallicMonocoque+1","Moonworks:AnotherUltimateWeapon+1"],"relics":["Moonworks:BrokenBomb","Moonworks:Homemark","AT_ATBox","DaveBox","NeowsBlessing","MoonlightInvasionPlan","SynthV:TestCard","Eternal Feather","AT_ImmortalShieldbow","Civilization","Pen Nib","conspire:SlowCooker","DemoMod:SevenLeafClover","DemoMod:PoisonVial","AT_GoldPhoenixTree","Frozen Egg 2","TungstenRod","SSSystem","conspire:RunicOctahedron","Ginger","Red Mask","AT_BellowingDragoncrestRing","DemoMod:BigBoy","CaptainsWheel","DemoMod:GlassGuonStoneRelic","ScarletDevilRocket"],"acts_visited":["Exordium","TheCity","TheBeyond","TheEnding"],"potions_floor_usage":[],"damage_taken":[{"damage":5,"enemies":"2 Louse","floor":1,"turns":2},{"damage":0,"enemies":"Small Slimes","floor":4,"turns":2},{"damage":0,"enemies":"Lagavulin","floor":7,"turns":3},{"damage":0,"enemies":"Cultist","floor":8,"turns":1},{"damage":0,"enemies":"Blue Slaver","floor":10,"turns":2},{"damage":0,"enemies":"Red Slaver","floor":11,"turns":1},{"damage":5,"enemies":"3 Sentries","floor":14,"turns":5},{"damage":10,"enemies":"The Guardian","floor":16,"turns":5},{"damage":0,"enemies":"Spheric Guardian","floor":18,"turns":2},{"damage":0,"enemies":"2 Thieves","floor":20,"turns":2},{"damage":0,"enemies":"Snake Plant","floor":21,"turns":2},{"damage":0,"enemies":"Cultist and Chosen","floor":22,"turns":3},{"damage":0,"enemies":"Gremlin Leader","floor":23,"turns":2},{"damage":0,"enemies":"3 Cultists","floor":24,"turns":3},{"damage":5,"enemies":"Book of Stabbing","floor":25,"turns":3},{"damage":0,"enemies":"Gremlin Leader","floor":27,"turns":4},{"damage":13,"enemies":"Snake Plant","floor":28,"turns":2},{"damage":22,"enemies":"Chosen and Byrds","floor":30,"turns":2},{"damage":0,"enemies":"3 Cultists","floor":31,"turns":3},{"damage":0,"enemies":"conspire:MysteriousRune","floor":33,"turns":3},{"damage":0,"enemies":"Orb Walker","floor":35,"turns":2},{"damage":13,"enemies":"Orb Walker","floor":36,"turns":14},{"damage":7,"enemies":"3 Darklings","floor":39,"turns":2},{"damage":7,"enemies":"Giant Head","floor":41,"turns":2},{"damage":3,"enemies":"Maw","floor":47,"turns":3},{"damage":3,"enemies":"Sphere and 2 Shapes","floor":48,"turns":2},{"damage":8,"enemies":"Donu and Deca","floor":50,"turns":3},{"damage":2,"enemies":"Shield and Spear","floor":54,"turns":3},{"damage":20,"enemies":"The Heart","floor":55,"turns":5}],"seed_played":"-4853644868768700273","potions_obtained":[{"floor":4,"key":"Weak Potion"},{"floor":8,"key":"LiquidBronze"},{"floor":10,"key":"Dexterity Potion"},{"floor":20,"key":"DuplicationPotion"}],"is_trial":false,"path_per_floor":["M","?","?","M","?","R","E","M","T","M","M","R","$","E","R","B",null,"M","?","M","M","M","E","M","E","T","E","M","$","M","M","R","B",null,"M","?","T","?","M","R","E","R","T","R","$","?","M","M","R","B",null,"R","$","E","B",null],"character_chosen":"THE_STARBREAKER","items_purchased":["MostiFishMod:ButterFly","Civilization","SSSystem"],"campfire_rested":3,"item_purchase_floors":[13,13,29],"current_hp_per_floor":[55,44,44,44,44,44,44,44,44,44,44,56,56,58,63,57,67,72,36,45,54,59,68,73,73,73,90,82,82,69,74,89,106,127,132,137,137,137,142,142,144,147,147,147,147,147,149,154,157,162,162,162,162,165,154],"gold":50,"neow_bonus":"THREE_ENEMY_KILL","is_daily":false,"chose_seed":false,"campfire_upgraded":5,"win_rate":0.0,"timestamp":1613969367,"path_taken":["M","?","?","M","?","R","E","?","T","M","M","R","$","E","R","BOSS","M","?","?","M","?","E","M","E","T","E","M","$","M","M","R","BOSS","M","?","?","?","M","R","E","R","T","R","$","?","M","M","R","BOSS","R","$","E","BOSS"],"items_purchased_type":["Card","Relic","Relic"],"build_version":"2020-12-22","purchased_purges":1,"victory":true,"max_hp_per_floor":[60,60,60,60,60,60,60,60,60,60,60,60,60,63,63,67,67,72,72,77,82,87,92,97,102,102,107,112,112,117,122,122,127,127,132,137,137,137,142,142,147,147,147,147,147,147,152,157,157,162,162,162,162,167,172],"card_choices":[{"not_picked":["Moonworks:JonathanRush","Moonworks:DevilHand","Moonworks:Assault"],"picked":"SKIP","floor":1},{"not_picked":["Moonworks:AngelHand","Moonworks:MixPhenomenon","Moonworks:DeployBits","Moonworks:NicePresent"],"picked":"Moonworks:Wanted","floor":4},{"not_picked":["Moonworks:SakisCookie","Moonworks:Assault","Moonworks:NicePresent","Moonworks:MixPhenomenon"],"picked":"Moonworks:EvilSpyWorkPreparation","floor":7},{"not_picked":["Moonworks:Assault","Moonworks:RedAndBlue","Moonworks:BindingChains","Moonworks:EvilSpyWorkPreparation","Moonworks:Dash"],"picked":"SKIP","floor":8},{"not_picked":["Moonworks:CompletionReward","Moonworks:BigMagnum","Moonworks:CloudOfSeagulls","Moonworks:DeployBits"],"picked":"Moonworks:NicePresent","floor":10},{"not_picked":["Moonworks:Assault","Moonworks:JonathanRush","Moonworks:CloudOfSeagulls","Moonworks:BigMagnum"],"picked":"Moonworks:EvilSpyWorkPreparation","floor":11},{"not_picked":["Moonworks:BeyondHell","Moonworks:BigBangBell","Moonworks:AngelHand","Moonworks:CookingTime"],"picked":"Moonworks:GoAway","floor":14},{"not_picked":["Moonworks:WeAreWaruda","Moonworks:Gamble","Moonworks:EvilMastermind","Moonworks:PlushieMaster"],"picked":"Moonworks:CrystalBarrier","floor":16},{"not_picked":["Moonworks:ImOnFire","Moonworks:Dinner+1","Moonworks:BigMagnum","Moonworks:SakisCookie+1"],"picked":"Moonworks:NicePresent+1","floor":18},{"not_picked":["Moonworks:IndiscriminateFireSupport","Moonworks:DeployBits","Moonworks:EvilSpyWorkPreparation","Moonworks:ImOnFire"],"picked":"Moonworks:NicePresent+1","floor":20},{"not_picked":["Moonworks:CloudOfSeagulls","Moonworks:SweetBattle","Moonworks:ImOnFire+1","Moonworks:TacticalRetreat"],"picked":"Moonworks:NicePresent","floor":21},{"not_picked":["Moonworks:ExtendedPhotonRifle","Moonworks:JonathanRush","Moonworks:BigMagnum","Moonworks:EvilSpyWorkPreparation+1"],"picked":"Moonworks:LuckyCharm+1","floor":22},{"not_picked":["Moonworks:x16BigRocket","Moonworks:SakisCookie","Moonworks:ReproductionOfRecords","Moonworks:ImOnFire","Moonworks:LulusLuckyEgg+1"],"picked":"SKIP","floor":23},{"not_picked":["Moonworks:CloudOfSeagulls","Moonworks:CookingTime","Moonworks:IntelligenceOfficer","Moonworks:MiracleWalker","Moonworks:Dinner+1"],"picked":"SKIP","floor":24},{"not_picked":["Moonworks:ForcedRevival","Moonworks:StarBlastingFuse","Moonworks:DeployBits","Moonworks:MiracleWalker+1","Moonworks:RagingMadness"],"picked":"SKIP","floor":25},{"not_picked":["Moonworks:StarBlastingFuse","Moonworks:Wanted"],"picked":"Moonworks:RocketCannon","floor":26},{"not_picked":["Moonworks:IntelligenceOfficer","Moonworks:ImOnFire+1","Moonworks:x16BigRocket","Moonworks:FullSpeedAlicianrone","Moonworks:LuckyCharm"],"picked":"SKIP","floor":27},{"not_picked":["Moonworks:BigMagnum","Moonworks:Assault","Moonworks:BindingChains","Moonworks:FinalBattle+1","Moonworks:ImOnFire+1"],"picked":"SKIP","floor":28},{"not_picked":["Moonworks:ForcedRevival","Moonworks:Assault","Moonworks:Dash","Moonworks:JonathanRush"],"picked":"Moonworks:NicePresent","floor":30},{"not_picked":["Moonworks:ForcedRevival+1","Moonworks:ImOnFire","Moonworks:EvilSpyWorkPreparation","Moonworks:Assault+1","Moonworks:LulusLuckyEgg+1"],"picked":"SKIP","floor":31},{"not_picked":["Moonworks:LeapThroughSpace+1","Moonworks:CrystalBarrier+1","Moonworks:GoAway","Moonworks:Wanted"],"picked":"Moonworks:MeltingMemories+1","floor":33},{"not_picked":["Moonworks:SakisCookie+1","Moonworks:EvilSpyWorkPreparation+1","Moonworks:ImOnFire+1","Moonworks:IndiscriminateFireSupport"],"picked":"Moonworks:BigMagnum+1","floor":35},{"not_picked":["Moonworks:LuckyCharm+1","Moonworks:BigMagnum+1","Moonworks:EvilSpyWorkPreparation","Moonworks:WindyEnchantment"],"picked":"Moonworks:NicePresent","floor":36},{"not_picked":["Moonworks:Wanted","Moonworks:OutOfAmmo"],"picked":"Moonworks:HolyNight","floor":37},{"not_picked":["Moonworks:Assault","Moonworks:CompletionReward","Moonworks:EvilSpyWorkPreparation+1","Moonworks:LulusLuckyEgg"],"picked":"Moonworks:SinkOrSwim+1","floor":39},{"not_picked":["Moonworks:CloudOfSeagulls+1","Moonworks:LulusLuckyEgg","Moonworks:IndiscriminateFireSupport","Moonworks:DeployBits+1","Moonworks:MiracleWalker"],"picked":"SKIP","floor":41},{"not_picked":["Moonworks:MeltingMemories","Moonworks:RocketCannon"],"picked":"Moonworks:MetallicMonocoque","floor":43},{"not_picked":["Moonworks:SakisCookie+1","Moonworks:DeployBits+1","Moonworks:Assault+1","Moonworks:EvilSpyWorkPreparation","Moonworks:BeyondHell"],"picked":"SKIP","floor":47},{"not_picked":["Moonworks:IndiscriminateFireSupport","Moonworks:LulusLuckyEgg","Moonworks:ImOnFire","Moonworks:BigBangBell"],"picked":"Moonworks:AnotherUltimateWeapon+1","floor":48},{"not_picked":["Moonworks:IndiscriminateFireSupport","Moonworks:SelfDestruct","Moonworks:AngelHand","Moonworks:SakisCookie+1","Moonworks:EvilSpyWorkPreparation+1"],"picked":"SKIP","floor":54}],"player_experience":134581,"relics_obtained":[{"floor":1,"key":"SynthV:TestCard"},{"floor":7,"key":"Eternal Feather"},{"floor":9,"key":"AT_ImmortalShieldbow"},{"floor":14,"key":"Pen Nib"},{"floor":23,"key":"DemoMod:SevenLeafClover"},{"floor":25,"key":"DemoMod:PoisonVial"},{"floor":26,"key":"AT_GoldPhoenixTree"},{"floor":26,"key":"Frozen Egg 2"},{"floor":27,"key":"TungstenRod"},{"floor":37,"key":"Ginger"},{"floor":41,"key":"AT_BellowingDragoncrestRing"},{"floor":43,"key":"DemoMod:BigBoy"},{"floor":43,"key":"CaptainsWheel"},{"floor":54,"key":"ScarletDevilRocket"}],"event_choices":[{"damage_healed":0,"gold_gain":75,"player_choice":"Gather Gold","damage_taken":11,"max_hp_gain":0,"max_hp_loss":0,"event_name":"World of Goop","floor":2,"gold_loss":0},{"damage_healed":0,"gold_gain":0,"player_choice":"Grow","damage_taken":0,"max_hp_gain":0,"max_hp_loss":0,"event_name":"Living Wall","floor":3,"gold_loss":0,"cards_upgraded":["MostiFishMod:NightSea"]},{"damage_healed":0,"gold_gain":0,"player_choice":"Ignored","damage_taken":0,"max_hp_gain":0,"max_hp_loss":0,"event_name":"Liars Game","floor":5,"gold_loss":0},{"damage_healed":0,"gold_gain":360,"player_choice":"GOLD GOLD GOLD GOLD ","damage_taken":36,"max_hp_gain":0,"max_hp_loss":0,"event_name":"Knowing Skull","floor":19,"potions_obtained":[],"gold_loss":0,"cards_obtained":[]},{"damage_healed":0,"gold_gain":0,"player_choice":"Paid","damage_taken":0,"relics_obtained":["Red Mask"],"max_hp_gain":0,"max_hp_loss":0,"event_name":"Tomb of Lord Red Mask","floor":38,"gold_loss":55}],"is_beta":false,"boss_relics":[{"not_picked":["conspire:SeveredTorchhead","BloodWine"],"picked":"conspire:SlowCooker"},{"not_picked":["HereWithMe","OneHitWonderSystem"],"picked":"conspire:RunicOctahedron"}],"items_purged_floors":[29],"is_endless":false,"potions_floor_spawned":[4,8,10,14,20,21,22,28,30,31,33,36],"ascension_level":0}}