{"host":"2se5dq1do2gp0x9k","time":1613961717,"event":{"mods":["AchievementEnabler","BaseMod","Block Reminder","Colored Map","Colored Powertips","Minty Spire (QoL Compilation)","Relic Stats","StSLib","SuperFastMode"],"gold_per_floor":[112,130,56,75,91,91,122,122,145,176,176,176,101,121,121,200,200,216,216,216,89,100,100,100,100],"floor_reached":24,"language":"ENG","playtime":505,"items_purged":["Defend_P"],"score":483,"play_id":"8794e5fb-24c9-4b6d-a0f2-0a3faa435e0b","local_time":"20210221184157","is_ascension_mode":true,"campfire_choices":[{"data":"Eruption","floor":6.0,"key":"SMITH"},{"floor":12.0,"key":"REST"},{"data":"Ragnarok","floor":15.0,"key":"SMITH"},{"data":"Adaptation","floor":23,"key":"SMITH"}],"circlet_count":0,"master_deck":["AscendersBane","Strike_P","Strike_P","Defend_P","Defend_P","Eruption+1","Vigilance","Tantrum","FlurryOfBlows","TalkToTheHand","FollowUp","EmptyFist","Ragnarok+1","MentalFortress","Ragnarok","ClearTheMind+1","Adaptation+1","Meditate"],"relics":["PureWater","NeowsBlessing","Omamori","Smiling Mask","Bronze Scales","Empty Cage","Enchiridion"],"acts_visited":["Exordium","TheCity"],"potions_floor_usage":[24],"damage_taken":[{"damage":0.0,"enemies":"Cultist","floor":1.0,"turns":1.0},{"damage":0.0,"enemies":"Small Slimes","floor":2.0,"turns":1.0},{"damage":0.0,"enemies":"2 Louse","floor":4.0,"turns":1.0},{"damage":14.0,"enemies":"Blue Slaver","floor":5.0,"turns":4.0},{"damage":13.0,"enemies":"Lagavulin","floor":7.0,"turns":7.0},{"damage":24.0,"enemies":"Gremlin Nob","floor":10.0,"turns":4.0},{"damage":0.0,"enemies":"3 Louse","floor":14.0,"turns":1.0},{"damage":0.0,"enemies":"Slime Boss","floor":16.0,"turns":3.0},{"damage":0.0,"enemies":"Spheric Guardian","floor":18.0,"turns":2.0},{"damage":15,"enemies":"3 Byrds","floor":22,"turns":3},{"damage":35,"enemies":"Book of Stabbing","floor":24,"turns":2}],"seed_played":"-5812293334513912932","potions_obtained":[{"floor":4.0,"key":"Strength Potion"},{"floor":10.0,"key":"ColorlessPotion"},{"floor":16.0,"key":"Ancient Potion"},{"floor":18.0,"key":"Regen Potion"}],"is_trial":false,"path_per_floor":["M","M","$","M","M","R","E","?","T","E","?","R","?","M","R","B",null,"M","?","?","$","M","R","E"],"character_chosen":"WATCHER","items_purchased":["TalkToTheHand","Adaptation"],"campfire_rested":1,"item_purchase_floors":[3,21],"current_hp_per_floor":[61,61,61,61,47,47,34,34,34,10,10,30,30,30,30,30,59,59,59,38,38,23,23,0,0],"gold":100,"neow_bonus":"THREE_ENEMY_KILL","is_daily":false,"chose_seed":false,"campfire_upgraded":3,"win_rate":0.0,"timestamp":1613961717,"path_taken":["M","?","$","M","M","R","E","?","T","E","?","R","?","M","R","BOSS","M","?","?","$","M","R","E"],"items_purchased_type":["Card","Card"],"build_version":"2020-12-22","purchased_purges":1,"victory":false,"max_hp_per_floor":[68,68,68,68,68,68,68,68,68,68,68,68,68,68,68,68,68,68,68,68,68,68,68,68,68],"relic_stats":{"counters":[11,29],"Bronze Scales":[54],"Smiling Mask":25,"obtain_stats":[{"NeowsBlessing":0,"Bronze Scales":10,"Enchiridion":20,"Omamori":7,"PureWater":0,"Smiling Mask":9,"Empty Cage":17},{"NeowsBlessing":0,"Bronze Scales":6,"Enchiridion":9,"Omamori":5,"PureWater":0,"Smiling Mask":5,"Empty Cage":8},{"NeowsBlessing":0,"Bronze Scales":18,"Enchiridion":24,"Omamori":14,"PureWater":0,"Smiling Mask":14,"Empty Cage":22}]},"card_choices":[{"not_picked":["CutThroughFate","Worship"],"picked":"Tantrum","floor":1.0},{"not_picked":["Conclude","EmptyBody"],"picked":"FlurryOfBlows","floor":2.0},{"not_picked":["Nirvana","Crescendo"],"picked":"FollowUp","floor":4.0},{"not_picked":["SashWhip","Brilliance","Protect"],"picked":"SKIP","floor":5.0},{"not_picked":["SashWhip","ThirdEye"],"picked":"EmptyFist","floor":7.0},{"not_picked":["JustLucky","WreathOfFlame"],"picked":"Ragnarok","floor":10.0},{"not_picked":["JustLucky","Swivel"],"picked":"MentalFortress","floor":14.0},{"not_picked":["ConjureBlade","DeusExMachina"],"picked":"Ragnarok","floor":16.0},{"not_picked":["ThirdEye","Evaluate"],"picked":"ClearTheMind+1","floor":18.0},{"not_picked":["FollowUp","JustLucky"],"picked":"Meditate","floor":22}],"player_experience":4110495,"relics_obtained":[{"floor":7.0,"key":"Omamori"},{"floor":9.0,"key":"Smiling Mask"},{"floor":10.0,"key":"Bronze Scales"},{"floor":20.0,"key":"Enchiridion"}],"event_choices":[{"damage_healed":0.0,"max_hp_gain":0.0,"max_hp_loss":0.0,"gold_gain":0.0,"event_name":"Liars Game","player_choice":"Ignored","floor":8.0,"gold_loss":0.0,"damage_taken":0.0},{"damage_healed":0.0,"max_hp_gain":0.0,"max_hp_loss":0.0,"gold_gain":0.0,"event_name":"Shining Light","player_choice":"Ignored","floor":11.0,"gold_loss":0.0,"damage_taken":0.0},{"cards_removed":["Strike_P"],"damage_healed":0.0,"max_hp_gain":0.0,"max_hp_loss":0.0,"gold_gain":0.0,"event_name":"The Cleric","player_choice":"Card Removal","floor":13.0,"gold_loss":75.0,"damage_taken":0.0},{"damage_healed":0.0,"max_hp_gain":0.0,"max_hp_loss":0.0,"gold_gain":0.0,"event_name":"Vampires","player_choice":"Ignored","floor":19.0,"gold_loss":0.0,"damage_taken":0.0},{"damage_healed":0.0,"max_hp_gain":0.0,"max_hp_loss":0.0,"gold_gain":0.0,"event_name":"Cursed Tome","player_choice":"Obtained Book","floor":20.0,"gold_loss":0.0,"damage_taken":21.0}],"is_beta":false,"boss_relics":[{"not_picked":["Pandora\u0027s Box","Runic Dome"],"picked":"Empty Cage"}],"items_purged_floors":[21],"is_endless":false,"potions_floor_spawned":[4,10,16,18],"killed_by":"Book of Stabbing","ascension_level":18}}