{"host":"30jsp143e4v19aze","time":1613967619,"event":{"mods":["BaseMod","Colored Map","Colored Powertips","Curses Come First","DeckTracker","Highlight Path","Minty Spire (QoL Compilation)","Quick Restart","Relic Stats","StSLib","everything is the same but u backflip on backflip","slay the spire mod where everything is the same but ironclad has a cowboy hat"],"gold_per_floor":[111,111,186,156,176,203,203,230,230,257,14,46,61,79,79,151,151,151,151],"floor_reached":18,"language":"ENG","playtime":552,"items_purged":[],"score":376,"play_id":"22aee075-e709-48e9-b3ea-23979fc2f655","local_time":"20210222052019","is_ascension_mode":true,"campfire_choices":[{"floor":7,"key":"REST"},{"floor":15,"key":"RECALL"}],"circlet_count":0,"master_deck":["AscendersBane","Strike_R","Strike_R","Strike_R","Strike_R","Strike_R","Defend_R","Defend_R+1","Defend_R+1","Defend_R","Bash","Blood for Blood+1","Headbutt","Combust","Fiend Fire","Flame Barrier","Uppercut","Demon Form"],"relics":["Fusion Hammer","Eternal Feather","War Paint","Singing Bowl","Pantograph","PreservedInsect","Oddly Smooth Stone","SlaversCollar"],"acts_visited":["Exordium","TheCity"],"potions_floor_usage":[6,8,8,10,16],"damage_taken":[{"damage":4,"enemies":"Jaw Worm","floor":1,"turns":4},{"damage":0,"enemies":"2 Louse","floor":5,"turns":3},{"damage":15,"enemies":"3 Sentries","floor":6,"turns":6},{"damage":23,"enemies":"Lagavulin","floor":8,"turns":6},{"damage":24,"enemies":"3 Sentries","floor":10,"turns":7},{"damage":8,"enemies":"Gremlin Nob","floor":12,"turns":3},{"damage":0,"enemies":"Cultist","floor":13,"turns":2},{"damage":8,"enemies":"Gremlin Gang","floor":14,"turns":3},{"damage":53,"enemies":"The Guardian","floor":16,"turns":10},{"damage":0,"enemies":"Shell Parasite","floor":18,"turns":1}],"seed_played":"8315984374417648637","potions_obtained":[{"floor":4,"key":"EntropicBrew"},{"floor":4,"key":"DuplicationPotion"},{"floor":8,"key":"Regen Potion"},{"floor":14,"key":"ElixirPotion"}],"is_trial":false,"path_per_floor":["M","?","?","?","M","E","R","E","T","E","$","E","M","M","R","B",null,"M"],"character_chosen":"IRONCLAD","items_purchased":["PreservedInsect","Flame Barrier"],"campfire_rested":1,"item_purchase_floors":[11,11],"current_hp_per_floor":[64,64,53,53,53,38,66,43,43,34,34,28,30,22,31,3,60,60,60],"gold":151,"neow_bonus":"BOSS_RELIC","is_daily":false,"chose_seed":false,"campfire_upgraded":0,"win_rate":0.0,"timestamp":1613967619,"path_taken":["M","?","?","?","M","E","R","E","T","E","$","E","?","?","R","BOSS","M"],"items_purchased_type":["Relic","Card"],"build_version":"2020-12-22","purchased_purges":0,"victory":false,"max_hp_per_floor":[75,75,75,75,75,75,75,75,75,75,75,77,79,79,79,79,79,79,79],"relic_stats":{"Singing Bowl":4,"counters":[10,45],"Pantograph":25,"Eternal Feather":15,"PreservedInsect":22,"War Paint":["Defend_R","Defend_R"],"obtain_stats":[{"SlaversCollar":17,"Singing Bowl":9,"Pantograph":10,"Oddly Smooth Stone":12,"Eternal Feather":6,"Fusion Hammer":0,"PreservedInsect":11,"War Paint":8,"Burning Blood":0},{"SlaversCollar":9,"Singing Bowl":4,"Pantograph":5,"Oddly Smooth Stone":6,"Eternal Feather":3,"Fusion Hammer":0,"PreservedInsect":5,"War Paint":4,"Burning Blood":0},{"SlaversCollar":44,"Singing Bowl":19,"Pantograph":26,"Oddly Smooth Stone":29,"Eternal Feather":13,"Fusion Hammer":0,"PreservedInsect":26,"War Paint":19,"Burning Blood":0}]},"card_choices":[{"not_picked":["Warcry","Heavy Blade"],"picked":"Blood for Blood","floor":1},{"not_picked":["Twin Strike","Anger"],"picked":"Headbutt","floor":5},{"not_picked":["Twin Strike","Wild Strike","Second Wind"],"picked":"SKIP","floor":6},{"not_picked":["Searing Blow","Fire Breathing"],"picked":"Combust","floor":8},{"not_picked":["Pommel Strike","Inflame"],"picked":"Fiend Fire","floor":10},{"not_picked":["Clash","Iron Wave","Armaments"],"picked":"Singing Bowl","floor":12},{"not_picked":["Headbutt","Warcry","Fire Breathing"],"picked":"Singing Bowl","floor":13},{"not_picked":["Havoc","Body Slam"],"picked":"Uppercut","floor":14},{"not_picked":["Impervious","Reaper"],"picked":"Demon Form","floor":16}],"player_experience":3294854,"relics_obtained":[{"floor":6,"key":"Eternal Feather"},{"floor":8,"key":"War Paint"},{"floor":9,"key":"Singing Bowl"},{"floor":10,"key":"Pantograph"},{"floor":12,"key":"Oddly Smooth Stone"}],"event_choices":[{"damage_healed":0,"gold_gain":0,"player_choice":"Grow","damage_taken":0,"max_hp_gain":0,"max_hp_loss":0,"event_name":"Living Wall","floor":2,"gold_loss":0,"cards_upgraded":["Blood for Blood"]},{"damage_healed":0,"gold_gain":75,"player_choice":"Gather Gold","damage_taken":11,"max_hp_gain":0,"max_hp_loss":0,"event_name":"World of Goop","floor":3,"gold_loss":0},{"damage_healed":0,"gold_gain":0,"player_choice":"Bought 2 Potions","damage_taken":0,"max_hp_gain":0,"max_hp_loss":0,"event_name":"The Woman in Blue","floor":4,"gold_loss":0}],"is_beta":false,"boss_relics":[{"not_picked":["Tiny House","Runic Dome"],"picked":"SlaversCollar"}],"items_purged_floors":[],"is_endless":false,"potions_floor_spawned":[5,8,14],"killed_by":"Shell Parasite","ascension_level":20}}