{"host":"xltl1aroowo69o4n","time":1613963634,"event":{"mods":["BaseMod","Colored Map","Colored Powertips","Downfall","Koishi","Marisa????????","Minty Spire (QoL Compilation)","Replay The Spire","StSLib","The Cursed","The Hierophant","The Mystic","The Necromancer","The Servant 0.9.4"],"gold_per_floor":[109,109,129,140,156,156,190,190,215,56,56,91,109,137,137,137,137],"floor_reached":16,"language":"ENG","playtime":1127,"items_purged":[],"score":132,"play_id":"475eb3cb-12c1-46d1-b2ae-ff567d301514","local_time":"20210221221354","is_ascension_mode":true,"campfire_choices":[{"floor":6,"key":"REST"},{"floor":8,"key":"REST"},{"floor":15,"key":"REST"}],"circlet_count":0,"master_deck":["Koishi:BasicStrike","Koishi:BasicStrike","Koishi:BasicStrike","Koishi:BasicStrike","Koishi:BasicDefend","Koishi:BasicDefend","Koishi:BasicDefend","Koishi:BasicDefend","Koishi:Provoke","Koishi:HauntingSlash","Koishi:UnseenTerror","Regret","Koishi:ParalyzingFear","Koishi:PhantomBarrier","Koishi:BloodcurdlingScream","Koishi:ConfinedInnocent","Koishi:Catatonia+1","Koishi:UnconsciousUrges","Koishi:UnconsciousUrges","Koishi:UnconsciousUprising","Koishi:PhantomStrike","Koishi:MindNumbingTerror","Koishi:PhantomBarrier","Koishi:DreadfulBlow"],"relics":["Koishi:ImaginaryFriend","Blue Doll","Tiny Chest","Orichalcum","Bottled Tornado","MealTicket"],"acts_visited":["Exordium"],"potions_floor_usage":[7,12,12,16],"damage_taken":[{"damage":9,"enemies":"Jaw Worm","floor":1,"turns":6},{"damage":8,"enemies":"2 Louse","floor":3,"turns":3},{"damage":5,"enemies":"Cultist","floor":4,"turns":5},{"damage":10,"enemies":"Large Slime","floor":5,"turns":9},{"damage":33,"enemies":"Gremlin Nob","floor":7,"turns":5},{"damage":29,"enemies":"3 Sentries","floor":12,"turns":8},{"damage":16,"enemies":"Exordium Thugs","floor":13,"turns":5},{"damage":11,"enemies":"Lagavulin","floor":14,"turns":6},{"damage":28,"enemies":"Hexaghost","floor":16,"turns":10}],"seed_played":"7158208720170340981","potions_obtained":[{"floor":3,"key":"Fire Potion"},{"floor":4,"key":"Block Potion"},{"floor":7,"key":"Fruit Juice"},{"floor":14,"key":"champ:CounterPotion"}],"is_trial":false,"path_per_floor":["M","?","M","M","M","R","E","R","T","$","?","E","M","E","R","B"],"character_chosen":"KOISHI","items_purchased":["Koishi:Catatonia+1","Koishi:UnconsciousUrges","Koishi:UnconsciousUprising","Koishi:PhantomStrike"],"campfire_rested":3,"item_purchase_floors":[10,10,10,10],"current_hp_per_floor":[60,60,53,51,45,64,41,62,62,62,55,28,15,7,28,0,0],"gold":137,"neow_bonus":"TEN_PERCENT_HP_BONUS","is_daily":false,"chose_seed":false,"campfire_upgraded":0,"win_rate":0.0,"timestamp":1613963634,"path_taken":["M","?","M","M","M","R","E","R","T","$","?","E","M","E","R","BOSS"],"items_purchased_type":["Card","Card","Card","Card"],"build_version":"2020-12-13","purchased_purges":0,"victory":false,"max_hp_per_floor":[66,66,66,66,66,66,71,71,71,71,71,71,71,71,71,71,71],"card_choices":[{"not_picked":["Koishi:Prune","Koishi:RacingHeart"],"picked":"Koishi:UnseenTerror","floor":1},{"not_picked":["Koishi:CatchAndRose","Koishi:StingingMind"],"picked":"Koishi:ParalyzingFear","floor":3},{"not_picked":["Koishi:DreadfulBlow","Koishi:ReflexRadar"],"picked":"Koishi:PhantomBarrier","floor":4},{"not_picked":["Koishi:StingingMind","Koishi:FleetingPhantom"],"picked":"Koishi:BloodcurdlingScream","floor":5},{"not_picked":["Koishi:PhantomStrike","Koishi:Vanish"],"picked":"Koishi:ConfinedInnocent","floor":7},{"not_picked":["Koishi:SubconsciousSweep","Koishi:Jaunt"],"picked":"Koishi:MindNumbingTerror","floor":12},{"not_picked":["Koishi:SprinkleStarAndHeart","Koishi:FreudianInstinct"],"picked":"Koishi:PhantomBarrier","floor":13},{"not_picked":["Koishi:EmbryosDream","Koishi:CatchAndRose"],"picked":"Koishi:DreadfulBlow","floor":14}],"player_experience":265152,"relics_obtained":[{"floor":7,"key":"Tiny Chest"},{"floor":9,"key":"Orichalcum"},{"floor":12,"key":"Bottled Tornado"},{"floor":14,"key":"MealTicket"}],"event_choices":[{"damage_healed":0,"gold_gain":0,"player_choice":"Box","damage_taken":0,"relics_obtained":["Blue Doll"],"max_hp_gain":0,"max_hp_loss":0,"event_name":"Big Fish","floor":2,"gold_loss":0,"cards_obtained":["Regret"]},{"damage_healed":0,"gold_gain":0,"player_choice":"Damaged","damage_taken":7,"max_hp_gain":0,"max_hp_loss":0,"event_name":"Wheel of Change","floor":11,"gold_loss":0}],"is_beta":false,"boss_relics":[],"items_purged_floors":[],"is_endless":false,"potions_floor_spawned":[3,4,7,14],"killed_by":"Hexaghost","ascension_level":2}}