{"host":"7eytxr1oawi6r5nr","time":1613993430,"event":{"mods":["Act Like it!","BaseMod","Better Third Choice","Curses Come First","Dark Map","Hermit","Hubris","Ironclad Rager","Minty Spire (QoL Compilation)","Permanent Neow","Quick Restart","Rare Cards Sparkle","Relic Filter Mod","Reliquary","Replay The Spire","Ruina","StSLib","The Cursed","The Disciple","The Forsaken","The IronCluck","The Runesmith","The Servant 0.9.4","Wide Potions"],"gold_per_floor":[110,126,144,69,69,69,103,103,126,136,146,176,189,199,199,199,199],"floor_reached":16,"language":"ENG","playtime":711,"items_purged":["Strike_R"],"score":168,"play_id":"21dec1f7-b934-4087-b296-824150903ac7","local_time":"20210222113030","is_ascension_mode":true,"campfire_choices":[{"data":"Bash","floor":6.0,"key":"SMITH"},{"data":"Feed","floor":8.0,"key":"SMITH"},{"floor":15,"key":"REST"}],"circlet_count":0,"master_deck":["Strike_R","Strike_R","Strike_R","Strike_R","Defend_R","Defend_R","Defend_R","Defend_R","Bash+1","Immolate","Anger","Sword Boomerang","Wild Strike","Feed+1","True Grit","Feed","Metallicize","Rage"],"relics":["Burning Blood","Pear","reliquary:PorcupineQuills"],"acts_visited":["Exordium"],"potions_floor_usage":[14],"damage_taken":[{"damage":0.0,"enemies":"2 Louse","floor":1.0,"turns":1.0},{"damage":7.0,"enemies":"Small Slimes","floor":2.0,"turns":3.0},{"damage":0.0,"enemies":"Cultist","floor":3.0,"turns":2.0},{"damage":32.0,"enemies":"Gremlin Nob","floor":7.0,"turns":4.0},{"damage":12.0,"enemies":"Exordium Thugs","floor":10.0,"turns":4.0},{"damage":10.0,"enemies":"Looter","floor":11.0,"turns":4.0},{"damage":30.0,"enemies":"Lagavulin","floor":12.0,"turns":6.0},{"damage":31.0,"enemies":"Gremlin Gang","floor":13.0,"turns":5.0},{"damage":7,"enemies":"Red Slaver","floor":14,"turns":2},{"damage":42,"enemies":"Hexaghost","floor":16,"turns":9}],"seed_played":"4495747739468215317","potions_obtained":[{"floor":2.0,"key":"GamblersBrew"},{"floor":3.0,"key":"LifebloodPotion"}],"is_trial":false,"path_per_floor":["M","M","M","$","?","R","E","R","T","M","M","E","M","M","R","B"],"character_chosen":"IRONCLAD","items_purchased":[],"campfire_rested":1,"item_purchase_floors":[],"current_hp_per_floor":[80,79,80,80,80,80,64,64,64,58,54,30,12,11,40,0,0],"gold":199,"neow_bonus":"ONE_RANDOM_RARE_CARD","is_daily":false,"chose_seed":false,"campfire_upgraded":2,"win_rate":0.0,"timestamp":1613993430,"path_taken":["M","M","M","$","?","R","E","R","T","M","M","E","M","M","R","BOSS"],"items_purchased_type":[],"build_version":"2020-12-22","purchased_purges":1,"victory":false,"max_hp_per_floor":[80,80,80,80,80,80,90,90,90,90,90,90,97,97,97,97,97],"card_choices":[{"not_picked":["Run Through","Seeing Red"],"picked":"Anger","floor":1.0},{"not_picked":["Fire Breathing","Anger"],"picked":"Sword Boomerang","floor":2.0},{"not_picked":["Cleave","Sever Soul"],"picked":"Wild Strike","floor":3.0},{"not_picked":["Body Slam","Rupture"],"picked":"Feed","floor":7.0},{"not_picked":["Body Slam","ReplayTheSpireMod:Strike From Hell"],"picked":"True Grit","floor":10.0},{"not_picked":["Clash","Sentinel"],"picked":"Feed","floor":11.0},{"not_picked":["True Grit","Inflame"],"picked":"Metallicize","floor":12.0},{"not_picked":["Run Through","Pommel Strike","Perfected Strike"],"picked":"SKIP","floor":13.0},{"not_picked":["Anger","ReplayTheSpireMod:Strike From Hell"],"picked":"Rage","floor":14}],"player_experience":199708,"relics_obtained":[{"floor":7.0,"key":"Pear"},{"floor":12.0,"key":"reliquary:PorcupineQuills"}],"event_choices":[],"is_beta":false,"boss_relics":[],"items_purged_floors":[4],"is_endless":false,"potions_floor_spawned":[2,3,11],"killed_by":"Hexaghost","ascension_level":5}}