{"host":"nptej036rrbiurf5","time":1613958014,"event":{"mods":["BaseMod","Colored Map","Colored Powertips","DeckTracker","Minty Spire (QoL Compilation)","StSLib","SuperFastMode"],"gold_per_floor":[117,2,2,2,16,45,45,74,154,168,201,219,219,252,252,252,252],"floor_reached":16,"language":"KOR","playtime":204,"items_purged":["Strike_R"],"score":306,"play_id":"c1f8aa66-9301-4a88-94fb-b6eeccc82bbc","local_time":"20210222104014","is_ascension_mode":true,"campfire_choices":[{"data":"Whirlwind","floor":7.0,"key":"SMITH"},{"data":"Seeing Red","floor":13.0,"key":"SMITH"},{"data":"Evolve","floor":15.0,"key":"SMITH"}],"circlet_count":0,"master_deck":["AscendersBane","Strike_R","Strike_R","Strike_R","Defend_R","Defend_R","Defend_R","Defend_R","Bash+1","Shrug It Off","Evolve+1","Sword Boomerang","Whirlwind+1","Seeing Red+1","Battle Trance","Pummel"],"relics":["Burning Blood","NeowsBlessing","Lantern","Omamori","Bottled Lightning","Bag of Preparation","Oddly Smooth Stone"],"acts_visited":["Exordium"],"potions_floor_usage":[],"damage_taken":[{"damage":0.0,"enemies":"Jaw Worm","floor":1.0,"turns":1.0},{"damage":0.0,"enemies":"Cultist","floor":5.0,"turns":1.0},{"damage":0.0,"enemies":"Lagavulin","floor":6.0,"turns":1.0},{"damage":20.0,"enemies":"3 Sentries","floor":8.0,"turns":4.0},{"damage":0.0,"enemies":"2 Louse","floor":10.0,"turns":1.0},{"damage":8.0,"enemies":"Gremlin Nob","floor":11.0,"turns":3.0},{"damage":13.0,"enemies":"Blue Slaver","floor":12.0,"turns":3.0},{"damage":20.0,"enemies":"Lagavulin","floor":14.0,"turns":3.0},{"damage":0,"enemies":"Hexaghost","floor":16,"turns":1}],"seed_played":"2791656076383313980","potions_obtained":[{"floor":6.0,"key":"SmokeBomb"},{"floor":10.0,"key":"Explosive Potion"},{"floor":11.0,"key":"DuplicationPotion"},{"floor":12.0,"key":"LiquidMemories"}],"is_trial":false,"path_per_floor":["M","$","?","?","M","E","R","E","T","M","E","M","R","E","R","B"],"character_chosen":"IRONCLAD","items_purchased":["Evolve"],"campfire_rested":0,"item_purchase_floors":[2],"current_hp_per_floor":[74,74,74,74,75,75,75,61,61,67,65,58,58,44,44,44,44],"gold":252,"neow_bonus":"THREE_ENEMY_KILL","is_daily":false,"chose_seed":false,"campfire_upgraded":3,"win_rate":0.0,"timestamp":1613958014,"path_taken":["M","$","?","?","M","E","R","E","T","?","E","M","R","E","R","BOSS"],"items_purchased_type":["Card"],"build_version":"2020-12-22","purchased_purges":1,"victory":false,"max_hp_per_floor":[75,75,75,75,75,75,75,75,75,75,75,75,75,75,75,75,75],"card_choices":[{"not_picked":["Flex","True Grit"],"picked":"Shrug It Off","floor":1.0},{"not_picked":["Heavy Blade","Limit Break"],"picked":"Sword Boomerang","floor":5.0},{"not_picked":["Bloodletting","Wild Strike"],"picked":"Whirlwind","floor":6.0},{"not_picked":["Armaments","Blood for Blood"],"picked":"Seeing Red","floor":8.0},{"not_picked":["Searing Blow","Combust","Body Slam"],"picked":"SKIP","floor":10.0},{"not_picked":["Cleave","Clothesline"],"picked":"Battle Trance","floor":11.0},{"not_picked":["Sentinel","Infernal Blade"],"picked":"Pummel","floor":12.0},{"not_picked":["Dual Wield","Clothesline","True Grit"],"picked":"SKIP","floor":14.0}],"player_experience":999983,"relics_obtained":[{"floor":6.0,"key":"Lantern"},{"floor":8.0,"key":"Omamori"},{"floor":9.0,"key":"Bottled Lightning"},{"floor":11.0,"key":"Bag of Preparation"},{"floor":14.0,"key":"Oddly Smooth Stone"}],"event_choices":[{"cards_removed":["Strike_R"],"damage_healed":0.0,"max_hp_gain":0.0,"max_hp_loss":0.0,"gold_gain":0.0,"event_name":"Living Wall","player_choice":"Forget","floor":3.0,"gold_loss":0.0,"damage_taken":0.0},{"damage_healed":0.0,"max_hp_gain":0.0,"max_hp_loss":0.0,"gold_gain":0.0,"event_name":"Upgrade Shrine","player_choice":"Upgraded","floor":4.0,"gold_loss":0.0,"damage_taken":0.0,"cards_upgraded":["Bash"]}],"is_beta":false,"boss_relics":[],"items_purged_floors":[2],"is_endless":false,"potions_floor_spawned":[6,10,11,12],"killed_by":"Hexaghost","ascension_level":20}}