{"host":"a9gsz7kv8aebwp1f","time":1613984812,"event":{"mods":["AchievementEnabler","BaseMod","Minty Spire (QoL Compilation)"],"gold_per_floor":[15,15,26,41,41,41,71,90,116,116,81,81,81,98,98,197,197,211,211,225,244,244,244],"floor_reached":22,"language":"KOR","playtime":678,"items_purged":[],"score":298,"play_id":"2eec2e18-4d2c-42e2-8b2e-d198eed62ec0","local_time":"20210222180652","is_ascension_mode":true,"campfire_choices":[{"floor":6,"key":"REST"},{"floor":10,"key":"REST"},{"data":"Dualcast","floor":12,"key":"SMITH"},{"data":"Streamline","floor":15,"key":"SMITH"}],"circlet_count":0,"master_deck":["AscendersBane","Strike_B","Strike_B","Strike_B","Strike_B","Defend_B","Defend_B","Defend_B","Defend_B","Zap","Dualcast+1","Reboot","Melter","Streamline+1","Gash","Coolheaded","Beam Cell","Gash","Thunder Strike","Hologram+1","Glacier","Stack"],"relics":["Cracked Core","Boot","Regal Pillow","SlaversCollar"],"acts_visited":["Exordium","TheCity"],"potions_floor_usage":[],"damage_taken":[{"damage":2,"enemies":"Jaw Worm","floor":1,"turns":3},{"damage":6,"enemies":"Cultist","floor":3,"turns":3},{"damage":5,"enemies":"Small Slimes","floor":4,"turns":2},{"damage":36,"enemies":"Gremlin Nob","floor":7,"turns":4},{"damage":25,"enemies":"Gremlin Gang","floor":8,"turns":4},{"damage":2,"enemies":"3 Louse","floor":14,"turns":2},{"damage":28,"enemies":"Slime Boss","floor":16,"turns":10},{"damage":14,"enemies":"Spheric Guardian","floor":18,"turns":4},{"damage":19,"enemies":"3 Byrds","floor":20,"turns":5},{"damage":29,"enemies":"Shelled Parasite and Fungi","floor":21,"turns":8},{"damage":6,"enemies":"Cultist and Chosen","floor":22,"turns":4}],"seed_played":"-8188592927198020313","potions_obtained":[{"floor":1,"key":"FearPotion"},{"floor":3,"key":"BlessingOfTheForge"}],"is_trial":false,"path_per_floor":["M","?","M","M","$","R","E","M","T","R","?","R","?","M","R","B",null,"M","?","M","M","M"],"character_chosen":"DEFECT","items_purchased":[],"campfire_rested":2,"item_purchase_floors":[],"current_hp_per_floor":[66,59,53,48,48,70,34,9,9,46,64,64,64,62,62,34,65,51,51,32,3,0,0],"gold":244,"neow_bonus":"THREE_RARE_CARDS","is_daily":false,"chose_seed":false,"campfire_upgraded":2,"win_rate":0.0,"timestamp":1613984812,"path_taken":["M","?","?","?","?","R","E","M","T","R","?","R","?","?","R","BOSS","M","?","?","?","M"],"items_purchased_type":[],"build_version":"2020-12-22","purchased_purges":0,"victory":false,"max_hp_per_floor":[75,75,75,75,75,75,75,75,75,75,75,75,75,75,75,75,75,75,75,75,75,75,75],"card_choices":[{"not_picked":["All For One","Meteor Strike"],"picked":"Reboot","floor":0},{"not_picked":["Skim","Hello World"],"picked":"Melter","floor":1},{"not_picked":["Static Discharge","Compile Driver"],"picked":"Streamline","floor":3},{"not_picked":["Cold Snap","Redo"],"picked":"Gash","floor":4},{"not_picked":["Force Field","Compile Driver"],"picked":"Coolheaded","floor":7},{"not_picked":["Recycle","Darkness"],"picked":"Beam Cell","floor":8},{"not_picked":["Storm","Coolheaded"],"picked":"Gash","floor":14},{"not_picked":["Core Surge","Buffer"],"picked":"Thunder Strike","floor":16},{"not_picked":["Ball Lightning","Melter"],"picked":"Hologram","floor":18},{"not_picked":["Tempest","Doom and Gloom"],"picked":"Glacier","floor":20},{"not_picked":["Barrage+1","Consume"],"picked":"Stack","floor":21}],"player_experience":472723,"relics_obtained":[{"floor":7,"key":"Boot"},{"floor":9,"key":"Regal Pillow"}],"event_choices":[{"damage_healed":0,"gold_gain":0,"player_choice":"Damaged","damage_taken":7,"max_hp_gain":0,"max_hp_loss":0,"event_name":"Wheel of Change","floor":2,"gold_loss":0},{"damage_healed":18,"gold_gain":0,"player_choice":"Healed","damage_taken":0,"max_hp_gain":0,"max_hp_loss":0,"event_name":"The Cleric","floor":11,"gold_loss":35},{"damage_healed":0,"gold_gain":0,"player_choice":"Bought 0 Potions","damage_taken":0,"max_hp_gain":0,"max_hp_loss":0,"event_name":"The Woman in Blue","floor":13,"gold_loss":0},{"damage_healed":0,"gold_gain":0,"player_choice":"Upgraded","damage_taken":0,"max_hp_gain":0,"max_hp_loss":0,"event_name":"Upgrade Shrine","floor":19,"gold_loss":0,"cards_upgraded":["Hologram"]}],"is_beta":false,"boss_relics":[{"not_picked":["Black Star","FrozenCore"],"picked":"SlaversCollar"}],"items_purged_floors":[],"is_endless":false,"potions_floor_spawned":[1,3,21],"killed_by":"Cultist and Chosen","ascension_level":12}}