{"host":"iudiqz5bwex5meyb","time":1613959489,"event":{"mods":["AchievementEnabler","BaseMod","Block Reminder","Colored Map","Minty Spire (QoL Compilation)","StSLib","ojb\u0027s Better Paths Mod","ojb\u0027s Info Mod"],"gold_per_floor":[119,119,132,150,163,197,122,150,175,175,188,205,215,233,233,330,330,343,355,367,367,58,85,85,85,109,153,180,203,215,241,253,364,376,407,433,459,481,504,516,563,575,614,658,686,698,710,741,753,765,777,789,166,194,194],"floor_reached":56,"language":"ENG","playtime":19963,"items_purged":["Heel Hook","Dodge and Roll"],"score":1899,"play_id":"35f6d2b8-2dea-42db-975a-8e596ef02639","local_time":"20210221200448","is_ascension_mode":true,"campfire_choices":[{"data":"Blade Dance","floor":15,"key":"SMITH"},{"data":"Wraith Form v2","floor":24,"key":"SMITH"},{"data":"Burst","floor":30,"key":"SMITH"},{"data":"Adrenaline","floor":32,"key":"SMITH"},{"data":"A Thousand Cuts","floor":40,"key":"SMITH"},{"data":"Blade Dance","floor":42,"key":"SMITH"},{"floor":49,"key":"RECALL"},{"data":"Accuracy","floor":52,"key":"SMITH"}],"circlet_count":0,"master_deck":["Survivor","Neutralize","Adrenaline+1","Endless Agony","Accuracy+1","After Image","Blade Dance+1","Prepared","Terror","PiercingWail","Burst+1","Blade Dance","Dodge and Roll","Flying Knee","Blade Dance+1","Backflip","Wraith Form v2+1","Outmaneuver","Caltrops","Escape Plan","Corpse Explosion","Slice+1","Cloak And Dagger","A Thousand Cuts+1","Deflect+1","Prepared","Acrobatics","Prepared+1","Concentrate","Cloak And Dagger+1"],"relics":["Pandora\u0027s Box","Happy Flower","Ancient Tea Set","WristBlade","Dead Branch","PreservedInsect","MawBank","Toy Ornithopter","SlaversCollar","Nunchaku","Pen Nib","Bottled Lightning","Mango","Ginger"],"acts_visited":["Exordium","TheCity","TheBeyond","TheEnding"],"potions_floor_usage":[6,8,13,23,31,37,39,50,55,55,55],"damage_taken":[{"damage":0,"enemies":"Cultist","floor":1,"turns":3},{"damage":5,"enemies":"Jaw Worm","floor":3,"turns":2},{"damage":0,"enemies":"2 Louse","floor":4,"turns":2},{"damage":0,"enemies":"2 Fungi Beasts","floor":5,"turns":2},{"damage":0,"enemies":"Gremlin Nob","floor":6,"turns":3},{"damage":6,"enemies":"3 Sentries","floor":8,"turns":6},{"damage":0,"enemies":"Large Slime","floor":11,"turns":1},{"damage":0,"enemies":"Red Slaver","floor":12,"turns":1},{"damage":0,"enemies":"Exordium Wildlife","floor":13,"turns":1},{"damage":0,"enemies":"Blue Slaver","floor":14,"turns":1},{"damage":4,"enemies":"Hexaghost","floor":16,"turns":5},{"damage":0,"enemies":"Chosen","floor":18,"turns":2},{"damage":2,"enemies":"Spheric Guardian","floor":19,"turns":3},{"damage":3,"enemies":"Snake Plant","floor":20,"turns":3},{"damage":8,"enemies":"Book of Stabbing","floor":23,"turns":2},{"damage":0,"enemies":"Slavers","floor":27,"turns":1},{"damage":9,"enemies":"Centurion and Healer","floor":28,"turns":3},{"damage":0,"enemies":"Shelled Parasite and Fungi","floor":29,"turns":1},{"damage":6,"enemies":"Snake Plant","floor":31,"turns":2},{"damage":0,"enemies":"Collector","floor":33,"turns":2},{"damage":0,"enemies":"Orb Walker","floor":35,"turns":1},{"damage":3,"enemies":"3 Shapes","floor":36,"turns":2},{"damage":0,"enemies":"Transient","floor":37,"turns":5},{"damage":5,"enemies":"Sphere and 2 Shapes","floor":38,"turns":5},{"damage":12,"enemies":"Writhing Mass","floor":39,"turns":5},{"damage":0,"enemies":"Nemesis","floor":41,"turns":3},{"damage":13,"enemies":"Giant Head","floor":44,"turns":4},{"damage":0,"enemies":"Maw","floor":45,"turns":4},{"damage":1,"enemies":"4 Shapes","floor":48,"turns":2},{"damage":0,"enemies":"Donu and Deca","floor":50,"turns":6},{"damage":18,"enemies":"Shield and Spear","floor":54,"turns":3},{"damage":66,"enemies":"The Heart","floor":55,"turns":5}],"seed_played":"9108631140530941178","potions_obtained":[{"floor":4,"key":"Block Potion"},{"floor":5,"key":"Block Potion"},{"floor":11,"key":"Explosive Potion"},{"floor":16,"key":"PowerPotion"},{"floor":20,"key":"Explosive Potion"},{"floor":28,"key":"Block Potion"},{"floor":31,"key":"CunningPotion"},{"floor":36,"key":"AttackPotion"},{"floor":37,"key":"Swift Potion"},{"floor":39,"key":"SpeedPotion"},{"floor":45,"key":"Regen Potion"}],"is_trial":false,"path_per_floor":["M","?","M","M","M","E","$","E","T","?","M","M","M","M","R","B",null,"M","M","M","?","$","E","R","$","T","E","M","M","R","M","R","B",null,"M","M","M","M","M","R","E","R","T","E","M","?","?","M","R","B",null,"R","$","E","B",null],"character_chosen":"THE_SILENT","items_purchased":["Dead Branch","BlessingOfTheForge","Mango","Concentrate","Ancient Potion","Strength Potion"],"campfire_rested":0,"item_purchase_floors":[22,53,53,53,53,53],"current_hp_per_floor":[63,56,51,51,51,51,51,45,45,68,68,68,68,68,68,64,69,69,67,64,64,64,56,56,56,56,56,47,47,47,46,46,46,64,64,61,66,61,54,54,54,54,54,41,41,41,80,79,79,80,80,80,94,76,25],"gold":194,"neow_bonus":"BOSS_RELIC","is_daily":false,"chose_seed":false,"campfire_upgraded":7,"win_rate":0.0,"timestamp":1613959488,"path_taken":["M","?","M","M","M","E","$","E","T","?","M","M","M","M","R","BOSS","M","M","M","?","$","E","R","$","T","E","M","M","R","M","R","BOSS","M","M","M","M","M","R","E","R","T","E","M","?","?","?","R","BOSS","R","$","E","BOSS"],"items_purchased_type":["Relic","Potion","Relic","Card","Potion","Potion"],"build_version":"2020-12-22","purchased_purges":2,"victory":true,"max_hp_per_floor":[70,70,70,70,70,70,70,70,70,70,70,70,70,70,70,70,70,70,70,70,70,70,70,70,70,70,70,70,70,70,70,70,70,70,70,70,70,70,70,70,70,70,70,70,70,70,80,80,80,80,80,80,94,94,94],"card_choices":[{"not_picked":["Cloak And Dagger","Tactician"],"picked":"Blade Dance","floor":1},{"not_picked":["Noxious Fumes","Acrobatics"],"picked":"Prepared","floor":3},{"not_picked":["Riddle With Holes","Well Laid Plans"],"picked":"Terror","floor":4},{"not_picked":["Sucker Punch","Backstab"],"picked":"PiercingWail","floor":5},{"not_picked":["Dagger Spray","Cloak And Dagger"],"picked":"Burst","floor":6},{"not_picked":["Poisoned Stab","PiercingWail"],"picked":"Blade Dance","floor":8},{"not_picked":["Calculated Gamble","Tactician"],"picked":"Dodge and Roll","floor":11},{"not_picked":["Acrobatics","Calculated Gamble"],"picked":"Flying Knee","floor":12},{"not_picked":["Slice","Poisoned Stab"],"picked":"Blade Dance","floor":13},{"not_picked":["Poisoned Stab","Bane"],"picked":"Backflip","floor":14},{"not_picked":["Glass Knife","Malaise"],"picked":"Wraith Form v2","floor":16},{"not_picked":["Dagger Spray","Backflip"],"picked":"Outmaneuver","floor":18},{"not_picked":["Underhanded Strike","Slice"],"picked":"Caltrops","floor":19},{"not_picked":["Dodge and Roll","Well Laid Plans"],"picked":"Escape Plan","floor":20},{"not_picked":["Dash","PiercingWail"],"picked":"Corpse Explosion","floor":23},{"not_picked":["Doppelganger","Quick Slash"],"picked":"Slice+1","floor":27},{"not_picked":["Slice","Choke","Predator+1"],"picked":"SKIP","floor":28},{"not_picked":["Quick Slash","Bane"],"picked":"Cloak And Dagger","floor":29},{"not_picked":["Skewer","Underhanded Strike","Night Terror"],"picked":"SKIP","floor":31},{"not_picked":["Grand Finale","Adrenaline"],"picked":"A Thousand Cuts","floor":33},{"not_picked":["Eviscerate+1","Distraction+1","Leg Sweep"],"picked":"SKIP","floor":35},{"not_picked":["Dodge and Roll+1","Quick Slash"],"picked":"Deflect+1","floor":36},{"not_picked":["Deadly Poison+1","Underhanded Strike"],"picked":"Prepared","floor":37},{"not_picked":["Well Laid Plans","Backstab","Outmaneuver"],"picked":"SKIP","floor":38},{"not_picked":["Flechettes+1","Slice+1"],"picked":"Acrobatics","floor":39},{"not_picked":["Envenom","Blade Dance"],"picked":"Prepared+1","floor":41},{"not_picked":["Phantasmal Killer","Acrobatics","Predator"],"picked":"SKIP","floor":44},{"not_picked":["Riddle With Holes+1","Setup+1","Dagger Spray+1"],"picked":"SKIP","floor":45},{"not_picked":["Acrobatics","Blade Dance","Prepared+1"],"picked":"SKIP","floor":48},{"not_picked":["Phantasmal Killer","Deflect+1"],"picked":"Cloak And Dagger+1","floor":54}],"player_experience":341144,"relics_obtained":[{"floor":6,"key":"Happy Flower"},{"floor":8,"key":"Ancient Tea Set"},{"floor":23,"key":"PreservedInsect"},{"floor":26,"key":"MawBank"},{"floor":27,"key":"Toy Ornithopter"},{"floor":41,"key":"Nunchaku"},{"floor":43,"key":"Pen Nib"},{"floor":44,"key":"Bottled Lightning"},{"floor":54,"key":"Ginger"}],"event_choices":[{"cards_removed":["Night Terror"],"damage_healed":0,"gold_gain":0,"player_choice":"Card Removal","damage_taken":7,"max_hp_gain":0,"max_hp_loss":0,"event_name":"Golden Wing","floor":2,"gold_loss":0},{"damage_healed":23,"gold_gain":0,"player_choice":"Banana","damage_taken":0,"max_hp_gain":0,"max_hp_loss":0,"event_name":"Big Fish","floor":10,"gold_loss":0},{"cards_removed":["Poisoned Stab"],"damage_healed":0,"gold_gain":0,"player_choice":"Elegance","damage_taken":0,"max_hp_gain":0,"max_hp_loss":0,"event_name":"Back to Basics","floor":21,"gold_loss":0},{"cards_removed":["Backstab"],"damage_healed":0,"gold_gain":0,"player_choice":"Removed Attack","damage_taken":0,"max_hp_gain":0,"max_hp_loss":0,"event_name":"Falling","floor":46,"gold_loss":0},{"cards_removed":["Die Die Die"],"damage_healed":29,"gold_gain":0,"player_choice":"Offered Rare","damage_taken":0,"max_hp_gain":10,"max_hp_loss":0,"event_name":"Bonfire Elementals","floor":47,"gold_loss":0}],"is_beta":false,"boss_relics":[{"not_picked":["Astrolabe","Calling Bell"],"picked":"WristBlade"},{"not_picked":["Black Star","Sozu"],"picked":"SlaversCollar"}],"items_purged_floors":[7,53],"is_endless":false,"potions_floor_spawned":[4,5,11,16,20,28,31,36,37,39,45,54],"ascension_level":8}}