{"host":"qf1g59bnvg2j3poh","time":1613968887,"event":{"mods":["2.2 Compatiblity","Abigail Mod","AchievementEnabler","Act Like it!","Ascension Reborn","Aspiration","Bard","Bartender","BaseMod","BetterRewards","CapriCore","CatGirl Mod","Conspire","Downfall","Elementarium","Energized Spire","Fireblade Mod","GifTheSpireLib","Halation","Hermit","Hero for Fun","Highlight Path","Ironclad Rager","Jorbs\u0027s Wanderer Trilogy","Lobotomy","Minty Spire (QoL Compilation)","QueenMod","Quick Restart","READ ME - Guardian Mod","Reliquary","Replay The Spire","Robot Space Explorer","Shade Mod","Shop Mod","StSLib","Stuff the Spire","The Alterego","The Blackbeard","The Bladedancer","The Blue Laboratory","The Bug Knight","The Construct","The Cursed","The Death Knight","The Dragon Tamer","The Druid","The Exalted","The Forsaken","The Hierophant","The Jungle","The Mystic","The Necromancer","The Poker Player","The Saiyan","The Servant 0.9.4","TheBandit","TheFirefly","TheSwordswoman","TheVacant","The_Crusader"],"gold_per_floor":[112,126,6,23,23,33,33,44,44,44,44,58,58,78,78,175,175,191,5,25,25,36,36,53,66,66,66,86,101,101,117,117,117,117,117],"floor_reached":33,"language":"ENG","playtime":3688,"items_purged":["blackbeard:BlackbeardStrike"],"score":370,"play_id":"9fbed4d4-f001-4b83-8897-4c120223cf76","local_time":"20210221224127","is_ascension_mode":true,"campfire_choices":[{"floor":7,"key":"REST"},{"floor":10,"key":"RECALL"},{"floor":15,"key":"REST"},{"floor":23,"key":"REST"},{"floor":27,"key":"REST"},{"floor":30,"key":"REST"},{"floor":32,"key":"REST"}],"circlet_count":0,"master_deck":["blackbeard:BlackbeardStrike","blackbeard:BlackbeardStrike","blackbeard:BlackbeardStrike","blackbeard:IntimidatingStrike","blackbeard:BlackbeardDefend","blackbeard:BlackbeardDefend","blackbeard:BlackbeardDefend","blackbeard:BlackbeardDefend","blackbeard:Sword","blackbeard:Sword","conspire:Banana","blackbeard:GoldenDefense","blackbeard:WiseDefense","blackbeard:Shrapnel","blackbeard:FishingNets","blackbeard:CloakAndCannonball","blackbeard:HumongousCannonball","Inflame+1","blackbeard:GoldenCannonball","Flex","Flex","blackbeard:FieryDefense+1","Perfected Strike+1","blackbeard:TacticalRetreat+1"],"relics":["blackbeard:LoadTheCannons","Torii","Singing Bowl","aspiration:IroncladSkillbook","Medical Kit"],"acts_visited":["Exordium","TheCity"],"potions_floor_usage":[24,29,33],"damage_taken":[{"damage":1,"enemies":"Cultist","floor":1,"turns":3},{"damage":6,"enemies":"Jaw Worm","floor":2,"turns":3},{"damage":8,"enemies":"Small Slimes","floor":4,"turns":4},{"damage":2,"enemies":"2 Fungi Beasts","floor":6,"turns":5},{"damage":9,"enemies":"Red Slaver","floor":8,"turns":5},{"damage":11,"enemies":"Exordium Thugs","floor":12,"turns":5},{"damage":1,"enemies":"Looter","floor":14,"turns":4},{"damage":49,"enemies":"Hexaghost","floor":16,"turns":13},{"damage":13,"enemies":"Shell Parasite","floor":18,"turns":7},{"damage":25,"enemies":"Sentry and Sphere","floor":20,"turns":8},{"damage":17,"enemies":"conspire:HollyBat","floor":22,"turns":8},{"damage":5,"enemies":"Snake Plant","floor":24,"turns":4},{"damage":54,"enemies":"Centurion and Healer","floor":25,"turns":7},{"damage":27,"enemies":"Sentry and Sphere","floor":28,"turns":6},{"damage":23,"enemies":"Snecko","floor":29,"turns":4},{"damage":31,"enemies":"Centurion and Healer","floor":31,"turns":5},{"damage":52,"enemies":"Champ","floor":33,"turns":14}],"seed_played":"-7630213748679485899","potions_obtained":[{"floor":1,"key":"LiquidBronze"},{"floor":6,"key":"Weak Potion"},{"floor":28,"key":"blueLaboratory:FruitPunch"}],"is_trial":false,"path_per_floor":["M","M","$","M","?","M","R","M","T","R","?","M","?","M","R","B",null,"M","$","M","?","M","R","M","M","T","R","M","M","R","M","R","B"],"character_chosen":"BLACKBEARD_CLASS","items_purchased":["Torii","blackbeard:Sword","conspire:Banana","blackbeard:Shrapnel","blackbeard:GoldenCannonball","Medical Kit"],"campfire_rested":6,"item_purchase_floors":[0,0,0,3,19,19],"current_hp_per_floor":[74,69,69,62,62,61,78,70,70,70,70,62,62,64,85,37,86,78,78,58,58,46,72,72,23,23,50,28,14,43,17,46,0,0,0],"gold":117,"neow_bonus":"","is_daily":false,"chose_seed":false,"campfire_upgraded":0,"win_rate":0.0,"timestamp":1613968887,"path_taken":["M","M","$","M","?","M","R","M","T","R","?","M","?","M","R","BOSS","M","$","M","?","M","R","M","M","T","R","M","M","R","?","R","BOSS"],"items_purchased_type":["Relic","Card","Card","Card","Card","Relic"],"build_version":"2020-12-22","purchased_purges":1,"victory":false,"max_hp_per_floor":[75,76,76,77,77,78,78,79,79,79,79,82,82,85,85,86,86,87,87,88,88,89,89,90,91,91,91,92,97,97,98,98,99,99,99],"card_choices":[{"not_picked":["blackbeard:DangerousBlow","blackbeard:SwordDance"],"picked":"blackbeard:GoldenDefense","floor":1},{"not_picked":["blackbeard:Eyepatch","blackbeard:CannonBarrage"],"picked":"blackbeard:WiseDefense","floor":2},{"not_picked":["blackbeard:Provisioning","blackbeard:Eyepatch","blackbeard:WeaponProficiency"],"picked":"SKIP","floor":4},{"not_picked":["blackbeard:ArmorUp","blackbeard:CannonballSupply"],"picked":"blackbeard:FishingNets","floor":6},{"not_picked":["blackbeard:Sharpening","blackbeard:BeatUp"],"picked":"blackbeard:CloakAndCannonball","floor":8},{"not_picked":["blackbeard:Fencing","blackbeard:Shrapnel","blackbeard:Boarding"],"picked":"Singing Bowl","floor":12},{"not_picked":["blackbeard:GoldenGuillotine","blackbeard:ArmorUp","blackbeard:WeaponProficiency"],"picked":"Singing Bowl","floor":14},{"not_picked":["blackbeard:TheDrunkenSailor","blackbeard:Parrot"],"picked":"blackbeard:HumongousCannonball","floor":16},{"not_picked":["StuffTheSpire:Incineration","ReplayTheSpireMod:Strike From Hell","blackbeard:AgileStrike"],"picked":"Inflame+1","floor":18},{"not_picked":["Armaments","StuffTheSpire:Resist+1","Clash","blackbeard:GoldenDefense"],"picked":"SKIP","floor":20},{"not_picked":["blackbeard:CannonBarrage","Replay:Undeath\u0027s Touch+1","StuffTheSpire:RockThrow"],"picked":"Flex","floor":22},{"not_picked":["StuffTheSpire:Slingshot","Reckless Charge","blackbeard:CatONineTails"],"picked":"Flex","floor":24},{"not_picked":["ReplayReversal+1","Twin Strike","Demonic Infusion"],"picked":"blackbeard:FieryDefense+1","floor":25},{"not_picked":["blackbeard:Eyepatch","blackbeard:Spear","Abandon"],"picked":"Perfected Strike+1","floor":28},{"not_picked":["ReplayTheSpireMod:Corrosion Curse","blackbeard:PiratesWill+1","blackbeard:BrownPants","conspire:ExplosiveBarrier"],"picked":"Singing Bowl","floor":29},{"not_picked":["blackbeard:Shrapnel","blackbeard:FishingNets","ReplayReversal"],"picked":"blackbeard:TacticalRetreat+1","floor":31}],"player_experience":1985407,"relics_obtained":[{"floor":9,"key":"Singing Bowl"}],"event_choices":[{"damage_healed":0,"gold_gain":0,"player_choice":"Ignored","damage_taken":0,"max_hp_gain":0,"max_hp_loss":0,"event_name":"blackbeard:Ssssserpent","floor":5,"gold_loss":0},{"cards_removed":["blackbeard:Cutlass"],"damage_healed":0,"gold_gain":0,"player_choice":"Offered Basic","damage_taken":0,"max_hp_gain":0,"max_hp_loss":0,"event_name":"Bonfire Elementals","floor":21,"gold_loss":0}],"is_beta":false,"boss_relics":[{"not_picked":["reliquary:RedCape","Honey Jar"],"picked":"aspiration:IroncladSkillbook"}],"items_purged_floors":[3],"is_endless":false,"potions_floor_spawned":[1,6,12,14,18,24,25,28],"killed_by":"Champ","ascension_level":0}}