{"host":"a2lvm7nbw6nkrc91","time":1613961509,"event":{"mods":["BaseMod","Friendly Minions","Hermit","Lobotomy","Minty Spire (QoL Compilation)","Replay The Spire","StSLib"],"gold_per_floor":[117,136,136,151,151,176,176,228,251,261,289,289,309,319,319,319,319],"floor_reached":16,"language":"KOR","playtime":653,"items_purged":[],"score":110,"play_id":"345ccc06-25f3-414a-8d1f-057c1ffae31f","local_time":"20210222113829","is_ascension_mode":false,"campfire_choices":[{"floor":7,"key":"REST"},{"data":"hermit:Maintenance","floor":12,"key":"SMITH"},{"floor":15,"key":"REST"}],"circlet_count":0,"master_deck":["hermit:Strike_Hermit","hermit:Strike_Hermit","hermit:Strike_Hermit+1","hermit:Strike_Hermit","hermit:Defend_Hermit","hermit:Defend_Hermit","hermit:Defend_Hermit","hermit:Snapshot+1","hermit:Covet","Funeral","hermit:Maintenance+1","hermit:Vantage","Woodsman","hermit:Enervate","hermit:Snipe","hermit:TakeAim","hermit:CalledShot"],"relics":["hermit:Momento","CogitoBucket","Gremlin Food","Question Card","Blue Doll","Tiny Chest","Odd Mushroom","Theresia"],"acts_visited":["Exordium"],"potions_floor_usage":[11,14,16],"damage_taken":[{"damage":2,"enemies":"Small Slimes","floor":1,"turns":3},{"damage":0,"enemies":"2 Louse","floor":2,"turns":4},{"damage":0,"enemies":"Cultist","floor":4,"turns":3},{"damage":60,"enemies":"Gremlin Nob","floor":6,"turns":6},{"damage":7,"enemies":"Blue Slaver","floor":10,"turns":2},{"damage":13,"enemies":"Replay:BlueRogue","floor":11,"turns":7},{"damage":22,"enemies":"The Mushroom Lair","floor":13,"turns":6},{"damage":37,"enemies":"Exordium Thugs","floor":14,"turns":11},{"damage":30,"enemies":"Hexaghost","floor":16,"turns":9}],"seed_played":"5119592994460163617","potions_obtained":[{"floor":4,"key":"EssenceOfSteel"},{"floor":6,"key":"Energy Potion"},{"floor":8,"key":"DuplicationPotion"},{"floor":14,"key":"SpeedPotion"}],"is_trial":false,"path_per_floor":["M","M","?","M","?","E","R","?","T","M","E","R","?","M","R","B"],"character_chosen":"HERMIT","items_purchased":[],"campfire_rested":2,"item_purchase_floors":[],"current_hp_per_floor":[73,74,79,80,80,22,46,46,46,45,40,40,37,2,26,0,0],"gold":319,"neow_bonus":"","is_daily":false,"chose_seed":false,"campfire_upgraded":1,"win_rate":0.0,"timestamp":1613961509,"path_taken":["M","M","?","M","?","E","R","?","T","M","E","R","?","M","R","BOSS"],"items_purchased_type":[],"build_version":"2020-12-22","purchased_purges":0,"victory":false,"max_hp_per_floor":[75,75,80,80,80,80,80,80,80,80,80,80,80,80,80,80,80],"card_choices":[{"not_picked":["PunishingBird","LittlePrince","OSAHOGD"],"picked":"Singing Bowl","floor":1},{"not_picked":["MeatLantern","LittlePrince"],"picked":"Funeral","floor":1},{"not_picked":["hermit:GhostlyPresence","hermit:TrackingShot"],"picked":"hermit:Maintenance","floor":1},{"not_picked":["GreedKing","Bloodbath"],"picked":"BigBadWolf","floor":2},{"not_picked":["hermit:ItchyTrigger","hermit:GhostlyPresence"],"picked":"hermit:Vantage","floor":2},{"not_picked":["hermit:Misfire","hermit:Feint"],"picked":"hermit:BlackWind","floor":4},{"not_picked":["VoidDream","OldLady"],"picked":"Woodsman","floor":6},{"not_picked":["hermit:LowProfile","hermit:FlashPowder","hermit:HoleUp"],"picked":"SKIP","floor":6},{"not_picked":["hermit:PistolWhip","hermit:ItchyTrigger"],"picked":"hermit:Enervate","floor":8},{"not_picked":["hermit:Scavenge","hermit:Feint","hermit:SprayPray"],"picked":"hermit:Snipe","floor":10},{"not_picked":["hermit:Snipe","hermit:WideOpen","hermit:TakeCover"],"picked":"hermit:TakeAim","floor":11},{"not_picked":["hermit:NoHoldsBarred","hermit:Feint","hermit:Malice"],"picked":"hermit:EyeOfTheStorm","floor":13},{"not_picked":["BigBird","Bloodbath","Scorched"],"picked":"Singing Bowl","floor":14},{"not_picked":["hermit:HighCaliber","hermit:Coalescence","hermit:NoHoldsBarred"],"picked":"hermit:CalledShot","floor":14}],"player_experience":512708,"relics_obtained":[{"floor":6,"key":"Gremlin Food"},{"floor":8,"key":"Question Card"},{"floor":9,"key":"Blue Doll"},{"floor":11,"key":"Tiny Chest"},{"floor":13,"key":"Odd Mushroom"}],"event_choices":[{"damage_healed":0,"gold_gain":0,"player_choice":"Donut","damage_taken":0,"max_hp_gain":5,"max_hp_loss":0,"event_name":"Big Fish","floor":3,"gold_loss":0},{"damage_healed":0,"gold_gain":0,"player_choice":"Fought Mushrooms","damage_taken":0,"max_hp_gain":0,"max_hp_loss":0,"event_name":"Mushrooms","floor":13,"gold_loss":0}],"is_beta":false,"boss_relics":[],"items_purged_floors":[],"is_endless":false,"potions_floor_spawned":[4,6,10,14],"killed_by":"Hexaghost","ascension_level":0}}