{"host":"0hpcwmnjk6ebq46s","time":1613985808,"event":{"mods":["Act Like it!","AlwaysNeverKeys","Ascension Reborn","Aspiration","Astrologer","Bard","BaseMod","Better Note","Better Third Choice","Colored Map","Colored Powertips","Conspire","Downfall","Energized Spire","GifTheSpireLib","Googly Eyes","Halation","Hallownest","Hubris","Infinite Spire","Minty Spire (QoL Compilation)","Permanent Neow","Relic Stats","Reliquary","Replay The Spire","Spire Arcade","StSLib","Stuff the Spire","The Blue Laboratory","The Bug Knight","The Construct","The Cursed","The Disciple","The Hierophant","The Runesmith","The Wild Card","TheFirefly","Transform Curses","UnlockEverythingMod"],"gold_per_floor":[113,125,143,21,21,21,39,39,107,140,140,140,140,183,183,307,307,328,403,418,56,80,80,98,114,114,114,130,165,196,196,196,196,196],"floor_reached":33,"language":"ENG","playtime":3636,"items_purged":["Strike_P"],"score":315,"play_id":"176d4326-cdd8-4b05-bc4d-03b3f1e91bfe","local_time":"20210222032328","is_ascension_mode":true,"campfire_choices":[{"data":"Eruption","floor":6,"key":"SMITH"},{"data":"Vigilance","floor":8,"key":"SMITH"},{"data":"Night Terror","floor":12,"key":"SMITH"},{"data":"Perseverance","floor":15,"key":"SMITH"},{"data":"Phantasmal Killer","floor":23,"key":"SMITH"},{"data":"StuffTheSpire:Harmony","floor":32,"key":"SMITH"}],"circlet_count":0,"master_deck":["Strike_P","Strike_P","Strike_P","Defend_P","Defend_P","Defend_P","Defend_P","Eruption+1","Vigilance+1","Vengeance","Replay:Anticipation","JustLucky","Flying Knee","Weave","FollowUp","Night Terror+1","Perseverance+1","Phantasmal Killer+1","CutThroughFate","Crescendo","Replay:ManipulateFuture","Master of Strategy","Deep Breath","FlyingSleeves+1","Replay:Battleflow","FollowUp+1","StuffTheSpire:Harmony+1"],"relics":["m_SnakeBloodCore","aspiration:Nostalgia","Replay:M_StaffOfTheSnake","infinitespire:Cubic Diamond","Garlic","reliquary:PartyBalloon","infinitespire:FocusingShard","Golden Idol","reliquary:SilkGlove","Runic Pyramid","conspire:BottledYoYo","Potion Belt","Red Mask"],"acts_visited":["Exordium","TheCity"],"potions_floor_usage":[10,30,30,33],"damage_taken":[{"damage":1,"enemies":"Jaw Worm","floor":1,"turns":4},{"damage":12,"enemies":"Cultist","floor":2,"turns":3},{"damage":2,"enemies":"Small Slimes","floor":3,"turns":5},{"damage":6,"enemies":"2 Fungi Beasts","floor":7,"turns":3},{"damage":20,"enemies":"3 Sentries","floor":10,"turns":6},{"damage":0,"enemies":"Gremlin Nob","floor":14,"turns":2},{"damage":36,"enemies":"Hexaghost","floor":16,"turns":12},{"damage":4,"enemies":"Shell Parasite","floor":18,"turns":4},{"damage":0,"enemies":"Spheric Guardian","floor":20,"turns":3},{"damage":0,"enemies":"conspire:HollyBat","floor":22,"turns":9},{"damage":6,"enemies":"Shelled Parasite and Fungi","floor":24,"turns":3},{"damage":22,"enemies":"3 Cultists","floor":25,"turns":6},{"damage":0,"enemies":"Snecko","floor":28,"turns":2},{"damage":1,"enemies":"Book of Stabbing","floor":29,"turns":2},{"damage":0,"enemies":"Masked Bandits","floor":30,"turns":2},{"damage":25,"enemies":"hubris:MusketHawk","floor":33,"turns":6}],"seed_played":"2303077397621890252","potions_obtained":[{"floor":3,"key":"Fire Potion"},{"floor":16,"key":"BlessingOfTheForge"},{"floor":18,"key":"Fire Potion"},{"floor":20,"key":"blueLaboratory:BottledHope"},{"floor":24,"key":"DuplicationPotion"},{"floor":29,"key":"BottledMiracle"}],"is_trial":false,"path_per_floor":["M","M","M","$","?","R","M","R","T","E","T","R","?","E","R","B",null,"M","?","M","$","M","R","M","M","T","?","M","E","?","?","R","B"],"character_chosen":"WATCHER","items_purchased":["Flying Knee","Weave","Replay:ManipulateFuture","Master of Strategy","Deep Breath"],"campfire_rested":0,"item_purchase_floors":[4,4,21,21,21],"current_hp_per_floor":[71,59,57,57,57,57,54,54,54,37,37,37,37,40,40,7,67,66,60,63,63,66,66,63,44,44,44,47,49,52,37,37,22,22],"gold":196,"neow_bonus":"NOSTALGIA","is_daily":false,"chose_seed":false,"campfire_upgraded":6,"win_rate":0.0,"timestamp":1613985808,"path_taken":["M","M","M","$","?","R","M","R","T","E","?","R","?","E","R","BOSS","M","?","M","$","M","R","M","M","T","?","M","E","?","?","R","BOSS"],"items_purchased_type":["Card","Card","Card","Card","Card"],"build_version":"2020-12-22","purchased_purges":1,"victory":false,"max_hp_per_floor":[72,72,72,72,72,72,72,72,72,72,72,72,67,67,67,67,67,67,67,67,67,67,67,67,67,67,67,67,67,67,67,67,67,67],"relic_stats":{"counters":[16,72],"Golden Idol":69,"obtain_stats":[{"Potion Belt":29,"Replay:M_StaffOfTheSnake":0,"reliquary:SilkGlove":14,"aspiration:Nostalgia":0,"reliquary:PartyBalloon":10,"Golden Idol":13,"infinitespire:Cubic Diamond":5,"infinitespire:FocusingShard":11,"m_SnakeBloodCore":5,"Garlic":9,"conspire:BottledYoYo":26,"Red Mask":30,"PureWater":0,"Runic Pyramid":17},{"Potion Belt":14,"Replay:M_StaffOfTheSnake":0,"reliquary:SilkGlove":6,"aspiration:Nostalgia":0,"reliquary:PartyBalloon":5,"Golden Idol":5,"infinitespire:Cubic Diamond":3,"infinitespire:FocusingShard":5,"m_SnakeBloodCore":3,"Garlic":4,"conspire:BottledYoYo":12,"Red Mask":15,"PureWater":0,"Runic Pyramid":7},{"Potion Belt":64,"Replay:M_StaffOfTheSnake":0,"reliquary:SilkGlove":23,"aspiration:Nostalgia":0,"reliquary:PartyBalloon":21,"Golden Idol":21,"infinitespire:Cubic Diamond":12,"infinitespire:FocusingShard":21,"m_SnakeBloodCore":12,"Garlic":15,"conspire:BottledYoYo":60,"Red Mask":66,"PureWater":0,"Runic Pyramid":35}]},"card_choices":[{"not_picked":["ClearTheMind","Replay:Vibes"],"picked":"Vengeance","floor":1},{"not_picked":["JustLucky","Outmaneuver"],"picked":"Replay:Anticipation","floor":2},{"not_picked":["PathToVictory","SignatureMove"],"picked":"JustLucky","floor":3},{"not_picked":["Grand Finale","FlurryOfBlows"],"picked":"FollowUp","floor":7},{"not_picked":["Protect","Predator"],"picked":"Night Terror","floor":10},{"not_picked":["Protect","Replay:AtTheReady"],"picked":"Perseverance","floor":14},{"not_picked":["Grand Finale","MasterReality"],"picked":"Phantasmal Killer","floor":16},{"not_picked":["Fasting2+1","Vengeance"],"picked":"CutThroughFate","floor":18},{"not_picked":["Meditate+1","EmptyFist"],"picked":"Crescendo","floor":20},{"not_picked":["BattleHymn+1","Evaluate","CutThroughFate"],"picked":"SKIP","floor":22},{"not_picked":["Replay:DivineShield","Replay:ManipulateFuture","EmptyFist+1"],"picked":"SKIP","floor":24},{"not_picked":["LikeWater+1","CarveReality","EmptyMind"],"picked":"SKIP","floor":25},{"not_picked":["Replay:BluntJabs","TalkToTheHand+1"],"picked":"FlyingSleeves+1","floor":28},{"not_picked":["InnerPeace","ClearTheMind"],"picked":"Replay:Battleflow","floor":29},{"not_picked":["BowlingBash","Wish"],"picked":"FollowUp+1","floor":30}],"player_experience":87853,"relics_obtained":[{"floor":9,"key":"Garlic"},{"floor":10,"key":"reliquary:PartyBalloon"},{"floor":11,"key":"infinitespire:FocusingShard"},{"floor":14,"key":"reliquary:SilkGlove"},{"floor":26,"key":"conspire:BottledYoYo"},{"floor":29,"key":"Potion Belt"},{"floor":30,"key":"Red Mask"}],"event_choices":[{"damage_healed":0,"gold_gain":0,"player_choice":"Lose Max HP","damage_taken":0,"relics_obtained":["Golden Idol"],"max_hp_gain":0,"max_hp_loss":5,"event_name":"Golden Idol","floor":13,"gold_loss":0},{"damage_healed":0,"gold_gain":75,"player_choice":"Touch","damage_taken":6,"max_hp_gain":0,"max_hp_loss":0,"event_name":"FaceTrader","floor":19,"gold_loss":0},{"cards_removed":["Night Terror"],"damage_healed":0,"gold_gain":0,"player_choice":"Give","damage_taken":0,"max_hp_gain":0,"max_hp_loss":0,"event_name":"betterNote:BetterNote","floor":27,"gold_loss":0,"cards_obtained":["None"]},{"damage_healed":0,"gold_gain":0,"player_choice":"Fought Bandits","damage_taken":0,"max_hp_gain":0,"max_hp_loss":0,"event_name":"Masked Bandits","floor":30,"gold_loss":0}],"is_beta":false,"boss_relics":[{"not_picked":["energizedSpire:CrystalSphere","Tiny House"],"picked":"Runic Pyramid"}],"items_purged_floors":[21],"is_endless":false,"potions_floor_spawned":[3,16,18,20,24,29],"killed_by":"hubris:MusketHawk","ascension_level":1}}