{"host":"mz5qq3pkwvwcu15a","time":1613952311,"event":{"mods":["Act Like it!","BaseMod","Minty Spire (QoL Compilation)","Quick Restart","Rare Cards Sparkle"],"gold_per_floor":[114,114,131,131,149,149,174,55,103,51,62,62,82,99,99,99,99],"floor_reached":16,"language":"ENG","playtime":458,"items_purged":[],"score":102,"play_id":"7f755a56-46e2-4cb5-b127-38a57f2eda5a","local_time":"20210221190511","is_ascension_mode":false,"campfire_choices":[{"data":"Armaments","floor":6,"key":"SMITH"},{"data":"Armaments","floor":12,"key":"SMITH"},{"data":"Flex","floor":15,"key":"SMITH"}],"circlet_count":0,"master_deck":["Strike_R","Strike_R","Strike_R","Strike_R","Strike_R","Defend_R","Defend_R","Defend_R","Bash","Twin Strike","Headbutt","Sword Boomerang+1","Armaments+1","Flex+1","Armaments+1","Battle Trance","Shrug It Off","Whirlwind","Heavy Blade"],"relics":["Burning Blood","NeowsBlessing","Anchor","Oddly Smooth Stone"],"acts_visited":["Exordium"],"potions_floor_usage":[14,16],"damage_taken":[{"damage":0,"enemies":"Small Slimes","floor":1,"turns":1},{"damage":0,"enemies":"Cultist","floor":3,"turns":1},{"damage":0,"enemies":"2 Louse","floor":5,"turns":1},{"damage":39,"enemies":"3 Sentries","floor":7,"turns":8},{"damage":4,"enemies":"Gremlin Gang","floor":11,"turns":4},{"damage":5,"enemies":"Red Slaver","floor":13,"turns":3},{"damage":0,"enemies":"Exordium Thugs","floor":14,"turns":2},{"damage":62,"enemies":"Hexaghost","floor":16,"turns":11}],"seed_played":"-3485579185297178390","potions_obtained":[{"floor":1,"key":"BloodPotion"},{"floor":5,"key":"EssenceOfSteel"},{"floor":11,"key":"Energy Potion"}],"is_trial":false,"path_per_floor":["M","?","M","?","M","R","E","$","T","$","M","R","M","M","R","B"],"character_chosen":"IRONCLAD","items_purchased":["Armaments","Battle Trance","Shrug It Off"],"campfire_rested":0,"item_purchase_floors":[8,8,10],"current_hp_per_floor":[80,80,80,80,80,80,47,47,47,47,49,49,50,56,56,0,0],"gold":99,"neow_bonus":"THREE_ENEMY_KILL","is_daily":false,"chose_seed":false,"campfire_upgraded":3,"win_rate":0.0,"timestamp":1613952311,"path_taken":["M","?","?","?","?","R","E","$","T","$","M","R","M","M","R","BOSS"],"items_purchased_type":["Card","Card","Card"],"build_version":"2020-12-22","purchased_purges":0,"victory":false,"max_hp_per_floor":[80,80,80,80,80,80,80,80,80,80,80,80,80,80,80,80,80],"card_choices":[{"not_picked":["Reckless Charge","Pommel Strike"],"picked":"Twin Strike","floor":1},{"not_picked":["Warcry","Infernal Blade"],"picked":"Sword Boomerang","floor":3},{"not_picked":["Clothesline","Cleave"],"picked":"Armaments","floor":5},{"not_picked":["Pummel","Shrug It Off"],"picked":"Flex","floor":7},{"not_picked":["Disarm","Twin Strike"],"picked":"Whirlwind","floor":11},{"not_picked":["Cleave","Seeing Red","Warcry"],"picked":"SKIP","floor":13},{"not_picked":["Flame Barrier","Pommel Strike"],"picked":"Heavy Blade","floor":14}],"player_experience":833849,"relics_obtained":[{"floor":7,"key":"Anchor"},{"floor":9,"key":"Oddly Smooth Stone"}],"event_choices":[{"cards_removed":["Defend_R"],"damage_healed":0,"gold_gain":0,"player_choice":"Took Card","damage_taken":0,"max_hp_gain":0,"max_hp_loss":0,"event_name":"NoteForYourself","floor":2,"gold_loss":0,"cards_obtained":["Headbutt"]},{"damage_healed":0,"gold_gain":0,"player_choice":"Forge","damage_taken":0,"max_hp_gain":0,"max_hp_loss":0,"event_name":"Accursed Blacksmith","floor":4,"gold_loss":0,"cards_upgraded":["Sword Boomerang"]}],"is_beta":false,"boss_relics":[],"items_purged_floors":[],"is_endless":false,"potions_floor_spawned":[1,5,11,13],"killed_by":"Hexaghost","ascension_level":0}}