{"host":"d3b2x3wue20uj2ir","time":1613973245,"event":{"mods":["AchievementEnabler","BaseMod","Better Third Choice","BetterRewards","Exacting","FTL Soundtrack","Minty Spire (QoL Compilation)","Shop Mod","StSLib"],"gold_per_floor":[116,116,126,141,170,205,173,185,221,244,283,295,317,358,370,484,496,522,534,546,584,596,608,16,44,44,44,44,70,70,70,70,166,166,183,233,4,104,124,124,124],"floor_reached":40,"language":"ENG","playtime":2493,"items_purged":[],"score":687,"play_id":"ed322dba-7fa3-4266-b0e5-45657922b6f4","local_time":"20210222155405","is_ascension_mode":true,"campfire_choices":[{"floor":8,"key":"REST"},{"floor":12,"key":"RECALL"},{"data":"Static Discharge","floor":15,"key":"SMITH"},{"data":"Buffer","floor":23,"key":"SMITH"},{"data":"Storm","floor":28,"key":"SMITH"},{"floor":32,"key":"REST"}],"circlet_count":0,"master_deck":["Strike_B","Strike_B","Strike_B","Strike_B","Defend_B+1","Defend_B","Defend_B","Defend_B","Zap","Dualcast","Loop","Coolheaded+1","Chill","Defragment","Redo","Core Surge","Loop","Turbo","Storm+1","Stack","Static Discharge+1","Leap","Buffer+1","Consume+1","Cold Snap","Storm","Stack","Beam Cell+1","Electrodynamics","Ball Lightning+1","Gash+1","Conserve Battery","Aggregate","Heatsinks","Tempest+1"],"relics":["Cracked Core","Eternal Feather","Orichalcum","betterThird:SlimedRelic","Philosopher\u0027s Stone","Red Mask","MutagenicStrength","Blood Vial","MerchantsRug","Pantograph","Lantern","Kunai","Nuclear Battery","WingedGreaves","Membership Card"],"acts_visited":["Exordium","TheCity","TheBeyond"],"potions_floor_usage":[4,5,16,25,25,25,35],"damage_taken":[{"damage":9,"enemies":"Jaw Worm","floor":1,"turns":4},{"damage":0,"enemies":"Small Slimes","floor":3,"turns":2},{"damage":1,"enemies":"2 Louse","floor":4,"turns":3},{"damage":6,"enemies":"Large Slime","floor":5,"turns":6},{"damage":27,"enemies":"Lagavulin","floor":6,"turns":13},{"damage":0,"enemies":"Exordium Wildlife","floor":10,"turns":3},{"damage":2,"enemies":"Lots of Slimes","floor":11,"turns":5},{"damage":11,"enemies":"3 Louse","floor":13,"turns":3},{"damage":0,"enemies":"2 Fungi Beasts","floor":14,"turns":3},{"damage":36,"enemies":"Slime Boss","floor":16,"turns":6},{"damage":6,"enemies":"Spheric Guardian","floor":18,"turns":4},{"damage":34,"enemies":"Masked Bandits","floor":21,"turns":5},{"damage":20,"enemies":"3 Byrds","floor":25,"turns":3},{"damage":11,"enemies":"Gremlin Leader","floor":29,"turns":5},{"damage":74,"enemies":"Collector","floor":33,"turns":15},{"damage":7,"enemies":"3 Darklings","floor":35,"turns":5},{"damage":0,"enemies":"Mind Bloom Boss Battle","floor":36,"turns":7},{"damage":0,"enemies":"Orb Walker","floor":39,"turns":4},{"damage":107,"enemies":"Giant Head","floor":40,"turns":9}],"seed_played":"-390053636045040178","potions_obtained":[{"floor":4,"key":"Fruit Juice"},{"floor":5,"key":"Fruit Juice"},{"floor":6,"key":"EssenceOfDarkness"},{"floor":24,"key":"DistilledChaos"},{"floor":24,"key":"FocusPotion"},{"floor":24,"key":"Weak Potion"},{"floor":25,"key":"Fruit Juice"},{"floor":33,"key":"DistilledChaos"},{"floor":39,"key":"Dexterity Potion"}],"is_trial":false,"path_per_floor":["M","?","M","M","M","E","?","R","T","M","M","R","M","M","R","B",null,"M","?","$","?","?","R","$","M","T","$","R","E","T","?","R","B",null,"M","?","$","?","M","E"],"character_chosen":"DEFECT","items_purchased":["Eternal Feather","Loop","Coolheaded","Blood Vial","War Paint","Cauldron","MerchantsRug","Storm","Membership Card","Conserve Battery","Aggregate","Heatsinks"],"campfire_rested":2,"item_purchase_floors":[0,0,0,24,24,24,24,24,37,37,37,37],"current_hp_per_floor":[53,53,53,57,56,29,18,52,52,52,50,59,48,48,60,24,85,79,79,79,45,45,60,60,47,47,47,62,53,53,35,78,21,95,88,95,95,95,95,0,0],"gold":124,"neow_bonus":"","is_daily":false,"chose_seed":false,"campfire_upgraded":3,"win_rate":0.0,"timestamp":1613973245,"path_taken":["M","?","M","M","M","E","?","R","T","M","M","R","M","M","R","BOSS","M","?","$","?","?","R","$","?","T","?","R","E","?","?","R","BOSS","M","?","$","?","?","E"],"items_purchased_type":["Relic","Card","Card","Relic","Relic","Relic","Relic","Card","Relic","Card","Card","Card"],"build_version":"2020-12-22","purchased_purges":0,"victory":false,"max_hp_per_floor":[75,75,75,80,85,85,85,85,85,85,85,85,85,85,85,85,85,85,85,85,85,85,85,85,90,90,90,90,90,90,95,95,95,95,95,95,95,95,95,95,95],"card_choices":[{"not_picked":["Hologram","Leap"],"picked":"Chill","floor":1},{"not_picked":["Turbo","Cold Snap"],"picked":"Defragment","floor":3},{"not_picked":["Beam Cell","Steam"],"picked":"Redo","floor":4},{"not_picked":["Hologram","Coolheaded"],"picked":"Core Surge","floor":5},{"not_picked":["Compile Driver","Barrage"],"picked":"Loop","floor":6},{"not_picked":["Stack","Streamline"],"picked":"Turbo","floor":10},{"not_picked":["Fusion","Gash"],"picked":"Storm","floor":11},{"not_picked":["Hologram","Consume"],"picked":"Stack","floor":13},{"not_picked":["Gash","Redo"],"picked":"Static Discharge","floor":13},{"not_picked":["Go for the Eyes","Chaos"],"picked":"Leap","floor":14},{"not_picked":["Hyperbeam","Rainbow"],"picked":"Buffer","floor":16},{"not_picked":["Barrage","Steam"],"picked":"Consume+1","floor":18},{"not_picked":["Compile Driver","Blizzard+1"],"picked":"Cold Snap","floor":21},{"not_picked":["Lockon","Barrage"],"picked":"Stack","floor":25},{"not_picked":["Undo","Fission"],"picked":"Beam Cell+1","floor":29},{"not_picked":["Buffer","Reboot"],"picked":"Electrodynamics","floor":33},{"not_picked":["Hologram","Gash+1"],"picked":"Ball Lightning+1","floor":35},{"not_picked":["Glacier+1","Rip and Tear+1"],"picked":"Gash+1","floor":36},{"not_picked":["Genetic Algorithm","Coolheaded"],"picked":"Tempest+1","floor":39}],"player_experience":721257,"relics_obtained":[{"floor":6,"key":"MawBank"},{"floor":21,"key":"Red Mask"},{"floor":26,"key":"Pantograph"},{"floor":29,"key":"Lantern"},{"floor":30,"key":"Kunai"},{"floor":36,"key":"WingedGreaves"}],"event_choices":[{"damage_healed":0,"gold_gain":0,"player_choice":"Ignored","damage_taken":0,"max_hp_gain":0,"max_hp_loss":0,"event_name":"Golden Wing","floor":2,"gold_loss":0},{"damage_healed":0,"gold_gain":0,"player_choice":"Slimed","damage_taken":11,"max_hp_gain":0,"max_hp_loss":0,"event_name":"betterThird:BetterGoop","floor":7,"gold_loss":44},{"damage_healed":0,"gold_gain":0,"player_choice":"Ignored","damage_taken":0,"max_hp_gain":0,"max_hp_loss":0,"event_name":"Beggar","floor":19,"gold_loss":0},{"damage_healed":0,"gold_gain":0,"player_choice":"Fought Bandits","damage_taken":0,"max_hp_gain":0,"max_hp_loss":0,"event_name":"Masked Bandits","floor":21,"gold_loss":0},{"damage_healed":0,"gold_gain":0,"player_choice":"Inject Mutagens","damage_taken":0,"relics_obtained":["MutagenicStrength"],"max_hp_gain":0,"max_hp_loss":0,"event_name":"Drug Dealer","floor":22,"gold_loss":0},{"damage_healed":0,"gold_gain":0,"player_choice":"Shed Blood","damage_taken":23,"max_hp_gain":5,"max_hp_loss":0,"event_name":"Forgotten Altar","floor":31,"gold_loss":0},{"damage_healed":0,"gold_gain":0,"player_choice":"Fight","damage_taken":0,"max_hp_gain":0,"max_hp_loss":0,"event_name":"MindBloom","floor":36,"gold_loss":0},{"damage_healed":0,"gold_gain":100,"player_choice":"Pray","damage_taken":0,"max_hp_gain":0,"max_hp_loss":0,"event_name":"Golden Shrine","floor":38,"gold_loss":0}],"is_beta":false,"boss_relics":[{"not_picked":["Ectoplasm","Runic Dome"],"picked":"Philosopher\u0027s Stone"},{"not_picked":["Coffee Dripper","Pandora\u0027s Box"],"picked":"Nuclear Battery"}],"items_purged_floors":[],"is_endless":false,"potions_floor_spawned":[4,5,6,25,33,39],"killed_by":"Giant Head","ascension_level":3}}