{"host":"21o28mgl9u9ntir2","time":1613973671,"event":{"mods":["BaseMod","BetterRewards","Colored Powertips","Minty Spire (QoL Compilation)","Quick Restart","Remove Card Discount Mod","SOS（斯巴达之子）","Spicy Shops","StSLib","SuperFastMode","[IsaacMod]以撒尖塔","【遗物卡牌】REMEMod","残留之物"],"gold_per_floor":[112,130,130,148,162,162,193,368,368,368,368,20,39,53,53,158,158,181,193,218,76,91,122,122,136,136,170,170,202,202,230,230,330,330,347,347,1346,1357,1357,1386,603,631,702,702,717,751,771,801,801,801,801,801,512,544,544],"floor_reached":56,"language":"ZHS","playtime":1655,"items_purged":["PlaceholderMod:BaseStrike","PlaceholderMod:BaseStrike","PlaceholderMod:BaseDefend","PlaceholderMod:BaseStrike","PlaceholderMod:PoisonWhip","PlaceholderMod:BaseStrike","PlaceholderMod:BaseDefend","PlaceholderMod:BaseDefend","PlaceholderMod:PoisonAbsorb","PlaceholderMod:BaseStrike","PlaceholderMod:BaseDefend","PlaceholderMod:BaseDefend","PlaceholderMod:TriggerStrike","Normality","Normality","PlaceholderMod:Crystal","PlaceholderMod:HardStinger"],"score":2840,"play_id":"d4cd1f28-db77-4a78-b9ef-900e195c688d","local_time":"20210222140111","is_ascension_mode":true,"campfire_choices":[{"floor":6,"key":"REST"},{"data":"PlaceholderMod:DiffusionPoison","floor":11,"key":"SMITH"},{"floor":15,"key":"REST"},{"data":"PlaceholderMod:CorePoison","floor":24,"key":"SMITH"},{"floor":28,"key":"RECALL"},{"data":"Sadistic Nature","floor":32,"key":"SMITH"},{"data":"PlaceholderMod:FinalSpray","floor":49,"key":"SMITH"},{"data":"PlaceholderMod:PoisonAbsorb","floor":52,"key":"SMITH"}],"circlet_count":0,"master_deck":["PlaceholderMod:CorePoison+1","PlaceholderMod:DiffusionPoison+1","Doubt","Doubt","PlaceholderMod:DirectingGroup","PlaceholderMod:PoisonAbsorb+1","Sadistic Nature+1","PlaceholderMod:FinalSpray+1","PlaceholderMod:PoisonExcitation+1","PlaceholderMod:FinalSpray","PlaceholderMod:DirectingGroup+1"],"relics":["PlaceholderMod:Tancle","HushsDoor","REME_ComplimentaryCards","GuppysTail","PlaceholderMod:DeVermisMysteriis","Bag of Preparation","TheBean","Strawberry","Strange Spoon","TheBattery","Ginger","Orrery","HornCleat","Pantograph","REME_LowDesire","MawBank","Toy Ornithopter","PlaceholderMod:Abhoth","Eternal Feather","Calipers","Thread and Needle","Enchiridion","Centennial Puzzle","MagicMushroom","GuppysHairball","Omamori","DollysMirror","REME_LimitBreaker","Blue Candle","Ornamental Fan","Regal Pillow","SatanicBible","Happy Flower","BelialBook","Ice Cream","SteamSale","Sling","Whetstone"],"acts_visited":["Exordium","TheCity","TheBeyond","TheEnding"],"potions_floor_usage":[16,22,42,55,55],"damage_taken":[{"damage":0,"enemies":"Cultist","floor":1,"turns":3},{"damage":8,"enemies":"2 Louse","floor":2,"turns":2},{"damage":10,"enemies":"Small Slimes","floor":4,"turns":3},{"damage":0,"enemies":"Looter","floor":5,"turns":3},{"damage":0,"enemies":"3 Sentries","floor":7,"turns":1},{"damage":0,"enemies":"Blue Slaver","floor":13,"turns":2},{"damage":0,"enemies":"Exordium Thugs","floor":14,"turns":4},{"damage":11,"enemies":"The Guardian","floor":16,"turns":6},{"damage":0,"enemies":"3 Byrds","floor":18,"turns":4},{"damage":0,"enemies":"Spheric Guardian","floor":20,"turns":3},{"damage":0,"enemies":"Shelled Parasite and Fungi","floor":22,"turns":3},{"damage":0,"enemies":"Gremlin Leader","floor":23,"turns":4},{"damage":0,"enemies":"Snecko","floor":25,"turns":4},{"damage":0,"enemies":"Book of Stabbing","floor":27,"turns":4},{"damage":0,"enemies":"REME_1_Revenger","floor":29,"turns":4},{"damage":0,"enemies":"Book of Stabbing","floor":31,"turns":4},{"damage":0,"enemies":"Automaton","floor":33,"turns":5},{"damage":0,"enemies":"3 Shapes","floor":35,"turns":1},{"damage":0,"enemies":"Orb Walker","floor":38,"turns":2},{"damage":0,"enemies":"Reptomancer","floor":40,"turns":3},{"damage":0,"enemies":"Nemesis","floor":42,"turns":3},{"damage":0,"enemies":"4 Shapes","floor":45,"turns":1},{"damage":0,"enemies":"Reptomancer","floor":46,"turns":4},{"damage":1,"enemies":"Jaw Worm Horde","floor":47,"turns":1},{"damage":3,"enemies":"Nemesis","floor":48,"turns":3},{"damage":3,"enemies":"Awakened One","floor":50,"turns":6},{"damage":2,"enemies":"Shield and Spear","floor":54,"turns":2},{"damage":0,"enemies":"LittleHush","floor":55,"turns":14}],"seed_played":"9221645777108944996","potions_obtained":[{"floor":2,"key":"CultistPotion"},{"floor":4,"key":"LiquidBronze"},{"floor":7,"key":"AttackPotion"},{"floor":22,"key":"Fruit Juice"},{"floor":23,"key":"Strength Potion"},{"floor":25,"key":"BlessingOfTheForge"},{"floor":29,"key":"Block Potion"},{"floor":42,"key":"Weak Potion"},{"floor":48,"key":"EntropicBrew"}],"is_trial":false,"path_per_floor":["M","M","$","M","M","R","E","?","T","?","R","$","M","M","R","B",null,"M","?","M","$","M","E","R","M","T","E","R","E","?","E","R","B",null,"M","?","?","M","?","E","$","E","T","?","M","E","M","E","R","B",null,"R","$","E","B",null],"character_chosen":"THE_PLACEHOLDER","items_purchased":["PlaceholderMod:CorePoison","PlaceholderMod:DeVermisMysteriis","Bag of Preparation","Bomb","TheBean","Strawberry","Strange Spoon","TheBattery","Ginger","Orrery","Pantograph","PlaceholderMod:PoisonAbsorb","PlaceholderMod:Abhoth","GuppysHairball","DollysMirror","REME_LimitBreaker","Blue Candle","Ornamental Fan","Ice Cream","SteamSale","Sling"],"campfire_rested":2,"item_purchase_floors":[0,0,0,0,0,0,0,0,0,0,12,12,21,34,41,41,41,41,53,53,53],"current_hp_per_floor":[29,21,21,11,11,36,36,36,36,29,29,29,29,29,54,68,81,81,81,81,81,90,90,90,90,90,90,90,90,74,74,77,90,87,87,87,87,87,87,87,87,87,87,83,83,83,83,81,83,81,83,83,83,82,83],"gold":544,"neow_bonus":"","is_daily":false,"chose_seed":false,"campfire_upgraded":5,"win_rate":0.0,"timestamp":1613973671,"path_taken":["M","M","$","?","?","R","E","?","T","?","R","$","M","M","R","BOSS","M","?","M","$","M","E","R","M","T","E","R","E","?","E","R","BOSS","M","?","?","?","?","E","$","E","T","?","M","E","M","E","R","BOSS","R","$","E","BOSS"],"items_purchased_type":["Card","Relic","Relic","Card","Relic","Relic","Relic","Relic","Relic","Relic","Relic","Card","Relic","Relic","Relic","Relic","Relic","Relic","Relic","Relic","Relic"],"build_version":"2020-12-22","purchased_purges":17,"victory":true,"max_hp_per_floor":[85,85,85,85,85,85,85,85,85,85,85,85,85,85,85,85,85,85,85,85,85,90,90,90,90,90,90,90,90,90,90,90,90,87,87,87,87,87,87,87,87,87,87,83,83,83,83,83,83,83,83,83,83,83,83],"card_choices":[{"not_picked":["PlaceholderMod:Sweep","PlaceholderMod:SevereHeat"],"picked":"PlaceholderMod:HardStinger","floor":0},{"not_picked":["PlaceholderMod:DiffusionChemical","PlaceholderMod:CycleAttack"],"picked":"PlaceholderMod:DiffusionPoison","floor":0},{"not_picked":["PlaceholderMod:AttackAsDefend","PlaceholderMod:InnerStable"],"picked":"PlaceholderMod:TriggerStrike","floor":0},{"not_picked":["PlaceholderMod:EvolutionSpray","PlaceholderMod:ParasiteChange","PlaceholderMod:StressReaction"],"picked":"SKIP","floor":1},{"not_picked":["PlaceholderMod:TriggerStrike","PlaceholderMod:SprayAttack"],"picked":"Bomb","floor":2},{"not_picked":["PlaceholderMod:GrowthForm","PlaceholderMod:SpinBlade","PlaceholderMod:HealingAttack"],"picked":"SKIP","floor":4},{"not_picked":["PlaceholderMod:ConsolidateHit","PlaceholderMod:SprayAttack","PlaceholderMod:Package"],"picked":"SKIP","floor":5},{"not_picked":["PlaceholderMod:HornyBlast","PlaceholderMod:ReactionCatalyze","PlaceholderMod:InnerStable"],"picked":"SKIP","floor":7},{"not_picked":["PlaceholderMod:Hyperplasia","PlaceholderMod:HardStinger","PlaceholderMod:ComplexForm"],"picked":"SKIP","floor":13},{"not_picked":["PlaceholderMod:PoisonExcitation","PlaceholderMod:EvolutionSpray"],"picked":"PlaceholderMod:DirectingGroup","floor":14},{"not_picked":["PlaceholderMod:ParasiteChange","PlaceholderMod:TriggerStrike+1","PlaceholderMod:SpinBlade","PanicButton"],"picked":"SKIP","floor":18},{"not_picked":["PlaceholderMod:HornyBlast+1","PlaceholderMod:HealingAttack","PlaceholderMod:SpinBlade","Flash of Steel"],"picked":"SKIP","floor":20},{"not_picked":["PlaceholderMod:Hyperplasia","PlaceholderMod:PoisonAbsorb","PlaceholderMod:ProliferateStrike","Madness"],"picked":"SKIP","floor":22},{"not_picked":["PlaceholderMod:TriggerStrike","PlaceholderMod:AttackAsDefend","PlaceholderMod:Hard","Thinking Ahead"],"picked":"SKIP","floor":23},{"not_picked":["PlaceholderMod:Stratification","PlaceholderMod:Hard","PlaceholderMod:OHStrongAttack","Magnetism"],"picked":"SKIP","floor":25},{"not_picked":["PlaceholderMod:DoublePoint","PlaceholderMod:Hyperplasia","PlaceholderMod:SeverePoisonStrike","REME_AllRoundStrike"],"picked":"SKIP","floor":27},{"not_picked":["PlaceholderMod:SpinBlade","PlaceholderMod:BlastSpray","PlaceholderMod:Stratification","Impatience"],"picked":"SKIP","floor":29},{"not_picked":["PlaceholderMod:SprayAttack","PlaceholderMod:Stratification+1","PlaceholderMod:Polyp"],"picked":"Sadistic Nature","floor":31},{"not_picked":["PlaceholderMod:Activation","PlaceholderMod:DiffusionPoison","Magnetism"],"picked":"PlaceholderMod:FinalSpray","floor":33},{"not_picked":["PlaceholderMod:ThreeBenzyolStart","PlaceholderMod:PoisonAbsorb","PlaceholderMod:DiffusionChemical","Blind+1"],"picked":"SKIP","floor":35},{"not_picked":["PlaceholderMod:OHStrongAttack","PlaceholderMod:PoisonAbsorb","PlaceholderMod:DissolvingSpikes+1","Magnetism"],"picked":"SKIP","floor":38},{"not_picked":["PlaceholderMod:SprayAttack","PlaceholderMod:DirectingGroup","REME_ShortnessOfBreath+1"],"picked":"PlaceholderMod:PoisonExcitation+1","floor":40},{"not_picked":["PlaceholderMod:Internalization+1","PlaceholderMod:Stratification+1","PlaceholderMod:SelfCoupling","Blind"],"picked":"SKIP","floor":42},{"not_picked":["PlaceholderMod:AttackAsDefend","PlaceholderMod:DissolvingSpikes","Transmutation"],"picked":"PlaceholderMod:DirectingGroup+1","floor":45},{"not_picked":["PlaceholderMod:DirectingGroup","PlaceholderMod:MultiReaction","PlaceholderMod:ContinueSpray+1"],"picked":"Bomb","floor":46},{"not_picked":["PlaceholderMod:ConsolidateHit","PlaceholderMod:OHStrongAttack+1","PlaceholderMod:DissolvingSpikes","Transmutation"],"picked":"SKIP","floor":47},{"not_picked":["PlaceholderMod:SprayAttack","PlaceholderMod:EvolutionSpray","PlaceholderMod:FastReaction+1","REME_FirmDetermination+1"],"picked":"SKIP","floor":48},{"not_picked":["PlaceholderMod:Eat","PlaceholderMod:SubstitutionNucleophilic1","PlaceholderMod:HardStrike+1","Magnetism"],"picked":"SKIP","floor":54}],"player_experience":762195,"relics_obtained":[{"floor":7,"key":"HornCleat"},{"floor":17,"key":"MawBank"},{"floor":17,"key":"Toy Ornithopter"},{"floor":23,"key":"Eternal Feather"},{"floor":26,"key":"Calipers"},{"floor":29,"key":"Thread and Needle"},{"floor":30,"key":"Enchiridion"},{"floor":31,"key":"Centennial Puzzle"},{"floor":40,"key":"Omamori"},{"floor":42,"key":"Regal Pillow"},{"floor":43,"key":"SatanicBible"},{"floor":46,"key":"Happy Flower"},{"floor":48,"key":"BelialBook"},{"floor":54,"key":"Whetstone"}],"event_choices":[{"damage_healed":0,"gold_gain":175,"player_choice":"AGREE","damage_taken":0,"max_hp_gain":0,"max_hp_loss":0,"event_name":"Liars Game","floor":8,"gold_loss":0,"cards_obtained":["Doubt"]},{"damage_healed":0,"gold_gain":0,"player_choice":"Read","damage_taken":0,"max_hp_gain":0,"max_hp_loss":0,"event_name":"The Library","floor":19,"gold_loss":0,"cards_obtained":["PlaceholderMod:PoisonAbsorb"]},{"damage_healed":0,"gold_gain":0,"player_choice":"Obtained Book","damage_taken":16,"max_hp_gain":0,"max_hp_loss":0,"event_name":"Cursed Tome","floor":30,"gold_loss":0},{"damage_healed":0,"gold_gain":0,"player_choice":"Ignored","damage_taken":0,"max_hp_gain":0,"max_hp_loss":0,"event_name":"Tomb of Lord Red Mask","floor":36,"gold_loss":0},{"damage_healed":0,"gold_gain":999,"player_choice":"Gold","damage_taken":0,"max_hp_gain":0,"max_hp_loss":0,"event_name":"MindBloom","floor":37,"gold_loss":0,"cards_obtained":["Normality","Normality"]},{"damage_healed":0,"gold_gain":0,"player_choice":"Ignored","damage_taken":0,"max_hp_gain":0,"max_hp_loss":0,"event_name":"Mysterious Sphere","floor":39,"gold_loss":0},{"damage_healed":0,"gold_gain":0,"player_choice":"Max HP","damage_taken":0,"max_hp_gain":0,"max_hp_loss":4,"event_name":"Winding Halls","floor":44,"gold_loss":0}],"is_beta":false,"boss_relics":[{"not_picked":["Runic Pyramid","ChampionBelt"],"picked":"REME_LowDesire"},{"not_picked":[]},{"not_picked":["Empty Cage","SlaversCollar"],"picked":"MagicMushroom"},{"not_picked":[]}],"items_purged_floors":[12,12,12,12,12,12,12,12,21,21,21,21,21,41,41,53,53],"is_endless":false,"potions_floor_spawned":[2,4,7,14,22,23,25,29,31,33,38,42,45,48,54],"ascension_level":8}}