{"host":"t39frk1gt0zfm79h","time":1613966607,"event":{"mods":["BaseMod","Better Altar","Better Match","Better Note","Better Sensory Stone","Better Skull","Better Third Choice","Block Reminder","Colored Map","Downfall","Hermit","Minty Spire (QoL Compilation)","Relic Stats","StSLib"],"gold_per_floor":[114,114,130,58,58,93,93,108,108,132,162,162,162,187,187,192,192],"floor_reached":16,"language":"ENG","playtime":566,"items_purged":[],"score":133,"play_id":"c7b047b8-cf82-4a3d-8b86-4446e7aa1a3a","local_time":"20210221200327","is_ascension_mode":true,"campfire_choices":[{"data":"hermit:EternalForm","floor":7,"key":"SMITH"},{"data":"hermit:Showdown","floor":12,"key":"SMITH"},{"data":"hermit:Grudge","floor":15,"key":"SMITH"}],"circlet_count":0,"master_deck":["hermit:Strike_Hermit","hermit:Strike_Hermit","hermit:Strike_Hermit","hermit:Strike_Hermit","hermit:Defend_Hermit","hermit:Defend_Hermit","hermit:Defend_Hermit","hermit:Defend_Hermit","hermit:Snapshot","hermit:Covet","hermit:Scavenge","Injury","hermit:Feint","hermit:Grudge+1","hermit:EternalForm+1","hermit:Determination","hermit:Showdown+1","hermit:Vantage"],"relics":["hermit:Momento","NeowsBlessing","Golden Idol","CultistMask","Ornamental Fan","Lantern"],"acts_visited":["Exordium"],"potions_floor_usage":[14],"damage_taken":[{"damage":0,"enemies":"Jaw Worm","floor":1,"turns":1},{"damage":0,"enemies":"Cultist","floor":3,"turns":1},{"damage":0,"enemies":"Gremlin Nob","floor":6,"turns":1},{"damage":0,"enemies":"2 Louse","floor":8,"turns":3},{"damage":7,"enemies":"Lots of Slimes","floor":10,"turns":4},{"damage":7,"enemies":"3 Louse","floor":11,"turns":5},{"damage":10,"enemies":"Blue Slaver","floor":14,"turns":4},{"damage":45,"enemies":"The Guardian","floor":16,"turns":10}],"seed_played":"3819790028368293369","potions_obtained":[{"floor":3,"key":"FearPotion"},{"floor":10,"key":"Energy Potion"},{"floor":14,"key":"Ancient Potion"}],"is_trial":false,"path_per_floor":["M","?","M","$","?","E","R","M","T","M","M","R","?","M","R","B"],"character_chosen":"HERMIT","items_purchased":["hermit:Grudge"],"campfire_rested":0,"item_purchase_floors":[4],"current_hp_per_floor":[75,75,75,75,75,75,75,75,75,68,61,61,54,44,44,0,0],"gold":192,"neow_bonus":"THREE_ENEMY_KILL","is_daily":false,"chose_seed":false,"campfire_upgraded":3,"win_rate":0.0,"timestamp":1613966607,"path_taken":["M","?","M","$","?","E","R","M","T","M","?","R","?","?","R","BOSS"],"items_purchased_type":["Card"],"build_version":"2020-12-22","purchased_purges":0,"victory":false,"max_hp_per_floor":[75,75,75,75,75,75,75,75,75,75,75,75,75,75,75,75,75],"relic_stats":{"counters":[8,29],"Golden Idol":27,"Ornamental Fan":[24],"obtain_stats":[{"Lantern":9,"NeowsBlessing":0,"Golden Idol":2,"Ornamental Fan":6,"CultistMask":5,"hermit:Momento":0},{"Lantern":4,"NeowsBlessing":0,"Golden Idol":1,"Ornamental Fan":3,"CultistMask":2,"hermit:Momento":0},{"Lantern":6,"NeowsBlessing":0,"Golden Idol":1,"Ornamental Fan":3,"CultistMask":2,"hermit:Momento":0}]},"card_choices":[{"not_picked":["hermit:HoleUp","hermit:FlashPowder"],"picked":"hermit:Scavenge","floor":1},{"not_picked":["hermit:Misfire","hermit:LowProfile"],"picked":"hermit:Feint","floor":3},{"not_picked":["hermit:Quickdraw","hermit:HighCaliber"],"picked":"hermit:EternalForm","floor":6},{"not_picked":["hermit:Dive","hermit:Snipe"],"picked":"hermit:Determination","floor":8},{"not_picked":["hermit:Maintenance","hermit:Roulette","hermit:Quickdraw"],"picked":"SKIP","floor":10},{"not_picked":["hermit:Roulette","hermit:SprayPray"],"picked":"hermit:Showdown","floor":11},{"not_picked":["hermit:TrackingShot","hermit:HoleUp"],"picked":"hermit:Vantage","floor":14}],"player_experience":19278,"relics_obtained":[{"floor":6,"key":"Ornamental Fan"},{"floor":9,"key":"Lantern"}],"event_choices":[{"damage_healed":0,"gold_gain":0,"player_choice":"Take Wound","damage_taken":0,"relics_obtained":["Golden Idol"],"max_hp_gain":0,"max_hp_loss":0,"event_name":"Golden Idol","floor":2,"gold_loss":0,"cards_obtained":["Injury"]},{"damage_healed":0,"gold_gain":0,"player_choice":"Trade","damage_taken":0,"relics_obtained":["CultistMask"],"max_hp_gain":0,"max_hp_loss":0,"event_name":"FaceTrader","floor":5,"gold_loss":0},{"damage_healed":0,"gold_gain":0,"player_choice":"Damaged","damage_taken":7,"max_hp_gain":0,"max_hp_loss":0,"event_name":"Wheel of Change","floor":13,"gold_loss":0}],"is_beta":false,"boss_relics":[],"items_purged_floors":[],"is_endless":false,"potions_floor_spawned":[3,10,14],"killed_by":"The Guardian","ascension_level":1}}