{"host":"a1eatafr7pisesky","time":1613992246,"event":{"mods":["AchievementEnabler","BaseMod","Colored Map","Keyboard Shortcuts","Minty Spire (QoL Compilation)","Say the Spire","StSLib","SuperFastMode","everything is the same but u backflip on backflip"],"gold_per_floor":[111,36,36,36,36,64,64,74,74,86,161,11,27,75,75,149,149,160,160,5,55,55,55,55],"floor_reached":23,"language":"KOR","playtime":310,"items_purged":["Strike_B","Strike_B","Defend_B"],"score":389,"play_id":"db845ef7-d578-4bf3-8bda-cea6986fca19","local_time":"20210222201046","is_ascension_mode":true,"campfire_choices":[{"data":"Consume","floor":7.0,"key":"SMITH"},{"data":"Zap","floor":15.0,"key":"SMITH"}],"circlet_count":0,"master_deck":["AscendersBane","Strike_B+1","Defend_B","Defend_B","Zap+1","Dualcast+1","Consume+1","Cold Snap","Cold Snap","Cold Snap","Sweeping Beam","Seek","Ball Lightning","Turbo"],"relics":["Cracked Core","NeowsBlessing","Nunchaku","Question Card","Potion Belt","Inserter"],"acts_visited":["Exordium","TheCity"],"potions_floor_usage":[],"damage_taken":[{"damage":0.0,"enemies":"2 Louse","floor":1.0,"turns":1.0},{"damage":0.0,"enemies":"3 Sentries","floor":6.0,"turns":1.0},{"damage":0.0,"enemies":"Small Slimes","floor":8.0,"turns":1.0},{"damage":1.0,"enemies":"Cultist","floor":10.0,"turns":3.0},{"damage":6.0,"enemies":"Looter","floor":13.0,"turns":3.0},{"damage":17.0,"enemies":"Slime Boss","floor":16.0,"turns":11.0},{"damage":0.0,"enemies":"Chosen","floor":18.0,"turns":7.0},{"damage":68,"enemies":"Slavers","floor":23,"turns":4}],"seed_played":"-6609624735879773484","potions_obtained":[{"floor":6.0,"key":"PotionOfCapacity"},{"floor":16.0,"key":"SpeedPotion"}],"is_trial":false,"path_per_floor":["M","$","?","?","?","E","R","M","T","M","?","$","M","T","R","B",null,"M","?","$","?","?","E"],"character_chosen":"DEFECT","items_purchased":["Cold Snap","Turbo"],"campfire_rested":0,"item_purchase_floors":[12,20],"current_hp_per_floor":[64,64,43,43,48,48,48,48,48,47,36,36,30,30,30,13,60,60,60,60,60,60,0,0],"gold":55,"neow_bonus":"THREE_ENEMY_KILL","is_daily":false,"chose_seed":false,"campfire_upgraded":2,"win_rate":0.0,"timestamp":1613992246,"path_taken":["M","$","?","?","?","E","R","M","T","M","?","$","M","?","R","BOSS","M","?","$","?","?","E"],"items_purchased_type":["Card","Card"],"build_version":"2020-12-22","purchased_purges":3,"victory":false,"max_hp_per_floor":[71,71,71,71,76,76,76,76,76,76,76,76,76,76,76,76,76,76,76,76,76,76,76,76],"card_choices":[{"not_picked":["Gash","Beam Cell"],"picked":"Consume","floor":1.0},{"not_picked":["Barrage","Biased Cognition"],"picked":"Cold Snap","floor":6.0},{"not_picked":["Rebound","Conserve Battery"],"picked":"Cold Snap","floor":8.0},{"not_picked":["Compile Driver","Steam","Auto Shields","Streamline"],"picked":"SKIP","floor":10.0},{"not_picked":["Turbo","Barrage","Melter"],"picked":"Sweeping Beam","floor":13.0},{"not_picked":["Thunder Strike","Hyperbeam","Rainbow"],"picked":"Seek","floor":16.0},{"not_picked":["Steam Power","Go for the Eyes","Beam Cell"],"picked":"Ball Lightning","floor":18.0}],"player_experience":484074,"relics_obtained":[{"floor":6.0,"key":"Nunchaku"},{"floor":9.0,"key":"Question Card"},{"floor":14.0,"key":"Potion Belt"}],"event_choices":[{"damage_healed":0.0,"max_hp_gain":0.0,"max_hp_loss":0.0,"gold_gain":0.0,"event_name":"Shining Light","player_choice":"Entered Light","floor":3.0,"gold_loss":0.0,"damage_taken":21.0,"cards_upgraded":["Dualcast","Strike_B"]},{"cards_removed":["Strike_B"],"damage_healed":0.0,"max_hp_gain":0.0,"max_hp_loss":0.0,"gold_gain":0.0,"event_name":"Living Wall","player_choice":"Forget","floor":4.0,"gold_loss":0.0,"damage_taken":0.0},{"damage_healed":0.0,"max_hp_gain":5.0,"max_hp_loss":0.0,"gold_gain":0.0,"event_name":"Big Fish","player_choice":"Donut","floor":5.0,"gold_loss":0.0,"damage_taken":0.0},{"damage_healed":0.0,"max_hp_gain":0.0,"max_hp_loss":0.0,"gold_gain":75.0,"event_name":"World of Goop","player_choice":"Gather Gold","floor":11.0,"gold_loss":0.0,"damage_taken":11.0},{"damage_healed":0.0,"max_hp_gain":0.0,"max_hp_loss":0.0,"gold_gain":0.0,"event_name":"The Mausoleum","player_choice":"Ignored","floor":19.0,"gold_loss":0.0,"damage_taken":0.0},{"damage_healed":0.0,"max_hp_gain":0.0,"max_hp_loss":0.0,"gold_gain":50.0,"event_name":"Nest","player_choice":"Stole From Cult","floor":21.0,"gold_loss":0.0,"damage_taken":0.0},{"cards_removed":["Defend_B"],"damage_healed":0.0,"max_hp_gain":0.0,"max_hp_loss":0.0,"gold_gain":0.0,"event_name":"Bonfire Elementals","player_choice":"Offered Basic","floor":22.0,"gold_loss":0.0,"damage_taken":0.0}],"is_beta":false,"boss_relics":[{"not_picked":["Black Star","Runic Pyramid"],"picked":"Inserter"}],"items_purged_floors":[2,12,20],"is_endless":false,"potions_floor_spawned":[6,16],"killed_by":"Slavers","ascension_level":17}}