{"host":"lheqn2stdak53gn8","time":1613982861,"event":{"mods":["BaseMod","BetterRewards","Colored Map","Colored Powertips","Custom Start","Infinite Spire","Minty Spire (QoL Compilation)","Quick Restart","Replay The Spire","StSLib"],"gold_per_floor":[120,116,96,126,144,184,184,184,211,244,266,266,266,316,316,474,474,528,528,548,588,588,588,642,672,672,672,722,755,773,893,893,990,990,1021,971,685,705,735,735,769,814,814,841,868,909,909,961,961,1011,1076],"floor_reached":52,"language":"ENG","playtime":2643,"items_purged":["Strike_R","Strike_R","Strike_R","Strike_R","Strike_R","Defend_R","Defend_R","Combust","Defend_R+1","Defend_R+1","Spot Weakness"],"score":3286,"play_id":"8a29983b-3be2-4af4-a506-f1343389f404","local_time":"20210222023421","is_ascension_mode":true,"campfire_choices":[{"data":"Apotheosis","floor":7,"key":"SMITH"},{"data":"Barricade","floor":7,"key":"SMITH"},{"data":"1","floor":15,"key":"LIFT"},{"data":"2","floor":23,"key":"LIFT"},{"data":"3","floor":27,"key":"LIFT"},{"floor":40,"key":"REST"},{"floor":47,"key":"REST"},{"floor":49,"key":"REST"}],"circlet_count":0,"master_deck":["AscendersBane","Bash","Cleave","Panache+1","Good Instincts","Finesse","Armaments+1","Inflame","Replay:Undeath\u0027s Touch","Rage","Shrug It Off","Rage","Shrug It Off","Iron Wave","Shrug It Off","Feel No Pain","Run Through+1","Trip","Rage","Cleave","Whirlwind","Flame Barrier","Fire Breathing","Armaments","Feed","Good Instincts","Run Through","Run Through","Berserk","Cleave+1","Finesse+1","Juggernaut","Panache","ReplayUltimateDefense","Metallicize+1","ReplayTheSpireMod:Private Reserves","Limit Break+1","ReplayUltimateDefense","Metallicize+1","Metallicize+1","Offering","Inflame+1","Battle Trance","Inflame","Spot Weakness+1","Metallicize+1","Metallicize+1","Panacea+1","Body Slam+1","Metallicize+1","Reaper+1","Flame Barrier","Flame Barrier","Deep Breath","Shrug It Off","Sadistic Nature","Spot Weakness+1","Survey Options","Deep Breath","Sadistic Nature","Shrug It Off","Reaper+1","Rage","Barricade+1","Shrug It Off","Shrug It Off","Shrug It Off","Rage","Rage","Body Slam+1","Apotheosis+1","Metallicize+1","Metallicize+1","Master of Strategy+1","Shrug It Off+1","Fire Breathing+1","Flame Barrier+1","Enlightenment+1","Offering+1","Inflame+1","Iron Wave+1","Master of Strategy+1","Metallicize+1","Shrug It Off+1","Metallicize+1","Limit Break+1","Replay:Many Hands+1","infinitespire:Oblivion+1","infinitespire:NeuralNetwork+1","Limit Break+1","Metallicize+1","Metallicize+1","Feed+1","Finesse+1","infinitespire:NeuralNetwork+1"],"relics":["Burning Blood","Paper Frog","Pear","Lee\u0027s Waffle","Du-Vu Doll","Membership Card","Durian","Gremlin Food","Gambling Chip","Potion Belt","infinitespire:Joker Card","HandDrill","Thread and Needle","Lantern","Pet Ghost","Orrery","infinitespire:Magic Flask","Vajra","Divine Protection","Frozen Eye","CaptainsWheel","PreservedInsect","Replay:Mystery Machine","Replay:Lucky Slots","Another Sword","ClockworkSouvenir","infinitespire:Beetle Shell","WingedGreaves","Simple Rune","Ginger","TheAbacus","Bag of Preparation","infinitespire:Lychee Nut","Question Card","infinitespire:ShieldingShard","Lizard Tail","Incense Burner","Medical Kit","Ornamental Fan","Strawberry","Boot","ReplayTheSpireMod:Spearhead","MealTicket","Anchor","ReplayTheSpireMod:ShopPack","infinitespire:EmpoweringShard","Dream Catcher","Happy Flower","CeramicFish","infinitespire:Lucky Rock","Sling","ReplayFunnel","TungstenRod","Molten Egg 2","Replay:Wax Seal","Replay:Arrowhead","Torii","War Paint","Chemical X","FossilizedHelix","Replay:Baseball","Replay:Bottled Flurry","Bronze Scales","Juzu Bracelet","Gremlin Horn","Mummified Hand","Oddly Smooth Stone","OrangePellets","Tiny Chest","Bag of Marbles","Girya","Peace Pipe","Guide Book","Pen Nib","Prayer Wheel","Sundial","Chameleon Ring","Singing Bowl","ReplayTheSpireMod:Lightbulb","Akabeko","Toolbox","Onion Ring","Replay:Bottled Steam","infinitespire:CursedDice","infinitespire:Satchel","Nunchaku","Art of War","Blue Candle","InkBottle","Whetstone","infinitespire:Bottled Soul","King of Hearts","Pocketwatch","Kunai","Golden Egg","StrikeDummy","infinitespire:Blanks Blanky","Letter Opener","infinitespire:CheckeredPen","Self Forming Clay","White Beast Statue","Replay:Bottled Eggs","Charon\u0027s Ashes","Turnip","Ancient Tea Set","Omamori","infinitespire:PuzzleCube","Counterbalance","Centennial Puzzle","Eternal Feather","Replay:Rubber Ducky","Toy Ornithopter","Blue Doll","Replay:Bandana","Bottled Flame","Ice Cream","Bird Faced Urn","Frozen Egg 2","ReplayTheSpireMod:TigerMarble","Bottled Lightning","Blood Vial","Magic Flower","Replay:Kaleidoscope","Orichalcum","Matryoshka","infinitespire:Golems Mask","Champion Belt","Darkstone Periapt","Quantum Egg","Snack Pack","ReplayTheSpireMod:Ninjato","Replay:PocketPolymizer","infinitespire:Eraser","Replay:Ringing Soul","ReplayTheSpireMod:Shallot","HornCleat","Replay:WaspNest","Fusion Hammer","MutagenicStrength","Garlic","Mercury Hourglass","Pantograph","Unceasing Top","infinitespire:FocusingShard","SacredBark","Toxic Egg 2","Iron Hammer","Replay:Accelerometer","Shuriken","infinitespire:WardingShard","ReplayTheSpireMod:SealedPack","infinitespire:WardingShard","Pantograph"],"acts_visited":["Exordium","TheCity","TheBeyond"],"potions_floor_usage":[16,16,29],"damage_taken":[{"damage":0,"enemies":"Small Slimes","floor":1,"turns":1},{"damage":0,"enemies":"infinitespire:Voidling","floor":4,"turns":1},{"damage":0,"enemies":"2 Louse","floor":5,"turns":1},{"damage":0,"enemies":"Replay:BlueRogue","floor":6,"turns":1},{"damage":0,"enemies":"Gremlin Nob","floor":10,"turns":1},{"damage":0,"enemies":"Red Slaver","floor":11,"turns":1},{"damage":0,"enemies":"Fading Forest","floor":16,"turns":3},{"damage":0,"enemies":"Chosen","floor":18,"turns":1},{"damage":0,"enemies":"Spheric Guardian","floor":20,"turns":1},{"damage":0,"enemies":"Shelled Parasite and Fungi","floor":21,"turns":1},{"damage":0,"enemies":"Snake Plant","floor":25,"turns":1},{"damage":0,"enemies":"Centurion and Healer","floor":29,"turns":1},{"damage":0,"enemies":"Colosseum Slavers","floor":31,"turns":1},{"damage":0,"enemies":"Colosseum Nobs","floor":31,"turns":1},{"damage":0,"enemies":"Champ","floor":33,"turns":2},{"damage":0,"enemies":"3 Darklings","floor":35,"turns":1},{"damage":0,"enemies":"3 Shapes","floor":38,"turns":1},{"damage":0,"enemies":"Jaw Worm Horde","floor":39,"turns":1},{"damage":0,"enemies":"4 Shapes","floor":41,"turns":1},{"damage":0,"enemies":"R_Hoarder","floor":42,"turns":1},{"damage":0,"enemies":"Writhing Mass","floor":45,"turns":1},{"damage":0,"enemies":"Nemesis","floor":46,"turns":1},{"damage":0,"enemies":"Awakened One","floor":50,"turns":2},{"damage":0,"enemies":"infinitespire:MassOfShapes","floor":51,"turns":1}],"seed_played":"1653645838389606758","potions_obtained":[{"floor":16,"key":"PowerPotion"},{"floor":18,"key":"BloodPotion"},{"floor":29,"key":"Adrenaline Potion"},{"floor":33,"key":"PowerPotion"},{"floor":46,"key":"PowerPotion"}],"is_trial":false,"path_per_floor":["M","$","?","M","M","E","R","?","T","E","M","?","T","?","R","B",null,"M","?","M","M","?","R","T","M","T","R","?","M","AVR","?","R","B",null,"M","?","$","M","M","R","M","E","T","AVR","M","E","R","T","R","B","B",null],"character_chosen":"IRONCLAD","items_purchased":["Paper Frog","Pear","Lee\u0027s Waffle","Adrenaline Potion","LiquidMemories","Cleave","Membership Card","Durian","Gremlin Food","Panache","Good Instincts","Potion Belt","infinitespire:Joker Card","HandDrill","DistilledChaos","Finesse","Armaments","Inflame","Lantern","Pet Ghost","Orrery","Vajra","Divine Protection","Frozen Eye","Shrug It Off","Iron Wave","PreservedInsect","Replay:Mystery Machine","Shrug It Off","Feel No Pain","Run Through","Trip","Replay:Lucky Slots","ClockworkSouvenir","infinitespire:Beetle Shell","Rage","Cleave","Whirlwind","Flame Barrier","Fire Breathing","Swift Potion","Simple Rune","Armaments","TheAbacus","Bag of Preparation","infinitespire:Lychee Nut","Feed","Good Instincts","Question Card","infinitespire:ShieldingShard","Run Through","Berserk","Cleave","EntropicBrew","Medical Kit","Ornamental Fan","Strawberry","Finesse","Boot","Juggernaut","Panache","ReplayTheSpireMod:Spearhead","MealTicket","Anchor","ReplayUltimateDefense","Metallicize","ReplayTheSpireMod:ShopPack","infinitespire:EmpoweringShard","ReplayTheSpireMod:Private Reserves","Limit Break","ReplayUltimateDefense","Metallicize","Dream Catcher","Happy Flower","Metallicize","Offering","CeramicFish","infinitespire:Lucky Rock","Sling","ReplayFunnel","Inflame+1","Battle Trance","TungstenRod","Inflame","Spot Weakness+1","Molten Egg 2","Metallicize","Spot Weakness","Replay:Wax Seal","Panacea","Body Slam+1","Metallicize","Replay:Arrowhead","Torii","War Paint","Chemical X","Reaper+1","Flame Barrier","Deep Breath","Shrug It Off","Sadistic Nature","Replay:Baseball","Replay:Bottled Flurry","Bronze Scales","Spot Weakness+1","Juzu Bracelet","Gremlin Horn","Mummified Hand","Oddly Smooth Stone","OrangePellets","Tiny Chest","Bag of Marbles","Survey Options","Girya","Peace Pipe","Guide Book","Deep Breath","PowerPotion","Pen Nib","Prayer Wheel","Sundial","Chameleon Ring","Singing Bowl","Sadistic Nature","Shrug It Off","Reaper+1","ReplayTheSpireMod:Lightbulb","Akabeko","Toolbox","Onion Ring","Replay:Bottled Steam","infinitespire:CursedDice","infinitespire:Satchel","Rage","Nunchaku","Art of War","Barricade","Shrug It Off","Blue Candle","InkBottle","Shrug It Off","Whetstone","infinitespire:Bottled Soul","Shrug It Off","King of Hearts","Pocketwatch","Rage","Body Slam+1","ColorlessPotion","Apotheosis","Kunai","Golden Egg","Metallicize","StrikeDummy","Regal Pillow","Master of Strategy","Shrug It Off","Fire Breathing","Flame Barrier","Letter Opener","infinitespire:CheckeredPen","Enlightenment","PowerPotion","Offering+1","Self Forming Clay","White Beast Statue","Inflame","Replay:Bottled Eggs","Charon\u0027s Ashes","Turnip","Iron Wave+1","Ancient Tea Set","Omamori","infinitespire:PuzzleCube","Counterbalance","Centennial Puzzle","Eternal Feather","Replay:Rubber Ducky","Toy Ornithopter","Blue Doll","Replay:Bandana","Bottled Flame","Ice Cream","Bird Faced Urn","Frozen Egg 2","ReplayTheSpireMod:TigerMarble","Bottled Lightning","Master of Strategy+1","Blood Vial","Magic Flower","Replay:Kaleidoscope","Orichalcum","Matryoshka","infinitespire:Golems Mask","Champion Belt","Darkstone Periapt","Quantum Egg","Snack Pack","ReplayTheSpireMod:Ninjato","Replay:PocketPolymizer","Metallicize+1","Shrug It Off+1","Toxic Egg 2","Iron Hammer","Metallicize+1"],"campfire_rested":3,"item_purchase_floors":[0,0,0,0,0,0,0,0,0,0,0,0,0,0,0,0,0,0,0,0,0,0,0,0,0,0,0,0,0,0,0,0,0,0,0,0,0,0,0,0,0,0,0,0,0,0,0,0,0,0,0,0,0,0,0,0,0,0,0,0,0,0,0,0,0,0,0,0,0,0,0,0,0,0,0,0,0,0,0,0,0,0,0,0,0,0,0,0,0,0,0,0,0,0,0,0,0,0,0,0,0,0,0,0,0,0,0,0,0,0,0,0,0,0,0,0,0,0,0,0,0,0,0,0,0,0,0,0,0,0,0,0,0,0,0,0,0,0,0,0,0,0,0,0,0,0,0,0,0,0,0,0,0,0,0,0,0,0,0,0,0,0,0,0,0,0,0,0,0,0,0,0,0,0,0,0,0,0,0,0,0,0,0,0,0,0,0,0,0,0,0,0,0,0,0,0,0,0,0,0,0,2,37,37,37],"current_hp_per_floor":[89,89,89,91,95,97,97,97,97,99,103,103,103,103,103,106,106,110,77,96,124,124,124,124,128,128,128,128,132,135,137,137,140,140,144,144,147,151,155,157,161,163,163,168,172,174,176,176,178,182,186],"gold":1076,"neow_bonus":"","is_daily":false,"chose_seed":false,"campfire_upgraded":2,"win_rate":0.0,"timestamp":1613982861,"path_taken":["M","$","?","M","M","E","R","?","T","E","M","?","?","?","R","BOSS","M","?","M","M","?","R","?","M","T","R","?","M","AVR","?","R","BOSS","M","?","$","M","M","R","M","E","T","AVR","M","E","R","?","R","BOSS","BOSS"],"items_purchased_type":["Relic","Relic","Relic","Potion","Potion","Card","Relic","Relic","Relic","Card","Card","Relic","Relic","Relic","Potion","Card","Card","Card","Relic","Relic","Relic","Relic","Relic","Relic","Card","Card","Relic","Relic","Card","Card","Card","Card","Relic","Relic","Relic","Card","Card","Card","Card","Card","Potion","Relic","Card","Relic","Relic","Relic","Card","Card","Relic","Relic","Card","Card","Card","Potion","Relic","Relic","Relic","Card","Relic","Card","Card","Relic","Relic","Relic","Card","Card","Relic","Relic","Card","Card","Card","Card","Relic","Relic","Card","Card","Relic","Relic","Relic","Relic","Card","Card","Relic","Card","Card","Relic","Card","Card","Relic","Card","Card","Card","Relic","Relic","Relic","Relic","Card","Card","Card","Card","Card","Relic","Relic","Relic","Card","Relic","Relic","Relic","Relic","Relic","Relic","Relic","Card","Relic","Relic","Relic","Card","Potion","Relic","Relic","Relic","Relic","Relic","Card","Card","Card","Relic","Relic","Relic","Relic","Relic","Relic","Relic","Card","Relic","Relic","Card","Card","Relic","Relic","Card","Relic","Relic","Card","Relic","Relic","Card","Card","Potion","Card","Relic","Relic","Card","Relic","Relic","Card","Card","Card","Card","Relic","Relic","Card","Potion","Card","Relic","Relic","Card","Relic","Relic","Relic","Card","Relic","Relic","Relic","Relic","Relic","Relic","Relic","Relic","Relic","Relic","Relic","Relic","Relic","Relic","Relic","Relic","Card","Relic","Relic","Relic","Relic","Relic","Relic","Relic","Relic","Relic","Relic","Relic","Relic","Card","Card","Relic","Relic","Card"],"build_version":"2020-12-22","purchased_purges":11,"victory":true,"max_hp_per_floor":[89,89,89,91,95,97,97,97,97,99,103,103,103,103,103,106,106,110,115,119,124,124,124,124,128,128,128,128,132,135,137,137,140,140,144,144,147,151,155,157,161,163,163,168,172,174,176,176,178,182,186],"card_choices":[{"not_picked":["Life Link","Dual Wield"],"picked":"Replay:Undeath\u0027s Touch","floor":0},{"not_picked":["Perfected Strike","Warcry"],"picked":"Rage","floor":0},{"not_picked":["Combust","True Grit"],"picked":"Shrug It Off","floor":0},{"not_picked":["Heavy Blade","Combust"],"picked":"Rage","floor":0},{"not_picked":["Reckless Charge","Power Through"],"picked":"Combust","floor":0},{"not_picked":["Forethought","Flash of Steel","ReplayTheSpireMod:Brewmster","Chrysalis"],"picked":"Singing Bowl","floor":0},{"not_picked":["Panacea","ReplayTheSpireMod:Brewmster","Violence","Trip"],"picked":"Singing Bowl","floor":0},{"not_picked":["Magnetism","ReplayTheSpireMod:Brewmster","Mayhem","Violence"],"picked":"Singing Bowl","floor":0},{"not_picked":["Blood for Blood+1","Warcry","Headbutt+1","Abandon"],"picked":"Singing Bowl","floor":1},{"not_picked":["Flex","Heavy Blade+1","Rampage+1","Life Link+1"],"picked":"Singing Bowl","floor":1},{"not_picked":["ReplayTheSpireMod:Strike From Hell+1","Sword Boomerang+1","Body Slam+1","ReplayTheSpireMod:Muscle Training"],"picked":"Singing Bowl","floor":4},{"not_picked":["Feel No Pain+1","ReplayTheSpireMod:Strike From Hell+1","Flex"],"picked":"Metallicize+1","floor":4},{"not_picked":["True Grit","Shrug It Off","Headbutt+1","Body Slam+1"],"picked":"Singing Bowl","floor":5},{"not_picked":["Clothesline+1","Twin Strike+1","Replay:Undeath\u0027s Touch+1","Pommel Strike+1"],"picked":"Singing Bowl","floor":5},{"not_picked":["Perfected Strike+1","Carnage+1","Brutality+1","Run Through+1"],"picked":"Singing Bowl","floor":6},{"not_picked":["Combust+1","Infernal Blade","Clothesline+1","Replay:Undeath\u0027s Touch+1"],"picked":"Singing Bowl","floor":10},{"not_picked":["Flex","Wild Strike+1","Anger+1","ReplayTheSpireMod:LeadingStrike+1"],"picked":"Singing Bowl","floor":11},{"not_picked":["True Grit","Headbutt+1","Barricade+1","Havoc"],"picked":"Singing Bowl","floor":11},{"not_picked":["Reaper+1","Corruption+1","Bludgeon+1"],"picked":"Limit Break","floor":16},{"not_picked":["Perfected Strike+1","Clothesline+1","Flex+1","Seeing Red"],"picked":"Singing Bowl","floor":18},{"not_picked":["Heavy Blade+1","Bloodletting","Evolve+1","Body Slam+1"],"picked":"Singing Bowl","floor":18},{"not_picked":["Clash+1","Cleave+1","Run Through+1","Iron Wave+1"],"picked":"Singing Bowl","floor":20},{"not_picked":["Evolve+1","Flex","ReplayTheSpireMod:Muscle Training","Sentinel"],"picked":"Singing Bowl","floor":20},{"not_picked":["Clash+1","Wild Strike+1","ReplayTheSpireMod:Strike From Hell+1"],"picked":"Replay:Many Hands","floor":21},{"not_picked":["Armaments+1","Shrug It Off+1","Life Link+1","Shockwave"],"picked":"Singing Bowl","floor":21},{"not_picked":["Run Through+1","Disarm+1","Shrug It Off","Entrench+1"],"picked":"Singing Bowl","floor":25},{"not_picked":["ReplayTheSpireMod:Strike From Hell+1","Infernal Blade","Wild Strike+1","Clothesline+1"],"picked":"Singing Bowl","floor":25},{"not_picked":["Iron Wave+1","Hemokinesis+1","ReplayTheSpireMod:Strike From Hell+1","Ghostly Armor+1"],"picked":"Singing Bowl","floor":29},{"not_picked":["Reckless Charge+1","Sever Soul+1","Heavy Blade+1","Second Wind"],"picked":"Singing Bowl","floor":29},{"not_picked":["Life Link+1","Sword Boomerang+1","Whirlwind+1","Demonic Infusion"],"picked":"Singing Bowl","floor":31},{"not_picked":["Brutality+1","Impervious","Double Tap"],"picked":"Limit Break","floor":33},{"not_picked":["Battle Trance+1","Spot Weakness","Reckless Charge+1","Sentinel"],"picked":"Singing Bowl","floor":35},{"not_picked":["Clash+1","Run Through+1","Havoc","ReplayTheSpireMod:Muscle Training"],"picked":"Singing Bowl","floor":35},{"not_picked":["Life Link+1","Intimidate+1","Armaments+1","Clash+1"],"picked":"Singing Bowl","floor":38},{"not_picked":["Twin Strike+1","Sword Boomerang+1","Armaments+1","Replay:Undeath\u0027s Touch+1"],"picked":"Singing Bowl","floor":38},{"not_picked":["Iron Wave+1","ReplayTheSpireMod:Strike From Hell+1","Body Slam+1","Replay:Undeath\u0027s Touch+1"],"picked":"Singing Bowl","floor":39},{"not_picked":["Battle Trance+1","Clash+1","Pummel+1","ReplayTheSpireMod:LeadingStrike+1"],"picked":"Singing Bowl","floor":39},{"not_picked":["Perfected Strike+1","Blood for Blood+1","Armaments+1","Replay:Undeath\u0027s Touch+1"],"picked":"Singing Bowl","floor":40},{"not_picked":["Clothesline+1","Inflame+1","Heavy Blade+1","Berserk+1"],"picked":"Singing Bowl","floor":41},{"not_picked":["Headbutt+1","Thunderclap+1","Havoc+1","Anger+1"],"picked":"Singing Bowl","floor":41},{"not_picked":["Thunderclap+1","ReplayTheSpireMod:LeadingStrike+1","Clash+1","Havoc+1"],"picked":"Singing Bowl","floor":42},{"not_picked":["Dualcast","Bash","Neutralize","m_Survivalism"],"picked":"Singing Bowl","floor":44},{"not_picked":["Bludgeon","Limit Break","Double Tap"],"picked":"Feed","floor":44},{"not_picked":["Replay:Bootleg Shield Generator","PanicButton","Dark Shackles"],"picked":"Finesse","floor":44},{"not_picked":["ReplayTheSpireMod:Echoes of Time","ReplayTheSpireMod:??????????????????????","infinitespire:Starlight"],"picked":"infinitespire:NeuralNetwork","floor":44},{"not_picked":["Wild Strike+1","Sword Boomerang+1","Perfected Strike+1","True Grit+1"],"picked":"Singing Bowl","floor":45},{"not_picked":["ReplayTheSpireMod:Strike From Hell+1","Thunderclap+1","Barricade+1","Headbutt+1"],"picked":"Singing Bowl","floor":45},{"not_picked":["Cleave+1","Entrench+1","Combust+1","Carnage+1"],"picked":"Singing Bowl","floor":46},{"not_picked":["Anger+1","Flex+1","Dual Wield+1","Replay:Undeath\u0027s Touch+1"],"picked":"Singing Bowl","floor":47},{"not_picked":["Pummel+1","Heavy Blade+1","Warcry+1","True Grit+1"],"picked":"Singing Bowl","floor":49}],"player_experience":2286804,"relics_obtained":[{"floor":6,"key":"infinitespire:Eraser"},{"floor":9,"key":"Replay:Ringing Soul"},{"floor":10,"key":"ReplayTheSpireMod:Shallot"},{"floor":13,"key":"HornCleat"},{"floor":13,"key":"Replay:WaspNest"},{"floor":24,"key":"Garlic"},{"floor":26,"key":"Mercury Hourglass"},{"floor":31,"key":"Unceasing Top"},{"floor":31,"key":"infinitespire:FocusingShard"},{"floor":42,"key":"Replay:Accelerometer"},{"floor":43,"key":"Shuriken"},{"floor":46,"key":"infinitespire:WardingShard"},{"floor":48,"key":"Pantograph"}],"event_choices":[{"damage_healed":0,"gold_gain":0,"player_choice":"Bought 1 Potion","damage_taken":0,"max_hp_gain":0,"max_hp_loss":0,"event_name":"The Woman in Blue","floor":3,"gold_loss":0},{"damage_healed":0,"gold_gain":0,"player_choice":"Ignored","damage_taken":0,"max_hp_gain":0,"max_hp_loss":0,"event_name":"Transmorgrifier","floor":12,"gold_loss":0},{"damage_healed":0,"gold_gain":50,"player_choice":"Pray","damage_taken":0,"max_hp_gain":0,"max_hp_loss":0,"event_name":"Golden Shrine","floor":14,"gold_loss":0},{"damage_healed":0,"gold_gain":0,"player_choice":"Shed Blood","damage_taken":39,"max_hp_gain":5,"max_hp_loss":0,"event_name":"Forgotten Altar","floor":19,"gold_loss":0},{"damage_healed":0,"gold_gain":0,"player_choice":"Inject Mutagens","damage_taken":0,"relics_obtained":["MutagenicStrength"],"max_hp_gain":0,"max_hp_loss":0,"event_name":"Drug Dealer","floor":22,"gold_loss":0},{"damage_healed":0,"gold_gain":50,"player_choice":"Stole From Cult","damage_taken":0,"max_hp_gain":0,"max_hp_loss":0,"event_name":"Nest","floor":28,"gold_loss":0},{"damage_healed":0,"gold_gain":0,"player_choice":"Fight","damage_taken":0,"max_hp_gain":0,"max_hp_loss":0,"event_name":"Colosseum","floor":31,"gold_loss":0},{"damage_healed":0,"gold_gain":0,"player_choice":"Fought Nobs","damage_taken":0,"max_hp_gain":0,"max_hp_loss":0,"event_name":"Colosseum","floor":31,"gold_loss":0},{"damage_healed":0,"gold_gain":0,"player_choice":"Upgrade","damage_taken":0,"max_hp_gain":0,"max_hp_loss":0,"event_name":"Designer","floor":36,"gold_loss":50,"cards_upgraded":["Armaments"]}],"is_beta":false,"boss_relics":[{"not_picked":["Electric Blood","Coffee Dripper"],"picked":"Fusion Hammer"},{"not_picked":["Sozu","Calling Bell"],"picked":"SacredBark"}],"items_purged_floors":[0,0,0,0,0,0,0,0,0,0,0],"is_endless":false,"potions_floor_spawned":[1,4,5,6,10,11,16,18,20,21,25,29,31,31,33,35,38,39,41,42,45,46],"ascension_level":20}}