{"host":"rb2p2z6v6vieend5","time":1613966293,"event":{"mods":["BaseMod","Block Reminder","Colored Map","DeckTracker","Highlight Path","Minty Spire (QoL Compilation)","Random Character Button","Relic Stats"],"gold_per_floor":[112,112,112,11,11,39,39,39,39,39,77,145,174,202,202,310,310,338,33,83,83],"floor_reached":20,"language":"ENG","playtime":1063,"items_purged":["Defend_P"],"score":288,"play_id":"46d99bc2-bbd0-4d3d-8ef2-ef55cb284e65","local_time":"20210222045813","is_ascension_mode":true,"campfire_choices":[{"floor":8,"key":"REST"},{"floor":10,"key":"REST"},{"floor":15,"key":"REST"}],"circlet_count":0,"master_deck":["Strike_P","Strike_P","Strike_P","Defend_P","Eruption","Vigilance","Evaluate","Protect","Fasting2","Perseverance+1","Consecrate","Establishment","TalkToTheHand+1","LessonLearned"],"relics":["Fusion Hammer","Regal Pillow","Blood Vial","SsserpentHead","Matryoshka","CeramicFish","Juzu Bracelet","Empty Cage","ClockworkSouvenir"],"acts_visited":["Exordium","TheCity"],"potions_floor_usage":[16,20,20,20,20,20,20,20],"damage_taken":[{"damage":1,"enemies":"2 Louse","floor":1,"turns":3},{"damage":23,"enemies":"3 Sentries","floor":6,"turns":8},{"damage":48,"enemies":"Gremlin Nob","floor":11,"turns":5},{"damage":0,"enemies":"Jaw Worm","floor":12,"turns":4},{"damage":0,"enemies":"Small Slimes","floor":13,"turns":5},{"damage":0,"enemies":"Lagavulin","floor":14,"turns":7},{"damage":27,"enemies":"The Guardian","floor":16,"turns":16},{"damage":3,"enemies":"Spheric Guardian","floor":18,"turns":8},{"damage":70,"enemies":"Masked Bandits","floor":20,"turns":4}],"seed_played":"-4995307712805103841","potions_obtained":[{"floor":6,"key":"EntropicBrew"},{"floor":11,"key":"EntropicBrew"},{"floor":12,"key":"DuplicationPotion"},{"floor":16,"key":"Energy Potion"}],"is_trial":false,"path_per_floor":["M","?","?","$","?","E","?","R","T","R","E","M","M","E","R","B",null,"M","$","?"],"character_chosen":"WATCHER","items_purchased":["Protect","LessonLearned","ClockworkSouvenir"],"campfire_rested":3,"item_purchase_floors":[4,19,19],"current_hp_per_floor":[64,57,45,45,45,22,22,58,58,72,24,26,28,30,66,41,64,63,63,0,0],"gold":83,"neow_bonus":"BOSS_RELIC","is_daily":false,"chose_seed":false,"campfire_upgraded":0,"win_rate":0.0,"timestamp":1613966293,"path_taken":["M","?","?","$","?","E","?","R","T","R","E","?","M","E","R","BOSS","M","$","?"],"items_purchased_type":["Card","Card","Relic"],"build_version":"2020-12-22","purchased_purges":1,"victory":false,"max_hp_per_floor":[72,72,72,72,72,72,72,72,72,72,72,72,72,72,72,72,72,72,72,72,72],"relic_stats":{"Blood Vial":12,"SsserpentHead":100,"Regal Pillow":30,"counters":[9,60],"CeramicFish":45,"Juzu Bracelet":0,"obtain_stats":[{"Blood Vial":6,"SsserpentHead":7,"Regal Pillow":3,"Matryoshka":9,"CeramicFish":11,"Fusion Hammer":0,"Juzu Bracelet":14,"PureWater":0,"Empty Cage":17,"ClockworkSouvenir":19},{"Blood Vial":2,"SsserpentHead":2,"Regal Pillow":1,"Matryoshka":2,"CeramicFish":3,"Fusion Hammer":0,"Juzu Bracelet":6,"PureWater":0,"Empty Cage":7,"ClockworkSouvenir":8},{"Blood Vial":11,"SsserpentHead":11,"Regal Pillow":3,"Matryoshka":11,"CeramicFish":16,"Fusion Hammer":0,"Juzu Bracelet":32,"PureWater":0,"Empty Cage":48,"ClockworkSouvenir":56}]},"card_choices":[{"not_picked":["Halt","CutThroughFate"],"picked":"Evaluate","floor":1},{"not_picked":["BowlingBash","FlyingSleeves"],"picked":"Fasting2","floor":6},{"not_picked":["FearNoEvil","InnerPeace"],"picked":"Perseverance","floor":11},{"not_picked":["FlyingSleeves","Study","BowlingBash"],"picked":"SKIP","floor":12},{"not_picked":["Swivel","FlyingSleeves"],"picked":"Consecrate","floor":13},{"not_picked":["Halt","JustLucky","FollowUp"],"picked":"SKIP","floor":14},{"not_picked":["Blasphemy","Ragnarok"],"picked":"Establishment","floor":16},{"not_picked":["SashWhip","Wallop"],"picked":"TalkToTheHand+1","floor":18}],"player_experience":808694,"relics_obtained":[{"floor":6,"key":"Blood Vial"},{"floor":9,"key":"Matryoshka"},{"floor":11,"key":"CeramicFish"},{"floor":14,"key":"Juzu Bracelet"}],"event_choices":[{"cards_removed":["Defend_P"],"damage_healed":0,"gold_gain":0,"player_choice":"Card Removal","damage_taken":7,"max_hp_gain":0,"max_hp_loss":0,"event_name":"Golden Wing","floor":2,"gold_loss":0},{"damage_healed":0,"gold_gain":0,"player_choice":"Success","damage_taken":12,"relics_obtained":["Regal Pillow"],"max_hp_gain":0,"max_hp_loss":0,"event_name":"Scrap Ooze","floor":3,"gold_loss":0},{"damage_healed":0,"gold_gain":0,"player_choice":"Ignored","damage_taken":0,"max_hp_gain":0,"max_hp_loss":0,"event_name":"Liars Game","floor":5,"gold_loss":0},{"damage_healed":0,"gold_gain":0,"player_choice":"Trade","damage_taken":0,"relics_obtained":["SsserpentHead"],"max_hp_gain":0,"max_hp_loss":0,"event_name":"FaceTrader","floor":7,"gold_loss":0},{"damage_healed":0,"gold_gain":0,"player_choice":"Fought Bandits","damage_taken":0,"max_hp_gain":0,"max_hp_loss":0,"event_name":"Masked Bandits","floor":20,"gold_loss":0}],"is_beta":false,"boss_relics":[{"not_picked":["Coffee Dripper","Philosopher\u0027s Stone"],"picked":"Empty Cage"}],"items_purged_floors":[4],"is_endless":false,"potions_floor_spawned":[6,11,12,14,16],"killed_by":"Masked Bandits","ascension_level":7}}