{"host":"rw1trt79hfpl7pom","time":1613983788,"event":{"mods":["BaseMod","Bestiary","Colored Map","Jorbs\u0027s Wanderer Trilogy","Minty Spire (QoL Compilation)","Relic Stats","StSLib","SuperFastMode"],"gold_per_floor":[115,165,185,185,199,199,228,228,274,274,301,301,318,338,338,415,415,433,433,483,493,58,93,104,104,127,127,8,8,23,23,23,94,94,111,111,131,146,163,191,201,236,236,263,263,302,329,358,358,358,358,358,358,40,71,71],"floor_reached":57,"language":"ENG","playtime":4971,"items_purged":["Strike_G","Strike_G","Pain"],"score":2779,"play_id":"e5ff9f76-47b6-44b0-a527-4949f0a007dc","local_time":"20210222004948","is_ascension_mode":true,"campfire_choices":[{"data":"Riddle With Holes","floor":6.0,"key":"SMITH"},{"data":"Wraith Form v2","floor":8.0,"key":"SMITH"},{"data":"Terror","floor":12.0,"key":"SMITH"},{"data":"Neutralize","floor":15.0,"key":"SMITH"},{"floor":27.0,"key":"REST"},{"data":"Accuracy","floor":29.0,"key":"SMITH"},{"data":"Blade Dance","floor":32.0,"key":"SMITH"},{"floor":45.0,"key":"REST"},{"floor":49.0,"key":"RECALL"},{"data":"Wraith Form v2","floor":53,"key":"SMITH"}],"circlet_count":0,"master_deck":["AscendersBane","Strike_G","Strike_G","Strike_G","Defend_G","Defend_G","Defend_G","Defend_G","Defend_G","Survivor","Neutralize+1","Terror+1","Acrobatics","Riddle With Holes+1","Wraith Form v2+1","Tools of the Trade","Skewer+1","RitualDagger+1","Blade Dance+1","After Image","Leg Sweep","Accuracy+1","PanicButton","Accuracy+1","Wraith Form v2+1","Accuracy","Outmaneuver+1","Infinite Blades+1","Leg Sweep+1","Blade Dance+1","Outmaneuver+1","Cloak And Dagger+1","Footwork+1","Footwork","Calculated Gamble+1"],"relics":["Ring of the Snake","NeowsBlessing","Boot","Regal Pillow","Akabeko","Runic Pyramid","Membership Card","Bag of Preparation","Strawberry","MealTicket","Bag of Marbles","Toxic Egg 2","HoveringKite","WarpedTongs","Centennial Puzzle","CeramicFish","Smiling Mask","Question Card","OrangePellets","Pen Nib","Oddly Smooth Stone"],"acts_visited":["Exordium","TheCity","TheBeyond","TheEnding"],"potions_floor_usage":[51,56],"damage_taken":[{"damage":0.0,"enemies":"2 Louse","floor":1.0,"turns":1.0},{"damage":0.0,"enemies":"Cultist","floor":3.0,"turns":1.0},{"damage":0.0,"enemies":"Jaw Worm","floor":5.0,"turns":1.0},{"damage":24.0,"enemies":"3 Sentries","floor":7.0,"turns":13.0},{"damage":4.0,"enemies":"Lagavulin","floor":11.0,"turns":6.0},{"damage":0.0,"enemies":"Looter","floor":13.0,"turns":3.0},{"damage":1.0,"enemies":"3 Louse","floor":14.0,"turns":4.0},{"damage":27.0,"enemies":"The Guardian","floor":16.0,"turns":16.0},{"damage":8.0,"enemies":"2 Thieves","floor":18.0,"turns":5.0},{"damage":6.0,"enemies":"3 Byrds","floor":21.0,"turns":5.0},{"damage":32.0,"enemies":"Gremlin Leader","floor":23.0,"turns":7.0},{"damage":1.0,"enemies":"Centurion and Healer","floor":24.0,"turns":5.0},{"damage":2.0,"enemies":"Snake Plant","floor":30.0,"turns":4.0},{"damage":39.0,"enemies":"Automaton","floor":33.0,"turns":13.0},{"damage":8.0,"enemies":"3 Darklings","floor":35.0,"turns":7.0},{"damage":2.0,"enemies":"3 Shapes","floor":37.0,"turns":4.0},{"damage":6.0,"enemies":"3 Darklings","floor":38.0,"turns":7.0},{"damage":10.0,"enemies":"Transient","floor":39.0,"turns":6.0},{"damage":13.0,"enemies":"Reptomancer","floor":40.0,"turns":8.0},{"damage":4.0,"enemies":"Spire Growth","floor":41.0,"turns":4.0},{"damage":3.0,"enemies":"Giant Head","floor":42.0,"turns":6.0},{"damage":4.0,"enemies":"Nemesis","floor":44.0,"turns":7.0},{"damage":8.0,"enemies":"Giant Head","floor":46.0,"turns":7.0},{"damage":2.0,"enemies":"Maw","floor":47.0,"turns":7.0},{"damage":3.0,"enemies":"3 Darklings","floor":48.0,"turns":7.0},{"damage":20.0,"enemies":"Donu and Deca","floor":50.0,"turns":10.0},{"damage":17,"enemies":"Awakened One","floor":51,"turns":8},{"damage":1,"enemies":"Shield and Spear","floor":55,"turns":8},{"damage":45,"enemies":"The Heart","floor":56,"turns":11}],"seed_played":"-1473900764186902446","potions_obtained":[{"floor":5.0,"key":"DuplicationPotion"},{"floor":7.0,"key":"Fire Potion"},{"floor":11.0,"key":"Poison Potion"},{"floor":18.0,"key":"GamblersBrew"},{"floor":44.0,"key":"BlessingOfTheForge"},{"floor":48.0,"key":"DistilledChaos"}],"is_trial":false,"path_per_floor":["M","?","M","?","M","R","E","R","T","?","E","R","M","M","R","B",null,"M","?","?","M","$","E","M","?","T","R","$","R","M","T","R","B",null,"M","?","M","M","M","E","M","E","T","E","R","E","M","M","R","B","B",null,"R","$","E","B",null],"character_chosen":"THE_SILENT","items_purchased":["Membership Card","Bag of Preparation","Strawberry","Blade Dance","FairyPotion","Accuracy","PanicButton","OrangePellets","Footwork","Calculated Gamble+1","Pen Nib","SpeedPotion"],"campfire_rested":2,"item_purchase_floors":[22,22,22,22,22,28,28,54,54,54,54,54],"current_hp_per_floor":[59,59,59,59,59,59,35,35,35,40,36,36,36,35,35,8,55,47,41,41,35,42,10,9,9,9,47,62,62,60,60,60,21,64,56,56,54,48,38,25,21,18,18,14,52,44,42,39,39,19,2,59,59,74,73,28],"gold":71,"neow_bonus":"THREE_ENEMY_KILL","is_daily":false,"chose_seed":false,"campfire_upgraded":7,"win_rate":0.0,"timestamp":1613983788,"path_taken":["M","?","?","?","M","R","E","R","T","?","E","R","M","M","R","BOSS","M","?","?","M","$","E","?","?","T","R","?","R","M","?","R","BOSS","M","?","M","M","M","E","M","E","T","E","R","E","M","M","R","BOSS","BOSS","R","$","E","BOSS"],"items_purchased_type":["Relic","Relic","Relic","Card","Potion","Card","Card","Relic","Card","Card","Relic","Potion"],"build_version":"2020-12-22","purchased_purges":3,"victory":true,"max_hp_per_floor":[66,66,66,66,66,66,66,66,66,71,71,71,71,71,71,71,71,71,71,71,71,78,78,78,78,78,78,78,78,78,78,78,78,78,78,78,78,78,78,78,78,78,78,78,78,78,78,78,78,78,78,78,78,78,78,78],"relic_stats":{"Regal Pillow":30,"counters":[29,191],"CeramicFish":54,"HoveringKite":[63],"Pen Nib":[5],"Bag of Preparation":[38],"Boot":[148],"Smiling Mask":13,"Question Card":3,"WarpedTongs":[100],"OrangePellets":[9],"Centennial Puzzle":[25],"MealTicket":30,"obtain_stats":[{"Regal Pillow":9,"NeowsBlessing":0,"CeramicFish":42,"HoveringKite":34,"Oddly Smooth Stone":55,"Pen Nib":54,"Bag of Preparation":22,"Boot":7,"Smiling Mask":44,"Question Card":46,"Akabeko":11,"WarpedTongs":36,"OrangePellets":54,"Centennial Puzzle":40,"Strawberry":22,"MealTicket":23,"Bag of Marbles":26,"Membership Card":22,"Toxic Egg 2":31,"Ring of the Snake":0,"Runic Pyramid":17},{"Regal Pillow":4,"NeowsBlessing":0,"CeramicFish":21,"HoveringKite":14,"Oddly Smooth Stone":28,"Pen Nib":27,"Bag of Preparation":10,"Boot":4,"Smiling Mask":22,"Question Card":23,"Akabeko":5,"WarpedTongs":15,"OrangePellets":27,"Centennial Puzzle":19,"Strawberry":10,"MealTicket":11,"Bag of Marbles":12,"Membership Card":10,"Toxic Egg 2":13,"Ring of the Snake":0,"Runic Pyramid":8},{"Regal Pillow":16,"NeowsBlessing":0,"CeramicFish":126,"HoveringKite":84,"Oddly Smooth Stone":180,"Pen Nib":172,"Bag of Preparation":55,"Boot":16,"Smiling Mask":133,"Question Card":140,"Akabeko":22,"WarpedTongs":91,"OrangePellets":172,"Centennial Puzzle":116,"Strawberry":55,"MealTicket":62,"Bag of Marbles":67,"Membership Card":55,"Toxic Egg 2":71,"Ring of the Snake":0,"Runic Pyramid":45}],"Ring of the Snake":[58]},"card_choices":[{"not_picked":["Cloak And Dagger","Backflip"],"picked":"Terror","floor":1.0},{"not_picked":["Eviscerate","Setup"],"picked":"Acrobatics","floor":3.0},{"not_picked":["Cloak And Dagger","Expertise"],"picked":"Riddle With Holes","floor":5.0},{"not_picked":["PiercingWail","Dodge and Roll"],"picked":"Wraith Form v2","floor":7.0},{"not_picked":["Prepared","Sucker Punch","Flying Knee"],"picked":"SKIP","floor":11.0},{"not_picked":["Slice","Deadly Poison","Flying Knee"],"picked":"SKIP","floor":13.0},{"not_picked":["Bane","Dagger Throw","Outmaneuver"],"picked":"SKIP","floor":14.0},{"not_picked":["Bullet Time","Grand Finale"],"picked":"Tools of the Trade","floor":16.0},{"not_picked":["Predator+1","Dodge and Roll"],"picked":"Skewer+1","floor":18.0},{"not_picked":["Poisoned Stab","Quick Slash","Underhanded Strike+1"],"picked":"SKIP","floor":21.0},{"not_picked":["Slice","Prepared"],"picked":"After Image","floor":23.0},{"not_picked":["Catalyst","Dagger Spray"],"picked":"Leg Sweep","floor":24.0},{"not_picked":["Predator","Leg Sweep"],"picked":"Accuracy+1","floor":30.0},{"not_picked":["Corpse Explosion+1","A Thousand Cuts"],"picked":"Wraith Form v2","floor":33.0},{"not_picked":["Backflip+1","Catalyst+1","Bane+1"],"picked":"SKIP","floor":35.0},{"not_picked":["Backflip+1","Poisoned Stab","Sucker Punch"],"picked":"SKIP","floor":37.0},{"not_picked":["Quick Slash","Deadly Poison+1"],"picked":"Accuracy","floor":38.0},{"not_picked":["Acrobatics+1","Flying Knee"],"picked":"Outmaneuver+1","floor":39.0},{"not_picked":["Sucker Punch","Predator"],"picked":"Infinite Blades+1","floor":40.0},{"not_picked":["Dagger Throw","Catalyst+1"],"picked":"Leg Sweep+1","floor":41.0},{"not_picked":["Crippling Poison+1","Caltrops+1"],"picked":"Blade Dance+1","floor":42.0},{"not_picked":["Accuracy","Flechettes+1","Poisoned Stab"],"picked":"SKIP","floor":44.0},{"not_picked":["Deflect+1","Expertise+1"],"picked":"Outmaneuver+1","floor":46.0},{"not_picked":["Well Laid Plans","Slice","Dagger Spray"],"picked":"Cloak And Dagger+1","floor":47.0},{"not_picked":["Doppelganger+1","Blur+1","Dash+1"],"picked":"Footwork+1","floor":48.0},{"not_picked":["Accuracy","Predator","Outmaneuver+1","Sucker Punch"],"picked":"SKIP","floor":55},{"not_picked":["Accuracy","Predator","Outmaneuver+1","Sucker Punch"],"picked":"SKIP","floor":55}],"player_experience":2864462,"relics_obtained":[{"floor":7.0,"key":"Boot"},{"floor":9.0,"key":"Regal Pillow"},{"floor":11.0,"key":"Akabeko"},{"floor":23.0,"key":"MealTicket"},{"floor":26.0,"key":"Bag of Marbles"},{"floor":31.0,"key":"Toxic Egg 2"},{"floor":40.0,"key":"Centennial Puzzle"},{"floor":42.0,"key":"CeramicFish"},{"floor":44.0,"key":"Smiling Mask"},{"floor":46.0,"key":"Question Card"},{"floor":55,"key":"Oddly Smooth Stone"}],"event_choices":[{"damage_healed":0.0,"max_hp_gain":0.0,"max_hp_loss":0.0,"gold_gain":50.0,"event_name":"Golden Shrine","player_choice":"Pray","floor":2.0,"gold_loss":0.0,"damage_taken":0.0},{"damage_healed":0.0,"max_hp_gain":0.0,"max_hp_loss":0.0,"gold_gain":0.0,"event_name":"Liars Game","player_choice":"Ignored","floor":4.0,"gold_loss":0.0,"damage_taken":0.0},{"damage_healed":0.0,"max_hp_gain":5.0,"max_hp_loss":0.0,"gold_gain":0.0,"event_name":"Big Fish","player_choice":"Donut","floor":10.0,"gold_loss":0.0,"damage_taken":0.0},{"damage_healed":0.0,"max_hp_gain":0.0,"max_hp_loss":0.0,"gold_gain":0.0,"event_name":"Nest","player_choice":"Joined the Cult","floor":19.0,"gold_loss":0.0,"damage_taken":6.0,"cards_obtained":["RitualDagger"]},{"damage_healed":0.0,"max_hp_gain":0.0,"max_hp_loss":0.0,"gold_gain":50.0,"event_name":"Golden Shrine","player_choice":"Pray","floor":20.0,"gold_loss":0.0,"damage_taken":0.0},{"damage_healed":0.0,"max_hp_gain":0.0,"max_hp_loss":0.0,"gold_gain":0.0,"event_name":"Upgrade Shrine","player_choice":"Upgraded","floor":25.0,"gold_loss":0.0,"damage_taken":0.0,"cards_upgraded":["RitualDagger"]},{"damage_healed":0.0,"max_hp_gain":0.0,"max_hp_loss":0.0,"gold_gain":0.0,"event_name":"Accursed Blacksmith","player_choice":"Rummage","floor":36.0,"gold_loss":0.0,"damage_taken":0.0,"relics_obtained":["WarpedTongs"],"cards_obtained":["Pain"]}],"is_beta":false,"boss_relics":[{"not_picked":["WristBlade","Sozu"],"picked":"Runic Pyramid"},{"not_picked":["Coffee Dripper","Pandora\u0027s Box"],"picked":"HoveringKite"}],"items_purged_floors":[22,28,54],"is_endless":false,"potions_floor_spawned":[5,7,11,13,18,30,40,41,44,46,48],"ascension_level":20}}