{"host":"lofekbk9st7qup1x","time":1613999627,"event":{"mods":["Ascension Reborn","BaseMod","BetterRewards","Minty Spire (QoL Compilation)","UnlockEverythingMod"],"gold_per_floor":[212,225,3,3,3,28,28,102,128,303,316,350,370,386,386,482,482,498,545,52,52,66,85,114,114,114,134,134,134],"floor_reached":28,"language":"ENG","playtime":2128,"items_purged":[],"score":273,"play_id":"31f65f27-6d86-463b-8c71-21bfad2487a5","local_time":"20210222211347","is_ascension_mode":true,"campfire_choices":[{"floor":7,"key":"RECALL"},{"floor":15,"key":"REST"}],"circlet_count":0,"master_deck":["Strike_G+1","Strike_G+1","Strike_G+1","Strike_G+1","Strike_G+1","Defend_G+1","Defend_G+1","Defend_G+1","Defend_G+1","Defend_G+1","Survivor+1","Neutralize+1","Flying Knee+1","Underhanded Strike+1","Slice","Prepared","Flying Knee","Doubt","Expertise","Backflip","Prepared","Flying Knee","A Thousand Cuts","PiercingWail","Caltrops","Master of Strategy","Writhe","Prepared","Poisoned Stab+1","Sucker Punch+1","Deflect"],"relics":["Ring of the Snake","Tiny Chest","Blood Vial","Happy Flower","MealTicket","SlaversCollar","Akabeko","Membership Card","Lizard Tail","Nunchaku","Ancient Tea Set","Pen Nib","Darkstone Periapt"],"acts_visited":["Exordium","TheCity"],"potions_floor_usage":[16,16,16,23,28,28],"damage_taken":[{"damage":0,"enemies":"Cultist","floor":1,"turns":3},{"damage":0,"enemies":"Small Slimes","floor":2,"turns":3},{"damage":18,"enemies":"3 Sentries","floor":6,"turns":11},{"damage":0,"enemies":"Jaw Worm","floor":11,"turns":2},{"damage":0,"enemies":"Lagavulin","floor":12,"turns":5},{"damage":4,"enemies":"3 Louse","floor":13,"turns":4},{"damage":1,"enemies":"Blue Slaver","floor":14,"turns":2},{"damage":10,"enemies":"Hexaghost","floor":16,"turns":11},{"damage":8,"enemies":"Shell Parasite","floor":18,"turns":7},{"damage":13,"enemies":"Chosen","floor":22,"turns":6},{"damage":6,"enemies":"Snake Plant","floor":23,"turns":5},{"damage":83,"enemies":"Slavers","floor":24,"turns":6},{"damage":18,"enemies":"Chosen and Byrds","floor":27,"turns":8},{"damage":9,"enemies":"3 Cultists","floor":28,"turns":3}],"seed_played":"3193943508418079588","potions_obtained":[{"floor":6,"key":"Block Potion"},{"floor":11,"key":"Block Potion"},{"floor":13,"key":"SkillPotion"},{"floor":16,"key":"Weak Potion"},{"floor":23,"key":"Strength Potion"},{"floor":24,"key":"Fire Potion"},{"floor":27,"key":"SpeedPotion"}],"is_trial":false,"path_per_floor":["M","M","$","?","$","E","R","T","T","?","M","E","M","M","R","B",null,"M","T","$","?","M","M","E","?","T","M","M"],"character_chosen":"THE_SILENT","items_purchased":["Tiny Chest","Slice","Prepared","Membership Card","Caltrops","Lizard Tail","Nunchaku","Master of Strategy"],"campfire_rested":1,"item_purchase_floors":[3,3,3,20,20,20,20,20],"current_hp_per_floor":[70,70,70,56,56,38,38,38,38,38,40,42,40,41,62,54,70,62,62,70,70,57,53,19,19,19,3,0,0],"gold":134,"neow_bonus":"HUNDRED_GOLD","is_daily":false,"chose_seed":false,"campfire_upgraded":0,"win_rate":0.0,"timestamp":1613999627,"path_taken":["M","M","?","?","$","E","R","?","T","?","M","E","M","M","R","BOSS","M","?","$","?","M","M","E","?","T","M","M"],"items_purchased_type":["Relic","Card","Card","Relic","Card","Relic","Relic","Card"],"build_version":"2020-12-22","purchased_purges":0,"victory":false,"max_hp_per_floor":[70,70,70,70,70,70,70,70,70,70,70,70,70,70,70,70,70,70,70,70,70,70,70,70,70,70,70,70,70],"card_choices":[{"not_picked":["Dagger Spray","Terror"],"picked":"Flying Knee","floor":1},{"not_picked":["Dodge and Roll","Bouncing Flask"],"picked":"Underhanded Strike","floor":2},{"not_picked":["Dodge and Roll","Riddle With Holes"],"picked":"Flying Knee","floor":6},{"not_picked":["Blade Dance","Deflect"],"picked":"Expertise","floor":11},{"not_picked":["Quick Slash","Cloak And Dagger"],"picked":"Backflip","floor":12},{"not_picked":["Heel Hook","Sucker Punch"],"picked":"Prepared","floor":13},{"not_picked":["Cloak And Dagger","Catalyst"],"picked":"Flying Knee","floor":14},{"not_picked":["Bullet Time","Unload"],"picked":"A Thousand Cuts","floor":16},{"not_picked":["All Out Attack","Expertise+1"],"picked":"PiercingWail","floor":18},{"not_picked":["Infinite Blades","Cloak And Dagger+1"],"picked":"Prepared","floor":22},{"not_picked":["Masterful Stab","Terror"],"picked":"Poisoned Stab+1","floor":23},{"not_picked":["Cloak And Dagger","Outmaneuver"],"picked":"Sucker Punch+1","floor":24},{"not_picked":["Flechettes","Cloak And Dagger"],"picked":"Deflect","floor":27}],"player_experience":9113,"relics_obtained":[{"floor":6,"key":"Blood Vial"},{"floor":9,"key":"Happy Flower"},{"floor":12,"key":"MealTicket"},{"floor":19,"key":"Akabeko"},{"floor":24,"key":"Pen Nib"},{"floor":26,"key":"Darkstone Periapt"}],"event_choices":[{"damage_healed":0,"gold_gain":0,"player_choice":"Entered Light","damage_taken":14,"max_hp_gain":0,"max_hp_loss":0,"event_name":"Shining Light","floor":4,"gold_loss":0,"cards_upgraded":["Flying Knee","Underhanded Strike"]},{"damage_healed":0,"gold_gain":175,"player_choice":"AGREE","damage_taken":0,"max_hp_gain":0,"max_hp_loss":0,"event_name":"Liars Game","floor":10,"gold_loss":0,"cards_obtained":["Doubt"]},{"damage_healed":0,"gold_gain":0,"player_choice":"Opened","damage_taken":0,"relics_obtained":["Ancient Tea Set"],"max_hp_gain":0,"max_hp_loss":0,"event_name":"The Mausoleum","floor":21,"gold_loss":0,"cards_obtained":["Writhe"]},{"damage_healed":0,"gold_gain":0,"player_choice":"Ignored","damage_taken":0,"max_hp_gain":0,"max_hp_loss":0,"event_name":"Ghosts","floor":25,"gold_loss":0}],"is_beta":false,"boss_relics":[{"not_picked":["SacredBark","Cursed Key"],"picked":"SlaversCollar"}],"items_purged_floors":[],"is_endless":false,"potions_floor_spawned":[6,11,13,16,23,24,27],"killed_by":"3 Cultists","ascension_level":0}}