{"host":"cr9rpoy6dx9riis3","time":1613992915,"event":{"mods":["AchievementEnabler","BaseMod","Better Altar","Better Note","Better Sensory Stone","Better Skull","Better Third Choice","Better-Laid Plans","BetterRewards","Block Reminder","Curses Come First","Displayed Cursed Tome","Emptier Cage","Marked Mod","Minty Spire (QoL Compilation)","Permanent Neow","Relic Sorter","StSLib","The Blue Laboratory","Transform Curses"],"gold_per_floor":[116,130,149,160,171,202,202,230,230,230,250,250,264,276,276,381,381,393,413,425,70,88,88,113,126,126,145,163,163,173,186,186,291,291,308,308,308,28,42,42,67,77,77,77,111,111,111,161,161,161,161],"floor_reached":50,"language":"ENG","playtime":3570,"items_purged":["Defend_G","Strike_G","Strike_G"],"score":897,"play_id":"8816ac9d-6c26-40c1-9083-88bee1a84ae1","local_time":"20210222122155","is_ascension_mode":true,"campfire_choices":[{"data":"Trip","floor":7,"key":"SMITH"},{"data":"Survivor","floor":10,"key":"SMITH"},{"floor":12,"key":"REST"},{"data":"Eviscerate","floor":15,"key":"SMITH"},{"floor":23,"key":"REST"},{"floor":29,"key":"REST"},{"floor":32,"key":"REST"},{"data":"Eviscerate","floor":40,"key":"SMITH"},{"floor":44,"key":"REST"},{"floor":46,"key":"REST"},{"data":"Phantasmal Killer","floor":49,"key":"SMITH"}],"circlet_count":0,"master_deck":["Strike_G","Strike_G","Defend_G","Defend_G","Defend_G","Defend_G","Survivor+1","Neutralize","Trip+1","Deflect","Backflip","Eviscerate+1","Underhanded Strike","Die Die Die","Flechettes","Phantasmal Killer+1","Eviscerate+1","Masterful Stab","Burst","Deflect","Bullet Time","Well Laid Plans+1","Panacea","Trip","Prepared+1"],"relics":["Ring of the Serpent","Lee\u0027s Waffle","Frozen Egg 2","SlaversCollar","Lizard Tail","Pantograph","Blood Vial","Torii","Ornamental Fan","Kunai"],"acts_visited":["Exordium","TheCity","TheBeyond"],"potions_floor_usage":[6,8,14,16,22,24,24,25,27,30,33,41,42,42,45],"damage_taken":[{"damage":5,"enemies":"Cultist","floor":1,"turns":4},{"damage":1,"enemies":"Small Slimes","floor":2,"turns":3},{"damage":5,"enemies":"2 Louse","floor":3,"turns":3},{"damage":5,"enemies":"Blue Slaver","floor":4,"turns":3},{"damage":0,"enemies":"Looter","floor":5,"turns":3},{"damage":35,"enemies":"Gremlin Nob","floor":6,"turns":5},{"damage":9,"enemies":"Lagavulin","floor":8,"turns":5},{"damage":3,"enemies":"Exordium Wildlife","floor":11,"turns":4},{"damage":0,"enemies":"Blue Slaver","floor":13,"turns":3},{"damage":0,"enemies":"Lots of Slimes","floor":14,"turns":2},{"damage":28,"enemies":"The Guardian","floor":16,"turns":19},{"damage":20,"enemies":"Spheric Guardian","floor":18,"turns":4},{"damage":2,"enemies":"Chosen","floor":19,"turns":3},{"damage":24,"enemies":"Centurion and Healer","floor":20,"turns":6},{"damage":7,"enemies":"Snecko","floor":22,"turns":6},{"damage":28,"enemies":"Slavers","floor":24,"turns":3},{"damage":0,"enemies":"3 Cultists","floor":25,"turns":4},{"damage":1,"enemies":"Cultist and Chosen","floor":27,"turns":6},{"damage":3,"enemies":"Centurion and Healer","floor":28,"turns":7},{"damage":9,"enemies":"Chosen and Byrds","floor":30,"turns":5},{"damage":17,"enemies":"Cultist and Chosen","floor":31,"turns":8},{"damage":25,"enemies":"Automaton","floor":33,"turns":20},{"damage":0,"enemies":"3 Shapes","floor":35,"turns":3},{"damage":2,"enemies":"3 Darklings","floor":39,"turns":5},{"damage":73,"enemies":"Nemesis","floor":41,"turns":11},{"damage":34,"enemies":"Sphere and 2 Shapes","floor":42,"turns":6},{"damage":18,"enemies":"Giant Head","floor":45,"turns":10},{"damage":0,"enemies":"Mind Bloom Boss Battle","floor":48,"turns":8},{"damage":119,"enemies":"Awakened One","floor":50,"turns":15}],"seed_played":"3931348376653263920","potions_obtained":[{"floor":3,"key":"blueLaboratory:RememoryPotion"},{"floor":6,"key":"BlessingOfTheForge"},{"floor":13,"key":"BlessingOfTheForge"},{"floor":16,"key":"blueLaboratory:Virophage"},{"floor":20,"key":"blueLaboratory:HorrorPotion"},{"floor":22,"key":"blueLaboratory:Moonshine"},{"floor":24,"key":"GamblersBrew"},{"floor":25,"key":"Strength Potion"},{"floor":28,"key":"blueLaboratory:SuffocatingSmog"},{"floor":31,"key":"ColorlessPotion"},{"floor":35,"key":"blueLaboratory:FruitPreserves"},{"floor":39,"key":"GamblersBrew"},{"floor":41,"key":"Energy Potion"},{"floor":42,"key":"AttackPotion"}],"is_trial":false,"path_per_floor":["M","M","M","M","M","E","R","E","T","R","M","R","M","M","R","B",null,"M","M","M","$","M","R","E","M","T","M","M","R","M","M","R","B",null,"M","?","?","$","M","R","E","M","T","R","E","R","?","?","R","B"],"character_chosen":"THE_SILENT","items_purchased":["Blood Vial","Trip","blueLaboratory:LouseDecoction","Kunai","Lee\u0027s Waffle"],"campfire_rested":6,"item_purchase_floors":[0,0,0,21,38],"current_hp_per_floor":[48,49,46,43,45,12,12,5,5,5,4,25,27,29,29,3,53,35,35,13,13,8,29,3,5,5,6,5,26,19,4,25,2,53,55,55,55,77,75,75,4,4,4,27,11,34,34,61,61,0,0],"gold":161,"neow_bonus":"","is_daily":false,"chose_seed":false,"campfire_upgraded":5,"win_rate":0.0,"timestamp":1613992915,"path_taken":["M","M","M","M","M","E","R","E","T","R","M","R","M","M","R","BOSS","M","M","M","$","M","R","E","M","T","M","M","R","M","M","R","BOSS","M","?","?","$","M","R","E","M","T","R","E","R","?","?","R","BOSS"],"items_purchased_type":["Relic","Card","Potion","Relic","Relic"],"build_version":"2020-12-22","purchased_purges":3,"victory":false,"max_hp_per_floor":[70,70,70,70,70,70,70,70,70,70,70,70,70,70,70,70,70,70,70,70,70,70,70,70,70,70,70,70,70,70,70,70,70,70,70,70,70,77,77,77,77,77,77,77,77,77,77,77,77,77,77],"card_choices":[{"not_picked":["Predator","Infinite Blades","Acrobatics"],"picked":"SKIP","floor":1},{"not_picked":["Blur","Acrobatics"],"picked":"Deflect","floor":2},{"not_picked":["Calculated Gamble","Sucker Punch"],"picked":"Backflip","floor":3},{"not_picked":["Outmaneuver","Tactician"],"picked":"Eviscerate","floor":4},{"not_picked":["Calculated Gamble","Backstab"],"picked":"Underhanded Strike","floor":5},{"not_picked":["Flying Knee","Blade Dance"],"picked":"Die Die Die","floor":6},{"not_picked":["Setup","Dash","Escape Plan"],"picked":"SKIP","floor":8},{"not_picked":["Outmaneuver","Terror","Cloak And Dagger"],"picked":"SKIP","floor":11},{"not_picked":["Deflect","Poisoned Stab"],"picked":"Flechettes","floor":13},{"not_picked":["Choke","Predator","Acrobatics"],"picked":"SKIP","floor":14},{"not_picked":["After Image+1","Wraith Form v2+1"],"picked":"Phantasmal Killer","floor":16},{"not_picked":["Escape Plan","Deadly Poison+1","Outmaneuver"],"picked":"SKIP","floor":18},{"not_picked":["Skewer","Sucker Punch","Bane+1"],"picked":"SKIP","floor":19},{"not_picked":["Deadly Poison","Poisoned Stab","Finisher"],"picked":"SKIP","floor":20},{"not_picked":["Cloak And Dagger+1","Dagger Spray"],"picked":"Eviscerate","floor":22},{"not_picked":["Flechettes","Catalyst"],"picked":"Blur","floor":24},{"not_picked":["Leg Sweep","Calculated Gamble+1","Dash+1"],"picked":"SKIP","floor":25},{"not_picked":["Prepared","PiercingWail+1","Sucker Punch"],"picked":"SKIP","floor":27},{"not_picked":["Escape Plan","Setup+1"],"picked":"Masterful Stab","floor":28},{"not_picked":["Quick Slash","Infinite Blades+1"],"picked":"Burst","floor":30},{"not_picked":["Sucker Punch+1","PiercingWail"],"picked":"Deflect","floor":31},{"not_picked":["Malaise","Venomology"],"picked":"Bullet Time","floor":33},{"not_picked":["Endless Agony+1","Cloak And Dagger+1"],"picked":"Well Laid Plans+1","floor":35},{"not_picked":["Discovery","Enlightenment"],"picked":"Panacea","floor":36},{"not_picked":["Violence","Apotheosis"],"picked":"Trip","floor":36},{"not_picked":["Crippling Poison+1","Choke+1","Dagger Spray"],"picked":"SKIP","floor":39},{"not_picked":["Doppelganger","Distraction+1","Bane+1"],"picked":"SKIP","floor":41},{"not_picked":["Prepared","Leg Sweep","Dagger Spray+1"],"picked":"SKIP","floor":42},{"not_picked":["Backstab","Dodge and Roll","Blade Dance+1"],"picked":"SKIP","floor":45},{"not_picked":["Distraction","Infinite Blades+1"],"picked":"Prepared+1","floor":48}],"player_experience":781496,"relics_obtained":[{"floor":6,"key":"Frozen Egg 2"},{"floor":26,"key":"Torii"},{"floor":41,"key":"Ornamental Fan"},{"floor":43,"key":"Pantograph"},{"floor":48,"key":"Lizard Tail"}],"event_choices":[{"damage_healed":0,"gold_gain":3,"player_choice":"1","damage_taken":0,"max_hp_gain":0,"max_hp_loss":0,"event_name":"betterStone:BetterStone","floor":36,"gold_loss":0},{"cards_removed":["Strike_G"],"damage_healed":0,"gold_gain":0,"player_choice":"Removed Attack","damage_taken":0,"max_hp_gain":0,"max_hp_loss":0,"event_name":"Falling","floor":37,"gold_loss":0},{"damage_healed":0,"gold_gain":0,"player_choice":"Ignored","damage_taken":0,"max_hp_gain":0,"max_hp_loss":0,"event_name":"Mysterious Sphere","floor":47,"gold_loss":0},{"damage_healed":0,"gold_gain":0,"player_choice":"Fight","damage_taken":0,"max_hp_gain":0,"max_hp_loss":0,"event_name":"MindBloom","floor":48,"gold_loss":0}],"is_beta":false,"boss_relics":[{"not_picked":["Cursed Key","Empty Cage"],"picked":"Ring of the Serpent"},{"not_picked":["Velvet Choker","SacredBark"],"picked":"SlaversCollar"}],"items_purged_floors":[0,21,38],"is_endless":false,"potions_floor_spawned":[3,6,13,16,20,22,24,25,28,31,35,39,41,42],"killed_by":"Awakened One","ascension_level":6}}