{"host":"ttzdpsscxkem3xrs","time":1613972192,"event":{"mods":["BaseMod","Colored Map","Downfall","Hermit","Minty Spire (QoL Compilation)","Replay The Spire","StSLib","The Cursed","The Hierophant"],"gold_per_floor":[118,43,109,259,259,259,259,278,325,325,59,108,144,144,144,233,233,272,272,197,197,85,85,123,173,173],"floor_reached":25,"language":"ENG","playtime":809,"items_purged":["Strike_G","Defend_G"],"score":400,"play_id":"d48a7d65-ca42-47a2-9b7b-143d9c1978e2","local_time":"20210221213632","is_ascension_mode":true,"campfire_choices":[{"floor":6,"key":"REST"},{"data":"Neutralize","floor":10,"key":"SMITH"},{"floor":15,"key":"REST"},{"data":"Phantasmal Killer","floor":23,"key":"SMITH"}],"circlet_count":0,"master_deck":["AscendersBane","Strike_G","Strike_G","Strike_G","Defend_G","Defend_G","Defend_G","Survivor","Neutralize+1","Underhanded Strike+1","Dagger Spray","Acrobatics","Dagger Throw","Predator","Phantasmal Killer+1","Backflip","ReplayTheSpireMod:Doomed"],"relics":["HoveringKite","MealTicket","Nunchaku","Replay:Bandana","ReplayFunnel","Replay:Bottled Eggs","Replay:Bronze Core","Ring of Greed","Ring of Hypnosis","Membership Card","Tiny Chest"],"acts_visited":["Exordium","TheCity"],"potions_floor_usage":[7,12,16,22],"damage_taken":[{"damage":4,"enemies":"Cultist","floor":1,"turns":4},{"damage":0,"enemies":"Lagavulin","floor":7,"turns":2},{"damage":12,"enemies":"Jaw Worm","floor":8,"turns":4},{"damage":53,"enemies":"Gremlin Nob","floor":12,"turns":6},{"damage":0,"enemies":"Small Slimes","floor":13,"turns":2},{"damage":18,"enemies":"Hexaghost","floor":16,"turns":9},{"damage":0,"enemies":"Spheric Guardian","floor":18,"turns":3},{"damage":0,"enemies":"Chosen","floor":24,"turns":3}],"seed_played":"2202211110728406695","potions_obtained":[{"floor":1,"key":"SmokeBomb"},{"floor":3,"key":"DuplicationPotion"},{"floor":13,"key":"PowerPotion"}],"is_trial":false,"path_per_floor":["M","$","?","?","?","R","E","M","T","R","$","E","M","T","R","B",null,"M","?","?","?","$","R","M","?"],"character_chosen":"THE_SILENT","items_purchased":["Replay:Bandana","Fruit Juice"],"campfire_rested":2,"item_purchase_floors":[11,22],"current_hp_per_floor":[55,55,55,55,48,66,66,54,54,54,66,13,13,13,32,14,53,53,53,53,53,71,71,71,71,71],"gold":173,"neow_bonus":"BOSS_RELIC","is_daily":false,"chose_seed":false,"campfire_upgraded":2,"win_rate":0.0,"timestamp":1613972192,"path_taken":["M","$","?","?","?","R","E","M","T","R","$","E","M","?","R","BOSS","M","?","?","?","$","R","?","?"],"items_purchased_type":["Relic","Potion"],"build_version":"2020-12-22","purchased_purges":2,"victory":false,"max_hp_per_floor":[66,66,66,66,66,66,66,66,66,66,66,66,66,66,66,66,66,66,66,66,66,71,71,71,71,71],"card_choices":[{"not_picked":["Poisoned Stab","Escape Plan"],"picked":"Underhanded Strike","floor":1},{"not_picked":["Backflip","Predator"],"picked":"Dagger Spray","floor":3},{"not_picked":["Blur","Sucker Punch"],"picked":"Acrobatics","floor":8},{"not_picked":["Quick Slash","Cloak And Dagger"],"picked":"Dagger Throw","floor":12},{"not_picked":["Sucker Punch","ReplayTheSpireMod:Shiv Toss"],"picked":"Predator","floor":13},{"not_picked":["Glass Knife","Storm of Steel"],"picked":"Phantasmal Killer","floor":16},{"not_picked":["Cloak And Dagger","Slice","Bane+1"],"picked":"SKIP","floor":18},{"not_picked":["Accuracy","Flechettes"],"picked":"Backflip","floor":24}],"player_experience":1452616,"relics_obtained":[{"floor":3,"key":"MealTicket"},{"floor":9,"key":"Nunchaku"},{"floor":12,"key":"ReplayFunnel"},{"floor":14,"key":"Replay:Bottled Eggs"},{"floor":25,"key":"Ring of Greed"},{"floor":25,"key":"Ring of Hypnosis"},{"floor":25,"key":"Membership Card"},{"floor":25,"key":"Tiny Chest"}],"event_choices":[{"damage_healed":0,"gold_gain":150,"player_choice":"AGREE","damage_taken":0,"max_hp_gain":0,"max_hp_loss":0,"event_name":"Liars Game","floor":4,"gold_loss":0,"cards_obtained":["Doubt"]},{"cards_removed":["Doubt"],"damage_healed":0,"gold_gain":0,"player_choice":"Card Removal","damage_taken":7,"max_hp_gain":0,"max_hp_loss":0,"event_name":"Golden Wing","floor":5,"gold_loss":0},{"cards_removed":["Defend_G"],"damage_healed":0,"gold_gain":0,"player_choice":"Elegance","damage_taken":0,"max_hp_gain":0,"max_hp_loss":0,"event_name":"Back to Basics","floor":19,"gold_loss":0},{"cards_removed":["Strike_G"],"damage_healed":0,"gold_gain":0,"player_choice":"Gave Gold","damage_taken":0,"max_hp_gain":0,"max_hp_loss":0,"event_name":"Beggar","floor":20,"gold_loss":75},{"damage_healed":0,"gold_gain":0,"player_choice":"Ignored","damage_taken":0,"max_hp_gain":0,"max_hp_loss":0,"event_name":"The Mausoleum","floor":21,"gold_loss":0}],"is_beta":false,"boss_relics":[{"not_picked":["Snecko Eye","WristBlade"],"picked":"Replay:Bronze Core"}],"items_purged_floors":[2,11],"is_endless":false,"potions_floor_spawned":[1,13],"ascension_level":19}}