{"host":"wshh0nphwn6jv7vj","time":1613993550,"event":{"mods":["BaseMod","Bestiary","Minty Spire (QoL Compilation)","Relic Stats"],"gold_per_floor":[115,134,146,164,164,164,164,190,190,210,236,33,65,75,75,149,149,164,142,142,14,28,61,80,80,80,107,107,135,154,9,9,86,86,86,86],"floor_reached":35,"language":"ENG","playtime":3142,"items_purged":["Strike_P","Strike_P"],"score":910,"play_id":"eb8f7cb4-c4b7-4ed9-b978-cbe5c445c8fe","local_time":"20210222063230","is_ascension_mode":true,"campfire_choices":[{"floor":6,"key":"REST"},{"floor":15,"key":"REST"},{"data":"LikeWater","floor":25,"key":"SMITH"},{"floor":28,"key":"REST"},{"floor":32,"key":"REST"}],"circlet_count":0,"master_deck":["AscendersBane","Strike_P","Defend_P","Defend_P","Defend_P","Defend_P","Eruption","Vigilance","JustLucky","CutThroughFate","ForeignInfluence","FlyingSleeves","ReachHeaven","Protect","FlurryOfBlows","JustLucky","LikeWater","Protect","FlurryOfBlows","SandsOfTime","ThirdEye","MentalFortress","LikeWater+1","BowlingBash","InnerPeace","FearNoEvil+1","CutThroughFate","Study","LikeWater","DeusExMachina"],"relics":["SlaversCollar","Toy Ornithopter","White Beast Statue","TungstenRod","Nunchaku","SacredBark","HornCleat","Red Mask","Pantograph","Philosopher\u0027s Stone"],"acts_visited":["Exordium","TheCity","TheBeyond"],"potions_floor_usage":[4,10,11,16,16,19,19,23,24,27,29,30,30,33,33,35],"damage_taken":[{"damage":6,"enemies":"2 Louse","floor":1,"turns":4},{"damage":0,"enemies":"Jaw Worm","floor":2,"turns":6},{"damage":0,"enemies":"Cultist","floor":3,"turns":4},{"damage":11,"enemies":"Exordium Thugs","floor":4,"turns":6},{"damage":32,"enemies":"Gremlin Nob","floor":8,"turns":4},{"damage":28,"enemies":"Large Slime","floor":10,"turns":6},{"damage":5,"enemies":"3 Sentries","floor":11,"turns":5},{"damage":0,"enemies":"Lagavulin","floor":13,"turns":7},{"damage":0,"enemies":"Blue Slaver","floor":14,"turns":5},{"damage":0,"enemies":"The Guardian","floor":16,"turns":8},{"damage":14,"enemies":"Spheric Guardian","floor":18,"turns":5},{"damage":13,"enemies":"2 Thieves","floor":19,"turns":4},{"damage":3,"enemies":"Centurion and Healer","floor":22,"turns":8},{"damage":4,"enemies":"Book of Stabbing","floor":23,"turns":5},{"damage":13,"enemies":"Snecko","floor":24,"turns":7},{"damage":12,"enemies":"Masked Bandits","floor":27,"turns":5},{"damage":35,"enemies":"Gremlin Leader","floor":29,"turns":11},{"damage":33,"enemies":"Cultist and Chosen","floor":30,"turns":10},{"damage":55,"enemies":"Collector","floor":33,"turns":11},{"damage":68,"enemies":"3 Shapes","floor":35,"turns":9}],"seed_played":"8285232880602738876","potions_obtained":[{"floor":1,"key":"Block Potion"},{"floor":3,"key":"Regen Potion"},{"floor":10,"key":"Swift Potion"},{"floor":11,"key":"Fire Potion"},{"floor":13,"key":"ColorlessPotion"},{"floor":16,"key":"SkillPotion"},{"floor":18,"key":"AttackPotion"},{"floor":19,"key":"ColorlessPotion"},{"floor":22,"key":"Strength Potion"},{"floor":23,"key":"FearPotion"},{"floor":24,"key":"Dexterity Potion"},{"floor":27,"key":"Energy Potion"},{"floor":29,"key":"PowerPotion"},{"floor":30,"key":"LiquidMemories"},{"floor":33,"key":"LiquidMemories"}],"is_trial":false,"path_per_floor":["M","M","M","M","?","R","?","E","T","M","E","$","E","M","R","B",null,"M","M","?","$","M","E","M","R","T","?","R","E","M","$","R","B",null,"M"],"character_chosen":"WATCHER","items_purchased":["LikeWater","Protect","BowlingBash","FearPotion","LikeWater"],"campfire_rested":4,"item_purchase_floors":[12,12,21,31,31],"current_hp_per_floor":[55,55,55,44,49,70,70,38,38,29,29,29,29,29,50,60,70,56,53,53,53,50,51,43,43,43,36,57,27,4,4,25,5,56,0,0],"gold":86,"neow_bonus":"BOSS_RELIC","is_daily":false,"chose_seed":false,"campfire_upgraded":1,"win_rate":0.0,"timestamp":1613993550,"path_taken":["M","M","M","M","?","R","?","E","T","M","E","?","E","M","R","BOSS","M","?","?","$","M","E","M","R","T","?","R","E","M","?","R","BOSS","M"],"items_purchased_type":["Card","Card","Card","Potion","Card"],"build_version":"2020-12-22","purchased_purges":2,"victory":false,"max_hp_per_floor":[68,68,68,68,73,73,73,73,73,73,73,73,73,73,73,73,73,73,73,73,73,73,73,73,73,73,73,73,73,73,73,73,73,73,73,73],"relic_stats":{"Nunchaku":[21],"counters":[20,130],"Pantograph":25,"obtain_stats":[{"SlaversCollar":0,"Nunchaku":13,"HornCleat":23,"SacredBark":17,"Pantograph":29,"Philosopher\u0027s Stone":34,"Red Mask":27,"PureWater":0,"Toy Ornithopter":8,"White Beast Statue":9,"TungstenRod":11},{"SlaversCollar":0,"Nunchaku":8,"HornCleat":14,"SacredBark":10,"Pantograph":17,"Philosopher\u0027s Stone":19,"Red Mask":16,"PureWater":0,"Toy Ornithopter":5,"White Beast Statue":5,"TungstenRod":7},{"SlaversCollar":0,"Nunchaku":42,"HornCleat":77,"SacredBark":55,"Pantograph":100,"Philosopher\u0027s Stone":121,"Red Mask":89,"PureWater":0,"Toy Ornithopter":24,"White Beast Statue":24,"TungstenRod":35}],"Toy Ornithopter":75,"TungstenRod":33},"card_choices":[{"not_picked":["Fasting2","Nirvana"],"picked":"JustLucky","floor":1},{"not_picked":["PathToVictory","JustLucky"],"picked":"CutThroughFate","floor":2},{"not_picked":["Prostrate","Crescendo"],"picked":"ForeignInfluence","floor":3},{"not_picked":["PathToVictory","Meditate"],"picked":"FlyingSleeves","floor":4},{"not_picked":["FlurryOfBlows","WaveOfTheHand"],"picked":"Protect","floor":8},{"not_picked":["DeceiveReality","EmptyFist"],"picked":"FlurryOfBlows","floor":10},{"not_picked":["Vengeance","Perseverance"],"picked":"JustLucky","floor":11},{"not_picked":["Vengeance","EmptyMind"],"picked":"FlurryOfBlows","floor":13},{"not_picked":["Halt","Conclude"],"picked":"SandsOfTime","floor":14},{"not_picked":["WaveOfTheHand","CarveReality"],"picked":"ThirdEye","floor":18},{"not_picked":["Evaluate","EmptyBody"],"picked":"MentalFortress","floor":19},{"not_picked":["EmptyBody+1","WaveOfTheHand"],"picked":"InnerPeace","floor":22},{"not_picked":["Conclude","WheelKick"],"picked":"FearNoEvil+1","floor":23},{"not_picked":["Sanctity","WindmillStrike"],"picked":"CutThroughFate","floor":24},{"not_picked":["BattleHymn","Evaluate"],"picked":"Study","floor":29},{"not_picked":["ForeignInfluence","WreathOfFlame+1","CrushJoints+1"],"picked":"SKIP","floor":30},{"not_picked":["SpiritShield","LessonLearned"],"picked":"DeusExMachina","floor":33}],"player_experience":1673766,"relics_obtained":[{"floor":8,"key":"Toy Ornithopter"},{"floor":9,"key":"White Beast Statue"},{"floor":11,"key":"TungstenRod"},{"floor":13,"key":"Nunchaku"},{"floor":23,"key":"HornCleat"},{"floor":27,"key":"Red Mask"},{"floor":29,"key":"Pantograph"}],"event_choices":[{"damage_healed":0,"gold_gain":0,"player_choice":"Donut","damage_taken":0,"max_hp_gain":5,"max_hp_loss":0,"event_name":"Big Fish","floor":5,"gold_loss":0},{"damage_healed":0,"gold_gain":0,"cards_transformed":["Strike_P"],"player_choice":"Change","damage_taken":0,"max_hp_gain":0,"max_hp_loss":0,"event_name":"Living Wall","floor":7,"gold_loss":0,"cards_obtained":["ReachHeaven"]},{"damage_healed":0,"gold_gain":0,"player_choice":"Read","damage_taken":0,"max_hp_gain":0,"max_hp_loss":0,"event_name":"The Library","floor":20,"gold_loss":0,"cards_obtained":["LikeWater"]},{"damage_healed":0,"gold_gain":0,"player_choice":"Fought Bandits","damage_taken":0,"max_hp_gain":0,"max_hp_loss":0,"event_name":"Masked Bandits","floor":27,"gold_loss":0}],"is_beta":false,"boss_relics":[{"not_picked":["Cursed Key","Runic Dome"],"picked":"SacredBark"},{"not_picked":["Busted Crown","Fusion Hammer"],"picked":"Philosopher\u0027s Stone"}],"items_purged_floors":[12,21],"is_endless":false,"potions_floor_spawned":[1,3,10,11,13,14,16,18,19,22,23,24,27,29,30,33],"killed_by":"3 Shapes","ascension_level":17}}