{"host":"cpvm3mnra03oywg8","time":1613964322,"event":{"mods":["AchievementEnabler","BaseMod","Colored Map","Colored Powertips","Curses Come First","Downfall","Highlight Path","Minty Spire (QoL Compilation)","StSLib","The Necromancer","The Servant 0.9.4"],"gold_per_floor":[118,118,70,81,81,81,93,108,132,167,167,180,180,194,194,194,194],"floor_reached":16,"language":"ENG","playtime":947,"items_purged":[],"score":102,"play_id":"3dde9936-0ccf-4449-9d53-ab020ceedc9d","local_time":"20210221212522","is_ascension_mode":false,"campfire_choices":[{"data":"Exchange","floor":6,"key":"SMITH"},{"floor":11,"key":"REST"},{"data":"Ricochet","floor":15,"key":"SMITH"}],"circlet_count":0,"master_deck":["Strike_S","Strike_S","Strike_S","Strike_S","Defend_S","Defend_S","Defend_S","Defend_S","KidneyShot","Exchange+1","ShiftingGears","Desolation","Starlight","TimeWarp","Spin","Moonlight","Ricochet+1"],"relics":["Uniform","NeowsBlessing","Anchor","PreservedInsect","Mummified Hand"],"acts_visited":["Exordium"],"potions_floor_usage":[10,14,16,16,16],"damage_taken":[{"damage":0,"enemies":"Small Slimes","floor":1,"turns":1},{"damage":0,"enemies":"2 Louse","floor":4,"turns":1},{"damage":0,"enemies":"Cultist","floor":7,"turns":1},{"damage":7,"enemies":"3 Louse","floor":8,"turns":3},{"damage":13,"enemies":"3 Sentries","floor":10,"turns":5},{"damage":0,"enemies":"Exordium Wildlife","floor":12,"turns":2},{"damage":0,"enemies":"2 Fungi Beasts","floor":14,"turns":2},{"damage":37,"enemies":"The Guardian","floor":16,"turns":7}],"seed_played":"1105181000783751471","potions_obtained":[{"floor":1,"key":"Guardian:BlockOnCardUsePotion"},{"floor":4,"key":"AttackPotion"},{"floor":10,"key":"LiquidBronze"},{"floor":12,"key":"BlessingOfTheForge"},{"floor":14,"key":"BlessingOfTheForge"}],"is_trial":false,"path_per_floor":["M","?","?","M","?","R","M","M","T","E","R","M","?","M","R","B"],"character_chosen":"THE_SERVANT","items_purchased":[],"campfire_rested":1,"item_purchase_floors":[],"current_hp_per_floor":[65,53,53,53,53,53,53,46,46,33,52,52,52,52,52,15,15],"gold":194,"neow_bonus":"THREE_ENEMY_KILL","is_daily":false,"chose_seed":false,"campfire_upgraded":2,"win_rate":0.0,"timestamp":1613964322,"path_taken":["M","?","?","M","?","R","M","M","T","E","R","M","?","M","R","BOSS"],"items_purchased_type":[],"build_version":"2020-12-22","purchased_purges":0,"victory":false,"max_hp_per_floor":[65,65,65,65,65,65,65,65,65,65,65,65,65,65,65,65,65],"card_choices":[{"not_picked":["Advance","Barrier"],"picked":"ShiftingGears","floor":1},{"not_picked":["BottledTime","Potential"],"picked":"Desolation","floor":4},{"not_picked":["Sabotage","Rewind"],"picked":"Starlight","floor":7},{"not_picked":["DoubleEdge","Replace"],"picked":"TimeWarp","floor":8},{"not_picked":["Replace","Rearm"],"picked":"Spin","floor":10},{"not_picked":["Advance","Unruled"],"picked":"Moonlight","floor":12},{"not_picked":["SpecialFormula","Starlight"],"picked":"Ricochet","floor":14}],"player_experience":6167,"relics_obtained":[{"floor":9,"key":"PreservedInsect"},{"floor":10,"key":"Mummified Hand"}],"event_choices":[{"damage_healed":0,"gold_gain":0,"player_choice":"Success","damage_taken":12,"relics_obtained":["Anchor"],"max_hp_gain":0,"max_hp_loss":0,"event_name":"Scrap Ooze","floor":2,"gold_loss":0},{"damage_healed":0,"gold_gain":0,"player_choice":"Left Gold","damage_taken":0,"max_hp_gain":0,"max_hp_loss":0,"event_name":"World of Goop","floor":3,"gold_loss":48},{"damage_healed":0,"gold_gain":0,"player_choice":"Ignored","damage_taken":0,"max_hp_gain":0,"max_hp_loss":0,"event_name":"Liars Game","floor":5,"gold_loss":0},{"damage_healed":0,"gold_gain":0,"player_choice":"Bought 0 Potions","damage_taken":0,"max_hp_gain":0,"max_hp_loss":0,"event_name":"The Woman in Blue","floor":13,"gold_loss":0}],"is_beta":false,"boss_relics":[],"items_purged_floors":[],"is_endless":false,"potions_floor_spawned":[1,4,10,12,14],"killed_by":"The Guardian","ascension_level":0}}