{"host":"fxrgx7wt2cpkbhka","time":1613989766,"event":{"mods":["AchievementEnabler","BaseMod","Colored Powertips","Dark Map","Minty Spire (QoL Compilation)","Permanent Neow","Quick Restart","Slay-I","StSLib","Waifu the Spire"],"gold_per_floor":[118,118,54,2,15,15,49,74,74,98,98,136,136,201,201,274,274,298,317,317,333,358,358,358],"floor_reached":23,"language":"ENG","playtime":890,"items_purged":[],"score":342,"play_id":"d2580e4f-558e-4fd4-812c-6de320623f76","local_time":"20210222022926","is_ascension_mode":true,"campfire_choices":[{"data":"Zap","floor":6,"key":"SMITH"},{"data":"Dualcast","floor":11,"key":"SMITH"},{"floor":15,"key":"REST"}],"circlet_count":0,"master_deck":["AscendersBane","Strike_B","Strike_B+1","Strike_B","Strike_B+1","Defend_B","Defend_B","Defend_B","Defend_B","Zap+1","Dualcast+1","Cold Snap","Leap","Cold Snap","Ball Lightning","Ball Lightning","Ball Lightning","Sunder+1","Defragment"],"relics":["Cracked Core","Whetstone","Kunai","CeramicFish","Pen Nib","Orichalcum","HornCleat","Black Star","Sundial"],"acts_visited":["Exordium","TheCity"],"potions_floor_usage":[12,12,16,19,22,23],"damage_taken":[{"damage":2,"enemies":"Small Slimes","floor":1,"turns":3},{"damage":0,"enemies":"Jaw Worm","floor":5,"turns":5},{"damage":20,"enemies":"3 Sentries","floor":7,"turns":8},{"damage":0,"enemies":"Cultist","floor":8,"turns":3},{"damage":9,"enemies":"3 Louse","floor":10,"turns":3},{"damage":22,"enemies":"Lagavulin","floor":12,"turns":5},{"damage":3,"enemies":"3 Sentries","floor":14,"turns":7},{"damage":14,"enemies":"Hexaghost","floor":16,"turns":10},{"damage":2,"enemies":"Shell Parasite","floor":18,"turns":4},{"damage":0,"enemies":"3 Byrds","floor":19,"turns":5},{"damage":4,"enemies":"3 Cultists","floor":21,"turns":5},{"damage":32,"enemies":"Centurion and Healer","floor":22,"turns":9},{"damage":25,"enemies":"Slavers","floor":23,"turns":1}],"seed_played":"3267223358907349822","potions_obtained":[{"floor":5,"key":"FearPotion"},{"floor":8,"key":"EntropicBrew"},{"floor":14,"key":"Dexterity Potion"},{"floor":18,"key":"LiquidMemories"},{"floor":22,"key":"SkillPotion"}],"is_trial":false,"path_per_floor":["M","?","?","$","M","R","E","M","T","M","R","E","?","?","R","B",null,"M","M","?","M","M","E"],"character_chosen":"DEFECT","items_purchased":["Leap"],"campfire_rested":1,"item_purchase_floors":[4],"current_hp_per_floor":[62,62,62,62,62,62,42,42,42,33,33,11,11,8,29,15,57,55,55,55,51,19,0,0],"gold":358,"neow_bonus":"RANDOM_COMMON_RELIC","is_daily":false,"chose_seed":false,"campfire_upgraded":2,"win_rate":0.0,"timestamp":1613989766,"path_taken":["M","?","?","$","M","R","E","?","T","M","R","E","?","?","R","BOSS","M","M","?","M","?","E"],"items_purchased_type":["Card"],"build_version":"2020-12-22","purchased_purges":0,"victory":false,"max_hp_per_floor":[71,71,71,71,71,71,71,71,71,71,71,71,71,71,71,71,71,71,71,71,71,71,71,71],"card_choices":[{"not_picked":["Go for the Eyes","Reinforced Body"],"picked":"Cold Snap","floor":1},{"not_picked":["Hello World","Rip and Tear","Barrage"],"picked":"SKIP","floor":5},{"not_picked":["Melter","Rebound","Sweeping Beam"],"picked":"SKIP","floor":7},{"not_picked":["Glacier","Hologram"],"picked":"Cold Snap","floor":8},{"not_picked":["Compile Driver","Lockon"],"picked":"Ball Lightning","floor":10},{"not_picked":["Conserve Battery","Hyperbeam"],"picked":"Ball Lightning","floor":12},{"not_picked":["Leap","Steam"],"picked":"Ball Lightning","floor":18},{"not_picked":["Ball Lightning","Beam Cell+1"],"picked":"Sunder+1","floor":19},{"not_picked":["Streamline","Barrage","Conserve Battery"],"picked":"SKIP","floor":21},{"not_picked":["Lockon+1","Sweeping Beam+1"],"picked":"Defragment","floor":22}],"player_experience":802551,"relics_obtained":[{"floor":7,"key":"CeramicFish"},{"floor":9,"key":"Pen Nib"},{"floor":12,"key":"Orichalcum"},{"floor":14,"key":"HornCleat"},{"floor":20,"key":"Sundial"}],"event_choices":[{"damage_healed":0,"gold_gain":0,"player_choice":"Leave","damage_taken":0,"max_hp_gain":0,"max_hp_loss":0,"event_name":"The Cleric","floor":2,"gold_loss":0},{"damage_healed":0,"gold_gain":0,"player_choice":"Paid Gold","damage_taken":0,"relics_obtained":["Kunai"],"max_hp_gain":0,"max_hp_loss":0,"event_name":"WeMeetAgain","floor":3,"gold_loss":64},{"damage_healed":0,"gold_gain":0,"player_choice":"Ignored","damage_taken":0,"max_hp_gain":0,"max_hp_loss":0,"event_name":"Golden Wing","floor":13,"gold_loss":0},{"damage_healed":0,"gold_gain":0,"player_choice":"Searched \u00271\u0027 times","damage_taken":0,"max_hp_gain":0,"max_hp_loss":0,"event_name":"Dead Adventurer","floor":14,"gold_loss":0},{"damage_healed":0,"gold_gain":0,"player_choice":"Relic","damage_taken":0,"max_hp_gain":0,"max_hp_loss":0,"event_name":"Wheel of Change","floor":20,"gold_loss":0}],"is_beta":false,"boss_relics":[{"not_picked":["SacredBark","Empty Cage"],"picked":"Black Star"}],"items_purged_floors":[],"is_endless":false,"potions_floor_spawned":[5,8,14,18,22],"killed_by":"Slavers","ascension_level":14}}