{"host":"f5gffvlv6a66yqkd","time":1613981206,"event":{"mods":["2.2 Compatiblity","BaseMod","Colored Map","Custom Start","DeckTracker","Keyboard Shortcuts","Minty Spire (QoL Compilation)","Permanent Neow","Quick Restart","Relic Stats","StSLib","SuperFastMode"],"gold_per_floor":[116,129,143,162,162,162,182,193,193,343,355,355,355,373,373,448,448,459,471,481,481,57,57,57,57],"floor_reached":24,"language":"KOR","playtime":559,"items_purged":[],"score":384,"play_id":"87836b9b-d261-4f3c-b73d-df09619de644","local_time":"20210222170646","is_ascension_mode":true,"campfire_choices":[{"data":"Zap","floor":6.0,"key":"SMITH"},{"data":"Streamline","floor":13,"key":"SMITH"},{"data":"Dualcast","floor":15,"key":"SMITH"},{"data":"Defragment","floor":23,"key":"SMITH"}],"circlet_count":0,"master_deck":["AscendersBane","Strike_B","Strike_B","Strike_B","Strike_B","Defend_B","Defend_B","Defend_B","Zap+1","Dualcast+1","Cold Snap","Self Repair","Streamline+1","Chill","Doubt","Compile Driver","Go for the Eyes","Ball Lightning","Seek","CurseOfTheBell","Defragment+1","Double Energy","Coolheaded","Gash","Coolheaded","Gash","Beam Cell"],"relics":["Cracked Core","Anchor","DataDisk","Lizard Tail","Calling Bell","Happy Flower","Shuriken","Ice Cream","Mummified Hand","Orrery"],"acts_visited":["Exordium","TheCity"],"potions_floor_usage":[19,24],"damage_taken":[{"damage":0.0,"enemies":"Cultist","floor":1.0,"turns":4.0},{"damage":0.0,"enemies":"Small Slimes","floor":2.0,"turns":4.0},{"damage":0.0,"enemies":"Jaw Worm","floor":3.0,"turns":5.0},{"damage":13.0,"enemies":"Large Slime","floor":4.0,"turns":7.0},{"damage":3.0,"enemies":"Looter","floor":7.0,"turns":3.0},{"damage":0.0,"enemies":"3 Louse","floor":8.0,"turns":3.0},{"damage":0,"enemies":"Exordium Wildlife","floor":11,"turns":5},{"damage":11,"enemies":"Lots of Slimes","floor":14,"turns":4},{"damage":32,"enemies":"Hexaghost","floor":16,"turns":9},{"damage":12,"enemies":"Spheric Guardian","floor":18,"turns":4},{"damage":18,"enemies":"Shell Parasite","floor":19,"turns":4},{"damage":23,"enemies":"Snake Plant","floor":20,"turns":4},{"damage":23,"enemies":"Book of Stabbing","floor":24,"turns":5}],"seed_played":"-4606261184786974645","potions_obtained":[{"floor":2.0,"key":"EssenceOfSteel"},{"floor":8.0,"key":"FocusPotion"},{"floor":11,"key":"DistilledChaos"},{"floor":20,"key":"Block Potion"}],"is_trial":false,"path_per_floor":["M","M","M","M","?","R","M","M","T","?","M","?","R","M","R","B",null,"M","M","M","?","$","R","E"],"character_chosen":"DEFECT","items_purchased":["Mummified Hand","Orrery"],"campfire_rested":0,"item_purchase_floors":[22,22],"current_hp_per_floor":[64,64,71,65,54,54,58,65,65,65,71,71,71,67,67,42,64,59,48,32,32,32,32,9,9],"gold":57,"neow_bonus":"RANDOM_COMMON_RELIC","is_daily":false,"chose_seed":false,"campfire_upgraded":4,"win_rate":0.0,"timestamp":1613981206,"path_taken":["M","M","M","?","?","R","M","M","T","?","?","?","R","M","R","BOSS","M","M","M","?","$","R","E"],"items_purchased_type":["Relic","Relic"],"build_version":"2020-12-22","purchased_purges":0,"victory":false,"max_hp_per_floor":[71,71,71,71,71,71,71,71,71,71,71,71,71,71,71,71,71,71,71,71,71,71,71,71,71],"relic_stats":{"Lizard Tail":0,"Happy Flower":[5],"counters":[13,61],"Shuriken":[6],"Mummified Hand":[3],"obtain_stats":[{"Calling Bell":17,"Ice Cream":17,"Anchor":0,"DataDisk":5,"Lizard Tail":9,"Happy Flower":17,"Shuriken":17,"Mummified Hand":22,"Orrery":22,"Cracked Core":0},{"Calling Bell":9,"Ice Cream":9,"Anchor":0,"DataDisk":4,"Lizard Tail":6,"Happy Flower":9,"Shuriken":9,"Mummified Hand":12,"Orrery":12,"Cracked Core":0},{"Calling Bell":44,"Ice Cream":44,"Anchor":0,"DataDisk":20,"Lizard Tail":26,"Happy Flower":44,"Shuriken":44,"Mummified Hand":56,"Orrery":56,"Cracked Core":0}]},"card_choices":[{"not_picked":["Gash","BootSequence"],"picked":"Cold Snap","floor":1.0},{"not_picked":["Melter","Cold Snap"],"picked":"Self Repair","floor":2.0},{"not_picked":["Force Field","Redo","Steam"],"picked":"SKIP","floor":3.0},{"not_picked":["Sweeping Beam","Melter"],"picked":"Streamline","floor":4.0},{"not_picked":["Doom and Gloom","Coolheaded","Steam"],"picked":"SKIP","floor":7.0},{"not_picked":["Hello World","Cold Snap"],"picked":"Chill","floor":8.0},{"not_picked":["Reboot","Redo"],"picked":"Compile Driver","floor":11},{"not_picked":["Compile Driver","Fusion"],"picked":"Ball Lightning","floor":14},{"not_picked":["Reboot","Amplify"],"picked":"Seek","floor":16},{"not_picked":["Force Field","Auto Shields"],"picked":"Defragment","floor":18},{"not_picked":["Gash","Hologram"],"picked":"Double Energy","floor":19},{"not_picked":["Chaos","Genetic Algorithm"],"picked":"Coolheaded","floor":20},{"not_picked":["Steam","Redo"],"picked":"Gash","floor":22},{"not_picked":["Rebound","Auto Shields"],"picked":"Coolheaded","floor":22},{"not_picked":["Loop","Conserve Battery"],"picked":"Gash","floor":22},{"not_picked":["Go for the Eyes","Streamline"],"picked":"Beam Cell","floor":22}],"player_experience":1547582,"relics_obtained":[{"floor":9.0,"key":"Lizard Tail"},{"floor":17,"key":"Happy Flower"},{"floor":17,"key":"Shuriken"},{"floor":17,"key":"Ice Cream"}],"event_choices":[{"damage_healed":0.0,"max_hp_gain":0.0,"max_hp_loss":0.0,"gold_gain":0.0,"event_name":"Scrap Ooze","player_choice":"Success","floor":5.0,"gold_loss":0.0,"damage_taken":11.0,"relics_obtained":["DataDisk"]},{"damage_healed":0.0,"max_hp_gain":0.0,"max_hp_loss":0.0,"gold_gain":150.0,"event_name":"Liars Game","player_choice":"AGREE","floor":10.0,"gold_loss":0.0,"damage_taken":0.0,"cards_obtained":["Doubt"]},{"damage_healed":0,"gold_gain":0,"cards_transformed":["Defend_B"],"player_choice":"Change","damage_taken":0,"max_hp_gain":0,"max_hp_loss":0,"event_name":"Living Wall","floor":12,"gold_loss":0,"cards_obtained":["Go for the Eyes"]},{"damage_healed":0,"gold_gain":0,"player_choice":"Ignored","damage_taken":0,"max_hp_gain":0,"max_hp_loss":0,"event_name":"Vampires","floor":21,"gold_loss":0}],"is_beta":false,"boss_relics":[{"not_picked":["Black Star","Tiny House"],"picked":"Calling Bell"}],"items_purged_floors":[],"is_endless":false,"potions_floor_spawned":[2,8,11,16,20],"killed_by":"Book of Stabbing","ascension_level":20}}