{"host":"4kmvpqjeiacgn1pr","time":1613956300,"event":{"mods":["A Penny For Your Troubles","AchievementEnabler","AlwaysNeverKeys","Aspiration","BaseMod","Bestiary","Better Altar","Better Match","Better Note","Better Sensory Stone","Better Skull","Better Third Choice","Better Vampires","BetterRewards","Colored Map","Colored Powertips","Conspire","Curses Come First","Downfall","Halation","Highlight Path","Infinite Spire","Minty Spire (QoL Compilation)","Permanent Neow","Quick Restart","Rare Cards Sparkle","Relic Sorter","Relic Stats","Replay The Spire","Reworked Bosses","Shop Mod","Smile Girya","Spicy Shops","Spikes Relics","StSLib","Waifu the Spire"],"gold_per_floor":[114,114,128,228,241,571,571,598,598,598,613,613,613,631,631,631,631],"floor_reached":16,"language":"ENG","playtime":520,"items_purged":[],"score":138,"play_id":"39068e0f-d68e-4021-8d9e-744b45eade6e","local_time":"20210221201140","is_ascension_mode":true,"campfire_choices":[{"data":"Storm","floor":7,"key":"SMITH"},{"data":"Crystallizer","floor":10,"key":"SMITH"},{"data":"Crystallizer","floor":13,"key":"SMITH"},{"floor":15,"key":"REST"}],"circlet_count":0,"master_deck":["Strike_B","Strike_B","Strike_B","Defend_B","Defend_B","Defend_B","Defend_B","Zap","Beam Cell","Conserve Battery","Storm+1","Crystallizer+1","Crystallizer+1","conspire:SharedLibrary","Reprogram+1","FIFO Queue"],"relics":["Cracked Core","halation:PinkSoulGem","Old Coin","Blood Vial","Letter Opener"],"acts_visited":["Exordium"],"potions_floor_usage":[16,16,16],"damage_taken":[{"damage":6,"enemies":"2 Louse","floor":1,"turns":3},{"damage":2,"enemies":"Jaw Worm","floor":3,"turns":3},{"damage":0,"enemies":"Cultist","floor":5,"turns":3},{"damage":31,"enemies":"Gremlin Nob","floor":6,"turns":4},{"damage":28,"enemies":"3 Sentries","floor":8,"turns":6},{"damage":0,"enemies":"Large Slime","floor":11,"turns":4},{"damage":3,"enemies":"Blue Slaver","floor":14,"turns":3},{"damage":55,"enemies":"Fading Forest","floor":16,"turns":8}],"seed_played":"-6897930526373997238","potions_obtained":[{"floor":8,"key":"LiquidBronze"},{"floor":11,"key":"Cursed Concoction"},{"floor":14,"key":"LifebloodPotion"}],"is_trial":false,"path_per_floor":["M","?","M","?","M","E","R","E","T","R","M","?","R","M","R_BF","B"],"character_chosen":"DEFECT","items_purchased":[],"campfire_rested":1,"item_purchase_floors":[],"current_hp_per_floor":[69,69,67,67,67,36,36,8,8,8,10,10,10,9,31,0,0],"gold":631,"neow_bonus":"RANDOM_EVENT","is_daily":false,"chose_seed":false,"campfire_upgraded":3,"win_rate":0.0,"timestamp":1613956300,"path_taken":["M","?","M","?","?","E","R","E","T","R","M","?","R","M","R_BF","BOSS"],"items_purchased_type":[],"build_version":"2020-12-22","purchased_purges":0,"victory":false,"max_hp_per_floor":[75,75,75,75,75,75,75,75,75,75,75,75,75,75,75,75,75],"relic_stats":{"Blood Vial":6,"counters":[8,34],"Letter Opener":[19],"obtain_stats":[{"Blood Vial":8,"Letter Opener":9,"Cracked Core":0,"halation:PinkSoulGem":2,"Old Coin":6},{"Blood Vial":5,"Letter Opener":5,"Cracked Core":0,"halation:PinkSoulGem":1,"Old Coin":4},{"Blood Vial":19,"Letter Opener":19,"Cracked Core":0,"halation:PinkSoulGem":3,"Old Coin":13}]},"card_choices":[{"not_picked":["Cold Snap","Leap"],"picked":"Beam Cell","floor":1},{"not_picked":["Redo","Streamline"],"picked":"Conserve Battery","floor":3},{"not_picked":["Rebound","Conserve Battery"],"picked":"Storm","floor":5},{"not_picked":["Beam Cell","Stack"],"picked":"Crystallizer","floor":6},{"not_picked":["Hologram","Go for the Eyes"],"picked":"Crystallizer","floor":8},{"not_picked":["Coolheaded","Leap"],"picked":"conspire:SharedLibrary","floor":11},{"not_picked":["BasicCrystalCard","Go for the Eyes"],"picked":"FIFO Queue","floor":14}],"player_experience":499938,"relics_obtained":[{"floor":6,"key":"Old Coin"},{"floor":8,"key":"Blood Vial"},{"floor":9,"key":"Letter Opener"}],"event_choices":[{"damage_healed":0,"gold_gain":100,"player_choice":"Gold","damage_taken":0,"max_hp_gain":0,"max_hp_loss":0,"event_name":"Wheel of Change","floor":4,"gold_loss":0}],"is_beta":false,"boss_relics":[],"items_purged_floors":[],"is_endless":false,"potions_floor_spawned":[8,11,14],"killed_by":"Fading Forest","ascension_level":5}}