{"host":"l017gercouzhorma","time":1613974928,"event":{"mods":["AchievementEnabler","Aspiration","BaseMod","Challenge The Spire","Conspire","Downfall","Halation","Hermit","Hubris","Infinite Spire","Jorbs\u0027s Wanderer Trilogy","Mad Scientist","Marisa????????","Mimic Mod","Minty Spire (QoL Compilation)","Random Character Button","Rare Cards Sparkle","Relic Stats","Replay The Spire","Shade Mod","StSLib","The Cursed","The Disciple","The Hierophant","The Jungle","The Runesmith","The Servant 0.9.4"],"gold_per_floor":[364,25,35,49,23,41,41,41],"floor_reached":7,"language":"ENG","playtime":568,"items_purged":["MadScienceMod:Strike_MadScience"],"score":43,"play_id":"800335c4-c0ec-4593-802f-e0214960c8a2","local_time":"20210221232208","is_ascension_mode":false,"campfire_choices":[],"circlet_count":0,"master_deck":["MadScienceMod:Strike_MadScience","MadScienceMod:Strike_MadScience","MadScienceMod:Strike_MadScience","MadScienceMod:Defend_MadScience","MadScienceMod:Defend_MadScience","MadScienceMod:Defend_MadScience","MadScienceMod:Defend_MadScience","MadScienceMod:PoweredStrike","MadScienceMod:HideBehindJunk","MadScienceMod:Detonate","MadScienceMod:BandageBot","Sadistic Nature","MadScienceMod:AcidSpray","MadScienceMod:AntimatterBomb","MadScienceMod:ShrinkRay","MadScienceMod:EnergyBarrier"],"relics":["MadScienceMod:FuelTank"],"acts_visited":["Exordium"],"potions_floor_usage":[6],"damage_taken":[{"damage":2,"enemies":"Small Slimes","floor":1,"turns":3},{"damage":12,"enemies":"conspire:RoseBush","floor":3,"turns":4},{"damage":20,"enemies":"Jaw Worm","floor":4,"turns":4},{"damage":17,"enemies":"conspire:2 RoseBushes","floor":6,"turns":6},{"damage":0,"enemies":"Replay:BlueRogue","floor":7,"turns":3}],"seed_played":"225364707241470492","potions_obtained":[{"floor":4,"key":"bronze:BurnAndBuffPotion"}],"is_trial":false,"path_per_floor":["M","$","M","M","$","M","E"],"character_chosen":"MAD_SCIENTIST","items_purchased":["MadScienceMod:BandageBot","Sadistic Nature","MadScienceMod:ShrinkRay"],"campfire_rested":0,"item_purchase_floors":[2,2,5],"current_hp_per_floor":[52,52,40,23,23,15,15,15],"gold":41,"neow_bonus":"TWO_FIFTY_GOLD","is_daily":false,"chose_seed":false,"campfire_upgraded":0,"win_rate":0.0,"timestamp":1613974928,"path_taken":["M","$","M","M","$","M","E"],"items_purchased_type":["Card","Card","Card"],"build_version":"2020-12-22","purchased_purges":1,"victory":false,"max_hp_per_floor":[75,75,75,75,75,75,75,75],"relic_stats":{"counters":[5,20],"obtain_stats":[{"MadScienceMod:FuelTank":0},{"MadScienceMod:FuelTank":0},{"MadScienceMod:FuelTank":0}]},"card_choices":[{"not_picked":["MadScienceMod:OilDrum","MadScienceMod:AutoStrike"],"picked":"MadScienceMod:Detonate","floor":1},{"not_picked":["MadScienceMod:Refuel","MadScienceMod:FlexibleSpear"],"picked":"MadScienceMod:AcidSpray","floor":3},{"not_picked":["MadScienceMod:Strafe","MadScienceMod:FumeBlast"],"picked":"MadScienceMod:AntimatterBomb","floor":4},{"not_picked":["MadScienceMod:RadioactiveSword","MadScienceMod:OilDrum"],"picked":"MadScienceMod:EnergyBarrier","floor":6}],"player_experience":871022,"relics_obtained":[],"event_choices":[],"is_beta":false,"boss_relics":[],"items_purged_floors":[2],"is_endless":false,"potions_floor_spawned":[4],"killed_by":"Replay:BlueRogue","ascension_level":0}}