{"host":"pletss163z7s8pvv","time":1613971159,"event":{"mods":["AchievementEnabler","Act Like it!","AlwaysNeverKeys","BaseMod","Better Altar","Better Match","Better Note","Better Sensory Stone","Better Skull","Better Third Choice","BetterRewards","Bossed Relics","CapriCore","ChefMod","Clockwork Mod","Colored Map","Colored Powertips","Conspire","Dio Mod","Displayed Cursed Tome","Energized Spire","Evolution","Gensokyo","GifTheSpireLib","Hallownest","Hermit","Ironclad Rager","Jedi Mod","Marisa????????","Marked Mod","Minty Spire (QoL Compilation)","Reliquary","Replay The Spire","Retaliation","Reworked Bosses","Ruina","Somnambulant","Spicy Shops","StS++","StSLib","The Administrix","The Alterego","The Animator","The Blue Laboratory","The Bug Knight","The Construct","The Cursed","The Disciple","The Forsaken","The Hierophant","The Necromancer","The Saiyan","The Vixen","The Wild Card","TheVacant","Transform Curses"],"gold_per_floor":[114,114,114,114,128,128,158,169,169,169,18,18,66,97,97,197,197,209,209,220,220,232,257,257,257],"floor_reached":24,"language":"ENG","playtime":1154,"items_purged":[],"score":247,"play_id":"e8ffe587-bc98-4ad6-aae2-894a6914d25f","local_time":"20210221231919","is_ascension_mode":false,"campfire_choices":[{"floor":6,"key":"RECALL"},{"data":"AdministrixMod:BegetEternity","floor":12,"key":"SMITH"},{"floor":15,"key":"REST"}],"circlet_count":0,"master_deck":["AdministrixMod:Strike_Administrix+1","AdministrixMod:Strike_Administrix","AdministrixMod:Strike_Administrix","AdministrixMod:Strike_Administrix+1","AdministrixMod:RedCloak","AdministrixMod:Defend_Administrix","AdministrixMod:Defend_Administrix","AdministrixMod:Defend_Administrix","AdministrixMod:Defend_Administrix","AdministrixMod:BlueCloak","AdministrixMod:MixOfMercury","AdministrixMod:ExtolVirtue","AdministrixMod:ImmortalGrace","AdministrixMod:BegetEternity+1","AdministrixMod:GuanyinBlessing","AdministrixMod:AmassedMasks","AdministrixMod:SealAway","AdministrixMod:TrickOfTheLight","AdministrixMod:ImmortalPurity","AdministrixMod:PlateOfAntiquity"],"relics":["AdministrixMod:ConductorRitualBaton","EVO:Axolotl","White Beast Statue","Replay:Ringing Soul","HornCleat","Lee\u0027s Waffle","reliquary:PartyBalloon","Ring of Chaos","Akabeko","Replay:WaspNest","jedi:othersneckoeye"],"acts_visited":["Exordium","Hallownest:Greenpath"],"potions_floor_usage":[14,23,24,24],"damage_taken":[{"damage":1,"enemies":"Hallownest:2_Baldur","floor":1,"turns":4},{"damage":0,"enemies":"Hallownest:monsterHuskWarrior","floor":5,"turns":3},{"damage":54,"enemies":"Hallownest:eliteMossKnight","floor":7,"turns":9},{"damage":2,"enemies":"2_ Uuma","floor":8,"turns":3},{"damage":10,"enemies":"Hallownest:eliteCrystalGuardian","floor":14,"turns":5},{"damage":33,"enemies":"Hallownest:BossFalseKnight","floor":16,"turns":8},{"damage":2,"enemies":"Gensokyo:2_Gloops","floor":18,"turns":3},{"damage":11,"enemies":"Gensokyo:3_Dogs","floor":20,"turns":4},{"damage":26,"enemies":"Gensokyo:Wraith","floor":22,"turns":4},{"damage":45,"enemies":"Gensokyo:Reisen","floor":23,"turns":6},{"damage":26,"enemies":"Gensokyo:3_Gloops","floor":24,"turns":4}],"seed_played":"1816671189522204486","potions_obtained":[{"floor":5,"key":"blueLaboratory:FruitPreserves"},{"floor":8,"key":"Weak Potion"},{"floor":14,"key":"Elixir"},{"floor":16,"key":"SteroidPotion"},{"floor":23,"key":"blueLaboratory:StoneskinPotion"}],"is_trial":false,"path_per_floor":["M","?","$","?","M","R","E","M","T","?","$","R","T","E","R","B",null,"M","?","M","T","M","E","M"],"character_chosen":"TheAdministrix","items_purchased":["Lee\u0027s Waffle"],"campfire_rested":1,"item_purchase_floors":[11],"current_hp_per_floor":[70,70,70,70,70,70,16,14,14,14,78,78,78,71,81,51,84,85,81,73,73,50,23,0,0],"gold":257,"neow_bonus":"TEN_PERCENT_HP_BONUS","is_daily":false,"chose_seed":false,"campfire_upgraded":1,"win_rate":0.0,"timestamp":1613971159,"path_taken":["M","?","$","?","M","R","E","M","T","?","$","R","?","E","R","BOSS","M","?","M","?","M","E","M"],"items_purchased_type":["Relic"],"build_version":"2020-12-22","purchased_purges":0,"victory":false,"max_hp_per_floor":[71,71,71,71,71,71,71,71,71,71,78,78,78,81,81,84,84,87,81,84,84,87,90,90,90],"card_choices":[{"not_picked":["AdministrixMod:ExtolVirtue","AdministrixMod:TouchOfCinnabar"],"picked":"AdministrixMod:MixOfMercury","floor":1},{"not_picked":["AdministrixMod:ImmortalGrace","AdministrixMod:QuietConspiracy"],"picked":"AdministrixMod:ExtolVirtue","floor":5},{"not_picked":["AdministrixMod:PlateOfAntiquity","AdministrixMod:FeastOfDew"],"picked":"AdministrixMod:ImmortalGrace","floor":7},{"not_picked":["AdministrixMod:NewWardrobe","AdministrixMod:SipOfSparks"],"picked":"AdministrixMod:BegetEternity","floor":8},{"not_picked":["AdministrixMod:UnstableVigor","AdministrixMod:StarSwordSoul"],"picked":"AdministrixMod:GuanyinBlessing","floor":14},{"not_picked":["AdministrixMod:HopeInTheDark","AdministrixMod:TenDesires"],"picked":"AdministrixMod:AmassedMasks","floor":16},{"not_picked":["AdministrixMod:Transition","AdministrixMod:DiversionaryTactic+1"],"picked":"AdministrixMod:SealAway","floor":18},{"not_picked":["AdministrixMod:SyncreticSurge","AdministrixMod:ExtolVirtue+1"],"picked":"AdministrixMod:TrickOfTheLight","floor":20},{"not_picked":["AdministrixMod:XianArts","AdministrixMod:FuneraryRites"],"picked":"AdministrixMod:ImmortalPurity","floor":22},{"not_picked":["AdministrixMod:Wuji+1","AdministrixMod:ShadowPlay"],"picked":"AdministrixMod:PlateOfAntiquity","floor":23}],"player_experience":534056,"relics_obtained":[{"floor":7,"key":"White Beast Statue"},{"floor":9,"key":"Replay:Ringing Soul"},{"floor":14,"key":"reliquary:PartyBalloon"},{"floor":21,"key":"Replay:WaspNest"},{"floor":23,"key":"jedi:othersneckoeye"}],"event_choices":[{"damage_healed":0,"gold_gain":0,"player_choice":"Leave","damage_taken":0,"max_hp_gain":0,"max_hp_loss":0,"event_name":"conspire:Investor","floor":2,"gold_loss":0}],"is_beta":false,"boss_relics":[{"not_picked":["Pandora\u0027s Box","energizedSpire:EnergizedDie"],"picked":"Ring of Chaos"}],"items_purged_floors":[],"is_endless":false,"potions_floor_spawned":[5,8,14,16,18,20,22,23],"killed_by":"Gensokyo:3_Gloops","ascension_level":0}}