{"host":"yy1cu9q9bsxhflzi","time":1613965266,"event":{"mods":["BaseMod","DeckTracker","Minty Spire (QoL Compilation)","Quick Restart","StSLib","SuperFastMode","everything is the same but u backflip on backflip"],"gold_per_floor":[111,127,127,138,138,167,167,194,194,150,162,172,203,219,219,296,296,308,321,334,334,112,112,139,139,166,200,213,228,278,278,278],"floor_reached":31,"language":"KOR","playtime":737,"items_purged":[],"score":894,"play_id":"b444328c-1543-4ac1-8cda-c8cb01ddd7bb","local_time":"20210222124106","is_ascension_mode":true,"campfire_choices":[{"data":"Juggernaut","floor":7,"key":"SMITH"},{"data":"Loop","floor":15,"key":"SMITH"},{"floor":23,"key":"REST"},{"floor":25,"key":"REST"}],"circlet_count":0,"master_deck":["AscendersBane","Dualcast","Coolheaded","Coolheaded","Coolheaded","Coolheaded","Glacier","Glacier","Glacier","Glacier","Juggernaut+1","Hologram","Genetic Algorithm","Fusion+1","Seek","Reinforced Body","Loop+1","Heatsinks","Aggregate","Echo Form","Turbo","Necronomicurse","Self Repair","Skim+1"],"relics":["FrozenCore","InkBottle","Molten Egg 2","Gremlin Horn","The Courier","Fusion Hammer","Necronomicon","Singing Bowl","Centennial Puzzle","Pen Nib"],"acts_visited":["Exordium","TheCity"],"potions_floor_usage":[14,14,27,31],"damage_taken":[{"damage":8,"enemies":"Jaw Worm","floor":1,"turns":3},{"damage":6,"enemies":"2 Louse","floor":2,"turns":3},{"damage":0,"enemies":"Cultist","floor":4,"turns":4},{"damage":11,"enemies":"3 Sentries","floor":6,"turns":6},{"damage":0,"enemies":"Lagavulin","floor":8,"turns":4},{"damage":2,"enemies":"2 Fungi Beasts","floor":11,"turns":3},{"damage":0,"enemies":"Looter","floor":12,"turns":3},{"damage":0,"enemies":"3 Sentries","floor":13,"turns":5},{"damage":12,"enemies":"Gremlin Gang","floor":14,"turns":4},{"damage":0,"enemies":"Slime Boss","floor":16,"turns":4},{"damage":0,"enemies":"Shell Parasite","floor":18,"turns":3},{"damage":0,"enemies":"2 Thieves","floor":19,"turns":3},{"damage":0,"enemies":"Cultist and Chosen","floor":20,"turns":3},{"damage":0,"enemies":"Book of Stabbing","floor":24,"turns":4},{"damage":49,"enemies":"Gremlin Leader","floor":27,"turns":4},{"damage":0,"enemies":"Sentry and Sphere","floor":28,"turns":3},{"damage":0,"enemies":"Shelled Parasite and Fungi","floor":29,"turns":4},{"damage":40,"enemies":"Slavers","floor":31,"turns":3}],"seed_played":"6743250741907167112","potions_obtained":[{"floor":4,"key":"SteroidPotion"},{"floor":8,"key":"PowerPotion"},{"floor":11,"key":"EntropicBrew"},{"floor":14,"key":"PowerPotion"},{"floor":24,"key":"Energy Potion"},{"floor":29,"key":"PotionOfCapacity"}],"is_trial":true,"path_per_floor":["M","M","?","M","?","E","R","E","T","$","M","M","E","M","R","B",null,"M","M","M","?","$","R","E","R","T","E","M","M","?","E"],"character_chosen":"DEFECT","items_purchased":["Loop","Singing Bowl"],"campfire_rested":2,"item_purchase_floors":[10,22],"current_hp_per_floor":[56,50,55,55,55,44,44,44,44,44,42,42,42,30,30,30,65,65,65,65,44,44,66,68,78,78,29,38,38,38,0,0],"gold":278,"neow_bonus":"","is_daily":false,"chose_seed":false,"campfire_upgraded":2,"win_rate":0.0,"timestamp":1613965266,"path_taken":["M","M","?","M","?","E","R","E","T","?","M","?","E","M","R","BOSS","M","M","M","?","$","R","E","R","T","E","M","M","?","E"],"items_purchased_type":["Card","Relic"],"build_version":"2020-12-22","purchased_purges":0,"victory":false,"max_hp_per_floor":[71,71,76,76,76,76,76,76,76,76,76,76,76,76,76,76,76,76,76,76,76,76,76,78,78,78,78,80,80,80,80,80],"card_choices":[{"not_picked":["Stack","Leap"],"picked":"Hologram","floor":1},{"not_picked":["Barrage","Go for the Eyes"],"picked":"Genetic Algorithm","floor":2},{"not_picked":["Go for the Eyes","Streamline"],"picked":"Fusion","floor":4},{"not_picked":["Go for the Eyes","Sweeping Beam"],"picked":"Seek","floor":6},{"not_picked":["Leap","Hello World"],"picked":"Reinforced Body","floor":8},{"not_picked":["Stack","Gash+1","Go for the Eyes+1"],"picked":"SKIP","floor":11},{"not_picked":["Go for the Eyes+1","Hologram"],"picked":"Heatsinks","floor":12},{"not_picked":["Gash+1","Electrodynamics"],"picked":"Aggregate","floor":13},{"not_picked":["Leap","Glacier","Conserve Battery"],"picked":"SKIP","floor":14},{"not_picked":["Fission","Amplify"],"picked":"Echo Form","floor":16},{"not_picked":["Aggregate","Genetic Algorithm","Static Discharge"],"picked":"SKIP","floor":18},{"not_picked":["Leap","Ball Lightning+1","Static Discharge"],"picked":"SKIP","floor":19},{"not_picked":["Rebound+1","Leap+1"],"picked":"Turbo","floor":20},{"not_picked":["Go for the Eyes+1","Redo","Rebound+1"],"picked":"Singing Bowl","floor":24},{"not_picked":["BootSequence","FTL+1"],"picked":"Self Repair","floor":27},{"not_picked":["Gash+1","Scrape+1","Double Energy"],"picked":"Singing Bowl","floor":28},{"not_picked":["Hologram","All For One+1"],"picked":"Skim+1","floor":29}],"player_experience":3927589,"relics_obtained":[{"floor":6,"key":"InkBottle"},{"floor":8,"key":"Molten Egg 2"},{"floor":9,"key":"Gremlin Horn"},{"floor":13,"key":"The Courier"},{"floor":21,"key":"Necronomicon"},{"floor":24,"key":"Centennial Puzzle"},{"floor":27,"key":"Pen Nib"}],"event_choices":[{"damage_healed":0,"gold_gain":0,"player_choice":"Donut","damage_taken":0,"max_hp_gain":5,"max_hp_loss":0,"event_name":"Big Fish","floor":3,"gold_loss":0},{"damage_healed":0,"gold_gain":0,"player_choice":"Grow","damage_taken":0,"max_hp_gain":0,"max_hp_loss":0,"event_name":"Living Wall","floor":5,"gold_loss":0,"cards_upgraded":["Fusion"]},{"damage_healed":0,"gold_gain":0,"player_choice":"Obtained Book","damage_taken":21,"max_hp_gain":0,"max_hp_loss":0,"event_name":"Cursed Tome","floor":21,"gold_loss":0},{"damage_healed":0,"gold_gain":50,"player_choice":"Pray","damage_taken":0,"max_hp_gain":0,"max_hp_loss":0,"event_name":"Golden Shrine","floor":30,"gold_loss":0}],"is_beta":false,"boss_relics":[{"not_picked":["Coffee Dripper","Calling Bell"],"picked":"Fusion Hammer"}],"items_purged_floors":[],"is_endless":false,"potions_floor_spawned":[4,8,11,14,20,24,29],"killed_by":"Slavers","ascension_level":20}}