{"host":"en4narc5947t7k9n","time":1613973744,"event":{"mods":["AchievementEnabler","BaseMod","Colored Map","Minty Spire (QoL Compilation)","SuperFastMode"],"gold_per_floor":[112,127,127,25,45,45,56,56,56,89,89,121,121,155,155,252,252,264,120,132,132,143,176,176,189,189,200,200,8,8,27,27,127,127,137,147,11,24,74,74,94,126,126,146,146,161,161,161,161,161,161,161,1,26,26,26],"floor_reached":55,"language":"KOR","playtime":3037,"items_purged":["Decay"],"score":737,"play_id":"e15d0811-c5a9-4ec6-9dc5-2a4e7307f2ec","local_time":"20210222150224","is_ascension_mode":false,"campfire_choices":[{"floor":6,"key":"RECALL"},{"data":"Corpse Explosion","floor":8,"key":"SMITH"},{"data":"Terror","floor":11,"key":"SMITH"},{"floor":13,"key":"REST"},{"floor":15,"key":"REST"},{"floor":28,"key":"REST"},{"data":"Dramatic Entrance","floor":30,"key":"SMITH"},{"data":"Catalyst","floor":32,"key":"SMITH"},{"data":"Bouncing Flask","floor":40,"key":"SMITH"},{"data":"Phantasmal Killer","floor":45,"key":"SMITH"},{"data":"Malaise","floor":47,"key":"SMITH"},{"data":"Leg Sweep","floor":49,"key":"SMITH"},{"data":"PiercingWail","floor":52,"key":"SMITH"}],"circlet_count":0,"master_deck":["Strike_G","Strike_G","Strike_G","Strike_G","Strike_G","Defend_G","Defend_G","Defend_G","Defend_G","Defend_G","Survivor","Neutralize","Malaise+1","Masterful Stab","PiercingWail+1","Corpse Explosion+1","Catalyst+1","Terror+1","Backstab","Blur","Phantasmal Killer+1","Backflip+1","Deadly Poison","Noxious Fumes","Deadly Poison+1","Dodge and Roll+1","Dramatic Entrance+1","Corpse Explosion+1","PiercingWail+1","Tools of the Trade+1","Bouncing Flask+1","Leg Sweep+1","Poisoned Stab","Caltrops+1","Accuracy+1","A Thousand Cuts+1","Underhanded Strike+1","Deflect","Dodge and Roll+1"],"relics":["Ring of the Serpent","Bird Faced Urn","Bag of Preparation","Centennial Puzzle","Philosopher\u0027s Stone","Vajra","The Courier","Frozen Egg 2","MutagenicStrength","Pantograph","DollysMirror","Bag of Marbles","Mango","Peace Pipe","Omamori","Nunchaku","HornCleat"],"acts_visited":["Exordium","TheCity","TheBeyond","TheEnding"],"potions_floor_usage":[12,16,20,23,27,33,33,41,42,42,46,50,55,55],"damage_taken":[{"damage":5,"enemies":"Small Slimes","floor":1,"turns":5},{"damage":0,"enemies":"Cultist","floor":2,"turns":3},{"damage":0,"enemies":"2 Louse","floor":5,"turns":2},{"damage":0,"enemies":"Large Slime","floor":7,"turns":7},{"damage":15,"enemies":"Lagavulin","floor":10,"turns":5},{"damage":46,"enemies":"Gremlin Nob","floor":12,"turns":5},{"damage":10,"enemies":"Lagavulin","floor":14,"turns":4},{"damage":24,"enemies":"The Guardian","floor":16,"turns":8},{"damage":0,"enemies":"Chosen","floor":18,"turns":4},{"damage":8,"enemies":"3 Byrds","floor":20,"turns":3},{"damage":3,"enemies":"Snecko","floor":22,"turns":4},{"damage":2,"enemies":"Book of Stabbing","floor":23,"turns":5},{"damage":11,"enemies":"Shelled Parasite and Fungi","floor":25,"turns":3},{"damage":18,"enemies":"Centurion and Healer","floor":27,"turns":6},{"damage":5,"enemies":"Sentry and Sphere","floor":31,"turns":3},{"damage":67,"enemies":"Champ","floor":33,"turns":9},{"damage":6,"enemies":"3 Shapes","floor":35,"turns":1},{"damage":5,"enemies":"Orb Walker","floor":36,"turns":3},{"damage":0,"enemies":"Transient","floor":38,"turns":5},{"damage":15,"enemies":"Mind Bloom Boss Battle","floor":39,"turns":6},{"damage":2,"enemies":"Writhing Mass","floor":41,"turns":3},{"damage":6,"enemies":"Reptomancer","floor":42,"turns":4},{"damage":13,"enemies":"Maw","floor":44,"turns":5},{"damage":3,"enemies":"Spire Growth","floor":46,"turns":4},{"damage":70,"enemies":"Time Eater","floor":50,"turns":10},{"damage":85,"enemies":"Shield and Spear","floor":54,"turns":4},{"damage":50,"enemies":"The Heart","floor":55,"turns":3}],"seed_played":"1141099471512698814","potions_obtained":[{"floor":1,"key":"LiquidBronze"},{"floor":7,"key":"FearPotion"},{"floor":16,"key":"LiquidBronze"},{"floor":18,"key":"FearPotion"},{"floor":20,"key":"PowerPotion"},{"floor":23,"key":"GhostInAJar"},{"floor":31,"key":"Poison Potion"},{"floor":33,"key":"Strength Potion"},{"floor":36,"key":"EssenceOfSteel"},{"floor":39,"key":"DuplicationPotion"},{"floor":41,"key":"BlessingOfTheForge"},{"floor":44,"key":"DuplicationPotion"},{"floor":54,"key":"Weak Potion"}],"is_trial":false,"path_per_floor":["M","M","?","$","M","R","M","R","T","E","R","E","R","E","R","B",null,"M","$","M","?","M","E","?","M","T","M","R","$","R","M","R","B",null,"M","M","$","M","?","R","M","E","T","M","R","M","R","?","R","B",null,"R","$","E","B"],"character_chosen":"THE_SILENT","items_purchased":["Deadly Poison","Vajra","Dramatic Entrance","DollysMirror","Bag of Marbles","Poisoned Stab","Nunchaku","SkillPotion"],"campfire_rested":3,"item_purchase_floors":[4,19,29,29,37,37,53,53],"current_hp_per_floor":[65,65,65,65,65,65,65,65,65,50,50,4,25,15,36,12,70,70,70,62,62,59,61,61,52,52,36,57,57,57,54,54,5,70,64,61,61,65,69,69,71,71,71,64,64,69,69,69,69,22,84,84,84,5,0,0],"gold":26,"neow_bonus":"ONE_RANDOM_RARE_CARD","is_daily":false,"chose_seed":false,"campfire_upgraded":9,"win_rate":0.0,"timestamp":1613973744,"path_taken":["M","M","?","$","M","R","M","R","T","E","R","E","R","E","R","BOSS","M","$","?","?","?","E","?","M","T","M","R","$","R","M","R","BOSS","M","M","$","M","?","R","M","E","T","M","R","M","R","?","R","BOSS","R","$","E","BOSS"],"items_purchased_type":["Card","Relic","Card","Relic","Relic","Card","Relic","Potion"],"build_version":"2020-12-22","purchased_purges":1,"victory":false,"max_hp_per_floor":[70,70,70,70,70,70,70,70,70,70,70,70,70,70,70,70,70,70,70,70,70,70,70,70,70,70,70,70,70,70,70,70,70,70,70,70,70,70,84,84,84,84,84,84,84,84,84,84,84,84,84,84,84,84,84,84],"card_choices":[{"not_picked":["Deadly Poison","Sucker Punch"],"picked":"Masterful Stab","floor":1},{"not_picked":["Cloak And Dagger","Quick Slash"],"picked":"PiercingWail","floor":2},{"not_picked":["Outmaneuver","Flying Knee"],"picked":"Corpse Explosion","floor":5},{"not_picked":["Dagger Spray","Cloak And Dagger"],"picked":"Catalyst","floor":7},{"not_picked":["Heel Hook","Infinite Blades"],"picked":"Terror","floor":10},{"not_picked":["Setup","Backflip"],"picked":"Backstab","floor":12},{"not_picked":["Concentrate","Escape Plan"],"picked":"Blur","floor":14},{"not_picked":["Unload","Malaise"],"picked":"Phantasmal Killer","floor":16},{"not_picked":["Dagger Spray","Blade Dance"],"picked":"Backflip+1","floor":18},{"not_picked":["Dodge and Roll","PiercingWail"],"picked":"Deadly Poison","floor":20},{"not_picked":["Acrobatics","Leg Sweep"],"picked":"Noxious Fumes","floor":22},{"not_picked":["Crippling Poison","Flying Knee"],"picked":"Deadly Poison+1","floor":23},{"not_picked":["Phantasmal Killer","Prepared"],"picked":"Dodge and Roll+1","floor":25},{"not_picked":["Deadly Poison","Dagger Spray","Dodge and Roll"],"picked":"SKIP","floor":27},{"not_picked":["Flying Knee","Deadly Poison"],"picked":"PiercingWail+1","floor":31},{"not_picked":["Storm of Steel","Die Die Die"],"picked":"Tools of the Trade+1","floor":33},{"not_picked":["Flying Knee","Quick Slash+1"],"picked":"Bouncing Flask","floor":35},{"not_picked":["Outmaneuver","Skewer+1"],"picked":"Leg Sweep","floor":36},{"not_picked":["Prepared+1","Deflect"],"picked":"Infinite Blades+1","floor":38},{"not_picked":["Accuracy+1","Flying Knee+1"],"picked":"Caltrops+1","floor":39},{"not_picked":["Underhanded Strike+1","Dodge and Roll"],"picked":"Accuracy+1","floor":41},{"not_picked":["All Out Attack+1","Setup"],"picked":"A Thousand Cuts+1","floor":42},{"not_picked":["PiercingWail+1","Quick Slash"],"picked":"Underhanded Strike+1","floor":44},{"not_picked":["Escape Plan+1","Flying Knee+1"],"picked":"Deflect","floor":46},{"not_picked":["Accuracy+1","Outmaneuver"],"picked":"Dodge and Roll+1","floor":54}],"player_experience":143895,"relics_obtained":[{"floor":10,"key":"Bird Faced Urn"},{"floor":12,"key":"Bag of Preparation"},{"floor":14,"key":"Centennial Puzzle"},{"floor":23,"key":"Frozen Egg 2"},{"floor":26,"key":"Pantograph"},{"floor":39,"key":"Mango"},{"floor":42,"key":"Peace Pipe"},{"floor":43,"key":"Omamori"},{"floor":54,"key":"HornCleat"}],"event_choices":[{"damage_healed":0,"gold_gain":0,"player_choice":"Cursed","damage_taken":0,"max_hp_gain":0,"max_hp_loss":0,"event_name":"Wheel of Change","floor":3,"gold_loss":0,"cards_obtained":["Decay"]},{"cards_removed":["Deadly Poison"],"damage_healed":0,"gold_gain":0,"player_choice":"Gave Card","damage_taken":0,"relics_obtained":["The Courier"],"max_hp_gain":0,"max_hp_loss":0,"event_name":"WeMeetAgain","floor":21,"gold_loss":0},{"damage_healed":0,"gold_gain":0,"player_choice":"Inject Mutagens","damage_taken":0,"relics_obtained":["MutagenicStrength"],"max_hp_gain":0,"max_hp_loss":0,"event_name":"Drug Dealer","floor":24,"gold_loss":0},{"damage_healed":0,"gold_gain":0,"player_choice":"Fight","damage_taken":0,"max_hp_gain":0,"max_hp_loss":0,"event_name":"MindBloom","floor":39,"gold_loss":0},{"cards_removed":["Infinite Blades"],"damage_healed":0,"gold_gain":0,"player_choice":"Removed Power","damage_taken":0,"max_hp_gain":0,"max_hp_loss":0,"event_name":"Falling","floor":48,"gold_loss":0}],"is_beta":false,"boss_relics":[{"not_picked":["Ectoplasm","SacredBark"],"picked":"Philosopher\u0027s Stone"},{"not_picked":["Empty Cage","SlaversCollar"],"picked":"Ring of the Serpent"}],"items_purged_floors":[4],"is_endless":false,"potions_floor_spawned":[1,7,16,18,20,23,31,33,36,39,41,44,54],"killed_by":"The Heart","ascension_level":0}}