{"host":"tdq5vwehmzjlkkx3","time":1613977457,"event":{"mods":["2.2 Compatiblity","Act Like it!","Aspiration","Astrologer","BaseMod","Beaked The Cultist","Better Altar","Better Match","Better Note","Better Sensory Stone","Better Skull","Better Third Choice","BetterRewards","Clockwork Mod","Colored Map","Colorless Booster Pack","Conjunction","Conspire","Defuse TimeMaze Blight","Displayed Cursed Tome","Downfall","Elementarium","Energized Spire","FetchMod","Friendly Minions","FruityMod","GifTheSpireLib","Glutton Mod","Gremlin Mod","Halation","Hallownest","Hermit","Highlight Path","Hubris","Infinite Spire","Key Reminder","Lotus Mark","Menagerie","Mimic Mod","Minty Spire (QoL Compilation)","Pale of the Ancients","Permanent Neow","Quick Restart","Random Character Button","Reliquary","Reorder Act Four","Reworked Bosses","Ruina","SCP261 Mod","Small Relic Pack","Spire Arcade","StSLib","Strawberry Spire","Stuff the Spire","The Bladedancer","The Blue Laboratory","The Clintock","The Construct","The Disciple","The Jungle","The Marked","The Mystic","The Servant","TheFirefly","Trackpad","Unceasing Turn Reminder","UnlockEverythingMod","Wandering Minibosses"],"gold_per_floor":[13,87,99,134,165,9,20,54,54,54,54,54,89,89,89,187,187,203,213,213,213,128,128,162,17,17,17,33,33,46,146,146,241,241,251,176,19,38,58,58,75,94,94,94,94,0,0,18,18,18,18,18,18,47,47],"floor_reached":56,"language":"ENG","playtime":3538,"items_purged":["StarChef"],"score":956,"play_id":"ce8eff2f-9d1a-4645-bca3-b7e49612d2b3","local_time":"20210221230417","is_ascension_mode":false,"campfire_choices":[{"data":"Moondial","floor":15.0,"key":"SMITH"},{"data":"Barrier","floor":23.0,"key":"SMITH"},{"data":"MurderousAura","floor":27.0,"key":"SMITH"},{"data":"hubris:Fate","floor":32.0,"key":"SMITH"},{"floor":40.0,"key":"RECALL"},{"data":"KidneyShot","floor":44,"key":"SMITH"},{"data":"GearUp","floor":47,"key":"SMITH"},{"data":"KillingDoll","floor":49,"key":"SMITH"},{"data":"Revamp","floor":53,"key":"SMITH"}],"circlet_count":0,"master_deck":["Strike_S","Strike_S","Defend_S","Defend_S","Defend_S","KidneyShot+1","Exchange","MurderousAura+1","Barrier+1","BestPractice+1","Rearm","Revamp+1","Moondial+1","GearUp+1","FanOfKnives","hubris:Rewind+1","KillingDoll+1","MurderousAura+1","hubris:Fate+1","Advance","Collect+1","Hightail+1"],"relics":["Uniform","infinitespire:BottledMercury","construct:FoamFinger","hubris:HollowSoul","hubris:BottledHeart","Anchor","StuffTheSpire:Rhapsscallions","StuffTheSpire:Gunfinga","MealTicket","StuffTheSpire:NeowsTribute","reliquary:RedPaperclip","trackpad:WindUpAutoDealer","aspiration:FrozenJewel","aspiration:WatcherSkillbook","reliquary:Stiletto","InkBottle","hubris:Zylophone","Red Mask"],"acts_visited":["Hallownest:Greenpath","TheCity","TheBeyond","TheEnding"],"potions_floor_usage":[50,50],"damage_taken":[{"damage":0.0,"enemies":"Hallownest:2_MossCreeps","floor":1.0,"turns":9.0},{"damage":1.0,"enemies":"Hallownest:2_Baldur","floor":3.0,"turns":6.0},{"damage":0.0,"enemies":"Hallownest:eliteCrystalGuardian","floor":4.0,"turns":14.0},{"damage":0.0,"enemies":"Hallownest:monsterHuskWarrior","floor":5.0,"turns":9.0},{"damage":6.0,"enemies":"Hallownest:monsterHuskWarrior","floor":7.0,"turns":5.0},{"damage":0.0,"enemies":"Hallownest:eliteMossKnight","floor":8.0,"turns":10.0},{"damage":3.0,"enemies":"Hallownest:eliteVengeflyKing","floor":13.0,"turns":9.0},{"damage":8.0,"enemies":"Hallownest:BossBrokenVessel","floor":16.0,"turns":8.0},{"damage":11.0,"enemies":"conspire:FuzzyDice","floor":18.0,"turns":7.0},{"damage":0.0,"enemies":"Chosen","floor":19.0,"turns":4.0},{"damage":0.0,"enemies":"strawberrySpire:AncientClocktower","floor":24.0,"turns":6.0},{"damage":0.0,"enemies":"Shelled Parasite and Fungi","floor":28.0,"turns":5.0},{"damage":0.0,"enemies":"conspire:HollyBat","floor":30.0,"turns":4.0},{"damage":0.0,"enemies":"Colosseum Slavers","floor":31.0,"turns":4.0},{"damage":0.0,"enemies":"Colosseum Nobs","floor":31.0,"turns":3.0},{"damage":0.0,"enemies":"conspire:MysteriousRune","floor":33.0,"turns":3.0},{"damage":0.0,"enemies":"Orb Walker","floor":35.0,"turns":3.0},{"damage":0.0,"enemies":"3 Shapes","floor":38.0,"turns":2.0},{"damage":0.0,"enemies":"Sphere and 2 Shapes","floor":39.0,"turns":3.0},{"damage":0,"enemies":"3 Darklings","floor":41,"turns":4},{"damage":0,"enemies":"Spire Growth","floor":42,"turns":5},{"damage":0,"enemies":"4 Shapes","floor":48,"turns":1},{"damage":0,"enemies":"bossMod:newAwakened","floor":50,"turns":15},{"damage":0,"enemies":"Shield and Spear","floor":54,"turns":2},{"damage":0,"enemies":"The Heart","floor":55,"turns":2}],"seed_played":"5548801582142811760","potions_obtained":[{"floor":4.0,"key":"Conjunction:LightningMarble"},{"floor":7.0,"key":"Weak Potion"},{"floor":8.0,"key":"hexamod:SoulburnPotion"},{"floor":18.0,"key":"SCP261:ThunderBarPotion"},{"floor":30.0,"key":"blueLaboratory:EnragingPotion"},{"floor":31.0,"key":"blueLaboratory:BottleOfRum"},{"floor":38.0,"key":"SCP261:DewritoBlazePotion"},{"floor":48,"key":"blueLaboratory:BottleOfRum"},{"floor":54,"key":"conspire:TimeTravelPotion"}],"is_trial":false,"path_per_floor":["M","?","M","?","MIM","$","M","E","T","?","?","$","E","?","R","B",null,"M","M","?","?","?","R","E","$","T","R","M","AVR","M","?","R","B",null,"M","?","$","M","M","R","M","M","T","R","AVR","?","R","M","R","B",null,"$","R","E","B",null],"character_chosen":"THE_SERVANT","items_purchased":["Moondial","StuffTheSpire:Gunfinga","reliquary:Stiletto"],"campfire_rested":0,"item_purchase_floors":[6,25,37],"current_hp_per_floor":[65,65,64,64,64,64,58,58,58,58,43,43,40,40,40,32,65,54,54,1,1,1,1,1,1,1,1,1,1,1,1,1,1,1,1,1,1,1,1,1,1,1,1,1,1,1,1,1,1,1,1,1,1,1,1],"gold":47,"neow_bonus":"TRANSFORM_TWO_CARDS","is_daily":false,"chose_seed":false,"campfire_upgraded":8,"win_rate":0.0,"timestamp":1613977457,"path_taken":["M","?","M","?","?","?","?","E","T","?","?","$","E","?","R","BOSS","M","M","?","?","?","R","E","$","T","R","M","AVR","M","?","R","BOSS","M","?","$","?","M","R","M","M","T","R","AVR","?","R","M","R","BOSS","$","R","E","BOSS"],"items_purchased_type":["Card","Relic","Relic"],"build_version":"2020-12-22","purchased_purges":1,"victory":true,"max_hp_per_floor":[65,65,65,65,65,65,65,65,65,65,65,65,65,65,65,65,65,65,65,1,1,1,1,1,1,1,1,1,1,1,1,1,1,1,1,1,1,1,1,1,1,1,1,1,1,1,1,1,1,1,1,1,1,1,1],"card_choices":[{"not_picked":["ShatteredReality","SilverBlades"],"picked":"BestPractice","floor":1.0},{"not_picked":["Rewind","Unruled"],"picked":"Rearm","floor":3.0},{"not_picked":["Defy","Unruled"],"picked":"Revamp","floor":4.0},{"not_picked":["FastForward","TimeWarp"],"picked":"StarChef","floor":5.0},{"not_picked":["Rewind","DoubleEdge"],"picked":"GearUp","floor":7.0},{"not_picked":["MoonPhase","DoubleEdge"],"picked":"FanOfKnives","floor":8.0},{"not_picked":["hubris:InfiniteBlow","infinitespire:Oblivion"],"picked":"hubris:Rewind","floor":11.0},{"not_picked":["Starlight","Sunlight","FastForward"],"picked":"SKIP","floor":13.0},{"not_picked":["MurderousAura","SoulSculpture"],"picked":"KillingDoll","floor":16.0},{"not_picked":["Spin","FastForward+1","Potential"],"picked":"SKIP","floor":18.0},{"not_picked":["ShatteredReality","Starlight","Defy"],"picked":"SKIP","floor":19.0},{"not_picked":["DualDimension","ReturningBlade"],"picked":"MurderousAura","floor":24.0},{"not_picked":["Misdirection","Foresight","Rearm"],"picked":"SKIP","floor":28.0},{"not_picked":["Rewind","Alleviate","Ricochet"],"picked":"SKIP","floor":30.0},{"not_picked":["Revamp","Replace"],"picked":"Advance","floor":31.0},{"not_picked":["Crescendo","ThirdEye+1","Ricochet","FlyingSleeves"],"picked":"SKIP","floor":35.0},{"not_picked":["Barrier","Ricochet","EmptyBody"],"picked":"Collect+1","floor":38.0},{"not_picked":["TimeTheft","BowlingBash","WaveOfTheHand","Comet+1"],"picked":"SKIP","floor":39.0},{"not_picked":["Ricochet","Spin+1","Revamp+1","BowlingBash"],"picked":"SKIP","floor":41},{"not_picked":["TimeTheft","Blasphemy","Consecrate+1"],"picked":"Hightail+1","floor":42},{"not_picked":["FollowUp","Sanctity","TimeTheft+1","Nirvana"],"picked":"SKIP","floor":48},{"not_picked":["SandsOfTime","Nirvana+1","FollowUp","FlyingSleeves"],"picked":"SKIP","floor":54}],"player_experience":422473,"relics_obtained":[{"floor":4.0,"key":"hubris:TinFlute"},{"floor":8.0,"key":"infinitespire:BottledMercury"},{"floor":9.0,"key":"Juzu Bracelet"},{"floor":13.0,"key":"construct:FoamFinger"},{"floor":24.0,"key":"StuffTheSpire:Rhapsscallions"},{"floor":26.0,"key":"MealTicket"},{"floor":31.0,"key":"trackpad:WindUpAutoDealer"},{"floor":31.0,"key":"aspiration:FrozenJewel"},{"floor":43,"key":"InkBottle"}],"event_choices":[{"damage_healed":0.0,"max_hp_gain":0.0,"max_hp_loss":0.0,"gold_gain":0.0,"event_name":"Upgrade Shrine","player_choice":"Upgraded","floor":21.0,"gold_loss":0.0,"damage_taken":0.0,"cards_upgraded":["BestPractice"]},{"damage_healed":0.0,"max_hp_gain":0.0,"max_hp_loss":0.0,"gold_gain":0.0,"event_name":"Addict","player_choice":"Obtained Relic","floor":22.0,"gold_loss":85.0,"damage_taken":0.0,"relics_obtained":["Anchor"]},{"damage_healed":0.0,"max_hp_gain":0.0,"max_hp_loss":0.0,"gold_gain":0.0,"event_name":"Colosseum","player_choice":"Fight","floor":31.0,"gold_loss":0.0,"damage_taken":0.0},{"damage_healed":0.0,"max_hp_gain":0.0,"max_hp_loss":0.0,"gold_gain":0.0,"event_name":"Colosseum","player_choice":"Fought Nobs","floor":31.0,"gold_loss":0.0,"damage_taken":0.0},{"damage_healed":0.0,"max_hp_gain":0.0,"max_hp_loss":0.0,"gold_gain":0.0,"event_name":"betterMatch:BetterMatch","player_choice":"3","floor":36.0,"gold_loss":0.0,"damage_taken":0.0,"cards_obtained":[]},{"damage_healed":0,"gold_gain":0,"player_choice":"Paid","damage_taken":0,"relics_obtained":["Red Mask"],"max_hp_gain":0,"max_hp_loss":0,"event_name":"Tomb of Lord Red Mask","floor":46,"gold_loss":94}],"is_beta":false,"boss_relics":[{"not_picked":["Velvet Choker","strawberrySpire:JuiceKeg"],"picked":"hubris:HollowSoul"},{"not_picked":["hubris:VirtuousBlindfold","conspire:SpecialSausage"],"picked":"aspiration:WatcherSkillbook"}],"items_purged_floors":[6],"is_endless":false,"potions_floor_spawned":[3,4,7,8,16,18,30,31,31,38,48,54],"ascension_level":0}}