{"host":"iti9xkbcm5v843sw","time":1613989974,"event":{"mods":["BaseMod","Minty Spire (QoL Compilation)","Replay The Spire","StSLib"],"gold_per_floor":[114,114,124,144,161,194,208,208,208,208,235,245,245,261,261,275,275,372,372,391,391,408,427,108,135,135,146,146,174,174,192,219,236,236,335,335,351,362,377,377,390,422,434,466,466,482,482,40,58,73,73,73,73,73,0,27,27],"floor_reached":58,"language":"ZHS","playtime":6357,"items_purged":[],"score":1289,"play_id":"c91ff7f2-710b-4578-b9f3-459a019ff95d","local_time":"20210222183254","is_ascension_mode":false,"campfire_choices":[{"floor":8.0,"key":"REST"},{"data":"Hello World","floor":13.0,"key":"SMITH"},{"floor":17.0,"key":"REST"},{"floor":26.0,"key":"REST"},{"floor":34.0,"key":"REST"},{"floor":47.0,"key":"RECALL"},{"data":"Rainbow","floor":51.0,"key":"SMITH"},{"data":"Loop","floor":54.0,"key":"SMITH"}],"circlet_count":0,"master_deck":["Defend_B+1","Defend_B+1","Defend_B+1","Defend_B+1","Zap+1","Dualcast","Rainbow+1","Redo","Ball Lightning","ReplayTheSpireMod:Calculation Training+1","Time Bomb","Buffer+1","Hello World+1","Rebound","Stack","Seek","Rebound","Compile Driver","Sweeping Beam","Melter+1","Force Field","Rebound+1","Go for the Eyes+1","Bite+1","Bite+1","Bite+1","Bite+1","Bite+1","Redo+1","ReplaySolidLightProjector","Panic Button+1","Electrodynamics","BasicCrystalCard+1","Double Energy+1","Barrage+1","ReplayTheSpireMod:Calculation Training+1","Hologram","FIFO Queue","BootSequence+1","Ball Lightning+1","Coolheaded+1","Beam Cell+1","Sweeping Beam+1","Loop+1","Hologram","All For One+1","Undo+1","Crystallizer","BasicCrystalCard+1"],"relics":["Cracked Core","Torii","PreservedInsect","ChewingGum","Molten Egg 2","Gremlin Food","Centennial Puzzle","White Beast Statue","SlaversCollar","Emotion Chip","Kunai","Blood Vial","Replay:Bottled Eggs","Solar Panel"],"acts_visited":["Exordium","TheCity","TheBeyond","TheEnding"],"potions_floor_usage":[57,57],"damage_taken":[{"damage":13.0,"enemies":"Small Slimes","floor":1.0,"turns":3.0},{"damage":1.0,"enemies":"Cultist","floor":3.0,"turns":3.0},{"damage":9.0,"enemies":"Jaw Worm","floor":4.0,"turns":3.0},{"damage":2.0,"enemies":"3 Louse","floor":5.0,"turns":2.0},{"damage":21.0,"enemies":"3 Sentries","floor":6.0,"turns":6.0},{"damage":11.0,"enemies":"Looter","floor":7.0,"turns":3.0},{"damage":2.0,"enemies":"Blue Slaver","floor":12.0,"turns":3.0},{"damage":4.0,"enemies":"Gremlin Gang","floor":14.0,"turns":4.0},{"damage":0.0,"enemies":"Large Slime","floor":16.0,"turns":4.0},{"damage":13.0,"enemies":"Hexaghost","floor":18.0,"turns":8.0},{"damage":1.0,"enemies":"Spheric Guardian","floor":20.0,"turns":3.0},{"damage":14.0,"enemies":"3 Byrds","floor":22.0,"turns":4.0},{"damage":4.0,"enemies":"Cultist and Chosen","floor":23.0,"turns":6.0},{"damage":12.0,"enemies":"Book of Stabbing","floor":25.0,"turns":4.0},{"damage":3.0,"enemies":"Shelled Parasite and Fungi","floor":27.0,"turns":4.0},{"damage":17.0,"enemies":"Gremlin Leader","floor":29.0,"turns":4.0},{"damage":13.0,"enemies":"Centurion and Healer","floor":31.0,"turns":6.0},{"damage":14.0,"enemies":"Book of Stabbing","floor":32.0,"turns":4.0},{"damage":8.0,"enemies":"Snecko","floor":33.0,"turns":3.0},{"damage":52.0,"enemies":"Collector","floor":35.0,"turns":8.0},{"damage":12.0,"enemies":"3 Darklings","floor":37.0,"turns":2.0},{"damage":1.0,"enemies":"Orb Walker","floor":38.0,"turns":3.0},{"damage":6.0,"enemies":"Jaw Worm Horde","floor":39.0,"turns":3.0},{"damage":6.0,"enemies":"Transient","floor":41.0,"turns":5.0},{"damage":0.0,"enemies":"Nemesis","floor":42.0,"turns":5.0},{"damage":9.0,"enemies":"Spire Growth","floor":43.0,"turns":3.0},{"damage":2.0,"enemies":"Giant Head","floor":44.0,"turns":9.0},{"damage":1.0,"enemies":"Maw","floor":46.0,"turns":6.0},{"damage":0.0,"enemies":"3 Darklings","floor":49.0,"turns":5.0},{"damage":11.0,"enemies":"Sphere and 2 Shapes","floor":50.0,"turns":4.0},{"damage":16.0,"enemies":"Time Eater","floor":52.0,"turns":9.0},{"damage":14.0,"enemies":"Shield and Spear","floor":56.0,"turns":5.0},{"damage":30,"enemies":"The Heart","floor":57,"turns":11}],"seed_played":"-7551452139411227567","potions_obtained":[{"floor":3.0,"key":"SkillPotion"},{"floor":7.0,"key":"EssenceOfDarkness"},{"floor":16.0,"key":"SpeedPotion"},{"floor":18.0,"key":"Explosive Potion"},{"floor":22.0,"key":"Adrenaline Potion"},{"floor":25.0,"key":"ColorlessPotion"},{"floor":27.0,"key":"LiquidMemories"},{"floor":29.0,"key":"DuplicationPotion"},{"floor":33.0,"key":"Ancient Potion"},{"floor":35.0,"key":"Explosive Potion"},{"floor":37.0,"key":"Fire Potion"},{"floor":38.0,"key":"Block Potion"},{"floor":41.0,"key":"Energy Potion"},{"floor":42.0,"key":"Weak Potion"},{"floor":43.0,"key":"BlessingOfTheForge"},{"floor":56.0,"key":"PowerPotion"}],"is_trial":false,"path_per_floor":["M","?","M","M","M","E","M","R","PTL","PTL","T","M","R","M","?","M","R","B",null,"M","?","M","M","$","E","R","M","T","E","?","M","E","M","R","B",null,"M","M","M","?","M","E","M","E","T","M","R","$","M","M","R","B",null,"R","$","E","B",null],"character_chosen":"DEFECT","items_purchased":["Molten Egg 2","Melter+1","Beam Cell+1","Sweeping Beam+1","Loop","Replay:Bottled Eggs","Hologram","Crystallizer"],"campfire_rested":4,"item_purchase_floors":[24,24,48,48,48,48,48,55],"current_hp_per_floor":[62,62,61,52,50,29,18,40,40,40,40,38,38,34,34,34,56,43,75,74,74,60,56,56,44,66,63,63,46,46,39,34,38,52,12,52,43,48,48,48,51,52,46,52,52,52,52,52,52,41,41,36,52,52,52,41,26],"gold":27,"neow_bonus":"ONE_RANDOM_RARE_CARD","is_daily":false,"chose_seed":false,"campfire_upgraded":3,"win_rate":0.0,"timestamp":1613989974,"path_taken":["M","?","M","M","?","E","M","R","PTL","PTL","T","M","R","M","?","M","R","BOSS","M","?","M","M","$","E","R","M","T","E","?","M","E","M","R","BOSS","M","M","M","?","M","E","M","E","T","M","R","$","M","M","R","BOSS","R","$","E","BOSS"],"items_purchased_type":["Relic","Card","Card","Card","Card","Relic","Card","Card"],"build_version":"2020-12-22","purchased_purges":0,"victory":true,"max_hp_per_floor":[75,75,75,75,75,75,75,75,75,75,75,75,75,75,75,75,75,75,75,75,75,75,75,75,75,75,75,75,75,52,52,52,52,52,52,52,52,52,52,52,52,52,52,52,52,52,52,52,52,52,52,52,52,52,52,52,52],"card_choices":[{"not_picked":["Cold Snap","Turbo"],"picked":"Redo","floor":1.0},{"not_picked":["Gash","Conserve Battery"],"picked":"Ball Lightning","floor":3.0},{"not_picked":["Leap","Conserve Battery"],"picked":"ReplayTheSpireMod:Calculation Training","floor":4.0},{"not_picked":["Chaos","Sweeping Beam"],"picked":"Time Bomb","floor":5.0},{"not_picked":["Tempest","Thunder Strike"],"picked":"Buffer","floor":6.0},{"not_picked":["Rebound","Auto Shields"],"picked":"Hello World","floor":7.0},{"not_picked":["Go for the Eyes","ReplayTheSpireMod:Repulse"],"picked":"Rebound","floor":12.0},{"not_picked":["Redo","Barrage"],"picked":"Stack","floor":14.0},{"not_picked":["Redo","Stack"],"picked":"BasicCrystalCard","floor":16.0},{"not_picked":["ReplayRNGCard","Thunder Strike"],"picked":"Seek","floor":18.0},{"not_picked":["Turbo","Streamline+1"],"picked":"Rebound","floor":20.0},{"not_picked":["Steam","Streamline"],"picked":"Compile Driver","floor":22.0},{"not_picked":["Redo","Reprogram+1"],"picked":"Sweeping Beam","floor":23.0},{"not_picked":["Redo","Stack"],"picked":"Force Field","floor":25.0},{"not_picked":["Streamline+1","Stack"],"picked":"Rebound+1","floor":27.0},{"not_picked":["Sweeping Beam+1","Auto Shields"],"picked":"Go for the Eyes+1","floor":29.0},{"not_picked":["Reboot","Coolheaded+1"],"picked":"Redo+1","floor":31.0},{"not_picked":["Compile Driver+1","Ball Lightning+1"],"picked":"ReplaySolidLightProjector","floor":32.0},{"not_picked":["Melter+1","Machine Learning"],"picked":"Panic Button+1","floor":33.0},{"not_picked":["Hyperbeam+1","Creative AI"],"picked":"Electrodynamics","floor":35.0},{"not_picked":["Rebound+1","Sweeping Beam+1"],"picked":"BasicCrystalCard+1","floor":37.0},{"not_picked":["Gash+1","Force Field+1"],"picked":"Double Energy+1","floor":38.0},{"not_picked":["Panic Button","Fusion+1"],"picked":"Barrage+1","floor":39.0},{"not_picked":["Glacier+1","Coolheaded"],"picked":"Hologram","floor":41.0},{"not_picked":["Rebound+1","Cold Snap+1"],"picked":"FIFO Queue","floor":42.0},{"not_picked":["Steam","Barrage+1"],"picked":"BootSequence+1","floor":43.0},{"not_picked":["Darkness","Core Surge+1"],"picked":"Ball Lightning+1","floor":44.0},{"not_picked":["Ball Lightning+1","Cold Snap+1"],"picked":"Coolheaded+1","floor":46.0},{"not_picked":["Turbo","Rebound+1"],"picked":"All For One+1","floor":49.0},{"not_picked":["Rebound+1","FTL+1"],"picked":"Undo+1","floor":50.0},{"not_picked":["ReplayTheSpireMod:System Scan+1","Steam+1"],"picked":"BasicCrystalCard+1","floor":56.0}],"player_experience":228893,"relics_obtained":[{"floor":6.0,"key":"Torii"},{"floor":11.0,"key":"PreservedInsect"},{"floor":25.0,"key":"Gremlin Food"},{"floor":29.0,"key":"Centennial Puzzle"},{"floor":32.0,"key":"White Beast Statue"},{"floor":42.0,"key":"Emotion Chip"},{"floor":44.0,"key":"Kunai"},{"floor":45.0,"key":"Blood Vial"},{"floor":56.0,"key":"Solar Panel"}],"event_choices":[{"damage_healed":0.0,"max_hp_gain":0.0,"max_hp_loss":0.0,"gold_gain":0.0,"event_name":"NoteForYourself","player_choice":"Ignored","floor":2.0,"gold_loss":0.0,"damage_taken":0.0},{"damage_healed":0.0,"max_hp_gain":0.0,"max_hp_loss":0.0,"gold_gain":0.0,"event_name":"Golden Wing","player_choice":"Ignored","floor":15.0,"gold_loss":0.0,"damage_taken":0.0},{"damage_healed":0.0,"max_hp_gain":0.0,"max_hp_loss":0.0,"gold_gain":0.0,"event_name":"Back to Basics","player_choice":"Simplicity","floor":21.0,"gold_loss":0.0,"damage_taken":0.0,"cards_upgraded":["Strike_B","Strike_B","Strike_B","Strike_B","Defend_B","Defend_B","Defend_B","Defend_B"]},{"damage_healed":0.0,"max_hp_gain":0.0,"max_hp_loss":23.0,"gold_gain":0.0,"event_name":"Vampires","player_choice":"Became a vampire","floor":30.0,"gold_loss":0.0,"damage_taken":0.0,"cards_obtained":["Bite","Bite","Bite","Bite","Bite"]},{"damage_healed":0.0,"max_hp_gain":0.0,"max_hp_loss":0.0,"gold_gain":0.0,"cards_transformed":["BasicCrystalCard"],"event_name":"Transmorgrifier","player_choice":"Transformed","floor":40.0,"gold_loss":0.0,"damage_taken":0.0,"cards_obtained":["ReplayTheSpireMod:Calculation Training"]}],"is_beta":false,"boss_relics":[{"not_picked":["Coffee Dripper","Runic Dome"],"picked":"ChewingGum"},{"not_picked":["Sozu","Busted Crown"],"picked":"SlaversCollar"}],"items_purged_floors":[],"is_endless":false,"potions_floor_spawned":[3,7,16,18,22,25,27,29,33,35,37,38,39,41,42,43,44,46,49,50,56],"ascension_level":0}}