{"host":"i29s15dsg0c43zmx","time":1613997908,"event":{"mods":["AchievementEnabler","BaseMod","Colored Map","Minty Spire (QoL Compilation)","StSLib"],"gold_per_floor":[18,118,138,148,27,57,57,87,87,97,115,125,139,39,39,142,142,158,158,104,117,297,297,307,322,345,366,222,222,234,79,79,79,79],"floor_reached":33,"language":"ENG","playtime":1348,"items_purged":["Strike_P","Strike_P"],"score":261,"play_id":"7d4b5427-b96a-4588-810d-4bce2aabade1","local_time":"20210222134508","is_ascension_mode":false,"campfire_choices":[{"data":"PathToVictory","floor":7,"key":"SMITH"},{"floor":15,"key":"REST"},{"data":"Devotion","floor":23,"key":"SMITH"},{"floor":29,"key":"REST"},{"floor":32,"key":"REST"}],"circlet_count":0,"master_deck":["Defend_P","Defend_P","Defend_P","Defend_P","Eruption","Vigilance","Tantrum","Tantrum","BattleHymn","EmptyBody","FollowUp","PathToVictory+1","ClearTheMind","Protect","Halt","Devotion+1","Brilliance","Prostrate","Halt","ClearTheMind"],"relics":["PureWater","Darkstone Periapt","Eternal Feather","Kunai","Black Star","Happy Flower","CeramicFish","Sling","Damaru"],"acts_visited":["Exordium","TheCity"],"potions_floor_usage":[6,8,13,25,30,33],"damage_taken":[{"damage":0,"enemies":"Small Slimes","floor":1,"turns":2},{"damage":0,"enemies":"Cultist","floor":3,"turns":2},{"damage":0,"enemies":"2 Louse","floor":4,"turns":1},{"damage":36,"enemies":"Lagavulin","floor":6,"turns":3},{"damage":6,"enemies":"Gremlin Nob","floor":8,"turns":3},{"damage":4,"enemies":"Exordium Thugs","floor":10,"turns":3},{"damage":10,"enemies":"Lots of Slimes","floor":11,"turns":3},{"damage":0,"enemies":"Exordium Wildlife","floor":12,"turns":2},{"damage":4,"enemies":"Exordium Thugs","floor":13,"turns":5},{"damage":35,"enemies":"Hexaghost","floor":16,"turns":8},{"damage":5,"enemies":"2 Thieves","floor":18,"turns":4},{"damage":4,"enemies":"Spheric Guardian","floor":21,"turns":5},{"damage":10,"enemies":"Snecko","floor":24,"turns":4},{"damage":17,"enemies":"Snake Plant","floor":25,"turns":4},{"damage":23,"enemies":"Sentry and Sphere","floor":27,"turns":6},{"damage":10,"enemies":"Centurion and Healer","floor":30,"turns":4},{"damage":65,"enemies":"Collector","floor":33,"turns":7}],"seed_played":"-6318928471889336486","potions_obtained":[{"floor":1,"key":"SteroidPotion"},{"floor":3,"key":"DistilledChaos"},{"floor":6,"key":"DistilledChaos"},{"floor":11,"key":"Swift Potion"},{"floor":16,"key":"Strength Potion"},{"floor":18,"key":"Explosive Potion"},{"floor":30,"key":"SkillPotion"}],"is_trial":false,"path_per_floor":["M","?","M","M","$","E","R","E","T","M","M","M","M","$","R","B",null,"M","?","$","M","?","R","M","M","T","M","$","R","M","$","R","B"],"character_chosen":"WATCHER","items_purchased":["PathToVictory","Prostrate","Sling","Damaru"],"campfire_rested":3,"item_purchase_floors":[5,20,28,31],"current_hp_per_floor":[72,72,72,72,72,36,36,30,30,26,16,16,12,12,42,7,72,67,67,67,63,44,53,43,26,26,3,3,36,26,26,59,0,0],"gold":79,"neow_bonus":"TRANSFORM_TWO_CARDS","is_daily":false,"chose_seed":false,"campfire_upgraded":2,"win_rate":0.0,"timestamp":1613997908,"path_taken":["M","?","?","M","?","E","R","E","T","M","M","M","M","$","R","BOSS","M","?","?","?","?","R","M","?","T","M","$","R","M","$","R","BOSS"],"items_purchased_type":["Card","Card","Relic","Relic"],"build_version":"2020-12-22","purchased_purges":2,"victory":false,"max_hp_per_floor":[72,72,72,72,72,72,72,72,72,72,72,72,72,72,72,72,72,72,72,72,72,72,72,72,72,72,72,72,72,72,72,72,72,72],"card_choices":[{"not_picked":["CutThroughFate","LikeWater"],"picked":"BattleHymn","floor":1},{"not_picked":["WindmillStrike","EmptyFist"],"picked":"EmptyBody","floor":3},{"not_picked":["InnerPeace","SignatureMove"],"picked":"FollowUp","floor":4},{"not_picked":["Wireheading","FlyingSleeves","Weave"],"picked":"SKIP","floor":6},{"not_picked":["LikeWater","Scrawl"],"picked":"ClearTheMind","floor":8},{"not_picked":["WheelKick","EmptyFist"],"picked":"Protect","floor":10},{"not_picked":["FollowUp","Study"],"picked":"Halt","floor":11},{"not_picked":["ThirdEye","Pray"],"picked":"Devotion","floor":12},{"not_picked":["JustLucky","Wireheading","CrushJoints"],"picked":"SKIP","floor":13},{"not_picked":["DeusExMachina","Scrawl"],"picked":"Brilliance","floor":16},{"not_picked":["Adaptation","CrushJoints+1","Crescendo+1"],"picked":"SKIP","floor":18},{"not_picked":["EmptyMind","ThirdEye"],"picked":"Halt","floor":21},{"not_picked":["Study","Halt","Evaluate"],"picked":"SKIP","floor":24},{"not_picked":["SashWhip","CutThroughFate+1","Protect"],"picked":"SKIP","floor":25},{"not_picked":["Tantrum+1","Alpha"],"picked":"ClearTheMind","floor":27},{"not_picked":["EmptyFist+1","Perseverance","JustLucky"],"picked":"SKIP","floor":30}],"player_experience":110349,"relics_obtained":[{"floor":6,"key":"Darkstone Periapt"},{"floor":8,"key":"Eternal Feather"},{"floor":9,"key":"Kunai"},{"floor":26,"key":"CeramicFish"}],"event_choices":[{"damage_healed":0,"gold_gain":100,"player_choice":"Pray","damage_taken":0,"max_hp_gain":0,"max_hp_loss":0,"event_name":"Golden Shrine","floor":2,"gold_loss":0},{"damage_healed":0,"gold_gain":0,"player_choice":"Gave Potion","damage_taken":0,"relics_obtained":["Happy Flower"],"max_hp_gain":0,"max_hp_loss":0,"event_name":"WeMeetAgain","floor":19,"gold_loss":0},{"damage_healed":0,"gold_gain":180,"player_choice":"GOLD GOLD ","damage_taken":19,"max_hp_gain":0,"max_hp_loss":0,"event_name":"Knowing Skull","floor":22,"potions_obtained":[],"gold_loss":0,"cards_obtained":[]}],"is_beta":false,"boss_relics":[{"not_picked":["Fusion Hammer","Calling Bell"],"picked":"Black Star"}],"items_purged_floors":[5,14],"is_endless":false,"potions_floor_spawned":[1,3,6,11,16,18,30],"killed_by":"Collector","ascension_level":0}}