{"host":"4ia4wmtvbzfrqeuq","time":1613953491,"event":{"mods":["Aspiration","BaseMod","Beaked The Cultist","Better Skull","Better Third Choice","BetterRewards","Card Forge","Conspire","Dio Mod","Downfall","Halation","Hermit","Hubris","Infinite Spire","Lobotomy","LobotomyExtend","Luminous","Mimic Mod","Minty Spire (QoL Compilation)","Replay The Spire","Shop Mod","Spicy Shops","StSLib","The Animator","The Cursed","The Disciple","The Dragon Tamer","The Elementalist","The Necromancer","The Runesmith","Wandering Minibosses"],"gold_per_floor":[0,17,37,37,51,51,127,27,47,192,92,114,189,217,227,323,323,223,192,206,225,225,749,749,780,794,305,340,353,353,353,353,353],"floor_reached":32,"language":"ENG","playtime":2469,"items_purged":["Strike_G","Defend_G","Strike_G","Defend_G","Strike_G","Defend_G"],"score":455,"play_id":"8965ae50-6303-40d9-ac24-29892087dc25","local_time":"20210221162451","is_ascension_mode":false,"campfire_choices":[{"floor":1,"key":"DIG"},{"floor":6,"key":"RECALL"},{"data":"Cloak And Dagger","floor":8,"key":"SMITH"},{"data":"expansioncontent:StudyTheSpire","floor":11,"key":"SMITH"},{"data":"Strike_G","floor":18,"key":"PURGE"},{"data":"Tools of the Trade","floor":30,"key":"SMITH"}],"circlet_count":0,"master_deck":["Defend_G+1","Survivor","Neutralize","Tactician+1","Masterful Stab+1","Cloak And Dagger+1","Choke","expansioncontent:StudyTheSpire+1","Masterful Stab","Tools of the Trade+1","Cloak And Dagger","Masterful Stab","Deflect","conspire:DoublingDagger+1","Backstab","Dodge and Roll+1"],"relics":["Ring of the Snake","Hammer of Thor","Seething Fire","LetterFromLob","downfall:HeartBlessingRed","BargainBundle","War Paint","Incense Burner","downfall:HeartBlessingBlue","Odd Mushroom","halation:OrihimeAndHikoboshiSamaAndTears","Black Star","downfall:HeartBlessingGreen","infinitespire:Joker Card","HandDrill","conspire:Flyswatter","Bronze Scales","aspiration:TomeofQuesting","Omamori","Pondfish Scales","Replay:Bottled Snecko","infinitespire:CursedDice","TheCursedMod:OminousMark"],"acts_visited":["Exordium","TheCity"],"potions_floor_usage":[12,12,16,16,16,25],"damage_taken":[{"damage":4,"enemies":"Cultist","floor":2,"turns":5},{"damage":0,"enemies":"2 Louse","floor":3,"turns":4},{"damage":0,"enemies":"Small Slimes","floor":5,"turns":3},{"damage":0,"enemies":"Looter","floor":9,"turns":3},{"damage":0,"enemies":"downfall:FleeingMerchant","floor":10,"turns":4},{"damage":0,"enemies":"The Mushroom Lair","floor":12,"turns":1},{"damage":4,"enemies":"Lagavulin","floor":14,"turns":5},{"damage":0,"enemies":"Exordium Wildlife","floor":15,"turns":2},{"damage":0,"enemies":"DF_ARCHETYPE_STREAMLINE","floor":16,"turns":9},{"damage":7,"enemies":"Chosen","floor":19,"turns":5},{"damage":0,"enemies":"Shell Parasite","floor":20,"turns":4},{"damage":0,"enemies":"Sentry and Sphere","floor":21,"turns":4},{"damage":0,"enemies":"downfall:FleeingMerchant","floor":23,"turns":4},{"damage":0,"enemies":"Slavers","floor":25,"turns":3},{"damage":1,"enemies":"Cultist and Chosen","floor":26,"turns":2},{"damage":15,"enemies":"downfall:FleeingMerchant","floor":27,"turns":4},{"damage":0,"enemies":"Book of Stabbing","floor":28,"turns":3},{"damage":0,"enemies":"3 Cultists","floor":29,"turns":4},{"damage":0,"enemies":"Sentry and Sphere","floor":32,"turns":2}],"seed_played":"6439558352594168779","potions_obtained":[{"floor":5,"key":"FairyPotion"},{"floor":12,"key":"champ:CounterPotion"},{"floor":15,"key":"DistilledChaos"},{"floor":16,"key":"Guardian:BlockOnCardUsePotion"},{"floor":21,"key":"Languid Potion"},{"floor":28,"key":"EssenceOfSteel"}],"is_trial":false,"path_per_floor":["R","M","M","?","M","R","T","R","M","$","R","?","?","E","M","B",null,"R","M","M","M","?","$","T","E","M","$","E","M","R","HB","M"],"character_chosen":"THE_SILENT","items_purchased":["BargainBundle","War Paint","expansioncontent:StudyTheSpire","Incense Burner","Explosive Potion","SkillPotion","Masterful Stab","infinitespire:Joker Card","HandDrill","Deflect","Omamori","Pondfish Scales"],"campfire_rested":0,"item_purchase_floors":[10,10,10,10,10,10,23,23,23,23,27,27],"current_hp_per_floor":[70,66,66,66,66,66,66,66,66,66,76,76,65,61,61,61,80,80,73,73,73,73,73,73,73,72,57,57,57,57,57,57,57],"gold":353,"neow_bonus":"TRANSFORM_TWO_CARDS","is_daily":false,"chose_seed":false,"campfire_upgraded":3,"win_rate":0.0,"timestamp":1613953491,"path_taken":["R","M","?","?","M","R","T","R","M","?","R","?","?","E","M","BOSS","R","M","M","M","?","$","T","E","M","$","E","M","R","HB","M"],"items_purchased_type":["Relic","Relic","Card","Relic","Potion","Potion","Card","Relic","Relic","Card","Relic","Relic"],"build_version":"2020-12-22","purchased_purges":6,"victory":false,"max_hp_per_floor":[70,70,70,70,70,70,70,70,70,70,80,80,80,80,80,80,80,80,80,80,80,80,80,80,80,80,80,80,80,80,80,80,80],"card_choices":[{"not_picked":["hubris:TrickCloak","Blur","ReplayTheSpireMod:Tripwire"],"picked":"SKIP","floor":2},{"not_picked":["Predator","Riddle With Holes"],"picked":"Cloak And Dagger","floor":3},{"not_picked":["ReplayTheSpireMod:Tripwire","Acrobatics","Prepared"],"picked":"SKIP","floor":5},{"not_picked":["Dash","Dagger Throw","Crippling Poison"],"picked":"SKIP","floor":9},{"not_picked":["Bane","hubris:SlightOfHand"],"picked":"Choke","floor":10},{"not_picked":["Backstab","Deadly Poison"],"picked":"Masterful Stab","floor":12},{"not_picked":["Bullet Time","Caltrops","Blade Dance"],"picked":"SKIP","floor":14},{"not_picked":["Quick Slash","Skewer","Crippling Poison"],"picked":"SKIP","floor":15},{"not_picked":["Unload","ReplayTheSpireMod:Necrosis"],"picked":"Tools of the Trade","floor":16},{"not_picked":["Sucker Punch","Dagger Spray","Bane"],"picked":"SKIP","floor":19},{"not_picked":["Bane","hubris:SlightOfHand","hubris:Counter"],"picked":"SKIP","floor":20},{"not_picked":["Poisoned Stab","Endless Agony"],"picked":"Cloak And Dagger","floor":21},{"not_picked":["Quick Slash","Backflip","Eviscerate"],"picked":"SKIP","floor":23},{"not_picked":["Reflex","Expertise"],"picked":"conspire:DoublingDagger+1","floor":25},{"not_picked":["Distraction","Sucker Punch","Backflip"],"picked":"SKIP","floor":26},{"not_picked":["Bane","Venomology"],"picked":"Backstab","floor":27},{"not_picked":["conspire:PoisonWeapons","Poisoned Stab+1","Calculated Gamble"],"picked":"SKIP","floor":28},{"not_picked":["Deadly Poison","Dagger Throw"],"picked":"Dodge and Roll+1","floor":29}],"player_experience":664820,"relics_obtained":[{"floor":1,"key":"Ancient Tea Set"},{"floor":2,"key":"LetterFromLob"},{"floor":12,"key":"Odd Mushroom"},{"floor":14,"key":"halation:OrihimeAndHikoboshiSamaAndTears"},{"floor":24,"key":"conspire:Flyswatter"},{"floor":25,"key":"Bronze Scales"},{"floor":25,"key":"aspiration:TomeofQuesting"},{"floor":28,"key":"Replay:Bottled Snecko"},{"floor":28,"key":"infinitespire:CursedDice"}],"event_choices":[{"damage_healed":0,"gold_gain":0,"player_choice":"Upgraded","damage_taken":0,"max_hp_gain":0,"max_hp_loss":0,"event_name":"Upgrade Shrine","floor":4,"gold_loss":0,"cards_upgraded":["Masterful Stab"]},{"damage_healed":0,"gold_gain":0,"player_choice":"Fought Mushrooms","damage_taken":0,"max_hp_gain":0,"max_hp_loss":0,"event_name":"Mushrooms","floor":12,"gold_loss":0},{"damage_healed":0,"gold_gain":75,"player_choice":"Gold","damage_taken":11,"max_hp_gain":0,"max_hp_loss":0,"event_name":"betterThird:BetterGoop","floor":13,"gold_loss":0},{"damage_healed":0,"gold_gain":0,"player_choice":"Ignored","damage_taken":0,"max_hp_gain":0,"max_hp_loss":0,"event_name":"NoteForYourself","floor":22,"gold_loss":0}],"is_beta":false,"boss_relics":[{"not_picked":["Velvet Choker","beaked:MawFillet"],"picked":"Black Star"}],"items_purged_floors":[10,10,23,23,27,27],"is_endless":false,"potions_floor_spawned":[5,12,15,16,21,28],"killed_by":"Sentry and Sphere","ascension_level":0}}