{"host":"fnlf8nl5agtxb8g8","time":1613968063,"event":{"mods":["Act Like it!","BaseMod","Better Altar","Better Match","Better Note","Better Sensory Stone","Better Skull","Better Third Choice","Better Vampires","Downfall","Minty Spire (QoL Compilation)","Quick Restart","Rare Cards Sparkle","StSLib"],"gold_per_floor":[99,113,124,124,224,224,224,224,237,237,265,33,53,86,104,203,203,203,215,215,229,240,240,240,273,285,309,321,363,389,419,442,554,566,578,641,928,952,964,570,570,597,609,119,133,148,165,194,211,211,211,211],"floor_reached":50,"language":"ENG","playtime":4781,"items_purged":["bronze:Defend","Regret"],"score":606,"play_id":"20b68eaa-938e-45f9-a3c1-bc9f1a9d7a2e","local_time":"20210221222743","is_ascension_mode":false,"campfire_choices":[{"data":"bronze:Replicate","floor":1,"key":"SMITH"},{"data":"bronze:Repair","floor":6,"key":"SMITH"},{"data":"bronze:Repulsor","floor":10,"key":"SMITH"},{"data":"bronze:Verify","floor":18,"key":"SMITH"},{"data":"bronze:SpaghettiCode","floor":23,"key":"SMITH"},{"data":"bronze:Repair","floor":26,"key":"SMITH"},{"data":"bronze:RecursiveStrike","floor":35,"key":"SMITH"}],"circlet_count":0,"master_deck":["bronze:Strike","bronze:Strike+1","bronze:Strike","bronze:Strike+1","bronze:Defend","bronze:Defend","bronze:Replicate+1","bronze:Goto+1","bronze:Repair+1","bronze:FineTuning+1","bronze:Repair+1","bronze:Repulsor+1","bronze:HardenedForm","bronze:Verify+1","bronze:SpaghettiCode+1","bronze:BuggyMess+1","expansioncontent:LastStand+1","bronze:BronzeOrb+1","bronze:RecursiveStrike+1","bronze:SpaghettiCode","CurseOfTheBell","expansioncontent:QuickStudy"],"relics":["bronze:BronzeCore","StrikeDummy","bronze:ProtectiveGoggles","hexamod:CandleOfCauterizing","Runic Pyramid","Akabeko","Centennial Puzzle","Kunai","MawBank","sneckomod:BlankCard","Calling Bell","Blood Vial","Darkstone Periapt","Peace Pipe","Torii","Calipers","Bottled Lightning","Question Card","Guardian:GemstoneGun","Singing Bowl"],"acts_visited":["Exordium","TheCity","TheBeyond"],"potions_floor_usage":[5,13,16,33,36,36,40,40,50,50,50],"damage_taken":[{"damage":0,"enemies":"2 Louse","floor":2,"turns":3},{"damage":1,"enemies":"Small Slimes","floor":3,"turns":3},{"damage":30,"enemies":"downfall:Heads","floor":5,"turns":7},{"damage":3,"enemies":"Jaw Worm","floor":9,"turns":2},{"damage":28,"enemies":"Lagavulin","floor":11,"turns":5},{"damage":0,"enemies":"downfall:FleeingMerchant","floor":12,"turns":4},{"damage":16,"enemies":"Exordium Thugs","floor":13,"turns":4},{"damage":11,"enemies":"3 Sentries","floor":14,"turns":7},{"damage":0,"enemies":"downfall:LooterAlt","floor":15,"turns":2},{"damage":7,"enemies":"DF_ARCHETYPE_STREAMLINE","floor":16,"turns":7},{"damage":14,"enemies":"Spheric Guardian","floor":19,"turns":4},{"damage":0,"enemies":"3 Byrds","floor":21,"turns":3},{"damage":5,"enemies":"Centurion and Healer","floor":22,"turns":5},{"damage":35,"enemies":"Slavers","floor":25,"turns":4},{"damage":14,"enemies":"3 Cultists","floor":27,"turns":4},{"damage":34,"enemies":"Book of Stabbing","floor":29,"turns":5},{"damage":15,"enemies":"Snecko","floor":30,"turns":3},{"damage":0,"enemies":"Centurion and Healer","floor":31,"turns":4},{"damage":0,"enemies":"Shelled Parasite and Fungi","floor":32,"turns":3},{"damage":45,"enemies":"SI_MIRROR_ARCHETYPE","floor":33,"turns":10},{"damage":35,"enemies":"2 Orb Walkers","floor":36,"turns":5},{"damage":19,"enemies":"Orb Walker","floor":38,"turns":3},{"damage":8,"enemies":"downfall:FleeingMerchant","floor":40,"turns":4},{"damage":82,"enemies":"Reptomancer","floor":42,"turns":8},{"damage":18,"enemies":"3 Shapes","floor":43,"turns":9},{"damage":0,"enemies":"downfall:FleeingMerchant","floor":44,"turns":4},{"damage":0,"enemies":"Jaw Worm Horde","floor":45,"turns":1},{"damage":1,"enemies":"Maw","floor":46,"turns":6},{"damage":0,"enemies":"Spire Growth","floor":47,"turns":3},{"damage":36,"enemies":"Giant Head","floor":48,"turns":7},{"damage":7,"enemies":"Jaw Worm Horde","floor":49,"turns":5},{"damage":336,"enemies":"IC_BLOCK_ARCHETYPE","floor":50,"turns":6}],"seed_played":"-4010521385266372584","potions_obtained":[{"floor":3,"key":"Weak Potion"},{"floor":9,"key":"Strength Potion"},{"floor":13,"key":"Ancient Potion"},{"floor":14,"key":"Explosive Potion"},{"floor":15,"key":"Block Potion"},{"floor":19,"key":"Swift Potion"},{"floor":27,"key":"BlessingOfTheForge"},{"floor":32,"key":"Fruit Juice"},{"floor":33,"key":"DuplicationPotion"},{"floor":36,"key":"SkillPotion"},{"floor":45,"key":"Fire Potion"},{"floor":47,"key":"champ:CounterPotion"},{"floor":48,"key":"Swift Potion"}],"is_trial":false,"path_per_floor":["R","M","M","?","?","R","T","?","M","R","E","$","M","E","M","B",null,"R","M","?","M","M","R","T","E","R","M","?","E","M","M","M","B",null,"R","?","?","M","?","$","T","E","M","$","M","M","M","E","M","B"],"character_chosen":"THE_AUTOMATON","items_purchased":["bronze:Verify","Calipers","Guardian:GemstoneGun","expansioncontent:QuickStudy"],"campfire_rested":0,"item_purchase_floors":[12,40,44,44],"current_hp_per_floor":[77,77,77,77,54,54,54,54,61,61,51,51,52,59,69,70,77,77,63,26,26,39,39,39,21,21,29,29,25,31,51,72,48,82,82,67,73,69,88,88,88,16,30,52,54,75,88,63,81,0,0,0],"gold":211,"neow_bonus":"TEN_PERCENT_HP_BONUS","is_daily":false,"chose_seed":false,"campfire_upgraded":7,"win_rate":0.0,"timestamp":1613968063,"path_taken":["R","M","M","?","?","R","T","?","?","R","E","?","M","E","M","BOSS","R","M","?","M","M","R","T","E","R","?","?","E","M","M","M","BOSS","R","?","?","?","?","$","T","E","M","$","M","M","M","E","M","BOSS"],"items_purchased_type":["Card","Relic","Relic","Card"],"build_version":"2020-12-22","purchased_purges":2,"victory":false,"max_hp_per_floor":[77,77,77,77,77,77,77,77,77,77,77,77,77,77,77,77,77,77,77,77,77,77,77,77,77,77,77,77,77,77,77,77,82,82,82,82,88,88,88,88,88,88,88,88,88,88,88,90,92,92,92,92],"card_choices":[{"not_picked":["bronze:Shield","bronze:ForLoop"],"picked":"bronze:Repair","floor":2},{"not_picked":["bronze:DelayedGuard","bronze:CutThrough"],"picked":"bronze:FineTuning","floor":3},{"not_picked":["bronze:DarkDash","bronze:Shell"],"picked":"bronze:Repair","floor":5},{"not_picked":["bronze:WhirlingStrike","bronze:OilSpill"],"picked":"bronze:Repulsor","floor":9},{"not_picked":["bronze:DelayedSlice","bronze:Shell"],"picked":"bronze:HardenedForm","floor":11},{"not_picked":["bronze:DelayedSlice","bronze:OilSpill","bronze:BitShift"],"picked":"SKIP","floor":12},{"not_picked":["bronze:ClassDefault","bronze:Iterate","bronze:Shield"],"picked":"SKIP","floor":13},{"not_picked":["bronze:FineTuning","bronze:CutThrough","bronze:Overload"],"picked":"SKIP","floor":14},{"not_picked":["bronze:Philosophize","bronze:OilSpill","bronze:Overheat"],"picked":"SKIP","floor":15},{"not_picked":["bronze:HardenedForm","bronze:Mutator"],"picked":"bronze:SpaghettiCode","floor":16},{"not_picked":["bronze:Shell+1","bronze:ForceShield","bronze:Branch"],"picked":"SKIP","floor":19},{"not_picked":["bronze:BugBarrage","bronze:OilSpill","bronze:Turbo"],"picked":"SKIP","floor":21},{"not_picked":["bronze:Frontload+1","bronze:OilSpill","bronze:BuggyMess+1"],"picked":"SKIP","floor":22},{"not_picked":["bronze:Frontload+1","bronze:OilSpill"],"picked":"bronze:BuggyMess+1","floor":22},{"not_picked":["bronze:WhirlingStrike+1","bronze:Overheat","bronze:Philosophize"],"picked":"SKIP","floor":25},{"not_picked":["bronze:BronzeOrb","bronze:CloningBeam","bronze:DelayedGuard"],"picked":"SKIP","floor":27},{"not_picked":["bronze:Invalidate+1","bronze:FineTuning"],"picked":"bronze:BronzeOrb+1","floor":29},{"not_picked":["bronze:Overload","bronze:DarkDash+1"],"picked":"bronze:RecursiveStrike","floor":30},{"not_picked":["bronze:BugBarrage","bronze:Shield","bronze:Frontload"],"picked":"SKIP","floor":31},{"not_picked":["bronze:BuggyMess","bronze:Return","bronze:Shield"],"picked":"SKIP","floor":32},{"not_picked":["bronze:Assembly","bronze:ShipIt"],"picked":"bronze:SpaghettiCode","floor":33},{"not_picked":["bronze:NullPointer","bronze:DigitalCarnage","bronze:CutThrough"],"picked":"SKIP","floor":38},{"not_picked":["bronze:DelayedGuard","bronze:Overheat","bronze:BitShift"],"picked":"SKIP","floor":40},{"not_picked":["bronze:BugBarrage+1","bronze:BitShift+1","bronze:DelayedGuard+1"],"picked":"SKIP","floor":42},{"not_picked":["bronze:Turbo+1","bronze:ClassDefault","bronze:Iterate+1","bronze:DelayedSlice+1"],"picked":"SKIP","floor":43},{"not_picked":["bronze:CleanCode","bronze:NullPointer","bronze:BuggyMess","bronze:Branch+1"],"picked":"SKIP","floor":44},{"not_picked":["bronze:Frontload+1","bronze:Iterate+1","bronze:Return+1","bronze:BuggyMess"],"picked":"SKIP","floor":45},{"not_picked":["bronze:WildBeam","bronze:Turbo","bronze:BronzeOrb+1","bronze:Overheat"],"picked":"SKIP","floor":46},{"not_picked":["bronze:WildBeam+1","bronze:ChildClass+1","bronze:Branch+1","bronze:Frontload+1"],"picked":"SKIP","floor":47},{"not_picked":["bronze:AlphaBuild","bronze:Branch+1","bronze:Overheat","bronze:Shield"],"picked":"Singing Bowl","floor":48},{"not_picked":["bronze:MaxOutput","bronze:GetLatest","bronze:DigitalCarnage+1","bronze:BronzeOrb"],"picked":"Singing Bowl","floor":49}],"player_experience":888160,"relics_obtained":[{"floor":7,"key":"StrikeDummy"},{"floor":11,"key":"bronze:ProtectiveGoggles"},{"floor":14,"key":"hexamod:CandleOfCauterizing"},{"floor":24,"key":"Kunai"},{"floor":25,"key":"MawBank"},{"floor":29,"key":"sneckomod:BlankCard"},{"floor":34,"key":"Blood Vial"},{"floor":34,"key":"Darkstone Periapt"},{"floor":34,"key":"Peace Pipe"},{"floor":36,"key":"Torii"},{"floor":41,"key":"Bottled Lightning"},{"floor":42,"key":"Question Card"},{"floor":48,"key":"Singing Bowl"}],"event_choices":[{"cards_removed":["bronze:NullPointer"],"damage_healed":0,"gold_gain":0,"player_choice":"Card Removal","damage_taken":0,"max_hp_gain":0,"max_hp_loss":0,"event_name":"The Cleric","floor":8,"gold_loss":0},{"damage_healed":0,"gold_gain":0,"player_choice":"RE RE ","damage_taken":41,"relics_obtained":["Akabeko","Centennial Puzzle"],"max_hp_gain":0,"max_hp_loss":0,"event_name":"betterSkull:BetterSkull","floor":20,"gold_loss":0,"cards_upgraded":[]},{"damage_healed":0,"gold_gain":0,"player_choice":"Take","damage_taken":0,"max_hp_gain":0,"max_hp_loss":0,"event_name":"betterNote:BetterNote","floor":28,"gold_loss":0,"cards_obtained":["expansioncontent:LastStand"]},{"damage_healed":0,"gold_gain":0,"player_choice":"Fight","damage_taken":0,"max_hp_gain":0,"max_hp_loss":0,"event_name":"Mysterious Sphere","floor":36,"gold_loss":0},{"damage_healed":19,"gold_gain":0,"player_choice":"Full Heal","damage_taken":0,"max_hp_gain":0,"max_hp_loss":0,"event_name":"Wheel of Change","floor":39,"gold_loss":0}],"is_beta":false,"boss_relics":[{"not_picked":["sneckomod:SneckoTalon","Astrolabe"],"picked":"Runic Pyramid"},{"not_picked":["Pandora\u0027s Box","SacredBark"],"picked":"Calling Bell"}],"items_purged_floors":[12,40],"is_endless":false,"potions_floor_spawned":[3,9,13,14,15,19,27,32,33,36,45,47,48,49],"killed_by":"IC_BLOCK_ARCHETYPE","ascension_level":0}}