{"host":"15dd7v8o90xso62x","time":1613988509,"event":{"mods":["BaseMod","Minty Spire (QoL Compilation)","Quick Restart","StSLib","SuperFastMode"],"gold_per_floor":[115,134,284,284,40,40,73,83,83,97,115,135,135,166,166,243,243,255,22,22,22,39,65,75,104,104,16,30,30,59,109,109,183,183,198,213,5,5,21,21,54,64,87,99,99,109,109,134,134,134,134,134,134,84,113,113,113],"floor_reached":56,"language":"KOR","playtime":2195,"items_purged":["Strike_P","Defend_P+1","Defend_P+1"],"score":2454,"play_id":"376175a2-7f91-4e68-bfb3-a90d8c1d5c07","local_time":"20210222190829","is_ascension_mode":true,"campfire_choices":[{"data":"Eruption","floor":6.0,"key":"SMITH"},{"data":"LessonLearned","floor":13.0,"key":"SMITH"},{"data":"WheelKick","floor":15.0,"key":"SMITH"},{"data":"MentalFortress","floor":29.0,"key":"SMITH"},{"data":"InnerPeace","floor":32.0,"key":"SMITH"},{"floor":45.0,"key":"REST"},{"floor":47.0,"key":"REST"},{"floor":49.0,"key":"RECALL"},{"floor":53.0,"key":"REST"}],"circlet_count":0,"master_deck":["AscendersBane","Strike_P+1","Strike_P+1","Strike_P+1","Defend_P+1","Defend_P+1","Eruption+1","Vigilance+1","Meditate+1","LessonLearned+1","DeusExMachina+1","CrushJoints+1","TalkToTheHand+1","Tantrum+1","Vault+1","InnerPeace+1","MentalFortress+1","Adaptation+1","Protect+1","Scrawl+1","WheelKick+1","Wallop+1"],"relics":["PureWater","NeowsBlessing","Ice Cream","TeardropLocket","Blood Vial","VioletLotus","HandDrill","Shuriken","Smiling Mask","Darkstone Periapt","Runic Pyramid","Anchor","Akabeko","Happy Flower","Boot","Turnip"],"acts_visited":["Exordium","TheCity","TheBeyond","TheEnding"],"potions_floor_usage":[56,56],"damage_taken":[{"damage":0.0,"enemies":"Jaw Worm","floor":1.0,"turns":1.0},{"damage":0.0,"enemies":"2 Louse","floor":2.0,"turns":2.0},{"damage":0.0,"enemies":"Gremlin Nob","floor":7.0,"turns":1.0},{"damage":0.0,"enemies":"Cultist","floor":8.0,"turns":3.0},{"damage":0.0,"enemies":"Blue Slaver","floor":10.0,"turns":2.0},{"damage":4.0,"enemies":"Exordium Thugs","floor":11.0,"turns":2.0},{"damage":4.0,"enemies":"Exordium Wildlife","floor":12.0,"turns":3.0},{"damage":16.0,"enemies":"Lagavulin","floor":14.0,"turns":4.0},{"damage":0.0,"enemies":"Slime Boss","floor":16.0,"turns":4.0},{"damage":0.0,"enemies":"Spheric Guardian","floor":18.0,"turns":2.0},{"damage":14.0,"enemies":"2 Thieves","floor":22.0,"turns":4.0},{"damage":16.0,"enemies":"Book of Stabbing","floor":23.0,"turns":3.0},{"damage":1.0,"enemies":"Centurion and Healer","floor":24.0,"turns":4.0},{"damage":13.0,"enemies":"Gremlin Leader","floor":25.0,"turns":5.0},{"damage":0.0,"enemies":"Snecko","floor":28.0,"turns":2.0},{"damage":0.0,"enemies":"Book of Stabbing","floor":30.0,"turns":3.0},{"damage":0.0,"enemies":"Collector","floor":33.0,"turns":5.0},{"damage":0.0,"enemies":"Orb Walker","floor":35.0,"turns":2.0},{"damage":0.0,"enemies":"3 Darklings","floor":36.0,"turns":3.0},{"damage":0.0,"enemies":"Writhing Mass","floor":39.0,"turns":4.0},{"damage":18.0,"enemies":"Nemesis","floor":41.0,"turns":4.0},{"damage":28.0,"enemies":"4 Shapes","floor":42.0,"turns":5.0},{"damage":0.0,"enemies":"Transient","floor":44.0,"turns":6.0},{"damage":0.0,"enemies":"Spire Growth","floor":46.0,"turns":2.0},{"damage":0.0,"enemies":"Giant Head","floor":48.0,"turns":3.0},{"damage":0.0,"enemies":"Time Eater","floor":50.0,"turns":4.0},{"damage":22.0,"enemies":"Awakened One","floor":51.0,"turns":6.0},{"damage":2.0,"enemies":"Shield and Spear","floor":55.0,"turns":4.0},{"damage":74,"enemies":"The Heart","floor":56,"turns":6}],"seed_played":"-2009211238390569320","potions_obtained":[{"floor":2.0,"key":"FearPotion"},{"floor":7.0,"key":"EssenceOfSteel"},{"floor":10.0,"key":"DuplicationPotion"},{"floor":16.0,"key":"DistilledChaos"},{"floor":18.0,"key":"BottledMiracle"},{"floor":24.0,"key":"PowerPotion"},{"floor":25.0,"key":"Swift Potion"},{"floor":30.0,"key":"EntropicBrew"},{"floor":39.0,"key":"SpeedPotion"},{"floor":42.0,"key":"Ambrosia"},{"floor":44.0,"key":"CultistPotion"},{"floor":55.0,"key":"Block Potion"}],"is_trial":false,"path_per_floor":["M","M","?","?","$","R","E","M","T","M","M","M","R","E","R","B",null,"M","$","?","?","M","E","M","E","T","$","M","R","E","?","R","B",null,"M","M","$","?","M","?","E","M","T","M","R","M","R","E","R","B","B",null,"R","$","E","B"],"character_chosen":"WATCHER","items_purchased":["LessonLearned","DeusExMachina","HandDrill","Adaptation","Anchor"],"campfire_rested":3,"item_purchase_floors":[5,5,19,27,37],"current_hp_per_floor":[61,61,61,61,61,61,61,61,61,61,57,53,53,37,37,39,61,63,63,63,63,51,37,38,27,27,27,29,29,31,31,31,33,59,61,63,63,63,65,65,49,23,23,25,45,47,67,68,68,68,46,63,68,68,66,0,0],"gold":113,"neow_bonus":"THREE_ENEMY_KILL","is_daily":false,"chose_seed":false,"campfire_upgraded":5,"win_rate":0.0,"timestamp":1613988509,"path_taken":["M","M","?","?","$","R","E","M","T","M","M","M","R","E","R","BOSS","M","$","?","?","?","E","M","E","T","$","M","R","E","?","R","BOSS","M","M","$","?","M","?","E","?","T","M","R","M","R","E","R","BOSS","BOSS","R","$","E","BOSS"],"items_purchased_type":["Card","Card","Relic","Card","Relic"],"build_version":"2020-12-22","purchased_purges":3,"victory":false,"max_hp_per_floor":[68,68,68,68,68,68,68,68,68,68,68,68,68,68,68,68,68,68,68,68,68,68,68,68,68,68,68,68,68,68,68,68,68,68,68,68,68,68,68,68,68,68,68,68,68,68,68,68,68,68,68,68,68,68,68,68,68],"card_choices":[{"not_picked":["PathToVictory","SignatureMove"],"picked":"WheelKick","floor":1.0},{"not_picked":["JustLucky","WreathOfFlame"],"picked":"Meditate","floor":2.0},{"not_picked":["Evaluate","Omniscience"],"picked":"CrushJoints","floor":7.0},{"not_picked":["Vengeance","Indignation","Nirvana"],"picked":"SKIP","floor":8.0},{"not_picked":["JustLucky","Wireheading","Protect"],"picked":"SKIP","floor":10.0},{"not_picked":["BowlingBash","Nirvana","WheelKick"],"picked":"SKIP","floor":11.0},{"not_picked":["FlyingSleeves","FlurryOfBlows"],"picked":"TalkToTheHand","floor":12.0},{"not_picked":["Crescendo","EmptyFist"],"picked":"Tantrum","floor":14.0},{"not_picked":["MasterReality","Wish"],"picked":"Vault","floor":16.0},{"not_picked":["Nirvana","EmptyFist+1","Wireheading"],"picked":"SKIP","floor":18.0},{"not_picked":["FlyingSleeves","WaveOfTheHand"],"picked":"InnerPeace","floor":22.0},{"not_picked":["CrushJoints+1","Halt"],"picked":"MentalFortress","floor":23.0},{"not_picked":["FlurryOfBlows","ClearTheMind","FlyingSleeves"],"picked":"SKIP","floor":24.0},{"not_picked":["EmptyBody","FlurryOfBlows","BattleHymn"],"picked":"SKIP","floor":25.0},{"not_picked":["PathToVictory","Nirvana","FlyingSleeves"],"picked":"SKIP","floor":28.0},{"not_picked":["DevaForm","FlyingSleeves"],"picked":"Protect+1","floor":30.0},{"not_picked":["MasterReality","Alpha"],"picked":"Scrawl","floor":33.0},{"not_picked":["Consecrate","Crescendo","CutThroughFate"],"picked":"SKIP","floor":35.0},{"not_picked":["WaveOfTheHand","Evaluate","Protect+1"],"picked":"SKIP","floor":36.0},{"not_picked":["PathToVictory+1","Collect+1"],"picked":"WheelKick","floor":39.0},{"not_picked":["DeusExMachina","Consecrate+1","Perseverance+1"],"picked":"SKIP","floor":41.0},{"not_picked":["FlyingSleeves","Conclude+1","Consecrate"],"picked":"SKIP","floor":42.0},{"not_picked":["Protect","WheelKick","WaveOfTheHand"],"picked":"SKIP","floor":44.0},{"not_picked":["Crescendo","Wireheading+1","WaveOfTheHand+1"],"picked":"SKIP","floor":46.0},{"not_picked":["BowlingBash","Protect+1","Wireheading"],"picked":"SKIP","floor":48.0},{"not_picked":["Protect","Evaluate"],"picked":"Wallop+1","floor":55.0}],"player_experience":966117,"relics_obtained":[{"floor":7.0,"key":"Ice Cream"},{"floor":9.0,"key":"TeardropLocket"},{"floor":14.0,"key":"Blood Vial"},{"floor":23.0,"key":"Shuriken"},{"floor":25.0,"key":"Smiling Mask"},{"floor":30.0,"key":"Darkstone Periapt"},{"floor":41.0,"key":"Akabeko"},{"floor":43.0,"key":"Happy Flower"},{"floor":48.0,"key":"Boot"},{"floor":55.0,"key":"Turnip"}],"event_choices":[{"damage_healed":0.0,"max_hp_gain":0.0,"max_hp_loss":0.0,"gold_gain":150.0,"event_name":"Liars Game","player_choice":"AGREE","floor":3.0,"gold_loss":0.0,"damage_taken":0.0,"cards_obtained":["Doubt"]},{"cards_removed":["Doubt"],"damage_healed":0.0,"max_hp_gain":0.0,"max_hp_loss":0.0,"gold_gain":0.0,"event_name":"Living Wall","player_choice":"Forget","floor":4.0,"gold_loss":0.0,"damage_taken":0.0},{"damage_healed":0.0,"max_hp_gain":0.0,"max_hp_loss":0.0,"gold_gain":0.0,"event_name":"Vampires","player_choice":"Ignored","floor":20.0,"gold_loss":0.0,"damage_taken":0.0},{"damage_healed":0.0,"max_hp_gain":0.0,"max_hp_loss":0.0,"gold_gain":0.0,"event_name":"Upgrade Shrine","player_choice":"Upgraded","floor":21.0,"gold_loss":0.0,"damage_taken":0.0,"cards_upgraded":["Vault"]},{"damage_healed":0.0,"max_hp_gain":0.0,"max_hp_loss":0.0,"gold_gain":50.0,"event_name":"Nest","player_choice":"Stole From Cult","floor":31.0,"gold_loss":0.0,"damage_taken":0.0},{"cards_removed":["WheelKick"],"damage_healed":0.0,"max_hp_gain":0.0,"max_hp_loss":0.0,"gold_gain":0.0,"event_name":"Falling","player_choice":"Removed Attack","floor":38.0,"gold_loss":0.0,"damage_taken":0.0},{"damage_healed":0.0,"max_hp_gain":0.0,"max_hp_loss":0.0,"gold_gain":0.0,"event_name":"SensoryStone","player_choice":"Memory 1","floor":40.0,"gold_loss":0.0,"damage_taken":0.0}],"is_beta":false,"boss_relics":[{"not_picked":["Runic Dome","Empty Cage"],"picked":"VioletLotus"},{"not_picked":["Tiny House","Philosopher\u0027s Stone"],"picked":"Runic Pyramid"}],"items_purged_floors":[19,37,54],"is_endless":false,"potions_floor_spawned":[2,7,10,16,18,24,25,30,39,42,44,48,55],"killed_by":"The Heart","ascension_level":20}}