{"host":"0kk91h4bq4kgfj0u","time":1613958107,"event":{"mods":["BaseMod","Bestiary","Block Reminder","Colored Map","Colored Powertips","Curses Come First","Highlight Path","Minty Spire (QoL Compilation)","Relic Stats","StSLib"],"gold_per_floor":[118,128,128,143,160,189,189,202,202,202,233,245,258,104,104,200,200,218,218,237,237,152,152,171,171,197,107,121,121,121],"floor_reached":29,"language":"ENG","playtime":930,"items_purged":[],"score":344,"play_id":"3fff608f-1d3c-4e23-b66b-dc8c3faca8bb","local_time":"20210221204147","is_ascension_mode":true,"campfire_choices":[{"floor":7,"key":"REST"},{"floor":10,"key":"RECALL"},{"floor":15,"key":"REST"},{"floor":23,"key":"REST"},{"floor":25,"key":"REST"}],"circlet_count":0,"master_deck":["Bash","Entrench","Anger","Armaments","Spot Weakness","Pommel Strike","Anger","Thunderclap","Searing Blow","Flex","Power Through","Limit Break","Havoc","Demon Form","Immolate","Hemokinesis","Evolve","Corruption","Limit Break","Uppercut","Armaments","Inflame+1","Fire Breathing","Shrug It Off","Uppercut+1"],"relics":["Burning Blood","Darkstone Periapt","Turnip","Girya","Bronze Scales","Pandora\u0027s Box","MutagenicStrength","Gambling Chip"],"acts_visited":["Exordium","TheCity"],"potions_floor_usage":[11,16,16],"damage_taken":[{"damage":11,"enemies":"Cultist","floor":1,"turns":4},{"damage":5,"enemies":"Small Slimes","floor":2,"turns":3},{"damage":2,"enemies":"2 Louse","floor":4,"turns":3},{"damage":13,"enemies":"Exordium Wildlife","floor":5,"turns":4},{"damage":34,"enemies":"3 Sentries","floor":6,"turns":9},{"damage":0,"enemies":"2 Fungi Beasts","floor":8,"turns":3},{"damage":29,"enemies":"Lagavulin","floor":11,"turns":6},{"damage":8,"enemies":"Red Slaver","floor":12,"turns":3},{"damage":21,"enemies":"Lots of Slimes","floor":13,"turns":5},{"damage":59,"enemies":"The Guardian","floor":16,"turns":13},{"damage":45,"enemies":"Shell Parasite","floor":18,"turns":6},{"damage":0,"enemies":"Chosen","floor":20,"turns":3},{"damage":31,"enemies":"Snecko","floor":24,"turns":5},{"damage":38,"enemies":"Centurion and Healer","floor":28,"turns":6},{"damage":33,"enemies":"Sentry and Sphere","floor":29,"turns":3}],"seed_played":"6442047622147333281","potions_obtained":[{"floor":2,"key":"HeartOfIron"},{"floor":5,"key":"Regen Potion"},{"floor":8,"key":"SkillPotion"},{"floor":11,"key":"SteroidPotion"},{"floor":28,"key":"SpeedPotion"}],"is_trial":false,"path_per_floor":["M","M","?","M","M","E","R","M","T","R","E","M","M","$","R","B",null,"M","?","M","?","?","R","M","R","T","$","M","M"],"character_chosen":"IRONCLAD","items_purchased":["Bronze Scales","Fire Breathing","Shrug It Off"],"campfire_rested":4,"item_purchase_floors":[14,27,27],"current_hp_per_floor":[67,68,73,77,70,42,67,73,73,73,50,48,33,33,58,14,67,28,28,34,34,34,59,34,59,59,59,27,0,0],"gold":121,"neow_bonus":"TRANSFORM_CARD","is_daily":false,"chose_seed":false,"campfire_upgraded":0,"win_rate":0.0,"timestamp":1613958107,"path_taken":["M","M","?","M","M","E","R","M","T","R","E","M","M","$","R","BOSS","M","?","M","?","?","R","M","R","T","$","M","M"],"items_purchased_type":["Relic","Card","Card"],"build_version":"2020-12-22","purchased_purges":0,"victory":false,"max_hp_per_floor":[80,80,85,85,85,85,85,85,85,85,85,85,85,85,85,85,85,85,85,85,85,85,85,85,85,85,85,85,85,85],"relic_stats":{"Darkstone Periapt":0,"counters":[15,76],"Bronze Scales":[99],"Gambling Chip":[0],"Pandora\u0027s Box":["Havoc","Demon Form","Immolate","Hemokinesis","Evolve","Corruption","Limit Break","Uppercut"],"Turnip":[11],"obtain_stats":[{"Darkstone Periapt":6,"Girya":11,"Bronze Scales":14,"MutagenicStrength":21,"Gambling Chip":22,"Pandora\u0027s Box":17,"Turnip":9,"Burning Blood":0},{"Darkstone Periapt":5,"Girya":7,"Bronze Scales":9,"MutagenicStrength":12,"Gambling Chip":12,"Pandora\u0027s Box":10,"Turnip":6,"Burning Blood":0},{"Darkstone Periapt":23,"Girya":32,"Bronze Scales":40,"MutagenicStrength":62,"Gambling Chip":62,"Pandora\u0027s Box":53,"Turnip":26,"Burning Blood":0}],"Burning Blood":84},"card_choices":[{"not_picked":["Iron Wave","Perfected Strike"],"picked":"Anger","floor":1},{"not_picked":["Intimidate","Dropkick"],"picked":"Armaments","floor":2},{"not_picked":["True Grit","Ghostly Armor"],"picked":"Spot Weakness","floor":4},{"not_picked":["Feel No Pain","Reckless Charge"],"picked":"Pommel Strike","floor":5},{"not_picked":["Sword Boomerang","Shockwave"],"picked":"Anger","floor":6},{"not_picked":["Battle Trance","Armaments"],"picked":"Thunderclap","floor":8},{"not_picked":["Seeing Red","Anger"],"picked":"Searing Blow","floor":11},{"not_picked":["Burning Pact","Ghostly Armor"],"picked":"Flex","floor":12},{"not_picked":["Entrench","Armaments"],"picked":"Power Through","floor":13},{"not_picked":["Barricade","Reaper"],"picked":"Limit Break","floor":16},{"not_picked":["Twin Strike","Pommel Strike","True Grit"],"picked":"SKIP","floor":18},{"not_picked":["Havoc+1","Sever Soul"],"picked":"Armaments","floor":20},{"not_picked":["Feel No Pain","Iron Wave+1"],"picked":"Inflame+1","floor":24},{"not_picked":["Headbutt","True Grit"],"picked":"Uppercut+1","floor":28}],"player_experience":904941,"relics_obtained":[{"floor":6,"key":"Darkstone Periapt"},{"floor":9,"key":"Turnip"},{"floor":11,"key":"Girya"}],"event_choices":[{"damage_healed":0,"gold_gain":0,"player_choice":"Donut","damage_taken":0,"max_hp_gain":5,"max_hp_loss":0,"event_name":"Big Fish","floor":3,"gold_loss":0},{"damage_healed":0,"gold_gain":0,"player_choice":"Ignored","damage_taken":0,"max_hp_gain":0,"max_hp_loss":0,"event_name":"Ghosts","floor":19,"gold_loss":0},{"damage_healed":0,"gold_gain":0,"player_choice":"Inject Mutagens","damage_taken":0,"relics_obtained":["MutagenicStrength"],"max_hp_gain":0,"max_hp_loss":0,"event_name":"Drug Dealer","floor":21,"gold_loss":0},{"damage_healed":0,"gold_gain":0,"player_choice":"Obtained Relic","damage_taken":0,"relics_obtained":["Gambling Chip"],"max_hp_gain":0,"max_hp_loss":0,"event_name":"Addict","floor":22,"gold_loss":85}],"is_beta":false,"boss_relics":[{"not_picked":["Runic Dome","Ectoplasm"],"picked":"Pandora\u0027s Box"}],"items_purged_floors":[],"is_endless":false,"potions_floor_spawned":[2,5,8,11,13,28],"killed_by":"Sentry and Sphere","ascension_level":9}}