{"host":"9rqk712yu6s3287p","time":1613981069,"event":{"mods":["ATMod(°¢èªMod)","Act Like it!","BaseMod","CapriCore","Chen","Gensokyo","Googly Eyes","Marisa£¨ìFÓê¡¡Ä§ÀíÉ³£©","Minty Spire (QoL Compilation)","MostiFishMod","Onozuka Komachi Mod","Reimu£¨²©ÀöÁéÃÎ£©","Remilia_Scarlet Moed£¨ÀÙÃ×ÀòÑÇ¡¤Ë¹¿¨À×ÌØ£©3.3.5","Remilia£¨ÀÙÃ×ÀòÑÇ£©","Replay The Spire","RumiaBox-Â¶Ã×æ«µÄÉñÃØºÐ×Ó","StSLib","The Administrix","The Immortal","The Servant 0.9.4","Yakumo Yukari mod","Youmu£¨»êÆÇÑýÃÎ£©","Yuyuko","[IsaacMod]ÒÔÈö¼âËþ","¡¾ÒÅÎï¿¨ÅÆ¡¿REMEMod"],"gold_per_floor":[144,189,228,276,318,414,450,571,571,674,795,795,934,1113,1113,1388,1388,1452,1589,1539,1600,1705,1843,1968,2109,2121,2239,2251,2353,2574,2722,2926,3194,3206,3337,3485,3620,3751,3869,3997,4138,4276,4314,4499,4630,4805,4936,5054,5274,5411,5448,5460,5472,0,0],"floor_reached":54,"language":"ZHS","playtime":3040,"items_purged":["BloodRain+1","KillingBlow+1"],"score":4199,"play_id":"8dfdeaa4-58e9-46c9-99af-19e9b5ba78d9","local_time":"20210222160429","daily_mods":["Shiny","Vintage","Heirloom","Time Dilation","Flight","Elite Swarm","Lethality","Midas","Binary"],"is_ascension_mode":true,"campfire_choices":[{"floor":15.0,"key":"RECALL"},{"data":"1","floor":53,"key":"LIFT"}],"circlet_count":79,"master_deck":["AscendersBane","TricksterDevil+1","BatForm+1","ForecastOfChange+1","CurseOfVladTepes+1","ScarletMeister+1","QueenOfMidnight+1","BloodyHallows+1","HeartBreak+1","EquivalentExchange+1","BloodyCatastrophe+1","ChaoticDestiny+1","BloodySeventeenLaser+1","HellCatastrophe+1","ScarletCoffin+1","DemonKingCradle+1","TransientEternity+1","CeilingFear+1","AT_EmpoweredMortalDraw"],"relics":["HushsDoor","D4","MostiFishMod:Haymaker","Replay:PocketPolymizer","D6","Ice Cream","TypeBBloodRedTea","Ginger","OriginationStaff","Incense Burner","AT_TheCollector","Dead Branch","CombinedTypeHook","Turnip","AT_GoldPhoenixTree","GuppysPaw","BloodDonationMachine","Damocles","CaptainsWheel","YumHeart","ChaoDraw","ForgetMeNow","TungstenRod","BlankCard","Du-Vu Doll","Thread and Needle","Counterbalance","Leech","FossilizedHelix","PureWhite:ReiMu","DaCapo","AT_LudenTempest","Bottled Tornado","Replay:WaspNest","CrazyTorch:ReiMu","ReplayTheSpireMod:Shallot","REME_LimitBreaker","SharpPlug","GodSword5","Pear","REME_ArchaeologicalTools","Mirror","DoctorsRemote","Sundial","GodSword3","Iron Hammer","REME_HourglassOfDeath","AT_ImmortalShieldbow","Snack Pack","PokeGo","FairyMaid","PlanX","MoreBug","PunchingBag","StoneCalendar","Void","SentryEyes","Bird Faced Urn","Pondfish Scales","GuppysTail","AT_Manta","REME_IWantAll","SecretRecord","Circlet","Empty Cage","Replay:Bronze Core","AT_MortalBlade","GreenFoldingFan","Strange Spoon","RottenBaby"],"acts_visited":["Exordium","TheCity","TheBeyond","TheEnding"],"potions_floor_usage":[31,33,37,38,38,38,44],"damage_taken":[{"damage":16.0,"enemies":"Small Slimes","floor":1.0,"turns":5.0},{"damage":0.0,"enemies":"2 Louse","floor":2.0,"turns":5.0},{"damage":0.0,"enemies":"Jaw Worm","floor":3.0,"turns":3.0},{"damage":0.0,"enemies":"3 Louse","floor":4.0,"turns":2.0},{"damage":0.0,"enemies":"Looter","floor":5.0,"turns":3.0},{"damage":0.0,"enemies":"Lagavulin","floor":6.0,"turns":2.0},{"damage":0.0,"enemies":"Gremlin Gang","floor":7.0,"turns":2.0},{"damage":0.0,"enemies":"Gremlin Nob","floor":8.0,"turns":2.0},{"damage":0.0,"enemies":"Lagavulin","floor":10.0,"turns":3.0},{"damage":0.0,"enemies":"Gremlin Nob","floor":11.0,"turns":2.0},{"damage":0.0,"enemies":"Lagavulin","floor":13.0,"turns":2.0},{"damage":0.0,"enemies":"3 Sentries","floor":14.0,"turns":3.0},{"damage":0.0,"enemies":"Slime Boss","floor":16.0,"turns":1.0},{"damage":0.0,"enemies":"Chosen","floor":18.0,"turns":1.0},{"damage":0.0,"enemies":"3 Byrds","floor":19.0,"turns":3.0},{"damage":0.0,"enemies":"Snake Plant","floor":21.0,"turns":2.0},{"damage":0.0,"enemies":"Cultist and Chosen","floor":22.0,"turns":3.0},{"damage":0.0,"enemies":"Replay:Snechameleon","floor":23.0,"turns":2.0},{"damage":0.0,"enemies":"Book of Stabbing","floor":24.0,"turns":2.0},{"damage":0.0,"enemies":"REME_1_Revenger","floor":25.0,"turns":2.0},{"damage":0.0,"enemies":"Book of Stabbing","floor":27.0,"turns":1.0},{"damage":0,"enemies":"Snecko","floor":29,"turns":1},{"damage":0,"enemies":"Gremlin Leader","floor":30,"turns":3},{"damage":0,"enemies":"REME_1_Revenger","floor":31,"turns":2},{"damage":0,"enemies":"Champ","floor":33,"turns":2},{"damage":0,"enemies":"Nemesis","floor":35,"turns":1},{"damage":0,"enemies":"R_Hoarder","floor":36,"turns":1},{"damage":0,"enemies":"Giant Head","floor":37,"turns":2},{"damage":0,"enemies":"R_Hoarder","floor":38,"turns":1},{"damage":0,"enemies":"Nemesis","floor":39,"turns":3},{"damage":0,"enemies":"R_Hoarder","floor":40,"turns":1},{"damage":0,"enemies":"Giant Head","floor":41,"turns":2},{"damage":0,"enemies":"R_Hoarder","floor":42,"turns":2},{"damage":0,"enemies":"Reptomancer","floor":44,"turns":1},{"damage":0,"enemies":"R_Hoarder","floor":45,"turns":1},{"damage":0,"enemies":"Reptomancer","floor":46,"turns":1},{"damage":0,"enemies":"R_Hoarder","floor":47,"turns":2},{"damage":0,"enemies":"Giant Head","floor":48,"turns":1},{"damage":0,"enemies":"Awakened One","floor":50,"turns":2},{"damage":0,"enemies":"Replay:Hell Engine","floor":51,"turns":1}],"seed_played":"7601703431976284378","potions_obtained":[{"floor":1.0,"key":"Fire Potion"},{"floor":1.0,"key":"SkillPotion"},{"floor":1.0,"key":"AttackPotion"},{"floor":3.0,"key":"Adrenaline Potion"},{"floor":4.0,"key":"Energy Potion"},{"floor":5.0,"key":"Dexterity Potion"},{"floor":6.0,"key":"Weak Potion"},{"floor":7.0,"key":"BlessingOfTheForge"},{"floor":8.0,"key":"REME_GoldPotion"},{"floor":10.0,"key":"SkillPotion"},{"floor":14.0,"key":"SkillPotion"},{"floor":14.0,"key":"MagicPotion:ReiMu"},{"floor":14.0,"key":"SteroidPotion"},{"floor":19.0,"key":"GamblersBrew"},{"floor":19.0,"key":"Toxic Potion"},{"floor":21.0,"key":"ZuzhouPotion:ReiMu"},{"floor":22.0,"key":"Weak Potion"},{"floor":23.0,"key":"GrandPatriotsElixir:ReiMu"},{"floor":24.0,"key":"DuplicationPotion"},{"floor":27.0,"key":"Adrenaline Potion"},{"floor":31,"key":"ColorlessPotion"},{"floor":33,"key":"GrandPatriotsElixir:ReiMu"},{"floor":37,"key":"Fire Potion"},{"floor":38,"key":"Swift Potion"},{"floor":38,"key":"REME_GoldPotion"},{"floor":39,"key":"Adrenaline Potion"},{"floor":42,"key":"GrandPatriotsElixir:ReiMu"},{"floor":42,"key":"BlessingOfTheForge"},{"floor":44,"key":"REME_GoldPotion"},{"floor":47,"key":"Elixir"}],"is_trial":true,"path_per_floor":["M","M","M","M","M","E","M","E","T","E","E","?","E","E","R","B",null,"M","M","$","M","M","E","E","E","T","E","?","M","E","E","R","B",null,"M","M","M","M","M","E","E","E","T","E","M","E","E","E","R","B","B",null,"R","$"],"character_chosen":"REMILIA","items_purchased":["Happy Flower","BFFS","Gungnir","Vajra","Replay:Bandana","GodSword7","AT_RabadonDeathcap","GodSword4","Nunchaku","Blue Doll","ReplayTheSpireMod:Lightbulb","InkBottle","AT_BladeRuinedKing","Chameleon Ring","Kunai","AT_BellowingDragoncrestRing","Golden Egg","Onion Ring","Whetstone","Strawberry","Replay:Wax Seal","Gremlin Food","Replay:Bottled Steam","Replay:Bottled Flurry","Tea:ReiMu","AT_SilvercatRing","BookofShadows","ZombieArmy","AT_SilverBalance","LastBattle","GodSword1","Shuriken"],"campfire_rested":0,"item_purchase_floors":[54,54,54,54,54,54,54,54,54,54,54,54,54,54,54,54,54,54,54,54,54,54,54,54,54,54,54,54,54,54,54,54],"current_hp_per_floor":[51,54,56,58,60,70,70,70,70,70,70,55,59,61,61,79,83,84,84,84,84,84,89,89,89,89,89,89,89,89,89,89,89,89,89,89,89,89,89,89,89,89,89,89,92,92,92,92,92,92,92,92,92,114,114],"gold":0,"neow_bonus":"","is_daily":false,"chose_seed":false,"campfire_upgraded":0,"win_rate":0.0,"timestamp":1613981069,"path_taken":["M","M","M","M","M","E","M","E","T","E","E","?","E","E","R","BOSS","M","M","$","M","M","E","E","E","T","E","?","M","E","E","R","BOSS","M","M","M","M","M","E","E","E","T","E","M","E","E","E","R","BOSS","BOSS","R","$"],"items_purchased_type":["Relic","Relic","Relic","Relic","Relic","Relic","Relic","Relic","Relic","Relic","Relic","Relic","Relic","Relic","Relic","Relic","Relic","Relic","Relic","Relic","Relic","Relic","Relic","Relic","Relic","Relic","Relic","Relic","Relic","Relic","Relic","Relic"],"build_version":"2020-12-22","purchased_purges":2,"victory":false,"max_hp_per_floor":[70,70,70,70,70,70,70,70,70,70,70,70,70,70,70,84,84,84,84,84,84,84,89,89,89,89,89,89,89,89,89,89,89,89,89,89,89,89,89,89,89,89,89,89,92,92,92,92,92,92,92,92,92,114,114],"card_choices":[{"not_picked":["ScarletMeister","HeartBreak+1"],"picked":"SKIP","floor":6.0},{"not_picked":["CurseOfVladTepes","KillingBlow+1"],"picked":"SKIP","floor":8.0},{"not_picked":["HeartBreak+1","BloodyCatastrophe"],"picked":"SKIP","floor":10.0},{"not_picked":["TricksterDevil","BloodRain"],"picked":"SKIP","floor":11.0},{"not_picked":["DemonKingCradle","ForecastOfChange+1"],"picked":"SKIP","floor":13.0},{"not_picked":["ScarletCoffin+1","CeilingFear"],"picked":"SKIP","floor":14.0},{"not_picked":["ChaoticDestiny","BatForm"],"picked":"SKIP","floor":23.0},{"not_picked":["BloodyHallows","ScarletMeister"],"picked":"SKIP","floor":24.0},{"not_picked":["DemonKingCradle","EquivalentExchange"],"picked":"SKIP","floor":25.0},{"not_picked":["DemonKingCradle","BloodRain"],"picked":"SKIP","floor":27.0},{"not_picked":["CeilingFear","TricksterDevil"],"picked":"SKIP","floor":30},{"not_picked":["HellCatastrophe+1","TricksterDevil"],"picked":"SKIP","floor":31},{"not_picked":["CeilingFear","ChaoticDestiny"],"picked":"SKIP","floor":35},{"not_picked":["BloodyHallows","CeilingFear"],"picked":"SKIP","floor":36},{"not_picked":["BloodyHallows","BloodyCatastrophe"],"picked":"SKIP","floor":37},{"not_picked":["BloodyHallows","BloodyCatastrophe"],"picked":"SKIP","floor":37},{"not_picked":["ForecastOfChange+1","BatForm","ScarletCoffin+1"],"picked":"SKIP","floor":38},{"not_picked":["QueenOfMidnight","BloodyHallows","BloodRain"],"picked":"SKIP","floor":39},{"not_picked":["HeartBreak+1","CurseOfVladTepes","ScarletCoffin+1"],"picked":"SKIP","floor":40},{"not_picked":["BloodyCatastrophe","HellCatastrophe+1","HeartBreak+1"],"picked":"SKIP","floor":41},{"not_picked":["EquivalentExchange","ScarletCoffin+1","ForecastOfChange+1"],"picked":"SKIP","floor":42},{"not_picked":["TricksterDevil","HellCatastrophe+1","BloodyCatastrophe"],"picked":"SKIP","floor":44},{"not_picked":["ForecastOfChange+1","QueenOfMidnight","KillingBlow+1"],"picked":"SKIP","floor":45},{"not_picked":["BatForm","QueenOfMidnight","TricksterDevil"],"picked":"SKIP","floor":46},{"not_picked":["BatForm","BloodySeventeenLaser+1","ForecastOfChange+1"],"picked":"SKIP","floor":47},{"not_picked":["BatForm","ChaoticDestiny","DemonKingCradle"],"picked":"SKIP","floor":48}],"player_experience":595013,"relics_obtained":[{"floor":1.0,"key":"ReplayTheSpireMod:TigerMarble"},{"floor":1.0,"key":"Akabeko"},{"floor":1.0,"key":"Replay:Bottled Snecko"},{"floor":1.0,"key":"SynthV:TestCard"},{"floor":2.0,"key":"Art of War"},{"floor":2.0,"key":"Pet Ghost"},{"floor":2.0,"key":"Blood Vial"},{"floor":3.0,"key":"SatanicBible"},{"floor":3.0,"key":"TheBean"},{"floor":4.0,"key":"Replay:Baseball"},{"floor":4.0,"key":"Molten Egg 2"},{"floor":5.0,"key":"Diplopia"},{"floor":5.0,"key":"AT_BellDemon"},{"floor":6.0,"key":"DeadEye"},{"floor":6.0,"key":"Gremlin Horn"},{"floor":6.0,"key":"Boot"},{"floor":7.0,"key":"AT_MibuBalloonWealth"},{"floor":7.0,"key":"BelialBook"},{"floor":7.0,"key":"Smiling Mask"},{"floor":8.0,"key":"ImprovedEquipment"},{"floor":8.0,"key":"Divine Protection"},{"floor":8.0,"key":"SSSystem"},{"floor":10.0,"key":"TuHaoJin"},{"floor":10.0,"key":"Bronze Scales"},{"floor":10.0,"key":"AT_DeathDance"},{"floor":11.0,"key":"DianPoetry"},{"floor":11.0,"key":"AT_Kusabimaru"},{"floor":13.0,"key":"Centennial Puzzle"},{"floor":13.0,"key":"HornCleat"},{"floor":14.0,"key":"Pocketwatch"},{"floor":14.0,"key":"MagicDraw3"},{"floor":14.0,"key":"ScarletDevilRocket"},{"floor":14.0,"key":"Unceasing Top"},{"floor":16.0,"key":"Mango"},{"floor":18.0,"key":"AT_SunfireAegis"},{"floor":18.0,"key":"Regal Pillow"},{"floor":19.0,"key":"Quantum Egg"},{"floor":19.0,"key":"AT_ArchangelStaff"},{"floor":19.0,"key":"Girya"},{"floor":19.0,"key":"Replay:Accelerometer"},{"floor":19.0,"key":"ThornShield"},{"floor":21.0,"key":"ReplayTheSpireMod:Ninjato"},{"floor":21.0,"key":"Letter Opener"},{"floor":21.0,"key":"StrikeDummy"},{"floor":22.0,"key":"Blue Candle"},{"floor":22.0,"key":"TheBible"},{"floor":22.0,"key":"Lantern"},{"floor":22.0,"key":"MawBank"},{"floor":23.0,"key":"Replay:Arrowhead"},{"floor":23.0,"key":"Mastiff:ReiMu"},{"floor":23.0,"key":"Durian"},{"floor":24.0,"key":"Toy Ornithopter"},{"floor":24.0,"key":"Anchor"},{"floor":24.0,"key":"UnicornStump"},{"floor":25.0,"key":"MealTicket"},{"floor":25.0,"key":"Ccalipers"},{"floor":25.0,"key":"AT_TimeSand"},{"floor":26.0,"key":"CeramicFish"},{"floor":27.0,"key":"Replay:Kaleidoscope"},{"floor":27.0,"key":"Ancient Tea Set"},{"floor":27.0,"key":"GnawedLeaf"},{"floor":29,"key":"PreservedInsect"},{"floor":30,"key":"AT_SpeedBoots"},{"floor":30,"key":"GuppysHead"},{"floor":31,"key":"Calipers"},{"floor":31,"key":"Dream Catcher"},{"floor":31,"key":"White Beast Statue"},{"floor":33,"key":"BionicSphere"},{"floor":33,"key":"Bag of Preparation"},{"floor":35,"key":"AT_RedTearstoneRing"},{"floor":35,"key":"Replay:Ringing Soul"},{"floor":35,"key":"EdensBlessing"},{"floor":36,"key":"MagicDraw2"},{"floor":36,"key":"War Paint"},{"floor":37,"key":"Mummified Hand"},{"floor":37,"key":"Question Card"},{"floor":37,"key":"Replay:Mystery Machine"},{"floor":38,"key":"Gambling Chip"},{"floor":38,"key":"Orichalcum"},{"floor":38,"key":"MagicDraw4"},{"floor":39,"key":"PillsDrop"},{"floor":39,"key":"Pen Nib"},{"floor":40,"key":"Eternal Feather"},{"floor":40,"key":"Bag of Marbles"},{"floor":41,"key":"Mercury Hourglass"},{"floor":41,"key":"AT_ChloranthyRing"},{"floor":41,"key":"Replay:Multitool"},{"floor":42,"key":"Potion Belt"},{"floor":42,"key":"BookOfRevelations"},{"floor":43,"key":"MoneyPower"},{"floor":44,"key":"HollowDreamFlower"},{"floor":44,"key":"SalivaCoin"},{"floor":44,"key":"Replay:Towering Pillar of Hats"},{"floor":45,"key":"RuthlessExorcism:ReiMu"},{"floor":45,"key":"Replay:Bottled Eggs"},{"floor":46,"key":"AT_EbonyIvory"},{"floor":46,"key":"Oddly Smooth Stone"},{"floor":46,"key":"REME_HandOfSuture"},{"floor":47,"key":"MagicDraw1"},{"floor":47,"key":"AT_ForceNature"},{"floor":47,"key":"Pantograph"},{"floor":48,"key":"ArrowTower"},{"floor":48,"key":"D4"},{"floor":48,"key":"Replay:Rubber Ducky"}],"event_choices":[{"damage_healed":0.0,"max_hp_gain":0.0,"max_hp_loss":0.0,"gold_gain":0.0,"event_name":"Golden Idol","player_choice":"Take Damage","floor":12.0,"gold_loss":0.0,"damage_taken":24.0,"relics_obtained":["Golden Idol"]},{"damage_healed":18,"gold_gain":0,"player_choice":"Heal","damage_taken":0,"max_hp_gain":0,"max_hp_loss":0,"event_name":"The Library","floor":28,"gold_loss":0}],"is_beta":false,"boss_relics":[{"not_picked":["ChewingGum","PatriotShield"],"picked":"RhineFirstAidKit"},{"not_picked":[]},{"not_picked":["xbg","ExusiaiGun"],"picked":"ChampionBelt"},{"not_picked":[]}],"items_purged_floors":[20,54],"is_endless":false,"potions_floor_spawned":[1,4,5,10,11,14,16,18,21,22,29,31,33,35,36,37,38,39,40,41,42,44,45,46,47,48],"ascension_level":20}}