{"host":"kvh5342rl0c7vxi5","time":1613964905,"event":{"mods":["Act Like it!","BaseMod","Bestiary","Better Third Choice","Challenge The Spire","Downfall","Duelist Mod","GifTheSpireLib","Gremlin Mod","Hermit","Hubris","Ironclad Rager","Jorbs\u0027s Wanderer Trilogy","Melee Mod","Minty Spire (QoL Compilation)","Potionbrewer","Quick Restart","Relic Stats","Replay The Spire","Spicy Shops","Spire Arcade","StSLib","SuperFastMode","The Forsaken","The Judge","The Mystic","The Poker Player","The Sage","slay the spire mod where everything is the same but ironclad has a cowboy hat"],"gold_per_floor":[309,46,75,75,75],"floor_reached":4,"language":"ENG","playtime":147,"items_purged":["Strike_B","Strike_B"],"score":60,"play_id":"3f46a762-4b55-4213-a299-a3d5e51cd143","local_time":"20210221223505","daily_mods":["challengethespire:Platinum Difficulty","challengethespire:Elite Rush","Uncertain Future"],"is_ascension_mode":true,"campfire_choices":[],"circlet_count":0,"master_deck":["AscendersBane","Strike_B+1","Strike_B","Defend_B","Defend_B","Defend_B","Defend_B","Zap","Dualcast","Defragment","FTL+1","Aggregate+1","Static Discharge","Conserve Battery","Leap","ICR:ChainLightning"],"relics":["Cracked Core","Black Star","Sling","PreservedInsect","potionbrewer:WarMedal","Toy Ornithopter","Whetstone"],"acts_visited":["Exordium"],"potions_floor_usage":[],"damage_taken":[{"damage":45,"enemies":"Gremlin Nob","floor":3,"turns":4},{"damage":21,"enemies":"3 Sentries","floor":4,"turns":5}],"seed_played":"-5967266809196090046","potions_obtained":[{"floor":3,"key":"Strength Potion"}],"is_trial":true,"path_per_floor":["$","$","E","E"],"character_chosen":"DEFECT","items_purchased":["Defragment","FTL","potionbrewer:WarMedal","Aggregate+1","Static Discharge","Conserve Battery","Leap"],"campfire_rested":0,"item_purchase_floors":[1,1,1,1,2,2,2],"current_hp_per_floor":[64,64,19,0,0],"gold":75,"neow_bonus":"","is_daily":false,"chose_seed":false,"campfire_upgraded":0,"win_rate":0.0,"timestamp":1613964905,"path_taken":["$","$","E","E"],"items_purchased_type":["Card","Card","Relic","Card","Card","Card","Card"],"build_version":"2020-12-22","purchased_purges":2,"victory":false,"max_hp_per_floor":[71,71,71,71,71],"relic_stats":{"counters":[2,9],"PreservedInsect":59,"Black Star":1,"Whetstone":["FTL","Strike_B"],"obtain_stats":[{"potionbrewer:WarMedal":1,"PreservedInsect":0,"Black Star":0,"Whetstone":3,"Cracked Core":0,"Sling":0,"Toy Ornithopter":3},{"potionbrewer:WarMedal":0,"PreservedInsect":0,"Black Star":0,"Whetstone":1,"Cracked Core":0,"Sling":0,"Toy Ornithopter":1},{"potionbrewer:WarMedal":0,"PreservedInsect":0,"Black Star":0,"Whetstone":4,"Cracked Core":0,"Sling":0,"Toy Ornithopter":4}],"Toy Ornithopter":0},"card_choices":[],"player_experience":592921,"relics_obtained":[{"floor":3,"key":"Toy Ornithopter"},{"floor":3,"key":"Whetstone"}],"event_choices":[],"is_beta":false,"boss_relics":[],"items_purged_floors":[1,2],"is_endless":false,"potions_floor_spawned":[3],"killed_by":"3 Sentries","ascension_level":20}}