{"host":"a1eatafr7pisesky","time":1613996395,"event":{"mods":["AchievementEnabler","BaseMod","Colored Map","Keyboard Shortcuts","Minty Spire (QoL Compilation)","Say the Spire","StSLib","SuperFastMode","everything is the same but u backflip on backflip"],"gold_per_floor":[14,27,27,27,42,69,69,84,110,140,100,134,152,178,178,253,253,264,275,275,295,14,14,40,40,65,92,92,127,152,166,166,240,240,252,66,86,86,102,137,137,162,210,210,235,110,145,159,159,159,159,159,9,40,40],"floor_reached":56,"language":"KOR","playtime":1996,"items_purged":["Strike_G","Defend_G","Strike_G+1","Defend_G"],"score":2379,"play_id":"f6c401f2-6efa-464f-99da-939d529783f7","local_time":"20210222211955","is_ascension_mode":true,"campfire_choices":[{"data":"Calculated Gamble","floor":7.0,"key":"SMITH"},{"floor":15.0,"key":"REST"},{"data":"Calculated Gamble","floor":23.0,"key":"SMITH"},{"data":"Adrenaline","floor":25.0,"key":"SMITH"},{"floor":28.0,"key":"DIG"},{"data":"Tactician","floor":32.0,"key":"SMITH"},{"floor":41.0,"key":"DIG"},{"floor":49.0,"key":"RECALL"},{"floor":52.0,"key":"DIG"}],"circlet_count":0,"master_deck":["AscendersBane","Defend_G","Defend_G","Defend_G","Survivor","Neutralize","Blade Dance","Calculated Gamble+1","Choke","Dagger Spray+1","Backflip","Eviscerate","Prepared","Calculated Gamble+1","PiercingWail","Adrenaline+1","Concentrate+1","Reflex","Reflex+1","Blur","Blade Dance+1","Tactician+1","Adrenaline","Finisher","Apotheosis","Acrobatics","Adrenaline+1","Well Laid Plans+1","Accuracy+1"],"relics":["Ring of the Snake","Thread and Needle","Whetstone","Boot","Odd Mushroom","Juzu Bracelet","Shovel","Empty Cage","Lee\u0027s Waffle","Orichalcum","Bag of Preparation","Kunai","Ornamental Fan","Red Mask","Pear","SlaversCollar","Oddly Smooth Stone","Blood Vial","Molten Egg 2","Toy Ornithopter","HornCleat","Vajra"],"acts_visited":["Exordium","TheCity","TheBeyond","TheEnding"],"potions_floor_usage":[],"damage_taken":[{"damage":2.0,"enemies":"Cultist","floor":1.0,"turns":5.0},{"damage":3.0,"enemies":"2 Louse","floor":2.0,"turns":2.0},{"damage":0.0,"enemies":"Jaw Worm","floor":5.0,"turns":3.0},{"damage":25.0,"enemies":"Lagavulin","floor":6.0,"turns":5.0},{"damage":0.0,"enemies":"Large Slime","floor":8.0,"turns":3.0},{"damage":0.0,"enemies":"The Mushroom Lair","floor":10.0,"turns":3.0},{"damage":6.0,"enemies":"Gremlin Nob","floor":12.0,"turns":3.0},{"damage":6.0,"enemies":"Red Slaver","floor":13.0,"turns":2.0},{"damage":12.0,"enemies":"Lagavulin","floor":14.0,"turns":6.0},{"damage":28.0,"enemies":"Slime Boss","floor":16.0,"turns":13.0},{"damage":3.0,"enemies":"Chosen","floor":18.0,"turns":5.0},{"damage":7.0,"enemies":"2 Thieves","floor":19.0,"turns":3.0},{"damage":18.0,"enemies":"Sentry and Sphere","floor":21.0,"turns":4.0},{"damage":32.0,"enemies":"Gremlin Leader","floor":27.0,"turns":7.0},{"damage":0.0,"enemies":"Masked Bandits","floor":29.0,"turns":1.0},{"damage":0.0,"enemies":"Slavers","floor":30.0,"turns":5.0},{"damage":0.0,"enemies":"Centurion and Healer","floor":31.0,"turns":3.0},{"damage":19.0,"enemies":"Automaton","floor":33.0,"turns":8.0},{"damage":0.0,"enemies":"Orb Walker","floor":35.0,"turns":1.0},{"damage":15.0,"enemies":"3 Darklings","floor":37.0,"turns":8.0},{"damage":0.0,"enemies":"Jaw Worm Horde","floor":39.0,"turns":1.0},{"damage":0.0,"enemies":"Reptomancer","floor":40.0,"turns":3.0},{"damage":0.0,"enemies":"Nemesis","floor":42.0,"turns":3.0},{"damage":0.0,"enemies":"Mind Bloom Boss Battle","floor":45.0,"turns":2.0},{"damage":0.0,"enemies":"Giant Head","floor":47.0,"turns":2.0},{"damage":0.0,"enemies":"4 Shapes","floor":48.0,"turns":2.0},{"damage":0.0,"enemies":"Time Eater","floor":50.0,"turns":5.0},{"damage":4,"enemies":"Shield and Spear","floor":54,"turns":4},{"damage":1,"enemies":"The Heart","floor":55,"turns":9}],"seed_played":"-8434130310374985880","potions_obtained":[{"floor":2.0,"key":"LiquidBronze"},{"floor":5.0,"key":"Fire Potion"},{"floor":11.0,"key":"GhostInAJar"},{"floor":11.0,"key":"Fruit Juice"},{"floor":11.0,"key":"Weak Potion"},{"floor":13.0,"key":"SpeedPotion"},{"floor":16.0,"key":"SpeedPotion"},{"floor":27.0,"key":"SteroidPotion"},{"floor":33.0,"key":"AttackPotion"},{"floor":37.0,"key":"SmokeBomb"},{"floor":45.0,"key":"Strength Potion"}],"is_trial":false,"path_per_floor":["M","M","?","$","M","E","R","M","T","?","?","E","M","E","R","B",null,"M","M","?","M","$","R","T","R","T","E","R","?","E","M","R","B",null,"M","$","M","?","M","E","R","E","T","?","?","$","E","M","R","B",null,"R","$","E","B",null],"character_chosen":"THE_SILENT","items_purchased":["Blur","Lee\u0027s Waffle","DuplicationPotion"],"campfire_rested":1,"item_purchase_floors":[22,22,36],"current_hp_per_floor":[57,54,54,54,54,29,29,29,29,29,34,28,22,10,31,3,54,51,44,44,26,78,78,78,78,78,46,46,46,56,56,56,37,75,75,75,60,50,50,50,50,52,52,52,54,54,56,58,58,70,84,84,84,82,83],"gold":40,"neow_bonus":"ONE_RARE_RELIC","is_daily":false,"chose_seed":false,"campfire_upgraded":4,"win_rate":0.0,"timestamp":1613996395,"path_taken":["M","?","?","?","M","E","R","M","T","?","?","E","M","E","R","BOSS","M","M","?","M","$","R","?","R","T","E","R","?","E","M","R","BOSS","M","$","M","?","M","E","R","E","T","?","?","$","E","M","R","BOSS","R","$","E","BOSS"],"items_purchased_type":["Card","Relic","Potion"],"build_version":"2020-12-22","purchased_purges":4,"victory":true,"max_hp_per_floor":[66,66,66,66,66,66,66,66,66,66,71,71,71,71,71,71,71,71,71,71,71,78,78,78,78,78,78,78,78,88,88,88,88,88,88,88,88,88,88,88,88,88,88,88,88,88,88,88,88,88,88,88,88,88,88],"card_choices":[{"not_picked":["Slice","Deflect"],"picked":"Blade Dance","floor":1.0},{"not_picked":["Underhanded Strike","Flying Knee"],"picked":"Calculated Gamble","floor":2.0},{"not_picked":["Bane","Slice"],"picked":"Dagger Spray","floor":5.0},{"not_picked":["Grand Finale","Deadly Poison"],"picked":"Backflip","floor":6.0},{"not_picked":["Expertise","Deadly Poison"],"picked":"Eviscerate","floor":8.0},{"not_picked":["Outmaneuver","Underhanded Strike"],"picked":"Prepared","floor":10.0},{"not_picked":["Eviscerate","Flechettes"],"picked":"Calculated Gamble","floor":12.0},{"not_picked":["Sucker Punch","Calculated Gamble","Deflect"],"picked":"SKIP","floor":13.0},{"not_picked":["Underhanded Strike","Caltrops"],"picked":"PiercingWail","floor":14.0},{"not_picked":["Bullet Time","Phantasmal Killer"],"picked":"Adrenaline","floor":16.0},{"not_picked":["Deadly Poison","Endless Agony","Slice"],"picked":"SKIP","floor":18.0},{"not_picked":["Leg Sweep","Deflect"],"picked":"Concentrate+1","floor":19.0},{"not_picked":["Calculated Gamble","Eviscerate"],"picked":"Reflex+1","floor":21.0},{"not_picked":["Finisher+1","Poisoned Stab"],"picked":"Blade Dance+1","floor":27.0},{"not_picked":["Backflip","A Thousand Cuts","Reflex"],"picked":"SKIP","floor":30.0},{"not_picked":["Crippling Poison","Sucker Punch"],"picked":"Tactician","floor":31.0},{"not_picked":["Grand Finale","Malaise"],"picked":"Adrenaline","floor":33.0},{"not_picked":["Concentrate","Noxious Fumes","Poisoned Stab"],"picked":"SKIP","floor":35.0},{"not_picked":["Underhanded Strike","Blade Dance"],"picked":"Finisher","floor":37.0},{"not_picked":["Impatience","Secret Technique"],"picked":"Apotheosis","floor":38.0},{"not_picked":["Sucker Punch","Acrobatics","Bane"],"picked":"SKIP","floor":39.0},{"not_picked":["Sucker Punch","Bane"],"picked":"Acrobatics","floor":39.0},{"not_picked":["Caltrops","Envenom","Unload"],"picked":"SKIP","floor":40.0},{"not_picked":["Endless Agony+1","Quick Slash+1","Cloak And Dagger+1"],"picked":"SKIP","floor":42.0},{"not_picked":["Crippling Poison","Blur+1"],"picked":"Well Laid Plans+1","floor":47.0},{"not_picked":["Footwork+1","Dagger Spray+1"],"picked":"Accuracy+1","floor":48.0},{"not_picked":["Backstab+1","Concentrate+1","Noxious Fumes"],"picked":"SKIP","floor":54}],"player_experience":486037,"relics_obtained":[{"floor":6.0,"key":"Whetstone"},{"floor":9.0,"key":"Boot"},{"floor":10.0,"key":"Odd Mushroom"},{"floor":12.0,"key":"Juzu Bracelet"},{"floor":14.0,"key":"Shovel"},{"floor":24.0,"key":"Orichalcum"},{"floor":26.0,"key":"Bag of Preparation"},{"floor":27.0,"key":"Kunai"},{"floor":28.0,"key":"Ornamental Fan"},{"floor":29.0,"key":"Red Mask"},{"floor":30.0,"key":"Pear"},{"floor":40.0,"key":"Oddly Smooth Stone"},{"floor":41.0,"key":"Blood Vial"},{"floor":42.0,"key":"Molten Egg 2"},{"floor":47.0,"key":"Toy Ornithopter"},{"floor":52.0,"key":"HornCleat"},{"floor":54,"key":"Vajra"}],"event_choices":[{"damage_healed":0.0,"max_hp_gain":0.0,"max_hp_loss":0.0,"gold_gain":0.0,"cards_transformed":["Strike_G"],"event_name":"Transmorgrifier","player_choice":"Transformed","floor":3.0,"gold_loss":0.0,"damage_taken":0.0,"cards_obtained":["Choke"]},{"damage_healed":0.0,"max_hp_gain":0.0,"max_hp_loss":0.0,"gold_gain":0.0,"event_name":"Mushrooms","player_choice":"Fought Mushrooms","floor":10.0,"gold_loss":0.0,"damage_taken":0.0},{"damage_healed":0.0,"max_hp_gain":0.0,"max_hp_loss":0.0,"gold_gain":0.0,"event_name":"The Woman in Blue","player_choice":"Bought 3 Potions","floor":11.0,"gold_loss":0.0,"damage_taken":0.0},{"damage_healed":0.0,"max_hp_gain":0.0,"max_hp_loss":0.0,"gold_gain":0.0,"event_name":"The Library","player_choice":"Read","floor":20.0,"gold_loss":0.0,"damage_taken":0.0,"cards_obtained":["Reflex"]},{"damage_healed":0.0,"max_hp_gain":0.0,"max_hp_loss":0.0,"gold_gain":0.0,"event_name":"Masked Bandits","player_choice":"Fought Bandits","floor":29.0,"gold_loss":0.0,"damage_taken":0.0},{"damage_healed":0.0,"max_hp_gain":0.0,"max_hp_loss":0.0,"gold_gain":0.0,"event_name":"SensoryStone","player_choice":"Memory 3","floor":38.0,"gold_loss":0.0,"damage_taken":10.0},{"damage_healed":0.0,"max_hp_gain":0.0,"max_hp_loss":0.0,"gold_gain":0.0,"event_name":"Duplicator","player_choice":"Copied","floor":44.0,"gold_loss":0.0,"damage_taken":0.0,"cards_obtained":["Adrenaline"]},{"damage_healed":0.0,"max_hp_gain":0.0,"max_hp_loss":0.0,"gold_gain":0.0,"event_name":"MindBloom","player_choice":"Fight","floor":45.0,"gold_loss":0.0,"damage_taken":0.0}],"is_beta":false,"boss_relics":[{"not_picked":["Busted Crown","Ectoplasm"],"picked":"Empty Cage"},{"not_picked":["Tiny House","Cursed Key"],"picked":"SlaversCollar"}],"items_purged_floors":[22,36,46,53],"is_endless":false,"potions_floor_spawned":[2,5,13,16,27,29,30,31,33,37,42,45],"ascension_level":16}}