{"host":"a1eatafr7pisesky","time":1613994051,"event":{"mods":["AchievementEnabler","BaseMod","Colored Map","Keyboard Shortcuts","Minty Spire (QoL Compilation)","Say the Spire","StSLib","SuperFastMode","everything is the same but u backflip on backflip"],"gold_per_floor":[114,114,127,202,352,352,222,236,236,251,266,299,311,311,311,311,311],"floor_reached":16,"language":"KOR","playtime":219,"items_purged":["Doubt"],"score":209,"play_id":"c6133fc9-50bc-44cc-ad58-552e2c2830e2","local_time":"20210222204051","is_ascension_mode":true,"campfire_choices":[{"data":"Deadly Poison","floor":6.0,"key":"SMITH"},{"floor":15,"key":"REST"}],"circlet_count":0,"master_deck":["AscendersBane","Strike_G","Strike_G","Strike_G","Strike_G","Strike_G","Defend_G","Defend_G","Defend_G","Defend_G","Defend_G","Survivor","Neutralize+1","Heel Hook","Deadly Poison+1","Deadly Poison","Crippling Poison","Dagger Spray","Poisoned Stab"],"relics":["Ring of the Snake","NeowsBlessing","Mango","Strawberry"],"acts_visited":["Exordium"],"potions_floor_usage":[16,16],"damage_taken":[{"damage":0.0,"enemies":"Small Slimes","floor":1.0,"turns":1.0},{"damage":0.0,"enemies":"Cultist","floor":3.0,"turns":1.0},{"damage":0.0,"enemies":"2 Louse","floor":8.0,"turns":1.0},{"damage":11.0,"enemies":"Looter","floor":10.0,"turns":4.0},{"damage":1.0,"enemies":"Blue Slaver","floor":11.0,"turns":4.0},{"damage":25.0,"enemies":"Lagavulin","floor":12.0,"turns":4.0},{"damage":26,"enemies":"Gremlin Gang","floor":13,"turns":5},{"damage":38,"enemies":"Slime Boss","floor":16,"turns":6}],"seed_played":"-3310039590810077291","potions_obtained":[{"floor":1.0,"key":"ColorlessPotion"},{"floor":8.0,"key":"SteroidPotion"},{"floor":12.0,"key":"BlessingOfTheForge"}],"is_trial":false,"path_per_floor":["M","?","M","?","?","R","$","M","T","M","M","E","M","?","R","B"],"character_chosen":"THE_SILENT","items_purchased":["Deadly Poison"],"campfire_rested":1,"item_purchase_floors":[7],"current_hp_per_floor":[59,59,59,48,48,48,48,48,62,51,50,32,6,6,32,0,0],"gold":311,"neow_bonus":"THREE_ENEMY_KILL","is_daily":false,"chose_seed":false,"campfire_upgraded":1,"win_rate":0.0,"timestamp":1613994051,"path_taken":["M","?","?","?","?","R","?","?","T","M","M","E","M","?","R","BOSS"],"items_purchased_type":["Card"],"build_version":"2020-12-22","purchased_purges":1,"victory":false,"max_hp_per_floor":[66,66,66,66,66,66,66,66,80,80,80,87,87,87,87,87,87],"card_choices":[{"not_picked":["Finisher","Prepared"],"picked":"Heel Hook","floor":1.0},{"not_picked":["Masterful Stab","Choke"],"picked":"Deadly Poison","floor":3.0},{"not_picked":["Poisoned Stab","PiercingWail"],"picked":"Crippling Poison","floor":8.0},{"not_picked":["Outmaneuver","Flying Knee"],"picked":"Dagger Spray","floor":10.0},{"not_picked":["Outmaneuver","Night Terror","Dagger Spray"],"picked":"SKIP","floor":11.0},{"not_picked":["All Out Attack","Acrobatics"],"picked":"Poisoned Stab","floor":12.0},{"not_picked":["Flying Knee","Distraction","Bane"],"picked":"SKIP","floor":13}],"player_experience":485818,"relics_obtained":[{"floor":9.0,"key":"Mango"},{"floor":12.0,"key":"Strawberry"}],"event_choices":[{"damage_healed":0.0,"max_hp_gain":0.0,"max_hp_loss":0.0,"gold_gain":0.0,"event_name":"Accursed Blacksmith","player_choice":"Forge","floor":2.0,"gold_loss":0.0,"damage_taken":0.0,"cards_upgraded":["Neutralize"]},{"damage_healed":0.0,"max_hp_gain":0.0,"max_hp_loss":0.0,"gold_gain":75.0,"event_name":"World of Goop","player_choice":"Gather Gold","floor":4.0,"gold_loss":0.0,"damage_taken":11.0},{"damage_healed":0.0,"max_hp_gain":0.0,"max_hp_loss":0.0,"gold_gain":150.0,"event_name":"Liars Game","player_choice":"AGREE","floor":5.0,"gold_loss":0.0,"damage_taken":0.0,"cards_obtained":["Doubt"]},{"damage_healed":0,"gold_gain":0,"player_choice":"Ignored","damage_taken":0,"max_hp_gain":0,"max_hp_loss":0,"event_name":"Golden Wing","floor":14,"gold_loss":0}],"is_beta":false,"boss_relics":[],"items_purged_floors":[7],"is_endless":false,"potions_floor_spawned":[1,8,12],"killed_by":"Slime Boss","ascension_level":16}}