{"host":"o88u0awh8mkwl1l8","time":1613963969,"event":{"mods":["BaseMod","Colored Map","Highlight Path","Minty Spire (QoL Compilation)","Relic Sorter"],"gold_per_floor":[116,131,131,131,142,142,173,173,173,138,157,189,25,41,41,41,41],"floor_reached":16,"language":"JPN","playtime":624,"items_purged":[],"score":220,"play_id":"f942828b-90d5-4bb2-ac0e-c279ed58458a","local_time":"20210222121929","is_ascension_mode":true,"campfire_choices":[{"data":"Blade Dance","floor":6.0,"key":"SMITH"},{"floor":8.0,"key":"REST"},{"floor":15.0,"key":"REST"}],"circlet_count":0,"master_deck":["AscendersBane","Strike_G","Strike_G","Strike_G","Strike_G","Strike_G","Defend_G","Defend_G","Defend_G","Defend_G","Survivor","Neutralize","Blur","Quick Slash","Blade Dance+1","PiercingWail","Bouncing Flask","Cloak And Dagger","Crippling Poison","Footwork","PiercingWail","Deflect"],"relics":["Ring of the Snake","Gremlin Horn","Dream Catcher","Centennial Puzzle"],"acts_visited":["Exordium"],"potions_floor_usage":[16],"damage_taken":[{"damage":3.0,"enemies":"Jaw Worm","floor":1.0,"turns":7.0},{"damage":2.0,"enemies":"2 Louse","floor":2.0,"turns":4.0},{"damage":7.0,"enemies":"Cultist","floor":5.0,"turns":5.0},{"damage":45.0,"enemies":"Gremlin Nob","floor":7.0,"turns":5.0},{"damage":7.0,"enemies":"3 Louse","floor":11.0,"turns":4.0},{"damage":14.0,"enemies":"Lagavulin","floor":12.0,"turns":7.0},{"damage":1.0,"enemies":"Looter","floor":14.0,"turns":4.0},{"damage":39,"enemies":"Hexaghost","floor":16,"turns":9}],"seed_played":"3131869854838275935","potions_obtained":[{"floor":7.0,"key":"Fire Potion"},{"floor":11.0,"key":"Explosive Potion"},{"floor":12.0,"key":"Swift Potion"}],"is_trial":false,"path_per_floor":["M","M","?","?","M","R","E","R","T","?","M","E","$","M","R","B"],"character_chosen":"THE_SILENT","items_purchased":["Crippling Poison","Footwork"],"campfire_rested":2,"item_purchase_floors":[13,13],"current_hp_per_floor":[62,60,53,53,46,46,1,22,22,40,33,19,19,18,39,0,0],"gold":41,"neow_bonus":"TEN_PERCENT_HP_BONUS","is_daily":false,"chose_seed":false,"campfire_upgraded":1,"win_rate":0.0,"timestamp":1613963969,"path_taken":["M","M","?","?","M","R","E","R","T","?","M","E","$","M","R","BOSS"],"items_purchased_type":["Card","Card"],"build_version":"2020-12-22","purchased_purges":0,"victory":false,"max_hp_per_floor":[72,72,72,72,72,72,72,72,72,72,72,72,72,72,72,72,72],"card_choices":[{"not_picked":["Acrobatics","Prepared"],"picked":"Blur","floor":1.0},{"not_picked":["Predator","Outmaneuver"],"picked":"Quick Slash","floor":2.0},{"not_picked":["Acrobatics","Distraction"],"picked":"Blade Dance","floor":5.0},{"not_picked":["Eviscerate","Bane"],"picked":"PiercingWail","floor":7.0},{"not_picked":["Dash","Finisher"],"picked":"Bouncing Flask","floor":11.0},{"not_picked":["Dagger Throw","Blade Dance"],"picked":"Cloak And Dagger","floor":12.0},{"not_picked":["Dagger Throw","Calculated Gamble"],"picked":"PiercingWail","floor":14.0},{"not_picked":["Flying Knee","Dagger Throw"],"picked":"Deflect","floor":15.0}],"player_experience":1325162,"relics_obtained":[{"floor":7.0,"key":"Gremlin Horn"},{"floor":9.0,"key":"Dream Catcher"},{"floor":12.0,"key":"Centennial Puzzle"}],"event_choices":[{"cards_removed":["Defend_G"],"damage_healed":0.0,"max_hp_gain":0.0,"max_hp_loss":0.0,"gold_gain":0.0,"event_name":"Golden Wing","player_choice":"Card Removal","floor":3.0,"gold_loss":0.0,"damage_taken":7.0},{"damage_healed":0.0,"max_hp_gain":0.0,"max_hp_loss":0.0,"gold_gain":0.0,"event_name":"Liars Game","player_choice":"Ignored","floor":4.0,"gold_loss":0.0,"damage_taken":0.0},{"damage_healed":18.0,"max_hp_gain":0.0,"max_hp_loss":0.0,"gold_gain":0.0,"event_name":"The Cleric","player_choice":"Healed","floor":10.0,"gold_loss":35.0,"damage_taken":0.0}],"is_beta":false,"boss_relics":[],"items_purged_floors":[],"is_endless":false,"potions_floor_spawned":[7,11,12],"killed_by":"Hexaghost","ascension_level":20}}