{"host":"k4crn7o6x50xmhd2","time":1613959025,"event":{"mods":["AchievementEnabler","BaseMod","Better Skull","BetterRewards","Colored Powertips","Conspire","Curses Come First","Energized Spire","GifTheSpireLib","Minty Spire (QoL Compilation)","Potionbrewer","RatMod","Remove Card Discount Mod","Replay The Spire","Shop Mod","Spikes Relics","StSLib","Stuff the Spire","SuperFastMode","The Wild Card","Transform Curses","Virulent Crown"],"gold_per_floor":[116,129,129,109,127,127,147,147,147,147,147,145,159,159,159,259,259,274,74,74,93,18,18,18,44,143,143,161,173,173,173,173,275,275,275,275],"floor_reached":35,"language":"ENG","playtime":2503,"items_purged":["Echo Form"],"score":393,"play_id":"965de90b-b361-4287-81e7-46b933c970cd","local_time":"20210221205705","daily_mods":["Specialized","Red Cards","Green Cards","Blue Cards","Colorless Cards","Heirloom","Time Dilation","Flight","Binary"],"is_ascension_mode":false,"campfire_choices":[{"data":"Survivor","floor":6.0,"key":"SMITH"},{"floor":10.0,"key":"REST"},{"data":"Neutralize","floor":11.0,"key":"SMITH"},{"data":"Ghostly Armor","floor":15.0,"key":"SMITH"},{"floor":23.0,"key":"REST"},{"floor":30.0,"key":"REST"},{"floor":32.0,"key":"REST"}],"circlet_count":2,"master_deck":["Demon Form","DevaForm","Strike_G","Strike_G","Strike_G","Strike_G","Defend_G","Defend_G","Defend_G+1","Defend_G","Defend_G","Survivor+1","Neutralize+1","Go for the Eyes","Go for the Eyes","Go for the Eyes","Go for the Eyes","Go for the Eyes","Madness","Blur","Ghostly Armor+1","Cloak And Dagger+1","Madness","Sucker Punch","Bandage Up+1","Acrobatics","Madness","Limit Break"],"relics":["TungstenRod","Art of War","Circlet","Bronze Scales","War Paint","Smiling Mask","Tiny Chest","Membership Card","MutagenicStrength","energizedSpire:NeverEndingSparkler"],"acts_visited":["TheBeyond"],"potions_floor_usage":[],"damage_taken":[{"damage":0.0,"enemies":"Cultist","floor":1.0,"turns":4.0},{"damage":0.0,"enemies":"Jaw Worm","floor":2.0,"turns":4.0},{"damage":0.0,"enemies":"2 Louse","floor":5.0,"turns":5.0},{"damage":11.0,"enemies":"Lots of Slimes","floor":7.0,"turns":6.0},{"damage":10.0,"enemies":"2 Fungi Beasts","floor":13.0,"turns":3.0},{"damage":32.0,"enemies":"Fading Forest","floor":16.0,"turns":11.0},{"damage":15.0,"enemies":"3 Byrds","floor":18.0,"turns":8.0},{"damage":17.0,"enemies":"Chosen","floor":21.0,"turns":8.0},{"damage":48.0,"enemies":"Shelled Parasite and Fungi","floor":28.0,"turns":11.0},{"damage":12.0,"enemies":"Snake Plant","floor":29.0,"turns":4.0},{"damage":47.0,"enemies":"Champ","floor":33.0,"turns":17.0}],"seed_played":"5438804025432863582","potions_obtained":[{"floor":2.0,"key":"PowerPotion"},{"floor":4.0,"key":"Weak Potion"},{"floor":5.0,"key":"SteroidPotion"},{"floor":7.0,"key":"BlessingOfTheForge"},{"floor":16.0,"key":"SpeedPotion"},{"floor":21.0,"key":"CultistPotion"}],"is_trial":true,"path_per_floor":["M","M","?","?","M","R","M","?","T","R","R","$","M","?","R","B",null,"M","$","?","M","?","R","?","T","T","?","M","M","R","?","R","B",null,"M"],"character_chosen":"THE_SILENT","items_purchased":["MerchantsRug","Bronze Scales"],"campfire_rested":4,"item_purchase_floors":[19,19],"current_hp_per_floor":[70,70,70,70,70,70,59,59,59,70,70,70,60,60,60,38,70,55,55,55,42,42,63,63,63,63,63,19,11,32,32,53,12,70,0,0],"gold":275,"neow_bonus":"","is_daily":false,"chose_seed":false,"campfire_upgraded":3,"win_rate":0.0,"timestamp":1613959025,"path_taken":["M","?","?","?","?","R","?","?","T","R","R","$","?","?","R","BOSS","M","$","?","?","?","R","?","?","T","?","?","M","R","?","R","BOSS","M"],"items_purchased_type":["Relic","Relic"],"build_version":"2020-12-22","purchased_purges":1,"victory":false,"max_hp_per_floor":[70,70,70,70,70,70,70,70,70,70,70,70,70,70,70,70,70,70,70,70,70,70,70,70,70,70,70,70,70,70,70,70,70,70,70,70],"card_choices":[{"not_picked":["Clothesline"],"picked":"StuffTheSpire:Plugnplay","floor":1.0},{"not_picked":["Warcry"],"picked":"Blur","floor":2.0},{"not_picked":["ReplayTheSpireMod:GoodbyeWorld","Steam"],"picked":"SKIP","floor":5.0},{"not_picked":["Perfected Strike"],"picked":"Ghostly Armor","floor":7.0},{"not_picked":["StuffTheSpire:Fury"],"picked":"Cloak And Dagger","floor":13.0},{"not_picked":["Doppelganger"],"picked":"Poisoned Strike","floor":16.0},{"not_picked":["Caltrops"],"picked":"Sucker Punch","floor":18.0},{"not_picked":["Stack"],"picked":"DiskWipe","floor":21.0},{"not_picked":["Stack","StuffTheSpire:BumpUp+1"],"picked":"SKIP","floor":28.0},{"not_picked":["Heatsinks","Body Slam"],"picked":"SKIP","floor":29.0},{"not_picked":["Creative AI"],"picked":"Limit Break","floor":33.0}],"player_experience":722254,"relics_obtained":[{"floor":9.0,"key":"Art of War"},{"floor":14.0,"key":"ReplayTheSpireMod:Ring of Collecting"},{"floor":25.0,"key":"War Paint"},{"floor":25.0,"key":"Ring of Panic"},{"floor":26.0,"key":"Ring of Greed"},{"floor":26.0,"key":"Smiling Mask"},{"floor":26.0,"key":"Tiny Chest"},{"floor":26.0,"key":"Membership Card"}],"event_choices":[{"damage_healed":0.0,"max_hp_gain":0.0,"max_hp_loss":0.0,"gold_gain":0.0,"event_name":"conspire:Investor","player_choice":"Leave","floor":3.0,"gold_loss":0.0,"damage_taken":0.0},{"damage_healed":0.0,"max_hp_gain":0.0,"max_hp_loss":0.0,"gold_gain":0.0,"event_name":"The Woman in Blue","player_choice":"Bought 1 Potion","floor":4.0,"gold_loss":0.0,"damage_taken":0.0},{"cards_removed":["Wraith Form v2"],"damage_healed":0.0,"max_hp_gain":0.0,"max_hp_loss":0.0,"gold_gain":0.0,"event_name":"Purifier","player_choice":"Purged","floor":8.0,"gold_loss":0.0,"damage_taken":0.0},{"damage_healed":0.0,"max_hp_gain":0.0,"max_hp_loss":0.0,"gold_gain":0.0,"event_name":"Match and Keep!","player_choice":"2 cards matched","floor":20.0,"gold_loss":0.0,"damage_taken":0.0,"cards_obtained":["Bandage Up","Acrobatics"]},{"cards_removed":["Strike_G"],"damage_healed":0.0,"max_hp_gain":0.0,"max_hp_loss":0.0,"gold_gain":0.0,"event_name":"Beggar","player_choice":"Gave Gold","floor":22.0,"gold_loss":75.0,"damage_taken":0.0},{"damage_healed":0.0,"max_hp_gain":0.0,"max_hp_loss":0.0,"gold_gain":0.0,"event_name":"Cursed Tome","player_choice":"Ignored","floor":24.0,"gold_loss":0.0,"damage_taken":0.0},{"damage_healed":0.0,"max_hp_gain":0.0,"max_hp_loss":0.0,"gold_gain":0.0,"event_name":"Drug Dealer","player_choice":"Inject Mutagens","floor":27.0,"gold_loss":0.0,"damage_taken":0.0,"relics_obtained":["MutagenicStrength"]},{"damage_healed":0.0,"max_hp_gain":0.0,"max_hp_loss":0.0,"gold_gain":0.0,"event_name":"Upgrade Shrine","player_choice":"Upgraded","floor":31.0,"gold_loss":0.0,"damage_taken":0.0,"cards_upgraded":["Bandage Up"]}],"is_beta":false,"boss_relics":[{"not_picked":["Abe\u0027s Treasure","Fusion Hammer","Replay:Bronze Core"]},{"not_picked":["Replay:Grab Bag","energizedSpire:PogoStick"],"picked":"energizedSpire:NeverEndingSparkler"}],"items_purged_floors":[12],"is_endless":false,"potions_floor_spawned":[2,5,7,16,21],"killed_by":"3 Shapes","ascension_level":0}}