{"host":"5pruifpvrxoc6ior","time":1613966526,"event":{"mods":["AchievementEnabler","Aspiration","BaseMod","Colored Map","Colored Powertips","Downfall","Googly Eyes","Hermit","Hubris","Jorbs\u0027s Wanderer Trilogy","Marisa????????","Minty Spire (QoL Compilation)","Quick Restart","Remilia??????","Replay The Spire","StSLib","SuperFastMode","The Bug Knight","The Cursed","The Disciple","The Hierophant","The Jungle","The Necromancer","The Servant 0.9.4"],"gold_per_floor":[112,5,5,80,95,95,130,208,208,225,235,252,269,304,304,410,410,437,21,21,52,52,106,106,106,106,160,75,123,23,61,61,194,194,240,240,295,344,395,463,463,540,567,631,631,715,715,715,715,715],"floor_reached":51,"language":"ENG","playtime":2596,"items_purged":["Defend_W","Strike_W"],"score":1371,"play_id":"53644e2a-ee71-48b9-88ee-46942ce834d3","local_time":"20210221230206","is_ascension_mode":true,"campfire_choices":[{"data":"Negative_Energy_Shield","floor":6.0,"key":"SMITH"},{"data":"Summon_Lich","floor":15.0,"key":"SMITH"},{"data":"Summon_Lich","floor":25.0,"key":"SMITH"},{"data":"Summon_Undead_Army","floor":32.0,"key":"SMITH"},{"data":"Summon_Vampire_Lady","floor":41,"key":"SMITH"},{"data":"Summon_Undead_Army","floor":45,"key":"SMITH"},{"floor":49,"key":"REST"}],"circlet_count":0,"master_deck":["Strike_W","Strike_W+1","Strike_W","Defend_W","Defend_W+1","Defend_W","Negative_Energy_Arrows","Bone_Wall+1","Negative_Energy_Javelin+1","Summon_Lich+1","Summon_Lich+1","Negative_Energy_Shield+1","Scare","Acid_Javelin","Toxic_Smoke_Screen","Summon_Undead+1","Negative_Energy_Sphere","Exploit","Toxic_Smoke_Screen","hubris:Greed","hubris:Greed","Siphon_Strength+1","Summon_Undead_Army+1","Summon_Undead_Army+1","Bone_Armor","hubris:Greed","Spectral_Armor","ReplayTheSpireMod:Restless Dread","hubris:Greed","Toxic_Smoke_Screen","Finger_Of_Death","hubris:Greed","hubris:Greed","hubris:Greed","Summon_Vampire_Lady+1","Negative_Energy_Shield+1","Negative_Energy_Shield","Toxic_Smoke_Screen+1","Spectral_Walk+1","Negative_Energy_Burst+1","hubris:Greed","hubris:Greed","hubris:Greed","Summon_Undead+1","Madness","Madness","Wraith","hubris:Greed","hubris:Greed","hubris:Greed","hubris:Greed","hubris:Greed","hubris:Greed"],"relics":["Vampire_Amulet","NeowsBlessing","AntiCross","Pet Ghost","Mercury Hourglass","HornCleat","hubris:BottledRain","Replay:Bronze Core","Mummified Hand","Replay:Rubber Ducky","Replay:Baseball","MutagenicStrength","aspiration:SeaSaltIceCream","aspiration:Nostalgia","PureWater","War Paint","Durian","hubris:ToyBattleship","hubris:GrandSneckoEye","Replay:Accelerometer","Gremlin Food","Whetstone","hubris:AstralHammer"],"acts_visited":["Exordium","TheCity","TheBeyond"],"potions_floor_usage":[],"damage_taken":[{"damage":0.0,"enemies":"Cultist","floor":1.0,"turns":1.0},{"damage":0.0,"enemies":"2 Louse","floor":5.0,"turns":1.0},{"damage":2.0,"enemies":"Lagavulin","floor":7.0,"turns":1.0},{"damage":8.0,"enemies":"Jaw Worm","floor":10.0,"turns":2.0},{"damage":0.0,"enemies":"Red Slaver","floor":11.0,"turns":2.0},{"damage":13.0,"enemies":"Large Slime","floor":12.0,"turns":2.0},{"damage":0.0,"enemies":"Blue Slaver","floor":13.0,"turns":3.0},{"damage":2.0,"enemies":"Gremlin Nob","floor":14.0,"turns":3.0},{"damage":10.0,"enemies":"Slime Boss","floor":16.0,"turns":5.0},{"damage":19.0,"enemies":"2 Thieves","floor":18.0,"turns":3.0},{"damage":13.0,"enemies":"Shell Parasite","floor":21.0,"turns":6.0},{"damage":0.0,"enemies":"Replay:Snechameleon","floor":23.0,"turns":7.0},{"damage":1.0,"enemies":"Gremlin Leader","floor":27.0,"turns":5.0},{"damage":3.0,"enemies":"Book of Stabbing","floor":29.0,"turns":2.0},{"damage":0.0,"enemies":"Snecko","floor":31.0,"turns":3.0},{"damage":0.0,"enemies":"Automaton","floor":33.0,"turns":7.0},{"damage":0.0,"enemies":"Orb Walker","floor":35.0,"turns":3.0},{"damage":0.0,"enemies":"3 Shapes","floor":37.0,"turns":2.0},{"damage":0,"enemies":"Sphere and 2 Shapes","floor":38,"turns":3},{"damage":8,"enemies":"4 Shapes","floor":39,"turns":3},{"damage":5,"enemies":"Reptomancer","floor":40,"turns":5},{"damage":0,"enemies":"Giant Head","floor":42,"turns":8},{"damage":0,"enemies":"Spire Growth","floor":44,"turns":4},{"damage":0,"enemies":"Reptomancer","floor":46,"turns":4},{"damage":7,"enemies":"Awakened One","floor":50,"turns":12}],"seed_played":"-317328404786762593","potions_obtained":[{"floor":1.0,"key":"AttackPotion"},{"floor":5.0,"key":"AttackPotion"},{"floor":7.0,"key":"AttackPotion"},{"floor":14.0,"key":"ColorlessPotion"},{"floor":21.0,"key":"Explosive Potion"},{"floor":23.0,"key":"LiquidMemories"},{"floor":27.0,"key":"AttackPotion"},{"floor":29.0,"key":"Fire Potion"},{"floor":35.0,"key":"BlessingOfTheForge"},{"floor":40,"key":"Block Potion"},{"floor":42,"key":"LiquidBronze"}],"is_trial":false,"path_per_floor":["M","$","?","?","M","R","E","T","T","M","M","M","M","E","R","B",null,"M","$","?","M","?","E","?","R","T","E","?","E","$","M","R","B",null,"M","?","M","M","M","E","R","E","T","M","R","E","?","?","R","B",null],"character_chosen":"NECROMANCER","items_purchased":["Summon_Lich","Negative_Energy_Shield","Mummified Hand","Summon_Undead_Army","Bone_Armor"],"campfire_rested":1,"item_purchase_floors":[2,2,19,19,19],"current_hp_per_floor":[75,75,63,52,56,56,56,56,56,50,52,41,43,43,43,39,75,62,62,62,53,53,57,57,57,57,75,80,80,80,80,80,80,80,80,80,80,80,80,80,80,80,80,80,80,80,70,70,80,80],"gold":715,"neow_bonus":"THREE_ENEMY_KILL","is_daily":false,"chose_seed":false,"campfire_upgraded":6,"win_rate":0.0,"timestamp":1613966526,"path_taken":["M","$","?","?","M","R","E","?","T","M","?","M","M","E","R","BOSS","M","$","?","M","?","E","?","R","T","E","?","E","?","M","R","BOSS","M","?","M","?","M","E","R","E","T","M","R","E","?","?","R","BOSS"],"items_purchased_type":["Card","Card","Relic","Card","Card"],"build_version":"2020-12-22","purchased_purges":2,"victory":true,"max_hp_per_floor":[75,75,75,75,75,75,75,75,75,75,75,75,75,75,75,75,75,75,75,75,75,75,75,75,75,75,75,80,80,80,80,80,80,80,80,80,80,80,80,80,80,80,80,80,80,80,80,80,80,80],"card_choices":[{"not_picked":["Thousand_Bone_Knives","Siphon_Strength"],"picked":"Negative_Energy_Javelin","floor":1.0},{"not_picked":["Bone_Armory","Negative_Energy_Mist"],"picked":"Scare","floor":5.0},{"not_picked":["Life_Drain","Uncharnel"],"picked":"Acid_Javelin","floor":7.0},{"not_picked":["Bone_Spikes","Reap_The_Weak"],"picked":"Toxic_Smoke_Screen","floor":10.0},{"not_picked":["Death_Coil","Epidemic"],"picked":"Summon_Undead","floor":11.0},{"not_picked":["Epidemic","Life_Tap"],"picked":"Negative_Energy_Sphere","floor":12.0},{"not_picked":["Consume_Illness","Deaths_Shadow"],"picked":"Exploit","floor":13.0},{"not_picked":["Plague_Bolt","Scare"],"picked":"Toxic_Smoke_Screen","floor":14.0},{"not_picked":["Scare","Shackles_Of_Pain+1"],"picked":"Siphon_Strength+1","floor":18.0},{"not_picked":["Blood_Whip+1","Bone_Armor"],"picked":"Spectral_Armor","floor":21.0},{"not_picked":["Shackles_Of_Pain","Requiem","Strike_from_Beyond+1"],"picked":"SKIP","floor":23.0},{"not_picked":["Negative_Energy_Javelin+1","Blood_Whip"],"picked":"Toxic_Smoke_Screen","floor":27.0},{"not_picked":["Necromantic_Selection+1","Bone_Shift"],"picked":"Finger_Of_Death","floor":29.0},{"not_picked":["Slay_Living","Chill_Blood"],"picked":"Death_Coil+1","floor":31.0},{"not_picked":["Requiem","Detonate_Bones"],"picked":"Summon_Vampire_Lady","floor":33.0},{"not_picked":["Exploit","Epidemic+1"],"picked":"Negative_Energy_Shield+1","floor":35.0},{"not_picked":["Bones_to_Steel+1","Death_March_Dance+1"],"picked":"Negative_Energy_Shield","floor":37.0},{"not_picked":["Deaths_Shadow+1","Finger_Of_Death+1"],"picked":"Toxic_Smoke_Screen+1","floor":38},{"not_picked":["Shackles_Of_Pain","Scare+1"],"picked":"Spectral_Walk+1","floor":39},{"not_picked":["Necromantic_Selection+1","Bone_Armory"],"picked":"Negative_Energy_Burst+1","floor":40},{"not_picked":["Death_March_Dance+1","Cloudkill","Bone_Spikes+1"],"picked":"SKIP","floor":42},{"not_picked":["Negative_Energy_Sphere","Epidemic+1"],"picked":"Summon_Undead+1","floor":44},{"not_picked":["Negative_Energy_Mist+1","Skeleton_Dragon","Bone_Spikes+1"],"picked":"SKIP","floor":46}],"player_experience":43799,"relics_obtained":[{"floor":7.0,"key":"Pet Ghost"},{"floor":8.0,"key":"Mercury Hourglass"},{"floor":9.0,"key":"HornCleat"},{"floor":14.0,"key":"hubris:BottledRain"},{"floor":23.0,"key":"Replay:Baseball"},{"floor":26.0,"key":"aspiration:SeaSaltIceCream"},{"floor":27.0,"key":"War Paint"},{"floor":29.0,"key":"hubris:ToyBattleship"},{"floor":40,"key":"Replay:Accelerometer"},{"floor":42,"key":"Gremlin Food"},{"floor":43,"key":"Whetstone"},{"floor":46,"key":"hubris:AstralHammer"}],"event_choices":[{"damage_healed":0.0,"max_hp_gain":0.0,"max_hp_loss":0.0,"gold_gain":0.0,"event_name":"Scrap Ooze","player_choice":"Success","floor":3.0,"gold_loss":0.0,"damage_taken":12.0,"relics_obtained":["AntiCross"]},{"damage_healed":0.0,"max_hp_gain":0.0,"max_hp_loss":0.0,"gold_gain":75.0,"event_name":"World of Goop","player_choice":"Gather Gold","floor":4.0,"gold_loss":0.0,"damage_taken":11.0},{"damage_healed":0.0,"max_hp_gain":0.0,"max_hp_loss":0.0,"gold_gain":0.0,"event_name":"Drug Dealer","player_choice":"Inject Mutagens","floor":24.0,"gold_loss":0.0,"damage_taken":0.0,"relics_obtained":["MutagenicStrength"]},{"damage_healed":0.0,"max_hp_gain":0.0,"max_hp_loss":0.0,"gold_gain":0.0,"event_name":"Addict","player_choice":"Obtained Relic","floor":28.0,"gold_loss":85.0,"damage_taken":0.0,"relics_obtained":["Durian"]},{"cards_removed":["Death_Coil"],"damage_healed":5.0,"max_hp_gain":0.0,"max_hp_loss":0.0,"gold_gain":0.0,"event_name":"Bonfire Elementals","player_choice":"Offered Common","floor":36.0,"gold_loss":0.0,"damage_taken":0.0},{"cards_removed":["Death_Coil"],"damage_healed":5.0,"max_hp_gain":0.0,"max_hp_loss":0.0,"gold_gain":0.0,"event_name":"Bonfire Elementals","player_choice":"Offered Special","floor":36.0,"gold_loss":0.0,"damage_taken":0.0},{"damage_healed":0,"gold_gain":0,"player_choice":"Embrace Madness","damage_taken":10,"max_hp_gain":0,"max_hp_loss":0,"event_name":"Winding Halls","floor":47,"gold_loss":0,"cards_obtained":["Madness","Madness"]},{"damage_healed":0,"gold_gain":0,"player_choice":"Ignored","damage_taken":0,"max_hp_gain":0,"max_hp_loss":0,"event_name":"OrinTheCat","floor":48,"gold_loss":0}],"is_beta":false,"boss_relics":[{"not_picked":["aspiration:RitualDagger","Empty Cage"],"picked":"Replay:Bronze Core"},{"not_picked":["hubris:VirtuousBlindfold","Runic Pyramid"],"picked":"hubris:GrandSneckoEye"}],"items_purged_floors":[19,30],"is_endless":false,"potions_floor_spawned":[1,5,7,14,21,23,27,29,35,40,42],"ascension_level":3}}