{"host":"snampf0t8p8psf53","time":1613984008,"event":{"mods":["AchievementEnabler","BaseMod","Bestiary","DeckTracker","Minty Spire (QoL Compilation)","Permanent Neow","SuperFastMode"],"gold_per_floor":[114,125,125,45,120,145,164,164,213,97,108,145,173,195,207,317,329,353,384,411,439,451,84,103,119,119,119,147,175,200,218,218,321,321,334,347,128,178,47,72,98,129,129,129,129,129,162,176,176,274,274,294,294,304,278,55,89,89,105,153,182,202,377,436,359,359,461,461,476,402,402,413,432,462,474,502,527,443,470,470,328,342,342,439,439,455,455,455,405,72,99,35,35,62,62,96,0,0,18,18,119,119,119],"floor_reached":102,"language":"ENG","playtime":4003,"items_purged":["Eruption","Doubt","Tantrum+1","Vigilance","Defend_P","Defend_P","Defend_P"],"score":3077,"play_id":"14d0b3f4-9c82-4b20-a3bb-c3deb3a751d8","local_time":"20210222005328","daily_mods":["Vintage","Heirloom","Time Dilation","Flight"],"is_ascension_mode":false,"campfire_choices":[{"floor":8,"key":"REST"},{"data":"Nirvana","floor":15,"key":"SMITH"},{"data":"Wireheading","floor":27,"key":"SMITH"},{"data":"CutThroughFate","floor":32,"key":"SMITH"},{"data":"Wireheading","floor":44,"key":"SMITH"},{"data":"Bandage Up","floor":45,"key":"SMITH"},{"data":"CutThroughFate","floor":49,"key":"SMITH"},{"data":"Mayhem","floor":58,"key":"SMITH"},{"data":"ThirdEye","floor":66,"key":"SMITH"},{"data":"Wireheading","floor":80,"key":"SMITH"},{"data":"Mayhem","floor":83,"key":"SMITH"},{"data":"Panache","floor":93,"key":"SMITH"},{"floor":95,"key":"DIG"},{"floor":100,"key":"DIG"}],"circlet_count":0,"master_deck":["Strike_P","Strike_P","Strike_P","Strike_P","Defend_P+1","EmptyFist+1","Nirvana+1","CutThroughFate+1","Wireheading+1","JustLucky+1","CutThroughFate+1","JustLucky","JustLucky+1","Wireheading+1","ThirdEye","Mayhem+1","ThirdEye","ThirdEye+1","CutThroughFate+1","CutThroughFate+1","Alpha+1","ThirdEye","Weave+1","CutThroughFate+1","CutThroughFate+1","Wireheading+1","JustLucky+1","Mayhem+1","Weave+1","Panache+1","Weave+1","CutThroughFate+1","Wireheading+1","Madness","Madness"],"relics":["HolyWater","Torii","Toy Ornithopter","Mercury Hourglass","Mummified Hand","GoldenEye","Whetstone","MawBank","Anchor","Bag of Marbles","TeardropLocket","SacredBark","Art of War","Question Card","Lizard Tail","Akabeko","Unceasing Top","Smiling Mask","Letter Opener","Eternal Feather","Bag of Preparation","Juzu Bracelet","Ornamental Fan","Boot","Happy Flower","Turnip","Membership Card","Calipers","Kunai","Vajra","Potion Belt","Dream Catcher","Bottled Tornado","Shuriken","Darkstone Periapt","Sozu","Regal Pillow","Molten Egg 2","Orichalcum","Lantern","Nunchaku","Bottled Lightning","Matryoshka","SlaversCollar","Pear","Bird Faced Urn","Pen Nib","War Paint","MealTicket","Runic Dome","Blood Vial","Shovel","CeramicFish","Red Mask","Peace Pipe","Coffee Dripper"],"acts_visited":["Exordium","TheCity","TheBeyond","Exordium","TheCity","TheBeyond","Exordium"],"potions_floor_usage":[16,28,33,33,40,41,50,50,50,50],"damage_taken":[{"damage":1,"enemies":"2 Louse","floor":1,"turns":2},{"damage":6,"enemies":"Small Slimes","floor":2,"turns":3},{"damage":26,"enemies":"Gremlin Nob","floor":6,"turns":3},{"damage":1,"enemies":"Jaw Worm","floor":7,"turns":2},{"damage":0,"enemies":"Blue Slaver","floor":11,"turns":2},{"damage":9,"enemies":"Lagavulin","floor":12,"turns":4},{"damage":0,"enemies":"Looter","floor":13,"turns":1},{"damage":0,"enemies":"Lots of Slimes","floor":14,"turns":2},{"damage":35,"enemies":"The Guardian","floor":16,"turns":8},{"damage":0,"enemies":"Chosen","floor":18,"turns":1},{"damage":0,"enemies":"2 Thieves","floor":19,"turns":1},{"damage":6,"enemies":"Shelled Parasite and Fungi","floor":20,"turns":4},{"damage":2,"enemies":"Snecko","floor":21,"turns":4},{"damage":0,"enemies":"Snake Plant","floor":24,"turns":1},{"damage":0,"enemies":"Centurion and Healer","floor":25,"turns":3},{"damage":16,"enemies":"Slavers","floor":28,"turns":3},{"damage":7,"enemies":"Book of Stabbing","floor":29,"turns":3},{"damage":0,"enemies":"Gremlin Leader","floor":30,"turns":1},{"damage":0,"enemies":"Cultist and Chosen","floor":31,"turns":3},{"damage":9,"enemies":"Automaton","floor":33,"turns":6},{"damage":0,"enemies":"3 Darklings","floor":35,"turns":1},{"damage":0,"enemies":"3 Shapes","floor":36,"turns":1},{"damage":0,"enemies":"Mind Bloom Boss Battle","floor":38,"turns":2},{"damage":0,"enemies":"Reptomancer","floor":40,"turns":2},{"damage":0,"enemies":"Giant Head","floor":41,"turns":6},{"damage":0,"enemies":"Reptomancer","floor":42,"turns":2},{"damage":0,"enemies":"Nemesis","floor":47,"turns":1},{"damage":0,"enemies":"Spire Growth","floor":48,"turns":1},{"damage":16,"enemies":"Awakened One","floor":50,"turns":5},{"damage":0,"enemies":"Cultist","floor":52,"turns":1},{"damage":0,"enemies":"Small Slimes","floor":54,"turns":1},{"damage":0,"enemies":"3 Sentries","floor":57,"turns":2},{"damage":0,"enemies":"2 Louse","floor":59,"turns":1},{"damage":0,"enemies":"Gremlin Nob","floor":61,"turns":1},{"damage":0,"enemies":"Exordium Thugs","floor":62,"turns":1},{"damage":0,"enemies":"Gremlin Nob","floor":64,"turns":1},{"damage":0,"enemies":"Hexaghost","floor":67,"turns":1},{"damage":9,"enemies":"2 Thieves","floor":69,"turns":2},{"damage":0,"enemies":"Spheric Guardian","floor":72,"turns":2},{"damage":0,"enemies":"Shelled Parasite and Fungi","floor":73,"turns":1},{"damage":0,"enemies":"Gremlin Leader","floor":74,"turns":1},{"damage":0,"enemies":"Centurion and Healer","floor":75,"turns":2},{"damage":0,"enemies":"Slavers","floor":76,"turns":2},{"damage":0,"enemies":"Book of Stabbing","floor":77,"turns":1},{"damage":33,"enemies":"Slavers","floor":79,"turns":2},{"damage":0,"enemies":"Snecko","floor":82,"turns":2},{"damage":0,"enemies":"Champ","floor":84,"turns":2},{"damage":0,"enemies":"Orb Walker","floor":86,"turns":1},{"damage":0,"enemies":"Giant Head","floor":91,"turns":2},{"damage":0,"enemies":"Reptomancer","floor":94,"turns":1},{"damage":0,"enemies":"Nemesis","floor":96,"turns":1},{"damage":81,"enemies":"Time Eater","floor":101,"turns":4}],"seed_played":"8047144342299802046","potions_obtained":[{"floor":1,"key":"BottledMiracle"},{"floor":6,"key":"Ancient Potion"},{"floor":12,"key":"Swift Potion"},{"floor":16,"key":"LiquidBronze"},{"floor":21,"key":"DistilledChaos"},{"floor":25,"key":"LiquidMemories"},{"floor":28,"key":"Explosive Potion"},{"floor":38,"key":"Block Potion"},{"floor":41,"key":"Swift Potion"},{"floor":42,"key":"DistilledChaos"},{"floor":47,"key":"Regen Potion"},{"floor":48,"key":"FearPotion"}],"is_trial":true,"path_per_floor":["M","M","?","$","?","E","M","R","T","$","M","E","M","M","R","B",null,"M","M","M","M","$","$","M","M","T","R","E","E","E","M","R","B",null,"M","M","$","?","$","E","E","E","T","R","R","$","E","M","R","B",null,"M","?","M","$","$","E","R","M","T","E","M","?","?","$","R","B",null,"M","$","?","M","M","E","M","E","E","$","E","R","$","M","R","B",null,"M","?","?","$","$","E","$","R","E","R","E","?","?","?","R","B",null],"character_chosen":"WATCHER","items_purchased":["Tantrum","Nirvana","CutThroughFate","Wireheading","Unceasing Top","Membership Card","JustLucky","Bandage Up","Kunai","ThirdEye","Mayhem","Orichalcum","CutThroughFate+1","ThirdEye","Wireheading","Mayhem","Weave+1","Panache","Shovel","Weave+1","CutThroughFate+1"],"campfire_rested":1,"item_purchase_floors":[4,10,10,23,23,37,37,37,39,55,56,56,65,70,78,81,90,90,90,92,92],"current_hp_per_floor":[71,65,65,65,54,28,27,48,48,48,48,39,39,39,39,9,72,72,72,66,64,64,64,64,64,64,72,56,49,49,49,58,59,72,72,72,72,72,72,72,72,72,72,72,72,72,72,72,72,72,72,72,72,72,72,72,72,72,72,72,72,72,78,78,78,78,78,78,79,79,79,79,85,88,88,88,88,88,65,83,83,88,88,88,88,88,88,88,88,88,88,88,88,88,88,88,88,88,77,88,16,88,88],"gold":119,"neow_bonus":"","is_daily":false,"chose_seed":false,"campfire_upgraded":11,"win_rate":0.0,"timestamp":1613984008,"path_taken":["M","M","?","$","?","E","M","R","T","$","M","E","M","M","R","BOSS","M","M","M","M","$","$","M","M","T","R","E","E","E","M","R","BOSS","M","M","$","?","$","E","E","E","T","R","R","$","E","M","R","BOSS","M","?","M","$","$","E","R","M","T","E","M","?","?","$","R","BOSS","M","$","?","M","M","E","M","E","E","$","E","R","$","M","R","BOSS","M","?","?","$","$","E","$","R","E","R","E","?","?","?","R","BOSS"],"items_purchased_type":["Card","Card","Card","Card","Relic","Relic","Card","Card","Relic","Card","Card","Relic","Card","Card","Card","Card","Card","Card","Relic","Card","Card"],"build_version":"2020-12-22","purchased_purges":7,"victory":false,"max_hp_per_floor":[72,72,72,72,72,72,72,72,72,72,72,72,72,72,72,72,72,72,72,72,72,72,72,72,72,72,72,72,72,72,72,72,72,72,72,72,72,72,72,72,72,72,72,72,72,72,72,72,72,72,72,72,72,72,72,72,72,72,72,72,72,72,78,78,78,78,78,78,88,88,88,88,88,88,88,88,88,88,88,88,88,88,88,88,88,88,88,88,88,88,88,88,88,88,88,88,88,88,88,88,88,88,88],"card_choices":[{"not_picked":["CrushJoints","FlyingSleeves"],"picked":"EmptyFist","floor":6},{"not_picked":["Evaluate","WreathOfFlame","CarveReality"],"picked":"SKIP","floor":12},{"not_picked":["FlyingSleeves","PathToVictory","Crescendo"],"picked":"JustLucky","floor":28},{"not_picked":["FlurryOfBlows","Omniscience","CrushJoints+1"],"picked":"CutThroughFate","floor":29},{"not_picked":["LikeWater","WaveOfTheHand","FlurryOfBlows"],"picked":"JustLucky","floor":30},{"not_picked":["Evaluate","CrushJoints+1","PathToVictory","Halt"],"picked":"SKIP","floor":40},{"not_picked":["PathToVictory","JustLucky+1","Crescendo"],"picked":"Wireheading","floor":41},{"not_picked":["BattleHymn+1","EmptyFist","Halt","SashWhip+1"],"picked":"SKIP","floor":42},{"not_picked":["Evaluate","EmptyFist","Perseverance","InnerPeace"],"picked":"SKIP","floor":47},{"not_picked":["FearNoEvil+1","Halt","DeceiveReality"],"picked":"ThirdEye","floor":57},{"not_picked":["Wish","WheelKick+1","PathToVictory"],"picked":"ThirdEye","floor":61},{"not_picked":["CrushJoints+1","JustLucky+1","Halt"],"picked":"CutThroughFate+1","floor":64},{"not_picked":["MasterReality","Establishment","Vault"],"picked":"Alpha","floor":67},{"not_picked":["Consecrate+1","ThirdEye","EmptyBody"],"picked":"CutThroughFate+1","floor":74},{"not_picked":["Perseverance","Halt","Crescendo"],"picked":"CutThroughFate+1","floor":76},{"not_picked":["EmptyFist+1","LikeWater","SandsOfTime+1","Establishment"],"picked":"SKIP","floor":77},{"not_picked":["TalkToTheHand+1","Adaptation+1","WaveOfTheHand"],"picked":"JustLucky+1","floor":79},{"not_picked":["Crescendo+1","SignatureMove+1","Tantrum+1","Halt+1"],"picked":"SKIP","floor":91},{"not_picked":["CrushJoints+1","ClearTheMind+1","FlyingSleeves+1"],"picked":"Wireheading+1","floor":94},{"not_picked":["Worship","Halt","EmptyFist+1","FlyingSleeves+1"],"picked":"SKIP","floor":96}],"player_experience":166758,"relics_obtained":[{"floor":1,"key":"Toy Ornithopter"},{"floor":2,"key":"Mercury Hourglass"},{"floor":6,"key":"Mummified Hand"},{"floor":7,"key":"GoldenEye"},{"floor":9,"key":"Whetstone"},{"floor":11,"key":"MawBank"},{"floor":12,"key":"Anchor"},{"floor":13,"key":"Bag of Marbles"},{"floor":14,"key":"TeardropLocket"},{"floor":18,"key":"Art of War"},{"floor":19,"key":"Question Card"},{"floor":20,"key":"Lizard Tail"},{"floor":21,"key":"Akabeko"},{"floor":24,"key":"Smiling Mask"},{"floor":25,"key":"Letter Opener"},{"floor":26,"key":"Eternal Feather"},{"floor":28,"key":"Bag of Preparation"},{"floor":29,"key":"Juzu Bracelet"},{"floor":30,"key":"Ornamental Fan"},{"floor":31,"key":"Boot"},{"floor":35,"key":"Happy Flower"},{"floor":36,"key":"Turnip"},{"floor":38,"key":"Calipers"},{"floor":40,"key":"Vajra"},{"floor":41,"key":"Potion Belt"},{"floor":42,"key":"Dream Catcher"},{"floor":43,"key":"Bottled Tornado"},{"floor":47,"key":"Shuriken"},{"floor":48,"key":"Darkstone Periapt"},{"floor":52,"key":"Regal Pillow"},{"floor":54,"key":"Molten Egg 2"},{"floor":59,"key":"Lantern"},{"floor":60,"key":"Nunchaku"},{"floor":62,"key":"Bottled Lightning"},{"floor":64,"key":"Matryoshka"},{"floor":69,"key":"Pear"},{"floor":72,"key":"Bird Faced Urn"},{"floor":73,"key":"Pen Nib"},{"floor":75,"key":"War Paint"},{"floor":82,"key":"MealTicket"},{"floor":86,"key":"Blood Vial"},{"floor":95,"key":"CeramicFish"},{"floor":100,"key":"Peace Pipe"}],"event_choices":[{"damage_healed":0,"gold_gain":0,"player_choice":"Ignored","damage_taken":0,"max_hp_gain":0,"max_hp_loss":0,"event_name":"Golden Wing","floor":3,"gold_loss":0},{"damage_healed":0,"gold_gain":75,"player_choice":"Gather Gold","damage_taken":11,"max_hp_gain":0,"max_hp_loss":0,"event_name":"World of Goop","floor":5,"gold_loss":0},{"damage_healed":0,"gold_gain":0,"player_choice":"Fight","damage_taken":0,"max_hp_gain":0,"max_hp_loss":0,"event_name":"MindBloom","floor":38,"gold_loss":0},{"damage_healed":0,"gold_gain":0,"player_choice":"Leave","damage_taken":0,"max_hp_gain":0,"max_hp_loss":0,"event_name":"The Cleric","floor":53,"gold_loss":0},{"damage_healed":0,"gold_gain":175,"player_choice":"AGREE","damage_taken":0,"max_hp_gain":0,"max_hp_loss":0,"event_name":"Liars Game","floor":63,"gold_loss":0,"cards_obtained":["Doubt"]},{"damage_healed":0,"gold_gain":30,"player_choice":"Searched \u00272\u0027 times","damage_taken":0,"max_hp_gain":0,"max_hp_loss":0,"event_name":"Dead Adventurer","floor":64,"gold_loss":0},{"damage_healed":0,"gold_gain":0,"player_choice":"Read","damage_taken":0,"max_hp_gain":0,"max_hp_loss":0,"event_name":"The Library","floor":71,"gold_loss":0,"cards_obtained":["Weave"]},{"cards_removed":["Bandage Up"],"damage_healed":0,"gold_gain":0,"player_choice":"Removed Skill","damage_taken":0,"max_hp_gain":0,"max_hp_loss":0,"event_name":"Falling","floor":87,"gold_loss":0},{"damage_healed":0,"gold_gain":0,"player_choice":"Upgraded","damage_taken":0,"max_hp_gain":0,"max_hp_loss":0,"event_name":"Upgrade Shrine","floor":88,"gold_loss":0,"cards_upgraded":["JustLucky"]},{"damage_healed":0,"gold_gain":0,"player_choice":"Paid","damage_taken":0,"relics_obtained":["Red Mask"],"max_hp_gain":0,"max_hp_loss":0,"event_name":"Tomb of Lord Red Mask","floor":97,"gold_loss":96},{"damage_healed":0,"gold_gain":0,"player_choice":"Forge","damage_taken":0,"max_hp_gain":0,"max_hp_loss":0,"event_name":"Accursed Blacksmith","floor":98,"gold_loss":0,"cards_upgraded":["JustLucky"]},{"damage_healed":0,"gold_gain":0,"player_choice":"Embrace Madness","damage_taken":11,"max_hp_gain":0,"max_hp_loss":0,"event_name":"Winding Halls","floor":99,"gold_loss":0,"cards_obtained":["Madness","Madness"]}],"is_beta":false,"boss_relics":[{"not_picked":["Astrolabe","Runic Pyramid"],"picked":"SacredBark"},{"not_picked":["Runic Dome","Pandora\u0027s Box"],"picked":"HolyWater"},{"not_picked":["Cursed Key","Calling Bell"],"picked":"Sozu"},{"not_picked":["Calling Bell","Cursed Key"],"picked":"SlaversCollar"},{"not_picked":["Astrolabe","Tiny House"],"picked":"Runic Dome"},{"not_picked":["Runic Pyramid","VioletLotus"],"picked":"Coffee Dripper"}],"items_purged_floors":[56,65,70,78,81,89,90],"is_endless":true,"potions_floor_spawned":[1,6,12,13,16,21,24,25,28,29,30,38,41,42,47,48,54,61,64,67,74,75,76,77,84,86,96],"ascension_level":0}}