{"host":"dlqyscxstsnu98l1","time":1613973301,"event":{"mods":["AchievementEnabler","BaseMod","Colored Map","Colored Powertips","GifTheSpireLib","Highlight Path","Minty Spire (QoL Compilation)","Random Character Button","SacredBarkPlus","StSLib","everything is the same but u backflip on backflip"],"gold_per_floor":[219,231,250,325,337,337,366,382,382,382,382],"floor_reached":10,"language":"ENG","playtime":360,"items_purged":[],"score":91,"play_id":"2a59eab3-f3ac-462a-ab5e-4abeaac1bfd4","local_time":"20210221235501","is_ascension_mode":true,"campfire_choices":[{"floor":6,"key":"REST"}],"circlet_count":0,"master_deck":["Strike_P","Strike_P","Strike_P","Strike_P+1","Defend_P","Defend_P","Defend_P","Defend_P+1","Eruption","Vigilance","PathToVictory","Tantrum","LessonLearned","Consecrate","ClearTheMind","Ragnarok"],"relics":["PureWater","Bottled Flame","White Beast Statue"],"acts_visited":["Exordium"],"potions_floor_usage":[5,10,10],"damage_taken":[{"damage":0,"enemies":"Cultist","floor":1,"turns":3},{"damage":0,"enemies":"Small Slimes","floor":2,"turns":3},{"damage":1,"enemies":"2 Louse","floor":3,"turns":2},{"damage":23,"enemies":"Lots of Slimes","floor":5,"turns":5},{"damage":34,"enemies":"Lagavulin","floor":7,"turns":5},{"damage":1,"enemies":"Blue Slaver","floor":8,"turns":2},{"damage":16,"enemies":"3 Sentries","floor":10,"turns":1}],"seed_played":"-4274429789872038160","potions_obtained":[{"floor":1,"key":"ColorlessPotion"},{"floor":5,"key":"Dexterity Potion"},{"floor":7,"key":"LiquidMemories"},{"floor":8,"key":"EssenceOfSteel"}],"is_trial":false,"path_per_floor":["M","M","M","?","M","R","E","M","T","E"],"character_chosen":"WATCHER","items_purchased":[],"campfire_rested":1,"item_purchase_floors":[],"current_hp_per_floor":[65,65,64,53,30,51,17,16,16,0,0],"gold":382,"neow_bonus":"HUNDRED_GOLD","is_daily":false,"chose_seed":false,"campfire_upgraded":0,"win_rate":0.0,"timestamp":1613973301,"path_taken":["M","M","M","?","M","R","E","M","T","E"],"items_purchased_type":[],"build_version":"2020-12-22","purchased_purges":0,"victory":false,"max_hp_per_floor":[72,72,72,72,72,72,72,72,72,72,72],"card_choices":[{"not_picked":["LikeWater","BowlingBash"],"picked":"PathToVictory","floor":1},{"not_picked":["Consecrate","DeceiveReality"],"picked":"Tantrum","floor":2},{"not_picked":["BowlingBash","CrushJoints"],"picked":"LessonLearned","floor":3},{"not_picked":["CrushJoints","JustLucky"],"picked":"Consecrate","floor":5},{"not_picked":["Consecrate","SignatureMove"],"picked":"ClearTheMind","floor":7},{"not_picked":["BattleHymn","LikeWater"],"picked":"Ragnarok","floor":8}],"player_experience":265041,"relics_obtained":[{"floor":7,"key":"Bottled Flame"},{"floor":9,"key":"White Beast Statue"}],"event_choices":[{"damage_healed":0,"gold_gain":75,"player_choice":"Gather Gold","damage_taken":11,"max_hp_gain":0,"max_hp_loss":0,"event_name":"World of Goop","floor":4,"gold_loss":0}],"is_beta":false,"boss_relics":[],"items_purged_floors":[],"is_endless":false,"potions_floor_spawned":[1,5,7,8],"killed_by":"3 Sentries","ascension_level":6}}