{"host":"dn6kke80v5f7isus","time":1613967438,"event":{"mods":["AchievementEnabler","Act Like it!","Bard","BaseMod","Colored Powertips","Custom Start","Defuse TimeMaze Blight","Energized Spire","Gremlin Skip","Highlight Path","Hubris","Infinite Spire","Marisa????????","Marked Mod","Minty Spire (QoL Compilation)","Quick Restart","Rare Cards Sparkle","Reliquary","Replay The Spire","StSLib","The Administrix","The Servant 0.9.4","Uncapped","Unceasing Turn Reminder"],"gold_per_floor":[117,117,134,134,59,90,90,125,125,125,125,136,151,68,68,164,164,164,164],"floor_reached":18,"language":"ENG","playtime":708,"items_purged":["AdministrixMod:Strike_Administrix"],"score":193,"play_id":"12ee96f3-b241-4503-9f75-469c7945fce4","local_time":"20210221231718","is_ascension_mode":false,"campfire_choices":[{"data":"AdministrixMod:TenDesires","floor":7,"key":"SMITH"},{"data":"AdministrixMod:Convergence","floor":11,"key":"SMITH"},{"floor":15,"key":"REST"}],"circlet_count":0,"master_deck":["AdministrixMod:Strike_Administrix","AdministrixMod:Strike_Administrix","AdministrixMod:Strike_Administrix","AdministrixMod:RedCloak","AdministrixMod:Defend_Administrix","AdministrixMod:Defend_Administrix","AdministrixMod:Defend_Administrix","AdministrixMod:Defend_Administrix","AdministrixMod:BlueCloak","AdministrixMod:SipOfSparks","AdministrixMod:Convergence+1","AdministrixMod:TenDesires+1","AdministrixMod:RisingSunPrince","AdministrixMod:TrickOfTheLight","AdministrixMod:HaveItAll"],"relics":["AdministrixMod:ConductorRitualBaton","NeowsBlessing","Shovel","MealTicket","Regal Pillow","hubris:Towel","reliquary:WritOfMandamus"],"acts_visited":["Exordium","TheCity"],"potions_floor_usage":[12],"damage_taken":[{"damage":0,"enemies":"2 Louse","floor":1,"turns":1},{"damage":0,"enemies":"Small Slimes","floor":3,"turns":1},{"damage":0,"enemies":"3 Sentries","floor":6,"turns":1},{"damage":25,"enemies":"Gremlin Nob","floor":8,"turns":5},{"damage":9,"enemies":"Jaw Worm","floor":12,"turns":4},{"damage":3,"enemies":"Red Slaver","floor":13,"turns":3},{"damage":30,"enemies":"Slime Boss","floor":16,"turns":15},{"damage":0,"enemies":"2 Thieves","floor":18,"turns":1}],"seed_played":"186473763369679553","potions_obtained":[{"floor":8,"key":"Languid Potion"}],"is_trial":false,"path_per_floor":["M","?","M","?","$","E","R","E","T","?","R","M","M","$","R","B",null,"M"],"character_chosen":"TheAdministrix","items_purchased":["AdministrixMod:RisingSunPrince","AdministrixMod:TrickOfTheLight"],"campfire_rested":1,"item_purchase_floors":[14,14],"current_hp_per_floor":[65,65,65,65,65,65,65,40,40,40,40,31,28,43,65,35,65,65,65],"gold":164,"neow_bonus":"THREE_ENEMY_KILL","is_daily":false,"chose_seed":false,"campfire_upgraded":2,"win_rate":0.0,"timestamp":1613967438,"path_taken":["M","?","M","?","$","E","R","E","T","?","R","?","M","?","R","BOSS","M"],"items_purchased_type":["Card","Card"],"build_version":"2020-12-22","purchased_purges":1,"victory":false,"max_hp_per_floor":[65,65,65,65,65,65,65,65,65,65,65,65,65,65,65,65,65,65,65],"card_choices":[{"not_picked":["AdministrixMod:NoblePath","AdministrixMod:CenturiesAscent"],"picked":"AdministrixMod:SipOfSparks","floor":1},{"not_picked":["AdministrixMod:CastOffRegrets","AdministrixMod:JustRewards"],"picked":"AdministrixMod:Convergence","floor":3},{"not_picked":["AdministrixMod:LightOfYourLife","AdministrixMod:FuneraryRites"],"picked":"AdministrixMod:TenDesires","floor":6},{"not_picked":["AdministrixMod:BegetEternity","AdministrixMod:QuietConspiracy","AdministrixMod:Wuji"],"picked":"SKIP","floor":8},{"not_picked":["AdministrixMod:RebukeDesires","AdministrixMod:FiendishCrimson","AdministrixMod:SealAway"],"picked":"SKIP","floor":12},{"not_picked":["AdministrixMod:Transcension","AdministrixMod:DiversionaryTactic","AdministrixMod:TouchOfCinnabar"],"picked":"SKIP","floor":13},{"not_picked":["AdministrixMod:FearOfDeath","AdministrixMod:HopeInTheDark"],"picked":"AdministrixMod:HaveItAll","floor":16}],"player_experience":484862,"relics_obtained":[{"floor":4,"key":"Shovel"},{"floor":6,"key":"MealTicket"},{"floor":8,"key":"Regal Pillow"}],"event_choices":[],"is_beta":false,"boss_relics":[{"not_picked":["Runic Pyramid","reliquary:Ember"],"picked":"reliquary:WritOfMandamus"}],"items_purged_floors":[5],"is_endless":false,"potions_floor_spawned":[8],"killed_by":"2 Thieves","ascension_level":0}}