{"host":"yy1cu9q9bsxhflzi","time":1613993192,"event":{"mods":["BaseMod","DeckTracker","Minty Spire (QoL Compilation)","Quick Restart","StSLib","SuperFastMode","everything is the same but u backflip on backflip"],"gold_per_floor":[114,133,145,145,163,196,214,239,239,66,66,79,105,140,140,218,218,230,244,244,257,257,292,292,327,327,130,169,184,184,203,203,286,286,300,329,348,369,369,408,418,418,418,418,418,418],"floor_reached":45,"language":"KOR","playtime":1018,"items_purged":["Strike_G"],"score":1254,"play_id":"d4be4ea0-9411-4198-9cde-f5a929a26ed9","local_time":"20210222202632","is_ascension_mode":true,"campfire_choices":[{"data":"Calculated Gamble","floor":11,"key":"SMITH"},{"data":"After Image","floor":15,"key":"SMITH"},{"floor":24,"key":"REST"},{"data":"Neutralize","floor":30,"key":"SMITH"},{"data":"Burst","floor":32,"key":"SMITH"},{"data":"Reflex","floor":42,"key":"SMITH"},{"floor":44,"key":"RECALL"}],"circlet_count":0,"master_deck":["AscendersBane","Strike_G","Strike_G","Defend_G","Defend_G","Defend_G","Defend_G","Defend_G","Survivor","Neutralize+1","After Image+1","Juggernaut+1","Acrobatics","Calculated Gamble+1","Deflect","Masterful Stab","Corpse Explosion","Backflip","A Thousand Cuts+1","Reflex+1","Burst+1","Deflect+1","Blur","After Image","Acrobatics","Escape Plan","Backflip+1"],"relics":["Ring of the Snake","Mummified Hand","Boot","Question Card","Bottled Lightning","Bag of Preparation","Odd Mushroom","The Courier","Sozu","Nilry\u0027s Codex","CeramicFish","Unceasing Top","Tough Bandages","TwistedFunnel","Akabeko","Empty Cage","TungstenRod","Bottled Tornado"],"acts_visited":["Exordium","TheCity","TheBeyond"],"potions_floor_usage":[37],"damage_taken":[{"damage":0,"enemies":"Cultist","floor":1,"turns":3},{"damage":0,"enemies":"Jaw Worm","floor":2,"turns":3},{"damage":4,"enemies":"Small Slimes","floor":3,"turns":3},{"damage":6,"enemies":"Blue Slaver","floor":5,"turns":2},{"damage":24,"enemies":"3 Sentries","floor":6,"turns":5},{"damage":0,"enemies":"Red Slaver","floor":7,"turns":3},{"damage":5,"enemies":"Lagavulin","floor":8,"turns":5},{"damage":0,"enemies":"Exordium Wildlife","floor":12,"turns":1},{"damage":5,"enemies":"The Mushroom Lair","floor":13,"turns":2},{"damage":7,"enemies":"Gremlin Nob","floor":14,"turns":3},{"damage":0,"enemies":"Hexaghost","floor":16,"turns":5},{"damage":0,"enemies":"Shell Parasite","floor":18,"turns":2},{"damage":0,"enemies":"3 Byrds","floor":19,"turns":3},{"damage":0,"enemies":"Sentry and Sphere","floor":21,"turns":3},{"damage":23,"enemies":"Slavers","floor":23,"turns":4},{"damage":24,"enemies":"Gremlin Leader","floor":25,"turns":5},{"damage":7,"enemies":"Book of Stabbing","floor":28,"turns":3},{"damage":0,"enemies":"Shelled Parasite and Fungi","floor":29,"turns":2},{"damage":0,"enemies":"Centurion and Healer","floor":31,"turns":3},{"damage":0,"enemies":"Collector","floor":33,"turns":5},{"damage":0,"enemies":"3 Darklings","floor":35,"turns":2},{"damage":0,"enemies":"Orb Walker","floor":36,"turns":2},{"damage":0,"enemies":"Sphere and 2 Shapes","floor":37,"turns":4},{"damage":0,"enemies":"Writhing Mass","floor":38,"turns":2},{"damage":30,"enemies":"Reptomancer","floor":40,"turns":4},{"damage":0,"enemies":"3 Darklings","floor":41,"turns":2},{"damage":26,"enemies":"Nemesis","floor":45,"turns":3}],"seed_played":"1749537877535023097","potions_obtained":[{"floor":2,"key":"LiquidMemories"},{"floor":5,"key":"FairyPotion"}],"is_trial":true,"path_per_floor":["M","M","M","?","M","E","M","E","T","$","R","M","?","E","R","B",null,"M","M","?","M","?","E","R","E","T","$","E","M","R","M","R","B",null,"M","M","M","M","T","E","M","R","T","R","E"],"character_chosen":"THE_SILENT","items_purchased":["Bag of Preparation","TwistedFunnel"],"campfire_rested":1,"item_purchase_floors":[10,27],"current_hp_per_floor":[59,59,55,55,49,25,25,20,20,20,20,20,15,8,8,8,52,52,52,31,31,31,8,27,3,3,3,19,19,19,19,19,19,54,54,54,54,54,54,24,24,24,24,24,0,0],"gold":418,"neow_bonus":"","is_daily":false,"chose_seed":false,"campfire_upgraded":5,"win_rate":0.0,"timestamp":1613993192,"path_taken":["M","M","?","?","?","E","M","E","T","$","R","M","?","E","R","BOSS","M","M","?","M","?","E","R","E","T","$","E","M","R","M","R","BOSS","M","M","M","M","?","E","M","R","T","R","E"],"items_purchased_type":["Relic","Relic"],"build_version":"2020-12-22","purchased_purges":1,"victory":false,"max_hp_per_floor":[66,66,66,66,66,66,66,66,66,66,66,66,66,66,66,66,66,66,66,66,66,66,66,66,66,66,66,66,66,66,66,66,66,66,66,66,66,66,66,66,66,66,66,66,66,66],"card_choices":[{"not_picked":["Quick Slash","Setup"],"picked":"Acrobatics","floor":1},{"not_picked":["Slice","PiercingWail"],"picked":"Calculated Gamble","floor":2},{"not_picked":["Slice","All Out Attack"],"picked":"Deflect","floor":3},{"not_picked":["Dagger Throw","Flechettes","Sucker Punch"],"picked":"SKIP","floor":5},{"not_picked":["Deflect","Terror"],"picked":"Masterful Stab","floor":6},{"not_picked":["Endless Agony","Dash","Dagger Throw"],"picked":"SKIP","floor":7},{"not_picked":["Crippling Poison","Bouncing Flask"],"picked":"Corpse Explosion","floor":8},{"not_picked":["Dagger Spray","Dodge and Roll","Accuracy"],"picked":"Backflip","floor":12},{"not_picked":["All Out Attack","Heel Hook","Expertise","Crippling Poison"],"picked":"SKIP","floor":14},{"not_picked":["Corpse Explosion","Bullet Time","Envenom"],"picked":"A Thousand Cuts","floor":16},{"not_picked":["Deflect","Dagger Spray+1","Deadly Poison"],"picked":"Reflex","floor":18},{"not_picked":["Quick Slash","Backstab","Finisher","Crippling Poison+1"],"picked":"SKIP","floor":19},{"not_picked":["Catalyst","Underhanded Strike","Infinite Blades","Poisoned Stab"],"picked":"SKIP","floor":21},{"not_picked":["Dash","Blade Dance","Accuracy"],"picked":"Burst","floor":23},{"not_picked":["Poisoned Stab","Slice","Blade Dance"],"picked":"Deflect+1","floor":25},{"not_picked":["Deadly Poison+1","Dagger Spray","Blade Dance"],"picked":"Blur","floor":28},{"not_picked":["Sucker Punch","Poisoned Stab","Storm of Steel","Cloak And Dagger"],"picked":"SKIP","floor":29},{"not_picked":["Sucker Punch","Expertise","Bane","Dash"],"picked":"SKIP","floor":31},{"not_picked":["Doppelganger","Envenom","Bullet Time"],"picked":"After Image","floor":33},{"not_picked":["Expertise","Distraction+1","Cloak And Dagger","Predator+1"],"picked":"SKIP","floor":35},{"not_picked":["Backstab","Deflect","PiercingWail"],"picked":"Acrobatics","floor":36},{"not_picked":["Dagger Spray","Quick Slash","Bane+1","Dagger Throw+1"],"picked":"SKIP","floor":37},{"not_picked":["Prepared","Poisoned Stab","Bullet Time"],"picked":"Escape Plan","floor":38},{"not_picked":["Prepared","Heel Hook","Catalyst+1"],"picked":"Backflip+1","floor":40},{"not_picked":["Flying Knee+1","Caltrops","Escape Plan","Catalyst+1"],"picked":"SKIP","floor":41}],"player_experience":3934084,"relics_obtained":[{"floor":6,"key":"Boot"},{"floor":8,"key":"Question Card"},{"floor":9,"key":"Bottled Lightning"},{"floor":13,"key":"Odd Mushroom"},{"floor":14,"key":"The Courier"},{"floor":20,"key":"Nilry\u0027s Codex"},{"floor":23,"key":"CeramicFish"},{"floor":25,"key":"Unceasing Top"},{"floor":26,"key":"Tough Bandages"},{"floor":28,"key":"Akabeko"},{"floor":40,"key":"TungstenRod"},{"floor":43,"key":"Bottled Tornado"}],"event_choices":[{"damage_healed":0,"gold_gain":0,"player_choice":"Forge","damage_taken":0,"max_hp_gain":0,"max_hp_loss":0,"event_name":"Accursed Blacksmith","floor":4,"gold_loss":0,"cards_upgraded":["Juggernaut"]},{"damage_healed":0,"gold_gain":0,"player_choice":"Fought Mushrooms","damage_taken":0,"max_hp_gain":0,"max_hp_loss":0,"event_name":"Mushrooms","floor":13,"gold_loss":0},{"damage_healed":0,"gold_gain":0,"player_choice":"Obtained Book","damage_taken":21,"max_hp_gain":0,"max_hp_loss":0,"event_name":"Cursed Tome","floor":20,"gold_loss":0},{"damage_healed":0,"gold_gain":0,"player_choice":"Upgraded","damage_taken":0,"max_hp_gain":0,"max_hp_loss":0,"event_name":"Upgrade Shrine","floor":22,"gold_loss":0,"cards_upgraded":["A Thousand Cuts"]}],"is_beta":false,"boss_relics":[{"not_picked":["Snecko Eye","Fusion Hammer"],"picked":"Sozu"},{"not_picked":["Busted Crown","WristBlade"],"picked":"Empty Cage"}],"items_purged_floors":[27],"is_endless":false,"potions_floor_spawned":[2,5,8,13,21,23,28,33,36,37,38],"killed_by":"Nemesis","ascension_level":20}}