{"host":"5njoj2zap3ickz2y","time":1613969212,"event":{"mods":["BaseMod","Colored Map","Downfall","Minty Spire (QoL Compilation)","Permanent Neow","Quick Restart","Relic Stats","StSLib","Unceasing Turn Reminder"],"gold_per_floor":[99,116,116,126,138,48,48,48,48,62,62,91,106,123,136,239,239,139,159,176,191,16,16,42,42,62,62,62,62,79,113,125,225,225,225,245,255,150,167,167,467,467,467,485,498,528,538,205,224,224],"floor_reached":51,"language":"ENG","playtime":5543,"items_purged":["Slimebound:Strike_Slimebound","Slimebound:HauntingLick"],"score":730,"play_id":"d3c708b5-41f2-419c-8b52-d49b8dcf3623","local_time":"20210221204652","is_ascension_mode":false,"campfire_choices":[{"floor":1,"key":"RECALL"},{"data":"Slimebound:MassFeed","floor":11,"key":"SMITH"},{"data":"Slimebound:Strike_Slimebound","floor":18,"key":"PURGE"},{"data":"Slimebound:Strike_Slimebound","floor":23,"key":"PURGE"},{"data":"Slimebound:Tackle","floor":27,"key":"PURGE"},{"data":"Slimebound:Defend_Slimebound","floor":29,"key":"PURGE"},{"data":"Slimebound:Defend_Slimebound","floor":35,"key":"PURGE"},{"data":"Slimebound:MassRepurpose","floor":40,"key":"SMITH"},{"data":"Slimebound:Defend_Slimebound","floor":43,"key":"PURGE"}],"circlet_count":0,"master_deck":["Slimebound:Defend_Slimebound","Slimebound:Split+1","Slimebound:CorrosiveSpit","Slimebound:SplitMire","Slimebound:SplitBruiser","Slimebound:MassFeed+1","Slimebound:LeechingTouch","Slimebound:LeadByExample+1","Slimebound:Gluttony","Slimebound:MinionMaster","Slimebound:GrowthPunch","Slimebound:Gluttony","Slimebound:LivingWall","Slimebound:ViciousTackle","Slimebound:PrepareCrush","Slimebound:RainOfGoop+1","Slimebound:LivingWall","Slimebound:MassRepurpose+1","Slimebound:Dissolve","Slimebound:Prepare","Slimebound:SplitAcid","Slimebound:AcidTongue","Slimebound:LivingWall+1","Slimebound:Overexert","Slimebound:SplitMire","Slimebound:Replication+1","Slimebound:Prepare","Slimebound:SlimeSpikes+1"],"relics":["Slimebound:AbsorbEndCombat","Smiling Mask","Peace Pipe","Snecko Eye","downfall:HeartBlessingRed","Ancient Tea Set","Lizard Tail","Coffee Dripper","Old Coin","Lantern"],"acts_visited":["Exordium","TheCity","TheBeyond"],"potions_floor_usage":[13,19,31,36,46,50,50],"damage_taken":[{"damage":3,"enemies":"2 Louse","floor":2,"turns":3},{"damage":3,"enemies":"Small Slimes","floor":4,"turns":3},{"damage":4,"enemies":"Cultist","floor":5,"turns":3},{"damage":5,"enemies":"downfall:FleeingMerchant","floor":6,"turns":4},{"damage":10,"enemies":"downfall:LooterAlt","floor":10,"turns":3},{"damage":19,"enemies":"Gremlin Nob","floor":12,"turns":3},{"damage":8,"enemies":"Lots of Slimes","floor":13,"turns":2},{"damage":4,"enemies":"Blue Slaver","floor":14,"turns":3},{"damage":13,"enemies":"Large Slime","floor":15,"turns":3},{"damage":17,"enemies":"SI_SHIV_ARCHETYPE","floor":16,"turns":10},{"damage":11,"enemies":"Chosen","floor":19,"turns":5},{"damage":19,"enemies":"Shell Parasite","floor":20,"turns":6},{"damage":18,"enemies":"Snake Plant","floor":21,"turns":4},{"damage":15,"enemies":"downfall:FleeingMerchant","floor":22,"turns":4},{"damage":26,"enemies":"3 Cultists","floor":26,"turns":4},{"damage":10,"enemies":"Cultist and Chosen","floor":30,"turns":6},{"damage":28,"enemies":"Gremlin Leader","floor":31,"turns":4},{"damage":0,"enemies":"Snecko","floor":32,"turns":3},{"damage":19,"enemies":"DF_ARCHETYPE_CLAW","floor":33,"turns":8},{"damage":30,"enemies":"3 Shapes","floor":36,"turns":3},{"damage":5,"enemies":"3 Darklings","floor":37,"turns":6},{"damage":0,"enemies":"downfall:FleeingMerchant","floor":38,"turns":4},{"damage":19,"enemies":"Spire Growth","floor":39,"turns":4},{"damage":13,"enemies":"Jaw Worm Horde","floor":44,"turns":4},{"damage":24,"enemies":"Sphere and 2 Shapes","floor":45,"turns":4},{"damage":32,"enemies":"Reptomancer","floor":46,"turns":6},{"damage":25,"enemies":"Maw","floor":47,"turns":5},{"damage":0,"enemies":"Transient","floor":49,"turns":5},{"damage":144,"enemies":"IC_BLOCK_ARCHETYPE","floor":50,"turns":10}],"seed_played":"2642740524084977119","potions_obtained":[{"floor":10,"key":"Explosive Potion"},{"floor":12,"key":"BlessingOfTheForge"},{"floor":13,"key":"Block Potion"},{"floor":19,"key":"SneckoOil"},{"floor":21,"key":"Fire Potion"},{"floor":26,"key":"FairyPotion"},{"floor":33,"key":"SneckoOil"},{"floor":37,"key":"Regen Potion"},{"floor":47,"key":"Weak Potion"}],"is_trial":false,"path_per_floor":["R","M","?","M","M","$","T","?","?","M","R","E","M","M","M","B",null,"R","M","M","M","$","R","T","?","M","R","?","R","M","E","M","B",null,"R","M","M","$","M","R","T","?","R","M","M","E","M","?","M","B",null],"character_chosen":"SLIMEBOUND","items_purchased":["Slimebound:PrepareCrush","Slimebound:AcidTongue"],"campfire_rested":0,"item_purchase_floors":[22,38],"current_hp_per_floor":[65,65,58,57,57,56,56,56,56,50,56,43,37,37,36,27,69,69,60,53,47,38,50,50,50,40,52,52,64,56,36,38,27,85,85,71,78,86,71,83,83,83,83,80,64,55,38,118,118,35],"gold":224,"neow_bonus":"UPGRADE_CARD","is_daily":false,"chose_seed":false,"campfire_upgraded":2,"win_rate":0.0,"timestamp":1613969212,"path_taken":["R","M","?","M","M","$","T","?","?","M","R","E","M","M","M","BOSS","R","M","M","M","$","R","T","?","M","R","?","R","M","E","M","BOSS","R","M","M","$","?","R","T","?","R","M","?","E","M","?","M","BOSS"],"items_purchased_type":["Card","Card"],"build_version":"2020-12-22","purchased_purges":2,"victory":true,"max_hp_per_floor":[65,65,65,65,65,65,65,65,65,65,65,65,65,65,69,69,69,69,69,73,77,77,77,77,77,85,85,85,85,85,85,85,85,85,85,93,97,97,97,97,97,97,97,101,105,105,105,118,118,118],"relic_stats":{"Peace Pipe":6,"Lizard Tail":0,"counters":[29,131],"Snecko Eye":[188,164,163,171],"Smiling Mask":50,"obtain_stats":[{"Peace Pipe":12,"Lizard Tail":31,"Lantern":46,"downfall:HeartBlessingRed":18,"Snecko Eye":17,"Eternal Feather":3,"Slimebound:AbsorbEndCombat":0,"Coffee Dripper":34,"Smiling Mask":7,"Ancient Tea Set":24,"Old Coin":41},{"Peace Pipe":6,"Lizard Tail":17,"Lantern":26,"downfall:HeartBlessingRed":10,"Snecko Eye":10,"Eternal Feather":1,"Slimebound:AbsorbEndCombat":0,"Coffee Dripper":19,"Smiling Mask":4,"Ancient Tea Set":14,"Old Coin":23},{"Peace Pipe":18,"Lizard Tail":69,"Lantern":111,"downfall:HeartBlessingRed":36,"Snecko Eye":36,"Eternal Feather":3,"Slimebound:AbsorbEndCombat":0,"Coffee Dripper":80,"Smiling Mask":12,"Ancient Tea Set":55,"Old Coin":97}]},"card_choices":[{"not_picked":["Slimebound:Prepare","Slimebound:SlimeSpikes"],"picked":"Slimebound:SplitMire","floor":2},{"not_picked":["Slimebound:SplitLeeching","Slimebound:Prepare"],"picked":"Slimebound:HauntingLick","floor":4},{"not_picked":["Slimebound:LeechingTouch","Slimebound:Prepare"],"picked":"Slimebound:SplitBruiser","floor":5},{"not_picked":["Slimebound:DisruptingSlam","Slimebound:PressTheAttack"],"picked":"Slimebound:MassFeed","floor":6},{"not_picked":["Slimebound:GoopSpray","Slimebound:SlimeSpikes"],"picked":"Slimebound:LeechingTouch","floor":10},{"not_picked":["Slimebound:LeechEnergy","Slimebound:ComboTackle","Slimebound:FirmFortitude"],"picked":"SKIP","floor":12},{"not_picked":["Slimebound:DisruptingSlam","Slimebound:FlameTackle"],"picked":"Slimebound:LeadByExample","floor":13},{"not_picked":["Slimebound:RollThrough","Slimebound:Prepare"],"picked":"Slimebound:Gluttony","floor":14},{"not_picked":["Slimebound:RollThrough","Slimebound:LeechEnergy","Slimebound:SplitAcid"],"picked":"SKIP","floor":15},{"not_picked":["Slimebound:FirmFortitude","Slimebound:MassFeed"],"picked":"Slimebound:MinionMaster","floor":16},{"not_picked":["Slimebound:LeechEnergy","Slimebound:SplitLeeching"],"picked":"Slimebound:GrowthPunch","floor":19},{"not_picked":["Slimebound:ItLooksTasty","Slimebound:MegaLick"],"picked":"Slimebound:Gluttony","floor":20},{"not_picked":["Slimebound:SamplingLick+1","Slimebound:SplitBruiser"],"picked":"Slimebound:LivingWall","floor":21},{"not_picked":["Slimebound:ItLooksTasty","Slimebound:GrowthPunch"],"picked":"Slimebound:ViciousTackle","floor":22},{"not_picked":["Slimebound:LeechingTouch","Slimebound:PressTheAttack"],"picked":"Slimebound:RainOfGoop+1","floor":26},{"not_picked":["Slimebound:RejuvenatingLick","Slimebound:HauntingLick+1","Slimebound:Schlurp"],"picked":"SKIP","floor":30},{"not_picked":["Slimebound:MegaLick","Slimebound:SelfFormingGoo","Slimebound:LeechEnergy"],"picked":"SKIP","floor":31},{"not_picked":["Slimebound:ItLooksTasty+1","Slimebound:SlimeSpikes"],"picked":"Slimebound:LivingWall","floor":32},{"not_picked":["Slimebound:SlimeSlap","Slimebound:WasteNot"],"picked":"Slimebound:MassRepurpose","floor":33},{"not_picked":["Slimebound:LeadByExample","Slimebound:HauntingLick"],"picked":"Slimebound:Dissolve","floor":36},{"not_picked":["Slimebound:TongueLash","Slimebound:SplitLeeching+1"],"picked":"Slimebound:Prepare","floor":37},{"not_picked":["Slimebound:RollThrough+1","Slimebound:SlimeBrawl+1"],"picked":"Slimebound:SplitAcid","floor":38},{"not_picked":["Slimebound:SamplingLick+1","Slimebound:PressTheAttack+1"],"picked":"Slimebound:LivingWall+1","floor":39},{"not_picked":["Slimebound:LeechEnergy+1","Slimebound:HauntingLick"],"picked":"Slimebound:SplitMire","floor":44},{"not_picked":["Slimebound:RejuvenatingLick","Slimebound:GoopSpray","Slimebound:FormOfPuddle"],"picked":"SKIP","floor":45},{"not_picked":["Slimebound:LeadByExample+1","Slimebound:TongueLash+1"],"picked":"Slimebound:Replication+1","floor":46},{"not_picked":["Slimebound:ViciousTackle","Slimebound:PressTheAttack+1"],"picked":"Slimebound:Prepare","floor":47},{"not_picked":["Slimebound:LeadByExample","Slimebound:ProtectTheBoss+1"],"picked":"Slimebound:SlimeSpikes+1","floor":49}],"player_experience":1966942,"relics_obtained":[{"floor":7,"key":"Smiling Mask"},{"floor":12,"key":"Peace Pipe"},{"floor":24,"key":"Ancient Tea Set"},{"floor":31,"key":"Lizard Tail"},{"floor":41,"key":"Old Coin"},{"floor":46,"key":"Lantern"}],"event_choices":[{"damage_healed":0,"gold_gain":0,"player_choice":"Success","damage_taken":7,"relics_obtained":["Eternal Feather"],"max_hp_gain":0,"max_hp_loss":0,"event_name":"Scrap Ooze","floor":3,"gold_loss":0},{"damage_healed":0,"gold_gain":0,"player_choice":"Ignored","damage_taken":0,"max_hp_gain":0,"max_hp_loss":0,"event_name":"NoteForYourself","floor":9,"gold_loss":0},{"damage_healed":0,"gold_gain":0,"player_choice":"Ignored","damage_taken":0,"max_hp_gain":0,"max_hp_loss":0,"event_name":"Ghosts","floor":25,"gold_loss":0},{"damage_healed":0,"gold_gain":0,"player_choice":"Forge","damage_taken":0,"max_hp_gain":0,"max_hp_loss":0,"event_name":"Accursed Blacksmith","floor":28,"gold_loss":0,"cards_upgraded":["Slimebound:LeadByExample"]}],"is_beta":false,"boss_relics":[{"not_picked":["bronze:MakeshiftBattery","Tiny House"],"picked":"Snecko Eye"},{"not_picked":["Calling Bell","Velvet Choker"],"picked":"Coffee Dripper"}],"items_purged_floors":[6,38],"is_endless":false,"potions_floor_spawned":[10,12,13,19,21,26,33,37,39,45,47],"ascension_level":0}}