{"host":"z2dev7aeib1ulpz6","time":1613985703,"event":{"mods":["2.2 Compatiblity","Abigail Mod","AchievementEnabler","Act Like it!","AlwaysNeverKeys","Aspiration","BaseMod","Beaked The Cultist","Better Altar","Better Match","Better Note","Better Sensory Stone","Better Skull","Better Third Choice","Better Vampires","BetterRewards","CapriCore","Colored Map","Colored Powertips","Conspire","Downfall","Duelist Mod","Elementarium","Emptier Cage","Fiend Mod","Friendly Minions","FruityMod","Gensokyo","GifTheSpireLib","Googly Eyes","Hallownest","Highlight Path","Hubris","Infinite Spire","Marisa????????","Menagerie","Minty Spire (QoL Compilation)","Random Character Button","Relic Filter","Relic Sorter","Relic Stats","Reliquary","Replay The Spire","Robot Space Explorer","Ruina","Shop Mod","Spicy Shops","Spikes Relics","StS++","StSLib","Stuff the Spire","SuperFastMode","The Animator","The Awakened One except there are too many feathers","The Bug Knight","The IronCluck","The Marked","The Mystic","The Problem Sleuth","The Runesmith","The Servant 0.9.4","Trackpad","Transform Curses","Wandering Minibosses","[JumpMod]????","egg","slay the spire mod where everything is the same but ironclad has a cowboy hat","thorton"],"gold_per_floor":[99,118,133,133,153,182,234,234,246,246,382,82,95,4,22,120,120,45,58,58,3,18,29,29,29,29,52,62,88,107,126,136,234,234,234,249,249,60,60,80,80,98,98,125,199,216,216,116,133,133,133,162,14,14,14,16],"floor_reached":57,"language":"ENG","playtime":3410,"items_purged":["hubris:Gluttony"],"score":1341,"play_id":"747732f6-7e40-48ec-96c0-42f80c71754b","local_time":"20210222092143","is_ascension_mode":false,"campfire_choices":[{"floor":1,"key":"DIG"},{"floor":12,"key":"REST"},{"data":"Hallownest:attackMasterCycloneSlash","floor":26,"key":"SMITH"},{"floor":35,"key":"DIG"},{"data":"expansioncontent:PolyBeam","floor":43,"key":"SMITH"},{"data":"bronze:ThunderWave","floor":54,"key":"SMITH"}],"circlet_count":0,"master_deck":["bronze:Strike","bronze:Strike","bronze:Strike","bronze:Strike","bronze:Defend","bronze:Defend","bronze:Defend","bronze:Defend","bronze:Replicate","bronze:Goto","bronze:BitShift+1","bronze:CloningBeam","bronze:WhirlingStrike","bronze:Repair","bronze:ChildClass","bronze:FollowUp","bronze:ChosenStrike","bronze:Mutator","bronze:Mutator","bronze:BuggyMess+1","StuffTheSpire:Vigor","bronze:ItsAFeature","Hallownest:attackMasterCycloneSlash+1","bronze:Boost+1","bronze:ThunderWave+1","expansioncontent:PolyBeam+1","bronze:BugBarrage+1","bronze:Flail+1","Parasite"],"relics":["Fiend:FiendTotem","HowToJump","infinitespire:Cubic Diamond","hubris:ToyBattleship","Pocketwatch","downfall:HeartBlessingRed","downfall:HeartBlessingBlue","downfall:HeartBlessingGreen","ReplayTheSpireMod:CursedCoin","hubris:OldNail","reliquary:RedPaperclip","infinitespire:WardingShard","ReplayTheSpireMod:Lightbulb","aspiration:RandomNobGenerator","reliquary:PorcupineQuills","Torii","Lantern","InkBottle","Toxic Egg 2","MerchantsRug","Ice Cream","trackpad:Mousetrap"],"acts_visited":["Exordium","Hallownest:CityofTears","TheBeyond","TheEnding"],"potions_floor_usage":[21,23,23,30,50],"damage_taken":[{"damage":15,"enemies":"2 Louse","floor":2,"turns":3},{"damage":2,"enemies":"Small Slimes","floor":3,"turns":3},{"damage":11,"enemies":"Jaw Worm","floor":5,"turns":3},{"damage":18,"enemies":"Replay:BlueRogue","floor":6,"turns":7},{"damage":15,"enemies":"Blue Slaver","floor":9,"turns":4},{"damage":17,"enemies":"Gremlin Nob","floor":11,"turns":5},{"damage":0,"enemies":"Lots of Slimes","floor":13,"turns":3},{"damage":1,"enemies":"downfall:FleeingMerchant","floor":14,"turns":4},{"damage":0,"enemies":"Large Slime","floor":15,"turns":4},{"damage":7,"enemies":"IC_STATUS_ARCHETYPE","floor":16,"turns":7},{"damage":0,"enemies":"Hallownest:Flukemon_and_Top","floor":19,"turns":4},{"damage":0,"enemies":"downfall:FleeingMerchant","floor":21,"turns":4},{"damage":0,"enemies":"Hallownest:2_Mistakes","floor":22,"turns":6},{"damage":0,"enemies":"Hallownest:3_Mistakes","floor":23,"turns":6},{"damage":0,"enemies":"Hallownest:monsterMisterMushroom","floor":28,"turns":6},{"damage":0,"enemies":"Hallownest:eliteSoulWarrior","floor":29,"turns":6},{"damage":0,"enemies":"Hallownest:Warrior_and_Youth","floor":30,"turns":3},{"damage":2,"enemies":"Hallownest:2_Husk_Sentries","floor":31,"turns":5},{"damage":0,"enemies":"Hallownest:3_Mistakes","floor":32,"turns":5},{"damage":0,"enemies":"SI_MIRROR_ARCHETYPE","floor":33,"turns":8},{"damage":0,"enemies":"3 Darklings","floor":36,"turns":3},{"damage":0,"enemies":"downfall:FleeingMerchant","floor":38,"turns":4},{"damage":0,"enemies":"3 Shapes","floor":40,"turns":2},{"damage":11,"enemies":"Jaw Worm Horde","floor":42,"turns":3},{"damage":25,"enemies":"Nemesis","floor":44,"turns":5},{"damage":0,"enemies":"Transient","floor":46,"turns":5},{"damage":8,"enemies":"Spire Growth","floor":49,"turns":2},{"damage":0,"enemies":"WA_ARCHETYPE_DIVINITY","floor":50,"turns":4},{"damage":0,"enemies":"downfall:CharBossMerchant","floor":52,"turns":3},{"damage":0,"enemies":"downfall:NeowBoss","floor":55,"turns":7},{"damage":30,"enemies":"downfall:NeowBossFinal","floor":56,"turns":6}],"seed_played":"1133398777623391158","potions_obtained":[{"floor":2,"key":"PowerPotion"},{"floor":5,"key":"SkillPotion"},{"floor":9,"key":"SmokeBomb"},{"floor":10,"key":"Slimebound:ThreeZeroPotion"},{"floor":22,"key":"Flashbang"},{"floor":23,"key":"Strength Potion"},{"floor":29,"key":"hexamod:SoulburnPotion"},{"floor":30,"key":"Regen Potion"},{"floor":31,"key":"bronze:CleanCodePotion"}],"is_trial":false,"path_per_floor":["R_BF","M","M","?","M","E","T","?","M","?","E","R","M","$","M","B",null,"R_BF","M","?","$","M","M","T","?","R","T","M","E","M","M","M","B",null,"R_BF","M","?","$","?","M","T","M","R","E","T","M","$","NS","M","B",null,"E","$","R","B","B",null],"character_chosen":"THE_AUTOMATON","items_purchased":["ReplayTheSpireMod:CursedCoin","hubris:OldNail","bronze:ItsAFeature","War Paint","reliquary:PorcupineQuills","Torii","MerchantsRug","Ice Cream","trackpad:Mousetrap"],"campfire_rested":1,"item_purchase_floors":[14,14,21,38,38,38,53,53,53],"current_hp_per_floor":[70,55,53,53,42,31,31,19,18,18,1,35,42,55,62,69,80,80,80,80,80,80,80,80,80,80,80,80,80,80,80,80,80,80,80,80,80,80,80,80,80,69,69,51,51,58,58,58,50,57,80,80,80,80,80,57],"gold":16,"neow_bonus":"THREE_CARDS","is_daily":false,"chose_seed":false,"campfire_upgraded":3,"win_rate":0.0,"timestamp":1613985703,"path_taken":["R_BF","M","M","?","M","E","T","?","?","?","E","R","M","$","M","BOSS","R_BF","M","?","?","M","M","T","?","R","?","M","E","?","M","M","BOSS","R_BF","M","?","$","?","M","T","M","R","E","?","M","$","NS","M","BOSS","E","$","R","BOSS","BOSS"],"items_purchased_type":["Relic","Relic","Card","Relic","Relic","Relic","Relic","Relic","Relic"],"build_version":"2020-12-22","purchased_purges":1,"victory":true,"max_hp_per_floor":[70,70,70,70,70,70,70,70,70,70,70,80,80,80,80,80,80,80,80,80,80,80,80,80,80,80,80,80,80,80,80,80,80,80,80,80,80,80,80,80,80,80,80,80,80,80,80,80,80,80,80,80,80,80,80,80],"relic_stats":{"Torii":7,"counters":[31,140],"obtain_stats":[{"Ice Cream":53,"trackpad:Mousetrap":53,"Lantern":39,"bronze:BronzeCore":0,"Torii":38,"downfall:HeartBlessingGreen":12,"Blue Doll":44,"infinitespire:Cubic Diamond":4,"downfall:HeartBlessingBlue":12,"MiniBlackHole":1,"Tiny Chest":27,"Toxic Egg 2":45,"InkBottle":41,"StuffTheSpire:TintedRock":7,"trackpad:GuardianSpirit":35,"MerchantsRug":53,"HowToJump":0,"downfall:HeartBlessingRed":12,"ReplayTheSpireMod:CursedCoin":14,"aspiration:RandomNobGenerator":34,"War Paint":38,"Fiend:FiendTotem":4,"reliquary:RedPaperclip":17,"reliquary:PorcupineQuills":38,"infinitespire:WardingShard":24,"Simple Rune":6,"hubris:ToyBattleship":8,"ReplayTheSpireMod:Lightbulb":29,"hubris:OldNail":14,"Pocketwatch":11},{"Ice Cream":29,"trackpad:Mousetrap":29,"Lantern":22,"bronze:BronzeCore":0,"Torii":22,"downfall:HeartBlessingGreen":6,"Blue Doll":25,"infinitespire:Cubic Diamond":2,"downfall:HeartBlessingBlue":6,"MiniBlackHole":0,"Tiny Chest":14,"Toxic Egg 2":25,"InkBottle":23,"StuffTheSpire:TintedRock":4,"trackpad:GuardianSpirit":20,"MerchantsRug":29,"HowToJump":0,"downfall:HeartBlessingRed":6,"ReplayTheSpireMod:CursedCoin":8,"aspiration:RandomNobGenerator":20,"War Paint":22,"Fiend:FiendTotem":2,"reliquary:RedPaperclip":10,"reliquary:PorcupineQuills":22,"infinitespire:WardingShard":14,"Simple Rune":4,"hubris:ToyBattleship":4,"ReplayTheSpireMod:Lightbulb":16,"hubris:OldNail":8,"Pocketwatch":6},{"Ice Cream":127,"trackpad:Mousetrap":127,"Lantern":103,"bronze:BronzeCore":0,"Torii":103,"downfall:HeartBlessingGreen":25,"Blue Doll":113,"infinitespire:Cubic Diamond":6,"downfall:HeartBlessingBlue":25,"MiniBlackHole":0,"Tiny Chest":63,"Toxic Egg 2":113,"InkBottle":105,"StuffTheSpire:TintedRock":16,"trackpad:GuardianSpirit":96,"MerchantsRug":127,"HowToJump":0,"downfall:HeartBlessingRed":25,"ReplayTheSpireMod:CursedCoin":32,"aspiration:RandomNobGenerator":96,"War Paint":103,"Fiend:FiendTotem":6,"reliquary:RedPaperclip":43,"reliquary:PorcupineQuills":103,"infinitespire:WardingShard":63,"Simple Rune":16,"hubris:ToyBattleship":16,"ReplayTheSpireMod:Lightbulb":75,"hubris:OldNail":32,"Pocketwatch":25}],"InkBottle":[18],"Pocketwatch":[45]},"card_choices":[{"not_picked":["bronze:ClassDefault","bronze:Separator"],"picked":"bronze:BitShift","floor":0},{"not_picked":["bronze:BuggyMess","bronze:Shield"],"picked":"bronze:CloningBeam","floor":2},{"not_picked":["bronze:Fortify","bronze:BuggyMess"],"picked":"bronze:WhirlingStrike","floor":3},{"not_picked":["bronze:DarkDash","bronze:Assembly"],"picked":"bronze:Repair","floor":5},{"not_picked":["bronze:Turbo","bronze:BuggyMess"],"picked":"bronze:ChildClass","floor":6},{"not_picked":["bronze:Repulsor","bronze:Safeguard"],"picked":"bronze:FollowUp","floor":9},{"not_picked":["bronze:Constructor","bronze:DigitalCarnage","bronze:CutThrough"],"picked":"SKIP","floor":11},{"not_picked":["bronze:DelayedGuard","bronze:Optimize","bronze:DarkDash"],"picked":"SKIP","floor":13},{"not_picked":["bronze:Frontload","bronze:WhirlingStrike"],"picked":"bronze:ChosenStrike","floor":14},{"not_picked":["bronze:BugBarrage","bronze:OilSpill","bronze:Branch"],"picked":"SKIP","floor":15},{"not_picked":["bronze:HyperBeam","bronze:SpaghettiCode"],"picked":"bronze:Mutator","floor":16},{"not_picked":["bronze:HyperBeam","bronze:CleanCode"],"picked":"bronze:Mutator","floor":18},{"not_picked":["bronze:NullPointer+1","bronze:Overheat"],"picked":"bronze:BuggyMess+1","floor":19},{"not_picked":["StuffTheSpire:Innocence","StuffTheSpire:Ambrosia"],"picked":"StuffTheSpire:Vigor","floor":20},{"not_picked":["bronze:Safeguard","bronze:ForceShield","bronze:Frontload+1"],"picked":"SKIP","floor":21},{"not_picked":["bronze:ClassDefault","bronze:Branch","bronze:Turbo"],"picked":"SKIP","floor":22},{"not_picked":["bronze:ForLoop","bronze:Iterate"],"picked":"bronze:Shield+1","floor":23},{"not_picked":["bronze:Repulsor","bronze:Assembly"],"picked":"bronze:Boost","floor":28},{"not_picked":["bronze:Break","bronze:ForceShield","bronze:NullPointer"],"picked":"SKIP","floor":29},{"not_picked":["bronze:Backtrace+1","bronze:Overload+1","bronze:Iterate"],"picked":"SKIP","floor":30},{"not_picked":["bronze:WildBeam","bronze:FollowUp","bronze:Frontload"],"picked":"SKIP","floor":31},{"not_picked":["bronze:Overheat","bronze:DelayedSlice","bronze:Philosophize+1"],"picked":"SKIP","floor":32},{"not_picked":["bronze:SpaghettiCode","bronze:HardenedForm"],"picked":"bronze:ThunderWave","floor":33},{"not_picked":["bronze:Separator+1","bronze:BuggyMess","bronze:Constructor+1"],"picked":"SKIP","floor":36},{"not_picked":["expansioncontent:Chronoboost","expansioncontent:AwakenDeath"],"picked":"expansioncontent:PolyBeam","floor":37},{"not_picked":["bronze:ForLoop+1","bronze:CutThrough","bronze:Constructor"],"picked":"SKIP","floor":38},{"not_picked":["bronze:ItsAFeature+1","bronze:Terminator+1"],"picked":"bronze:BugBarrage+1","floor":40},{"not_picked":["bronze:NullPointer","bronze:Return+1"],"picked":"bronze:Flail+1","floor":42},{"not_picked":["bronze:Overheat+1","bronze:NullPointer","bronze:ChildClass"],"picked":"SKIP","floor":44},{"not_picked":["bronze:Shield+1","bronze:Boost+1"],"picked":"bronze:FineTuning+1","floor":46},{"not_picked":["bronze:WildBeam","bronze:Optimize","bronze:Overload+1"],"picked":"SKIP","floor":49},{"not_picked":["bronze:FineTuning+1","bronze:CutThrough","bronze:Turbo+1"],"picked":"SKIP","floor":52}],"player_experience":1273841,"relics_obtained":[{"floor":1,"key":"MiniBlackHole"},{"floor":6,"key":"Simple Rune"},{"floor":7,"key":"StuffTheSpire:TintedRock"},{"floor":11,"key":"Pocketwatch"},{"floor":24,"key":"infinitespire:WardingShard"},{"floor":27,"key":"Tiny Chest"},{"floor":29,"key":"ReplayTheSpireMod:Lightbulb"},{"floor":35,"key":"trackpad:GuardianSpirit"},{"floor":39,"key":"Lantern"},{"floor":41,"key":"InkBottle"},{"floor":44,"key":"Blue Doll"},{"floor":45,"key":"Toxic Egg 2"}],"event_choices":[{"damage_healed":0,"gold_gain":0,"player_choice":"Relic ","damage_taken":12,"max_hp_gain":0,"max_hp_loss":0,"event_name":"betterThird:BetterScrap","floor":8,"gold_loss":0,"cards_obtained":["Burst"]},{"damage_healed":0,"gold_gain":0,"player_choice":"Got Potions","damage_taken":0,"max_hp_gain":0,"max_hp_loss":0,"event_name":"Lab","floor":10,"gold_loss":0},{"damage_healed":0,"gold_gain":0,"player_choice":"1","damage_taken":0,"max_hp_gain":0,"max_hp_loss":0,"event_name":"betterMatch:BetterMatch","floor":18,"gold_loss":0,"cards_obtained":["betterMatch:UncommonCard","betterMatch:RareCard"]}],"is_beta":false,"boss_relics":[{"not_picked":["reliquary:WritOfMandamus","aspiration:FutureDiary"],"picked":"reliquary:RedPaperclip"},{"not_picked":["aspiration:DefectSkillbook","trackpad:Coffee"],"picked":"aspiration:RandomNobGenerator"}],"items_purged_floors":[14],"is_endless":false,"potions_floor_spawned":[2,5,9,13,15,22,23,29,30,31,40,44,49],"ascension_level":0}}