{"host":"w8xisjf5mgmfjvmt","time":1613977039,"event":{"mods":["BaseMod","BetterRewards","Challenge The Spire","Conspire","Energized Spire","Filter the Spire","Minty Spire (QoL Compilation)","Quarter Circle Forward PUNCH!","Quick Restart","Relic Filter Mod","Relic Stats","Reliquary","Replay The Spire","Say the Spire","Shop Mod","Spicy Shops","StSLib","¡¾ÒÅÎï¿¨ÅÆ¡¿REMEMod","óô»ðÖ¸ÄÏ"],"gold_per_floor":[364,19,32,48,48,82,98,98,98],"floor_reached":8,"language":"ZHS","playtime":311,"items_purged":[],"score":116,"play_id":"80d3ec85-27d5-4c87-bdb6-299129cdfa1f","local_time":"20210222145719","is_ascension_mode":true,"campfire_choices":[],"circlet_count":0,"master_deck":["AscendersBane","Strike_G","Strike_G","Strike_G","Strike_G","Strike_G","Defend_G","Defend_G","Defend_G","Defend_G","Defend_G","Survivor","Neutralize","Second Wind","Terror","Footwork","Cloak And Dagger","Cloak And Dagger","Finisher","Panache","Blur","Backflip","Pain","Deflect","Cloak And Dagger"],"relics":["Ring of the Snake","REME_ComplimentaryCards","Membership Card","Orrery","WarpedTongs","White Beast Statue"],"acts_visited":["Exordium"],"potions_floor_usage":[6,8,8],"damage_taken":[{"damage":0,"enemies":"2 Louse","floor":1,"turns":3},{"damage":0,"enemies":"Cultist","floor":3,"turns":4},{"damage":0,"enemies":"Jaw Worm","floor":4,"turns":5},{"damage":36,"enemies":"Lagavulin","floor":6,"turns":7},{"damage":3,"enemies":"Blue Slaver","floor":7,"turns":4},{"damage":1,"enemies":"3 Sentries","floor":8,"turns":5}],"seed_played":"-1094223814018556995","potions_obtained":[{"floor":1,"key":"Fire Potion"},{"floor":3,"key":"Dexterity Potion"},{"floor":7,"key":"Doom Potion"}],"is_trial":false,"path_per_floor":["M","$","M","M","?","E","M","E"],"character_chosen":"THE_SILENT","items_purchased":["Membership Card","Orrery","Panache"],"campfire_rested":0,"item_purchase_floors":[2,2,2],"current_hp_per_floor":[44,44,44,44,44,8,5,4,4],"gold":98,"neow_bonus":"TWO_FIFTY_GOLD","is_daily":false,"chose_seed":false,"campfire_upgraded":0,"win_rate":0.0,"timestamp":1613977039,"path_taken":["M","$","M","M","?","E","M","E"],"items_purchased_type":["Relic","Relic","Card"],"build_version":"2020-12-22","purchased_purges":0,"victory":false,"max_hp_per_floor":[66,66,66,66,66,66,66,66,66],"relic_stats":{"counters":[6,28],"obtain_stats":[{"Orrery":2,"Membership Card":2,"White Beast Statue":6,"Ring of the Snake":0,"REME_ComplimentaryCards":0,"WarpedTongs":5},{"Orrery":1,"Membership Card":1,"White Beast Statue":4,"Ring of the Snake":0,"REME_ComplimentaryCards":0,"WarpedTongs":3},{"Orrery":3,"Membership Card":3,"White Beast Statue":19,"Ring of the Snake":0,"REME_ComplimentaryCards":0,"WarpedTongs":12}],"Ring of the Snake":[12],"WarpedTongs":[16]},"card_choices":[{"not_picked":["Dagger Throw","Cloak And Dagger"],"picked":"Terror","floor":1},{"not_picked":["ReplayTheSpireMod:Exploit Weakness","Draining Mist"],"picked":"Footwork","floor":2},{"not_picked":["Replay:Poison Smokescreen","Draining Mist"],"picked":"Cloak And Dagger","floor":2},{"not_picked":["Prepared","Deadly Poison"],"picked":"Cloak And Dagger","floor":2},{"not_picked":["Poisoned Stab","PiercingWail"],"picked":"Finisher","floor":2},{"not_picked":["REME_ShadowForm","Deflect"],"picked":"Blur","floor":3},{"not_picked":["Heel Hook","PiercingWail"],"picked":"Backflip","floor":4},{"not_picked":["Heel Hook","Backflip"],"picked":"Deflect","floor":6},{"not_picked":["PiercingWail","Prepared"],"picked":"Cloak And Dagger","floor":7}],"player_experience":1390279,"relics_obtained":[{"floor":6,"key":"White Beast Statue"}],"event_choices":[{"damage_healed":0,"gold_gain":0,"player_choice":"Rummage","damage_taken":0,"relics_obtained":["WarpedTongs"],"max_hp_gain":0,"max_hp_loss":0,"event_name":"Accursed Blacksmith","floor":5,"gold_loss":0,"cards_obtained":["Pain"]}],"is_beta":false,"boss_relics":[],"items_purged_floors":[],"is_endless":false,"potions_floor_spawned":[1,3,7],"killed_by":"3 Sentries","ascension_level":20}}