{"host":"r4aerl4ckfvw1dw3","time":1613975153,"event":{"mods":["BaseMod","BetterRewards","Minty Spire (QoL Compilation)","Quick Restart","StSLib"],"gold_per_floor":[119,4,4,21,21,47,47,75,87,110,26,26,40,72,72,174,174,189,189,189,6,19,19,48,48,72,272,283,294,312,345,345,445,445,463,476,10,26,39,78,78,112,190,222,242,23,23,43,43,43,43,43,17,57,57],"floor_reached":56,"language":"ENG","playtime":5181,"items_purged":["Strike_B","Strike_B+1","Strike_B+1"],"score":1713,"play_id":"3232ddf5-0cb5-4825-a1d0-27a7c7f64738","local_time":"20210221222553","is_ascension_mode":true,"campfire_choices":[{"data":"Consume","floor":7,"key":"SMITH"},{"data":"Dualcast","floor":12,"key":"SMITH"},{"data":"Coolheaded","floor":15,"key":"SMITH"},{"floor":23,"key":"RECALL"},{"floor":25,"key":"REST"},{"floor":32,"key":"REST"},{"floor":41,"key":"DIG"},{"floor":47,"key":"DIG"},{"floor":49,"key":"DIG"},{"floor":52,"key":"DIG"}],"circlet_count":0,"master_deck":["Defend_B+1","Defend_B+1","Defend_B+1","Defend_B+1","Zap","Dualcast+1","Consume+1","Self Repair","Loop+1","Ball Lightning+1","Coolheaded+1","Loop+1","Cold Snap","Compile Driver+1","Electrodynamics+1","Ghostly","Ghostly","Ghostly","Ghostly","Ghostly","Loop+1","Hologram","Heatsinks+1","Coolheaded","Recycle+1","Conserve Battery","Force Field+1","Seek","Turbo+1","Defragment+1","Seek","Defragment+1","Redo+1","Force Field","Biased Cognition+1","Seek","PanicButton","Hologram+1","Doom and Gloom","Creative AI+1"],"relics":["Cracked Core","NeowsBlessing","Frozen Egg 2","Incense Burner","MawBank","Potion Belt","StrikeDummy","Fusion Hammer","Membership Card","Dream Catcher","Blue Candle","Coffee Dripper","ClockworkSouvenir","Shovel","Symbiotic Virus","CeramicFish","Boot","Smiling Mask","Bottled Lightning","Centennial Puzzle","DollysMirror","Cables","Emotion Chip","Ornamental Fan","Whetstone"],"acts_visited":["Exordium","TheCity","TheBeyond","TheEnding"],"potions_floor_usage":[8,14,24,33,33,33,50,55,55,55],"damage_taken":[{"damage":0,"enemies":"Jaw Worm","floor":1,"turns":1},{"damage":0,"enemies":"Small Slimes","floor":4,"turns":1},{"damage":0,"enemies":"3 Sentries","floor":6,"turns":1},{"damage":18,"enemies":"Gremlin Nob","floor":8,"turns":3},{"damage":0,"enemies":"Cultist","floor":10,"turns":3},{"damage":5,"enemies":"2 Fungi Beasts","floor":13,"turns":4},{"damage":1,"enemies":"3 Sentries","floor":14,"turns":12},{"damage":2,"enemies":"Hexaghost","floor":16,"turns":9},{"damage":19,"enemies":"Shell Parasite","floor":18,"turns":10},{"damage":1,"enemies":"Chosen","floor":22,"turns":11},{"damage":9,"enemies":"Slavers","floor":24,"turns":5},{"damage":0,"enemies":"3 Cultists","floor":28,"turns":3},{"damage":11,"enemies":"Snake Plant","floor":29,"turns":4},{"damage":2,"enemies":"Centurion and Healer","floor":30,"turns":5},{"damage":1,"enemies":"Gremlin Leader","floor":31,"turns":7},{"damage":3,"enemies":"Champ","floor":33,"turns":9},{"damage":0,"enemies":"Orb Walker","floor":35,"turns":3},{"damage":1,"enemies":"3 Shapes","floor":36,"turns":5},{"damage":0,"enemies":"Sphere and 2 Shapes","floor":38,"turns":3},{"damage":0,"enemies":"Transient","floor":39,"turns":5},{"damage":0,"enemies":"Nemesis","floor":40,"turns":5},{"damage":1,"enemies":"Reptomancer","floor":42,"turns":4},{"damage":1,"enemies":"Nemesis","floor":44,"turns":5},{"damage":2,"enemies":"Jaw Worm Horde","floor":45,"turns":2},{"damage":0,"enemies":"4 Shapes","floor":48,"turns":2},{"damage":1,"enemies":"Awakened One","floor":50,"turns":17},{"damage":0,"enemies":"Shield and Spear","floor":54,"turns":4},{"damage":23,"enemies":"The Heart","floor":55,"turns":9}],"seed_played":"-3043307127778142887","potions_obtained":[{"floor":4,"key":"EssenceOfSteel"},{"floor":6,"key":"PowerPotion"},{"floor":8,"key":"SpeedPotion"},{"floor":18,"key":"Dexterity Potion"},{"floor":22,"key":"SteroidPotion"},{"floor":24,"key":"Strength Potion"},{"floor":28,"key":"Energy Potion"},{"floor":38,"key":"Fire Potion"},{"floor":40,"key":"Block Potion"},{"floor":42,"key":"SkillPotion"},{"floor":54,"key":"SkillPotion"}],"is_trial":false,"path_per_floor":["M","$","?","M","?","E","R","E","T","M","$","R","M","E","R","B",null,"M","?","?","$","M","R","E","R","T","?","M","M","M","E","R","B",null,"M","M","$","M","M","E","R","E","T","E","M","$","R","M","R","B",null,"R","$","E","B",null],"character_chosen":"DEFECT","items_purchased":["Self Repair","Loop+1","Cold Snap","Membership Card","Loop+1","Seek","ClockworkSouvenir","Shovel","Symbiotic Virus","Biased Cognition+1","DollysMirror","PanicButton","Doom and Gloom"],"campfire_rested":2,"item_purchase_floors":[2,11,11,21,21,37,37,37,37,46,46,46,53],"current_hp_per_floor":[75,75,72,75,75,75,75,64,64,71,71,71,73,75,75,75,75,63,37,37,37,37,37,35,37,37,37,37,33,37,37,37,37,37,37,36,36,37,37,37,37,37,37,37,35,35,35,37,37,37,37,37,37,37,14],"gold":57,"neow_bonus":"THREE_ENEMY_KILL","is_daily":false,"chose_seed":false,"campfire_upgraded":3,"win_rate":0.0,"timestamp":1613975153,"path_taken":["M","$","?","M","?","E","R","E","T","M","$","R","?","E","R","BOSS","M","?","?","$","M","R","E","R","T","?","M","M","M","E","R","BOSS","M","M","$","?","M","E","R","E","T","E","M","$","R","?","R","BOSS","R","$","E","BOSS"],"items_purchased_type":["Card","Card","Card","Relic","Card","Card","Relic","Relic","Relic","Card","Relic","Card","Card"],"build_version":"2020-12-22","purchased_purges":3,"victory":true,"max_hp_per_floor":[75,75,75,75,75,75,75,75,75,75,75,75,75,75,75,75,75,75,37,37,37,37,37,37,37,37,37,37,37,37,37,37,37,37,37,37,37,37,37,37,37,37,37,37,37,37,37,37,37,37,37,37,37,37,37],"card_choices":[{"not_picked":["Hologram","Barrage"],"picked":"Consume","floor":1},{"not_picked":["Beam Cell","Fusion"],"picked":"Loop+1","floor":4},{"not_picked":["Chill","Storm+1"],"picked":"Ball Lightning","floor":6},{"not_picked":["Compile Driver","FTL"],"picked":"Coolheaded","floor":8},{"not_picked":["All For One","Reprogram","Steam"],"picked":"SKIP","floor":10},{"not_picked":["Hello World+1","Rebound","Streamline"],"picked":"SKIP","floor":13},{"not_picked":["BootSequence","Streamline"],"picked":"Compile Driver","floor":14},{"not_picked":["Creative AI+1","Rainbow"],"picked":"Electrodynamics+1","floor":16},{"not_picked":["Stack","Leap","Static Discharge+1"],"picked":"SKIP","floor":18},{"not_picked":["Rebound","Static Discharge+1"],"picked":"Hologram","floor":22},{"not_picked":["Self Repair+1","Hologram","Gash"],"picked":"SKIP","floor":24},{"not_picked":["Fusion+1","Consume+1"],"picked":"Heatsinks+1","floor":25},{"not_picked":["Go for the Eyes","Steam","Barrage"],"picked":"SKIP","floor":28},{"not_picked":["Blizzard","Static Discharge+1"],"picked":"Coolheaded","floor":29},{"not_picked":["Rebound","Steam"],"picked":"Recycle+1","floor":30},{"not_picked":["Stack","Steam"],"picked":"Conserve Battery","floor":31},{"not_picked":["Coolheaded","Storm+1"],"picked":"Force Field+1","floor":32},{"not_picked":["All For One","Fission"],"picked":"Seek","floor":33},{"not_picked":["FTL+1","Streamline+1"],"picked":"Turbo+1","floor":35},{"not_picked":["Blizzard","BootSequence+1"],"picked":"Defragment+1","floor":36},{"not_picked":["Chaos+1","Gash"],"picked":"Defragment+1","floor":38},{"not_picked":["Turbo+1","Conserve Battery","Cold Snap+1"],"picked":"SKIP","floor":39},{"not_picked":["Hologram","Turbo+1"],"picked":"Redo+1","floor":40},{"not_picked":["Streamline+1","BootSequence"],"picked":"Force Field","floor":42},{"not_picked":["Self Repair+1","Beam Cell","Leap+1"],"picked":"SKIP","floor":44},{"not_picked":["Melter","Genetic Algorithm","FTL+1"],"picked":"SKIP","floor":45},{"not_picked":["Chaos+1","Redo"],"picked":"Hologram+1","floor":48},{"not_picked":["Rebound","Stack"],"picked":"Creative AI+1","floor":54}],"player_experience":654609,"relics_obtained":[{"floor":6,"key":"Incense Burner"},{"floor":8,"key":"MawBank"},{"floor":9,"key":"Potion Belt"},{"floor":14,"key":"StrikeDummy"},{"floor":24,"key":"Dream Catcher"},{"floor":31,"key":"Blue Candle"},{"floor":40,"key":"CeramicFish"},{"floor":41,"key":"Boot"},{"floor":42,"key":"Smiling Mask"},{"floor":43,"key":"Bottled Lightning"},{"floor":44,"key":"Centennial Puzzle"},{"floor":47,"key":"Cables"},{"floor":49,"key":"Emotion Chip"},{"floor":52,"key":"Ornamental Fan"},{"floor":54,"key":"Whetstone"}],"event_choices":[{"damage_healed":0,"gold_gain":0,"player_choice":"Success","damage_taken":3,"relics_obtained":["Frozen Egg 2"],"max_hp_gain":0,"max_hp_loss":0,"event_name":"Scrap Ooze","floor":3,"gold_loss":0},{"cards_removed":["Strike_B"],"damage_healed":0,"gold_gain":0,"player_choice":"Purged","damage_taken":0,"max_hp_gain":0,"max_hp_loss":0,"event_name":"Purifier","floor":5,"gold_loss":0},{"damage_healed":0,"gold_gain":0,"player_choice":"Became a Ghost","damage_taken":0,"max_hp_gain":0,"max_hp_loss":38,"event_name":"Ghosts","floor":19,"gold_loss":0,"cards_obtained":["Ghostly","Ghostly","Ghostly","Ghostly","Ghostly"]},{"damage_healed":0,"gold_gain":0,"player_choice":"Simplicity","damage_taken":0,"max_hp_gain":0,"max_hp_loss":0,"event_name":"Back to Basics","floor":20,"gold_loss":0,"cards_upgraded":["Strike_B","Strike_B","Defend_B","Defend_B","Defend_B","Defend_B"]},{"damage_healed":0,"gold_gain":200,"player_choice":"Gold","damage_taken":0,"max_hp_gain":0,"max_hp_loss":0,"event_name":"Wheel of Change","floor":27,"gold_loss":0}],"is_beta":false,"boss_relics":[{"not_picked":["FrozenCore","Runic Dome"],"picked":"Fusion Hammer"},{"not_picked":["Philosopher\u0027s Stone","Calling Bell"],"picked":"Coffee Dripper"}],"items_purged_floors":[2,37,46],"is_endless":false,"potions_floor_spawned":[4,6,8,18,22,24,28,38,40,42,54],"ascension_level":5}}