{"host":"gvmmh8a4dbuurnvz","time":1613997128,"event":{"mods":["100% Spire Juice","AchievementEnabler","Aspiration","BaseMod","Better Vampires","BetterRewards","Colored Powertips","Highlight Path","Marisa£®ÏF”Í°°ƒß¿Ì…≥£©","Minty Spire (QoL Compilation)","MostiFishMod","Remilia£®¿Ÿ√◊¿Ú—«£©","Spicy Shops","StSLib","The Cursed","The Runesmith","The Servant 0.9.4","Youmu£®ªÍ∆«—˝√Œ£©","°æ“≈ŒÔø®≈∆°øREMEMod"],"gold_per_floor":[116,116,67,87,162,197,240,294,369,454,454,507,542,586,586,734,734,795,894,412,412,50,50,128,164,164,164,307,3,127,127,127,342,342,445,205,311,311,458,642,697,697,722,722,722,370,370,440,440,548,548,548,359,504,624],"floor_reached":56,"language":"ZHS","playtime":3354,"items_purged":["Defend_MRS","Strike_MRS+1","Strike_MRS","Strike_MRS","Defend_MRS","Defend_MRS","Defend_MRS+1"],"score":2030,"play_id":"d7f7daf5-6377-43f7-af01-976ca07aca7c","local_time":"20210222203207","is_ascension_mode":true,"campfire_choices":[{"floor":15.0,"key":"RECALL"},{"data":"Acceleration","floor":23.0,"key":"SMITH"},{"data":"Acceleration","floor":27.0,"key":"SMITH"},{"data":"MasterSpark","floor":32.0,"key":"SMITH"},{"data":"UpSweep","floor":42,"key":"SMITH"},{"data":"Defend_MRS","floor":44,"key":"SMITH"},{"floor":49,"key":"REST"},{"floor":52,"key":"REST"}],"circlet_count":0,"master_deck":["MasterSpark+1","AsteroidBelt+1","MysteriousBeam+1","WitchOfGreed+1","Acceleration+1","MillisecondPulsars+1","PulseMagic+1","Acceleration+1","Strike_MRS+1","Robbery+1","Robbery+1","RefractionSpark+1","GravityBeat+1","GrandCross+1","MilkyWay+1","CollectingQuirk+1","DoubleSpark+1","Panache+1","Acceleration+1"],"relics":["BewitchedHakkero","DaveBox","REME_ComplimentaryCards","ThornShield","Molten Egg 2","Runesmith:Nanobots","Happy Flower","SynthV:MejaisSoulstealer","SynthV:TestCard","Frozen Egg 2","Lantern","War Paint","Kunai","aspiration:PocketMushroom","PreservedInsect","RhineCircuit","AmplifyWand","Membership Card","HollowDreamFlower","HandDrill","Gremlin Horn","Juzu Bracelet","Ginger","Vajra","aspiration:Lifesprig","Civilization","Ornamental Fan","Pen Nib","ImprovedEquipment","Bag of Marbles","Blood Vial"],"acts_visited":["Exordium","TheCity","TheBeyond","TheEnding"],"potions_floor_usage":[37,39,48,55,55],"damage_taken":[{"damage":0.0,"enemies":"2 Louse","floor":1.0,"turns":2.0},{"damage":0.0,"enemies":"Cultist","floor":4.0,"turns":1.0},{"damage":0.0,"enemies":"Gremlin Nob","floor":6.0,"turns":2.0},{"damage":0.0,"enemies":"Jaw Worm","floor":7.0,"turns":1.0},{"damage":0.0,"enemies":"3 Sentries","floor":8.0,"turns":3.0},{"damage":0.0,"enemies":"Lagavulin Event","floor":10.0,"turns":3.0},{"damage":0.0,"enemies":"Lagavulin","floor":13.0,"turns":2.0},{"damage":0.0,"enemies":"3 Louse","floor":14.0,"turns":2.0},{"damage":0.0,"enemies":"The Guardian","floor":16.0,"turns":4.0},{"damage":0.0,"enemies":"3 Byrds","floor":18.0,"turns":2.0},{"damage":0.0,"enemies":"Slavers","floor":24.0,"turns":3.0},{"damage":6.0,"enemies":"Shell Parasite","floor":25.0,"turns":2.0},{"damage":0.0,"enemies":"Book of Stabbing","floor":28.0,"turns":2.0},{"damage":0.0,"enemies":"3 Cultists","floor":30.0,"turns":2.0},{"damage":0.0,"enemies":"Champ","floor":33.0,"turns":4.0},{"damage":0.0,"enemies":"3 Shapes","floor":35.0,"turns":2.0},{"damage":1,"enemies":"3 Darklings","floor":37,"turns":2},{"damage":0,"enemies":"Transient","floor":39,"turns":5},{"damage":0,"enemies":"Giant Head","floor":40,"turns":2},{"damage":0,"enemies":"4 Shapes","floor":41,"turns":1},{"damage":0,"enemies":"3 Darklings","floor":48,"turns":1},{"damage":0,"enemies":"Awakened One","floor":50,"turns":3},{"damage":0,"enemies":"Shield and Spear","floor":54,"turns":2},{"damage":21,"enemies":"The Heart","floor":55,"turns":4}],"seed_played":"3798419232008073811","potions_obtained":[{"floor":7.0,"key":"Dexterity Potion"},{"floor":8.0,"key":"FearPotion"},{"floor":8.0,"key":"Ancient Potion"},{"floor":10.0,"key":"REME_GoldPotion"},{"floor":13.0,"key":"SpeedPotion"},{"floor":14.0,"key":"DuplicationPotion"},{"floor":16.0,"key":"ColorlessPotion"},{"floor":18.0,"key":"Regen Potion"},{"floor":24.0,"key":"SteroidPotion"},{"floor":24.0,"key":"Block Potion"},{"floor":28.0,"key":"LiquidBronze"},{"floor":28.0,"key":"Fruit Juice"},{"floor":30.0,"key":"Ancient Potion"},{"floor":33.0,"key":"DistilledChaos"},{"floor":33.0,"key":"Energy Potion"},{"floor":37,"key":"Fire Potion"},{"floor":39,"key":"Block Potion"},{"floor":40,"key":"DistilledChaos"},{"floor":54,"key":"AttackPotion"}],"is_trial":false,"path_per_floor":["M","?","$","M","?","E","M","E","T","?","?","T","E","M","R","B",null,"M","?","$","?","$","R","E","M","T","R","E","$","M","?","R","B",null,"M","$","M","?","M","E","M","R","T","R","?","$","?","M","R","B",null,"R","$","E","B",null],"character_chosen":"MARISA","items_purchased":["Molten Egg 2","Runesmith:Nanobots","Happy Flower","EnergyFlow","AsteroidBelt","SynthV:MejaisSoulstealer","WitchOfGreed+1","AmplifyWand","RefractionSpark+1","GravityBeat+1","Membership Card","HollowDreamFlower","HandDrill","Ginger","Vajra","aspiration:Lifesprig","Civilization","ImprovedEquipment","Panache+1","Bag of Marbles"],"campfire_rested":2,"item_purchase_floors":[0,0,0,0,0,0,3,20,20,20,22,22,22,29,29,36,36,46,46,53],"current_hp_per_floor":[75,75,75,75,64,64,64,64,64,64,57,57,57,57,57,57,75,75,75,75,75,75,75,75,69,69,69,78,78,80,80,80,80,80,80,80,80,81,83,86,91,91,91,91,91,91,91,96,96,101,101,101,101,106,90],"gold":624,"neow_bonus":"","is_daily":false,"chose_seed":false,"campfire_upgraded":5,"win_rate":0.0,"timestamp":1613997127,"path_taken":["M","?","$","?","?","E","M","E","T","?","?","?","E","M","R","BOSS","M","?","$","?","?","R","E","?","T","R","E","$","M","?","R","BOSS","M","$","M","?","M","E","M","R","T","R","?","$","?","M","R","BOSS","R","$","E","BOSS"],"items_purchased_type":["Relic","Relic","Relic","Card","Card","Relic","Card","Relic","Card","Card","Relic","Relic","Relic","Relic","Relic","Relic","Relic","Relic","Card","Relic"],"build_version":"2020-12-22","purchased_purges":7,"victory":true,"max_hp_per_floor":[75,75,75,75,75,75,75,75,75,75,75,75,75,75,75,75,75,75,75,75,75,75,75,75,75,75,75,80,80,80,80,80,80,80,80,80,81,81,83,86,91,91,91,91,91,91,91,96,96,101,101,101,101,106,111],"card_choices":[{"not_picked":["WitchLeyline+1","SporeBomb"],"picked":"MysteriousBeam+1","floor":1.0},{"not_picked":["PowerUp","DC+1","IllusionStar","GrandCross+1"],"picked":"Acceleration","floor":4.0},{"not_picked":["SuperNova+1","MilkyWay","EventHorizon+1","DeepEcoloBomb+1"],"picked":"MillisecondPulsars+1","floor":6.0},{"not_picked":["MeteoricShower+1","PropBag","MilkyWay","ShootingEcho+1"],"picked":"PulseMagic","floor":7.0},{"not_picked":["ShootingEcho+1","MysteriousBeam+1","Orbital","GalacticHalo"],"picked":"Acceleration","floor":8.0},{"not_picked":["PowerUp","Singularity+1","SatelliteIllusion+1","DoubleSpark+1","MillisecondPulsars+1"],"picked":"SKIP","floor":13.0},{"not_picked":["MagicChant","UnstableBomb+1","6A+1","SporeBomb"],"picked":"Robbery+1","floor":14.0},{"not_picked":["EnergyRecoil","ManaConvection+1","EnergyFlow+1","UnstableBomb+1"],"picked":"Robbery+1","floor":18.0},{"not_picked":["MysteriousBeam+1","DragonMeteor+1","GrandCross+1","DC+1","AlicesGift+1"],"picked":"SKIP","floor":24.0},{"not_picked":["MagicAbsorber","6A+1","AsteroidBelt+1","SuperNova+1"],"picked":"MilkyWay+1","floor":25.0},{"not_picked":["PulseMagic","WitchOfGreed+1","ShootingEcho+1","IllusionStar+1","Occultation"],"picked":"SKIP","floor":28.0},{"not_picked":["SporeBomb+1","Orbital","Occultation+1","MilkyWay","LuminesStrike+1"],"picked":"SKIP","floor":30.0},{"not_picked":["SporeBomb+1","Orbital","Occultation+1","MilkyWay","LuminesStrike+1"],"picked":"SKIP","floor":30.0},{"not_picked":["BlazingStar+1","MillisecondPulsars+1","MaximisePower","FinalSpark+1"],"picked":"CollectingQuirk+1","floor":33.0},{"not_picked":["PulseMagic+1","ChargingUp","AsteroidBelt","WitchLeyline+1","MagicAbsorber"],"picked":"SKIP","floor":35.0},{"not_picked":["EarthLightRay+1","Acceleration+1","ShootTheMoon+1","OneTimeOff","AsteroidBelt"],"picked":"SKIP","floor":37},{"not_picked":["Acceleration","ShootingEcho+1","UnstableBomb+1","UltimateShortwave","NonDirectionalLaser+1"],"picked":"SKIP","floor":39},{"not_picked":["DarkMatter+1","PowerUp+1","MagicChant+1","MilkyWay"],"picked":"DoubleSpark+1","floor":40},{"not_picked":["NonDirectionalLaser+1","GrandCross+1","OneTimeOff+1","WitchOfGreed+1","PowerUp+1"],"picked":"SKIP","floor":41},{"not_picked":["MachineGunSpark+1","Acceleration","WitchLeyline+1","AsteroidBelt+1","MilkyWay"],"picked":"SKIP","floor":48},{"not_picked":["ManaConvection","MeteoricShower+1","MagicAbsorber","MachineGunSpark+1","DarkSpark+1"],"picked":"SKIP","floor":54}],"player_experience":361832,"relics_obtained":[{"floor":1.0,"key":"SynthV:TestCard"},{"floor":6.0,"key":"Lantern"},{"floor":8.0,"key":"War Paint"},{"floor":12.0,"key":"aspiration:PocketMushroom"},{"floor":13.0,"key":"PreservedInsect"},{"floor":26.0,"key":"Gremlin Horn"},{"floor":28.0,"key":"Juzu Bracelet"},{"floor":40,"key":"Ornamental Fan"},{"floor":43,"key":"Pen Nib"},{"floor":54,"key":"Blood Vial"}],"event_choices":[{"cards_removed":["EnergyFlow"],"damage_healed":0.0,"max_hp_gain":0.0,"max_hp_loss":0.0,"gold_gain":0.0,"event_name":"WeMeetAgain","player_choice":"Gave Card","floor":2.0,"gold_loss":0.0,"damage_taken":0.0,"relics_obtained":["Frozen Egg 2"]},{"damage_healed":0.0,"max_hp_gain":0.0,"max_hp_loss":0.0,"gold_gain":75.0,"event_name":"World of Goop","player_choice":"Gather Gold","floor":5.0,"gold_loss":0.0,"damage_taken":11.0},{"damage_healed":0.0,"max_hp_gain":0.0,"max_hp_loss":0.0,"gold_gain":0.0,"event_name":"Dead Adventurer","player_choice":"Searched \u00273\u0027 times","floor":10.0,"gold_loss":0.0,"damage_taken":0.0,"relics_obtained":["Kunai"]},{"damage_healed":0.0,"max_hp_gain":0.0,"max_hp_loss":0.0,"gold_gain":99.0,"event_name":"Nest","player_choice":"Stole From Cult","floor":19.0,"gold_loss":0.0,"damage_taken":0.0},{"damage_healed":0.0,"max_hp_gain":0.0,"max_hp_loss":0.0,"gold_gain":0.0,"event_name":"The Library","player_choice":"Read","floor":21.0,"gold_loss":0.0,"damage_taken":0.0,"cards_obtained":["GrandCross"]},{"cards_removed":["Strike_MRS"],"damage_healed":0.0,"max_hp_gain":0.0,"max_hp_loss":0.0,"gold_gain":0.0,"event_name":"Back to Basics","player_choice":"Elegance","floor":31.0,"gold_loss":0.0,"damage_taken":0.0},{"cards_removed":["UpSweep"],"damage_healed":0,"gold_gain":0,"player_choice":"Removed Attack","damage_taken":0,"max_hp_gain":0,"max_hp_loss":0,"event_name":"Falling","floor":45,"gold_loss":0},{"damage_healed":0,"gold_gain":0,"player_choice":"Copied","damage_taken":0,"max_hp_gain":0,"max_hp_loss":0,"event_name":"Duplicator","floor":47,"gold_loss":0,"cards_obtained":["Acceleration"]}],"is_beta":false,"boss_relics":[{"not_picked":["Runic Dome","SacredBark"],"picked":"RhineCircuit"},{"not_picked":["Snecko Eye","Black Star"],"picked":"BewitchedHakkero"}],"items_purged_floors":[0,20,22,29,36,46,53],"is_endless":false,"potions_floor_spawned":[8,13,24,25,28,33,35,39,40],"ascension_level":1}}