{"host":"94qggqh0xz0sp6ai","time":1613959873,"event":{"mods":["100% Spire Juice","Abigail Mod","Act Like it!","BaseMod","CapriCore","Downfall","Friendly Minions","Gensokyo","Hermit","Jorbs\u0027s Wanderer Trilogy","Koishi","Marisa（霧雨　魔理沙）","Minty Spire (QoL Compilation)","Permanent Neow","Reimu（博??梦）","Reliquary","Ruina","StSLib","The Alterego","The Construct","The Cursed","The Hierophant","The Immortal","The Marked","The Mystic","The Senshi","The Servant 0.9.4","TheBandit","Waifu the Spire"],"gold_per_floor":[111,111,286,286,299,299,327,327,327,327,346,357,371,382,382,480,480,490,525,541,553,563,563,574,574,650,35,35,35,35,66,66,66,66],"floor_reached":33,"language":"ENG","playtime":1116,"items_purged":[],"score":374,"play_id":"b2b62c93-7125-40de-937a-051bad8e502f","local_time":"20210221201113","is_ascension_mode":true,"campfire_choices":[{"data":"hermit:BodyArmor","floor":6,"key":"SMITH"},{"data":"hermit:ShadowCloak","floor":8,"key":"SMITH"},{"data":"hermit:Malice","floor":10,"key":"SMITH"},{"data":"hermit:EyeOfTheStorm","floor":15,"key":"SMITH"},{"data":"hermit:Vantage","floor":23,"key":"SMITH"},{"floor":25,"key":"REST"},{"data":"hermit:Reprieve","floor":28,"key":"SMITH"},{"floor":32,"key":"REST"}],"circlet_count":0,"master_deck":["hermit:Strike_Hermit","hermit:Strike_Hermit","hermit:Strike_Hermit","hermit:Strike_Hermit","hermit:Defend_Hermit","hermit:Defend_Hermit","hermit:Defend_Hermit","hermit:Defend_Hermit","hermit:Snapshot","hermit:Covet","hermit:Quickdraw","hermit:Grudge","hermit:BodyArmor+1","hermit:Ricochet","hermit:CalledShot","hermit:ShadowCloak+1","Doubt","hermit:Malice+1","hermit:Spite","hermit:Spite","hermit:Vantage+1","hermit:EyeOfTheStorm+1","hermit:Dissolve","hermit:Ricochet","hermit:EyeOfTheStorm+1","hermit:Manifest+1","hermit:HighCaliber+1","hermit:Glare","hermit:LoneWolf","hermit:Reprieve+1","hermit:Maintenance+1"],"relics":["hermit:Momento","reliquary:RoseTintedGlasses","construct:FoamFinger","Bag of Marbles","Bag of Preparation","hermit:BartenderGlass","Red Mask","theSenshi:SuperSailorFukuRelic","Guardian:PocketSentry","TungstenRod","Ice Cream"],"acts_visited":["Exordium","TheCity"],"potions_floor_usage":[16,19,19,19,21,21,21,31,31,33,33],"damage_taken":[{"damage":2,"enemies":"2 Louse","floor":1,"turns":3},{"damage":0,"enemies":"Jaw Worm","floor":5,"turns":3},{"damage":25,"enemies":"Gremlin Nob","floor":7,"turns":5},{"damage":0,"enemies":"Cultist","floor":11,"turns":1},{"damage":5,"enemies":"3 Louse","floor":12,"turns":3},{"damage":0,"enemies":"2 Fungi Beasts","floor":13,"turns":2},{"damage":0,"enemies":"Lots of Slimes","floor":14,"turns":1},{"damage":31,"enemies":"Slime Boss","floor":16,"turns":9},{"damage":16,"enemies":"Chosen","floor":18,"turns":5},{"damage":44,"enemies":"Masked Bandits","floor":19,"turns":7},{"damage":0,"enemies":"Spheric Guardian","floor":20,"turns":4},{"damage":2,"enemies":"Snecko","floor":21,"turns":5},{"damage":0,"enemies":"Centurion and Healer","floor":22,"turns":6},{"damage":13,"enemies":"Snake Plant","floor":24,"turns":2},{"damage":15,"enemies":"Slavers","floor":31,"turns":5},{"damage":65,"enemies":"Champ","floor":33,"turns":9}],"seed_played":"1397363999492421942","potions_obtained":[{"floor":1,"key":"SpeedPotion"},{"floor":11,"key":"SneckoOil"},{"floor":14,"key":"FairyPotion"},{"floor":16,"key":"Ancient Potion"},{"floor":24,"key":"Ancient Potion"},{"floor":31,"key":"ColorlessPotion"}],"is_trial":false,"path_per_floor":["M","?","?","T","M","R","E","R","T","R","M","M","M","M","R","B",null,"M","?","M","M","M","R","M","R","T","$","R","?","?","E","R","B"],"character_chosen":"HERMIT","items_purchased":["Guardian:PocketSentry","TungstenRod","hermit:Reprieve"],"campfire_rested":2,"item_purchase_floors":[27,27,27],"current_hp_per_floor":[66,66,66,66,66,66,41,41,41,41,41,36,36,36,36,5,58,42,22,22,20,20,20,7,29,29,29,29,29,23,16,38,0,0],"gold":66,"neow_bonus":"RANDOM_COMMON_RELIC","is_daily":false,"chose_seed":false,"campfire_upgraded":6,"win_rate":0.0,"timestamp":1613959873,"path_taken":["M","?","?","?","M","R","E","R","T","R","M","M","M","M","R","BOSS","M","?","M","M","M","R","M","R","T","$","R","?","?","E","R","BOSS"],"items_purchased_type":["Relic","Relic","Card"],"build_version":"2020-12-22","purchased_purges":0,"victory":false,"max_hp_per_floor":[75,75,75,75,75,75,75,75,75,75,75,75,75,75,75,75,75,75,75,75,75,75,75,75,75,75,75,75,75,75,75,75,80,80],"card_choices":[{"not_picked":["hermit:TrackingShot","hermit:Ricochet"],"picked":"hermit:Quickdraw","floor":1},{"not_picked":["hermit:Snipe","hermit:CalledShot","hermit:BodyArmor"],"picked":"SKIP","floor":5},{"not_picked":["hermit:Showdown","hermit:Midnight"],"picked":"hermit:Malice","floor":7},{"not_picked":["hermit:Desperado","hermit:HoleUp"],"picked":"hermit:Spite","floor":11},{"not_picked":["hermit:ItchyTrigger","hermit:Glare"],"picked":"hermit:Spite","floor":12},{"not_picked":["hermit:Dive","hermit:Desperado"],"picked":"hermit:Vantage","floor":13},{"not_picked":["hermit:Headshot","hermit:CalledShot"],"picked":"hermit:EyeOfTheStorm","floor":14},{"not_picked":["hermit:Reprieve","hermit:Purgatory"],"picked":"hermit:Dissolve","floor":16},{"not_picked":["hermit:Quickdraw","hermit:Roulette"],"picked":"hermit:Ricochet","floor":18},{"not_picked":["hermit:Ricochet","hermit:Desperado+1"],"picked":"hermit:EyeOfTheStorm+1","floor":19},{"not_picked":["hermit:SprayPray","hermit:Quickdraw+1"],"picked":"hermit:Manifest+1","floor":20},{"not_picked":["hermit:GoldenBullet","hermit:TrackingShot"],"picked":"hermit:HighCaliber+1","floor":21},{"not_picked":["hermit:Snipe","hermit:CalledShot"],"picked":"hermit:Glare","floor":22},{"not_picked":["hermit:Cheat","hermit:Snipe"],"picked":"hermit:LoneWolf","floor":24},{"not_picked":["hermit:WideOpen","hermit:Showdown+1"],"picked":"hermit:Maintenance+1","floor":31}],"player_experience":1537871,"relics_obtained":[{"floor":4,"key":"construct:FoamFinger"},{"floor":7,"key":"Bag of Marbles"},{"floor":9,"key":"Bag of Preparation"},{"floor":19,"key":"Red Mask"},{"floor":26,"key":"theSenshi:SuperSailorFukuRelic"},{"floor":31,"key":"Ice Cream"}],"event_choices":[{"damage_healed":0,"gold_gain":175,"player_choice":"AGREE","damage_taken":0,"max_hp_gain":0,"max_hp_loss":0,"event_name":"Liars Game","floor":3,"gold_loss":0,"cards_obtained":["Doubt"]},{"damage_healed":0,"gold_gain":0,"player_choice":"Fought Bandits","damage_taken":0,"max_hp_gain":0,"max_hp_loss":0,"event_name":"Masked Bandits","floor":19,"gold_loss":0},{"damage_healed":0,"gold_gain":0,"player_choice":"Damaged","damage_taken":7,"max_hp_gain":0,"max_hp_loss":0,"event_name":"Wheel of Change","floor":30,"gold_loss":0}],"is_beta":false,"boss_relics":[{"not_picked":["Philosopher\u0027s Stone","SlaversCollar"],"picked":"hermit:BartenderGlass"}],"items_purged_floors":[],"is_endless":false,"potions_floor_spawned":[1,11,14,16,18,24,31],"killed_by":"Champ","ascension_level":8}}