{"host":"p5axfb00mxhraew6","time":1613998434,"event":{"mods":["100% Spire Juice","Abigail Mod","Act Like it!","BaseMod","CapriCore","Friendly Minions","GifTheSpireLib","Jedi Mod","KomeijiMod","MarisaÅiñ∂âJÅ@ñÇóùçπÅj","Minty Spire (QoL Compilation)","Prisma Mod","ReimuÅiîé??öÎÅj","RemiliaÅiÂQïƒ‰ª?Åj","SOSÅiézîb?îVéqÅj","StSLib","Td1madao Mod","The Alterego","The Immortal","The Problem Sleuth","Yakumo Yukari mod"],"gold_per_floor":[135,152,152,152,1,1,34,34,57,91,91,104,14,45,45,122,122,134,159,171,171,171,171,204,204,204,236,256,256,117,117,117,190,190,208,208,208,233,250,284,284,317,317,317,327,327,377,417,417,417,417,417,417,63,63,63,63],"floor_reached":56,"language":"ENG","playtime":2393,"items_purged":["AT_purpleEX","AT_purpleEX","AT_purpleEX","AT_purpleEX"],"score":2281,"play_id":"821a89a2-0907-4e07-9ba8-422cfbc0afad","local_time":"20210222215354","is_ascension_mode":true,"campfire_choices":[{"data":"Umbrella_purple","floor":6.0,"key":"SMITH"},{"data":"MeetDecomposer_purple","floor":8.0,"key":"SMITH"},{"floor":11.0,"key":"REST"},{"data":"CommonSense_AntiCommonSense_purple","floor":15.0,"key":"SMITH"},{"data":"D_absorption_purple","floor":23.0,"key":"SMITH"},{"data":"Mirror_FourBoundary_purple","floor":25.0,"key":"SMITH"},{"data":"RuleDissolution_purple","floor":29.0,"key":"SMITH"},{"floor":32.0,"key":"RECALL"},{"data":"WorldDissolvedintheRealm_purple","floor":41.0,"key":"SMITH"},{"data":"ProofOfUnderstanding_purple","floor":44.0,"key":"SMITH"},{"data":"Fancifulhole_purple","floor":46.0,"key":"SMITH"},{"data":"WorldDissolvedintheRealm_purple","floor":49.0,"key":"SMITH"},{"data":"OmniscientAndOmnipotent_Monster_purple","floor":53.0,"key":"SMITH"}],"circlet_count":0,"master_deck":["AscendersBane","Defend_purpleEX","Defend_purpleEX","Defend_purpleEX+1","Defend_purpleEX","Observe_purple_1","Observe_purple_2+1","RuptureOfTimeAndSpace_purple+1","Umbrella_purple+1","Mirror_FourBoundary_purple+1","MeetDecomposer_purple+1","RuleDissolution_purple+1","WorldDissolvedintheRealm_purple+1","CommonSense_AntiCommonSense_purple+1","OmniscientAndOmnipotent_Monster_purple+1","D_absorption_purple+1","OmniscientAndOmnipotent_Monster_purple+1","RuptureOfTimeAndSpace_purple+1","DimensionStaggered_purple+1","Bait_HighSpeedFlying_purple+1","MNeedle_purple","OpenedBox_purple+1","Observe_purple_1","Fancifulhole_purple+1","MeetDecomposer_purple+1","AdvanceAttack_purple+1","ProofOfUnderstanding_purple+1","RuleDissolution_purple+1","OmniscientAndOmnipotent_Monster_purple+1","DimensionStaggered_purple+1","WorldDissolvedintheRealm_purple+1","Mirror_FourBoundary_purple","SfantasyHide_purple+1"],"relics":["Boundary_crack","Memoryfragments_purpleEX","War Paint","Singing Bowl","Smiling Mask","Dream Catcher","Toy Ornithopter","Philosopher\u0027s Stone","Pen Nib","MutagenicStrength","Nilry\u0027s Codex","Mummified Hand","Toxic Egg 2","Omamori","SlaversCollar","Regal Pillow","Sundial","jedi:shrinkray","jedi:ominousloannote","PreservedInsect","Strange Spoon","Whetstone"],"acts_visited":["Exordium","TheCity","TheBeyond","TheEnding"],"potions_floor_usage":[56,56],"damage_taken":[{"damage":0.0,"enemies":"Cultist","floor":1.0,"turns":4.0},{"damage":7.0,"enemies":"Small Slimes","floor":2.0,"turns":6.0},{"damage":23.0,"enemies":"Lagavulin","floor":7.0,"turns":6.0},{"damage":15.0,"enemies":"Gremlin Nob","floor":10.0,"turns":3.0},{"damage":0.0,"enemies":"2 Louse","floor":12.0,"turns":2.0},{"damage":19.0,"enemies":"Lagavulin","floor":14.0,"turns":4.0},{"damage":6.0,"enemies":"Hexaghost","floor":16.0,"turns":6.0},{"damage":0.0,"enemies":"Chosen","floor":18.0,"turns":5.0},{"damage":0.0,"enemies":"Spheric Guardian","floor":20.0,"turns":1.0},{"damage":0.0,"enemies":"Gremlin Leader","floor":24.0,"turns":6.0},{"damage":0.0,"enemies":"Slavers","floor":27.0,"turns":2.0},{"damage":0.0,"enemies":"Centurion and Healer","floor":28.0,"turns":3.0},{"damage":0.0,"enemies":"Champ","floor":33.0,"turns":8.0},{"damage":10.0,"enemies":"Orb Walker","floor":35.0,"turns":2.0},{"damage":0.0,"enemies":"3 Darklings","floor":39.0,"turns":2.0},{"damage":0.0,"enemies":"Nemesis","floor":40.0,"turns":3.0},{"damage":0.0,"enemies":"Giant Head","floor":42.0,"turns":5.0},{"damage":0.0,"enemies":"Spire Growth","floor":45.0,"turns":2.0},{"damage":0.0,"enemies":"Donu and Deca","floor":50.0,"turns":6.0},{"damage":5.0,"enemies":"Time Eater","floor":51.0,"turns":8.0},{"damage":26.0,"enemies":"Shield and Spear","floor":55.0,"turns":4.0},{"damage":72,"enemies":"The Heart","floor":56,"turns":3}],"seed_played":"-8417265837754924750","potions_obtained":[{"floor":2.0,"key":"SpeedPotion"},{"floor":7.0,"key":"Swift Potion"},{"floor":16.0,"key":"Explosive Potion"},{"floor":18.0,"key":"AttackPotion"},{"floor":27.0,"key":"Regen Potion"},{"floor":35.0,"key":"Explosive Potion"},{"floor":42.0,"key":"Weak Potion"}],"is_trial":false,"path_per_floor":["M","M","?","?","$","R","E","R","T","E","R","M","$","E","R","B",null,"M","T","M","?","?","R","E","R","T","E","M","R","$","?","R","B",null,"M","?","?","T","M","E","R","E","T","R","M","R","?","$","R","B","B",null,"R","$","E","B"],"character_chosen":"Youkari","items_purchased":["Mirror_FourBoundary_purple","CommonSense_AntiCommonSense_purple","OpenedBox_purple+1","jedi:ominousloannote","PreservedInsect","DimensionStaggered_purple+1","WorldDissolvedintheRealm_purple","Mirror_FourBoundary_purple","Strange Spoon","SfantasyHide_purple+1"],"campfire_rested":1,"item_purchase_floors":[5,13,30,48,48,48,48,54,54,54],"current_hp_per_floor":[63,61,61,61,61,61,43,43,43,32,52,55,55,39,39,38,60,65,65,67,67,46,46,51,51,51,63,67,67,67,67,67,67,67,59,61,61,61,66,69,69,69,69,69,69,69,69,69,69,69,69,69,69,69,50,0,0],"gold":63,"neow_bonus":"UPGRADE_CARD","is_daily":false,"chose_seed":false,"campfire_upgraded":11,"win_rate":0.0,"timestamp":1613998434,"path_taken":["M","M","?","?","$","R","E","R","T","E","R","?","?","E","R","BOSS","M","?","?","?","?","R","E","R","T","E","M","R","$","?","R","BOSS","M","?","?","?","?","E","R","E","T","R","M","R","?","$","R","BOSS","BOSS","R","$","E","BOSS"],"items_purchased_type":["Card","Card","Card","Relic","Relic","Card","Card","Card","Relic","Card"],"build_version":"2020-12-22","purchased_purges":4,"victory":false,"max_hp_per_floor":[65,65,65,65,65,65,65,65,65,67,67,67,67,67,67,67,67,67,67,67,67,67,67,67,67,67,67,67,67,67,67,67,67,67,67,69,69,69,69,69,69,69,69,69,69,69,69,69,69,69,69,69,69,69,71,71,71],"card_choices":[{"not_picked":["ExistenceContinue_purple","RealityDreamConfluencek_purple"],"picked":"RuptureOfTimeAndSpace_purple","floor":1.0},{"not_picked":["MonsterNeedle_purple","Realm_recovery_purpleEX"],"picked":"Umbrella_purple","floor":2.0},{"not_picked":["RuptureOfTimeAndSpace_purple","EighthInstrument_OneDividesIntoTwo_purple"],"picked":"MeetDecomposer_purple","floor":7.0},{"not_picked":["Worldmountain_purple","Boundary_DreamRealityDamnation_purple","MetroBOOM_purple"],"picked":"Singing Bowl","floor":10.0},{"not_picked":["StateDuplicate_purple","Realm_recovery_purpleEX"],"picked":"RuleDissolution_purple","floor":11.0},{"not_picked":["Shallow_ocean_purpleEX","Realm_recovery_purpleEX"],"picked":"WorldDissolvedintheRealm_purple","floor":12.0},{"not_picked":["Mirror_Drifter_purple","StateErode_purple"],"picked":"OmniscientAndOmnipotent_Monster_purple","floor":14.0},{"not_picked":["Human_Monster_Realm_purple","MagicEyes_LaplaceDemon_purple"],"picked":"D_absorption_purple","floor":16.0},{"not_picked":["Worldmountain_purple","RuleDissolution_purple"],"picked":"OmniscientAndOmnipotent_Monster_purple","floor":18.0},{"not_picked":["Line_surface_state_purple","RealityDreamConfluencek_purple"],"picked":"RuptureOfTimeAndSpace_purple+1","floor":20.0},{"not_picked":["OpenedBox_purple","ExternalForce_HighSpeedFlying_purple+1"],"picked":"DimensionStaggered_purple+1","floor":24.0},{"not_picked":["RealityDreamConfluencek_purple+1","PositiveMatter_Antimatter_Universe_purple+1"],"picked":"Bait_HighSpeedFlying_purple+1","floor":27.0},{"not_picked":["StretchesForeverDream_purple+1","PurpleNeedle_purple"],"picked":"MNeedle_purple","floor":28.0},{"not_picked":["GluttonyofRealm_purpleEX","LoveAcrossDimensions_purple"],"picked":"Fancifulhole_purple","floor":33.0},{"not_picked":["SfantasyHide_purple+1","CommonSense_AntiCommonSense_purple"],"picked":"MeetDecomposer_purple+1","floor":35.0},{"not_picked":["Trip+1","PanicButton+1","jedi:LeechingStrike"],"picked":"Singing Bowl","floor":36.0},{"not_picked":["DarkRealmRedLine_purple","Worldmountain_purple"],"picked":"AdvanceAttack_purple","floor":39.0},{"not_picked":["Worldmountain_purple","RuleDissolution_purple+1"],"picked":"ProofOfUnderstanding_purple","floor":40.0},{"not_picked":["StateErode_purple","Umbrella_purple"],"picked":"RuleDissolution_purple+1","floor":42.0},{"not_picked":["DimensionStaggered_purple+1","Charmbait_purple"],"picked":"OmniscientAndOmnipotent_Monster_purple+1","floor":45.0},{"not_picked":["StateErode_purple","MNeedle_purple","Charmbait_purple+1"],"picked":"Singing Bowl","floor":55.0}],"player_experience":1248146,"relics_obtained":[{"floor":7.0,"key":"Singing Bowl"},{"floor":9.0,"key":"Smiling Mask"},{"floor":10.0,"key":"Dream Catcher"},{"floor":14.0,"key":"Toy Ornithopter"},{"floor":19.0,"key":"Pen Nib"},{"floor":22.0,"key":"Nilry\u0027s Codex"},{"floor":24.0,"key":"Mummified Hand"},{"floor":26.0,"key":"Toxic Egg 2"},{"floor":27.0,"key":"Omamori"},{"floor":40.0,"key":"Regal Pillow"},{"floor":42.0,"key":"Sundial"},{"floor":43.0,"key":"jedi:shrinkray"},{"floor":55.0,"key":"Whetstone"}],"event_choices":[{"damage_healed":0.0,"max_hp_gain":0.0,"max_hp_loss":0.0,"gold_gain":0.0,"event_name":"WeMeetAgain","player_choice":"Gave Potion","floor":4.0,"gold_loss":0.0,"damage_taken":0.0,"relics_obtained":["War Paint"]},{"damage_healed":0.0,"max_hp_gain":0.0,"max_hp_loss":0.0,"gold_gain":0.0,"event_name":"Drug Dealer","player_choice":"Inject Mutagens","floor":21.0,"gold_loss":0.0,"damage_taken":0.0,"relics_obtained":["MutagenicStrength"]},{"damage_healed":0.0,"max_hp_gain":0.0,"max_hp_loss":0.0,"gold_gain":0.0,"event_name":"Cursed Tome","player_choice":"Obtained Book","floor":22.0,"gold_loss":0.0,"damage_taken":21.0},{"damage_healed":0.0,"max_hp_gain":0.0,"max_hp_loss":0.0,"gold_gain":0.0,"event_name":"Match and Keep!","player_choice":"1 cards matched","floor":31.0,"gold_loss":0.0,"damage_taken":0.0,"cards_obtained":["Observe_purple_1"]},{"damage_healed":0.0,"max_hp_gain":0.0,"max_hp_loss":0.0,"gold_gain":0.0,"event_name":"SensoryStone","player_choice":"Memory 1","floor":36.0,"gold_loss":0.0,"damage_taken":0.0},{"damage_healed":0.0,"max_hp_gain":0.0,"max_hp_loss":0.0,"gold_gain":0.0,"event_name":"Tomb of Lord Red Mask","player_choice":"Ignored","floor":37.0,"gold_loss":0.0,"damage_taken":0.0},{"damage_healed":0.0,"max_hp_gain":0.0,"max_hp_loss":0.0,"gold_gain":50.0,"event_name":"Golden Shrine","player_choice":"Pray","floor":47.0,"gold_loss":0.0,"damage_taken":0.0}],"is_beta":false,"boss_relics":[{"not_picked":["jedi:hotpepper","Snecko Eye"],"picked":"Philosopher\u0027s Stone"},{"not_picked":["Sozu","Cursed Key"],"picked":"SlaversCollar"}],"items_purged_floors":[5,30,48,54],"is_endless":false,"potions_floor_spawned":[2,7,16,18,20,27,35,42,55],"killed_by":"The Heart","ascension_level":20}}