{"host":"ju1b3c4x8n2jtjm7","time":1613996808,"event":{"mods":["AchievementEnabler","BaseMod","Colored Map","Colored Powertips","Highlight Path","Minty Spire (QoL Compilation)","Quick Restart","Rare Cards Sparkle","Relic Stats"],"gold_per_floor":[17,17,29,39,53,80,80,80,103,113,139,155,155,191,191,221,221],"floor_reached":16,"language":"ENG","playtime":1129,"items_purged":[],"score":215,"play_id":"98fe84e1-853e-4489-be0f-c0115bde3290","local_time":"20210222132648","is_ascension_mode":true,"campfire_choices":[{"data":"LessonLearned","floor":7.0,"key":"SMITH"},{"data":"SandsOfTime","floor":13.0,"key":"SMITH"},{"data":"Wish","floor":15.0,"key":"SMITH"}],"circlet_count":0,"master_deck":["AscendersBane","Strike_P+1","Strike_P","Strike_P","Strike_P+1","Defend_P+1","Defend_P+1","Defend_P+1","Defend_P+1","Eruption+1","Vigilance+1","LessonLearned+1","FollowUp","Crescendo+1","EmptyMind","InnerPeace","CrushJoints","FlurryOfBlows","Wish+1","SandsOfTime+1","Wallop"],"relics":["PureWater","Potion Belt","Vajra","Regal Pillow"],"acts_visited":["Exordium"],"potions_floor_usage":[16],"damage_taken":[{"damage":0.0,"enemies":"Small Slimes","floor":1.0,"turns":2.0},{"damage":0.0,"enemies":"Jaw Worm","floor":3.0,"turns":1.0},{"damage":4.0,"enemies":"Cultist","floor":4.0,"turns":5.0},{"damage":5.0,"enemies":"Blue Slaver","floor":5.0,"turns":3.0},{"damage":16.0,"enemies":"Gremlin Nob","floor":6.0,"turns":3.0},{"damage":0.0,"enemies":"Exordium Thugs","floor":10.0,"turns":3.0},{"damage":0.0,"enemies":"Lagavulin","floor":11.0,"turns":3.0},{"damage":3.0,"enemies":"Looter","floor":12.0,"turns":5.0},{"damage":0.0,"enemies":"Lots of Slimes","floor":14.0,"turns":5.0},{"damage":42,"enemies":"Hexaghost","floor":16,"turns":10}],"seed_played":"-5061421840656025668","potions_obtained":[{"floor":1.0,"key":"FearPotion"},{"floor":5.0,"key":"Explosive Potion"},{"floor":8.0,"key":"LiquidMemories"},{"floor":8.0,"key":"Regen Potion"},{"floor":8.0,"key":"BottledMiracle"},{"floor":10.0,"key":"SkillPotion"},{"floor":12.0,"key":"PowerPotion"}],"is_trial":false,"path_per_floor":["M","?","M","M","M","E","R","?","T","M","E","M","R","M","R","B"],"character_chosen":"WATCHER","items_purchased":[],"campfire_rested":0,"item_purchase_floors":[],"current_hp_per_floor":[65,65,65,61,56,40,40,40,40,40,49,46,46,46,46,4,4],"gold":221,"neow_bonus":"THREE_RARE_CARDS","is_daily":false,"chose_seed":false,"campfire_upgraded":3,"win_rate":0.0,"timestamp":1613996808,"path_taken":["M","?","M","M","M","E","R","?","T","M","E","M","R","M","R","BOSS"],"items_purchased_type":[],"build_version":"2020-12-22","purchased_purges":0,"victory":false,"max_hp_per_floor":[72,72,72,72,72,72,72,72,72,72,72,72,72,72,72,72,72],"relic_stats":{"Regal Pillow":0,"counters":[10,40],"obtain_stats":[{"Potion Belt":6,"Regal Pillow":11,"Vajra":9,"PureWater":0},{"Potion Belt":5,"Regal Pillow":7,"Vajra":5,"PureWater":0},{"Potion Belt":14,"Regal Pillow":20,"Vajra":14,"PureWater":0}]},"card_choices":[{"not_picked":["Brilliance","Scrawl"],"picked":"LessonLearned","floor":0.0},{"not_picked":["EmptyMind","PathToVictory"],"picked":"FollowUp","floor":1.0},{"not_picked":["Prostrate","PathToVictory"],"picked":"Crescendo","floor":3.0},{"not_picked":["JustLucky","Conclude"],"picked":"EmptyMind","floor":4.0},{"not_picked":["PathToVictory","WindmillStrike"],"picked":"InnerPeace","floor":5.0},{"not_picked":["ForeignInfluence","Crescendo"],"picked":"CrushJoints","floor":6.0},{"not_picked":["JustLucky","ClearTheMind"],"picked":"FlurryOfBlows","floor":10.0},{"not_picked":["Consecrate","LikeWater"],"picked":"Wish","floor":11.0},{"not_picked":["Vengeance","EmptyBody"],"picked":"SandsOfTime","floor":12.0},{"not_picked":["Evaluate","Protect"],"picked":"Wallop","floor":14.0}],"player_experience":474548,"relics_obtained":[{"floor":6.0,"key":"Potion Belt"},{"floor":9.0,"key":"Vajra"},{"floor":11.0,"key":"Regal Pillow"}],"event_choices":[{"damage_healed":0.0,"max_hp_gain":0.0,"max_hp_loss":0.0,"gold_gain":0.0,"event_name":"Living Wall","player_choice":"Grow","floor":2.0,"gold_loss":0.0,"damage_taken":0.0,"cards_upgraded":["Eruption"]},{"damage_healed":0.0,"max_hp_gain":0.0,"max_hp_loss":0.0,"gold_gain":0.0,"event_name":"Lab","player_choice":"Got Potions","floor":8.0,"gold_loss":0.0,"damage_taken":0.0}],"is_beta":false,"boss_relics":[],"items_purged_floors":[],"is_endless":false,"potions_floor_spawned":[1,5,10,12],"killed_by":"Hexaghost","ascension_level":11}}