{"host":"dm3der2z84gf27js","time":1613981811,"event":{"mods":["AchievementEnabler","BaseMod","Bestiary","Better Note","Better Third Choice","Colored Map","Colored Powertips","Marisa????????","Minty Spire (QoL Compilation)","Onozuka Komachi Mod","StSLib","The Marked","The Servant 0.9.4"],"gold_per_floor":[367,380,380,392,392,392,417,417,417,450,470,483,497,61,61,61,61],"floor_reached":16,"language":"ENG","playtime":822,"items_purged":[],"score":118,"play_id":"31a82df5-4d87-4e99-996b-d8fbccf756f0","local_time":"20210222031651","is_ascension_mode":true,"campfire_choices":[{"floor":6,"key":"REST"},{"floor":8,"key":"REST"},{"floor":15,"key":"REST"}],"circlet_count":0,"master_deck":["Strike_MRS","Strike_MRS","Strike_MRS","Strike_MRS","Defend_MRS","Defend_MRS","Defend_MRS","MasterSpark","UpSweep","ChargeUpSpray","SporeBomb","Seek","Acceleration","IllusionStar","SatelliteIllusion","OneTimeOff","ChargingUp","NonDirectionalLaser","StarBarrage","CasketOfStar"],"relics":["MiniHakkero","Torii","Girya","Strawberry","Potion Belt","Cauldron","Blood Vial"],"acts_visited":["Exordium"],"potions_floor_usage":[10,10,13,16,16,16,16,16],"damage_taken":[{"damage":3,"enemies":"Small Slimes","floor":1,"turns":3},{"damage":1,"enemies":"Jaw Worm","floor":2,"turns":3},{"damage":6,"enemies":"Cultist","floor":4,"turns":3},{"damage":33,"enemies":"Gremlin Nob","floor":7,"turns":4},{"damage":21,"enemies":"Lagavulin","floor":10,"turns":6},{"damage":9,"enemies":"3 Louse","floor":11,"turns":3},{"damage":13,"enemies":"Gremlin Gang","floor":12,"turns":4},{"damage":0,"enemies":"Red Slaver","floor":13,"turns":2},{"damage":33,"enemies":"The Guardian","floor":16,"turns":8}],"seed_played":"-6159722923168455712","potions_obtained":[{"floor":1,"key":"SteroidPotion"},{"floor":2,"key":"EssenceOfSteel"},{"floor":12,"key":"DistilledChaos"},{"floor":14,"key":"GamblersBrew"},{"floor":14,"key":"DuplicationPotion"},{"floor":14,"key":"Block Potion"},{"floor":14,"key":"DistilledChaos"},{"floor":14,"key":"SpeedPotion"}],"is_trial":false,"path_per_floor":["M","M","?","M","?","R","E","R","T","E","M","M","M","$","R","B"],"character_chosen":"MARISA","items_purchased":["CasketOfStar","Cauldron","Blood Vial"],"campfire_rested":3,"item_purchase_floors":[14,14,14],"current_hp_per_floor":[51,50,33,27,27,49,23,47,47,26,17,4,4,4,28,0,0],"gold":61,"neow_bonus":"TWO_FIFTY_GOLD","is_daily":false,"chose_seed":false,"campfire_upgraded":0,"win_rate":0.0,"timestamp":1613981811,"path_taken":["M","M","?","M","?","R","E","R","T","E","?","M","M","$","R","BOSS"],"items_purchased_type":["Card","Relic","Relic"],"build_version":"2020-12-22","purchased_purges":0,"victory":false,"max_hp_per_floor":[75,75,75,75,75,75,82,82,82,82,82,82,82,82,82,82,82],"card_choices":[{"not_picked":["SporeBomb","GalacticHalo"],"picked":"ChargeUpSpray","floor":1},{"not_picked":["Acceleration","DoubleSpark"],"picked":"SporeBomb","floor":2},{"not_picked":["LuminesStrike","MeteoricShower"],"picked":"Acceleration","floor":4},{"not_picked":["EnergyFlow","DarkSpark"],"picked":"SatelliteIllusion","floor":7},{"not_picked":["ManaConvection","Acceleration"],"picked":"OneTimeOff","floor":10},{"not_picked":["Acceleration","EnergyRecoil"],"picked":"ChargingUp","floor":11},{"not_picked":["AlicesGift","PowerUp"],"picked":"NonDirectionalLaser","floor":12},{"not_picked":["PulseMagic","DoubleSpark"],"picked":"StarBarrage","floor":13}],"player_experience":237005,"relics_obtained":[{"floor":7,"key":"Strawberry"},{"floor":10,"key":"Potion Belt"}],"event_choices":[{"damage_healed":0,"gold_gain":1,"player_choice":"Relic Card Relic ","damage_taken":17,"max_hp_gain":0,"max_hp_loss":0,"event_name":"betterThird:BetterScrap","floor":3,"gold_loss":0,"cards_obtained":["Seek","Bludgeon"]},{"damage_healed":0,"gold_gain":0,"cards_transformed":["Defend_MRS"],"player_choice":"Change","damage_taken":0,"max_hp_gain":0,"max_hp_loss":0,"event_name":"Living Wall","floor":5,"gold_loss":0,"cards_obtained":["IllusionStar"]}],"is_beta":false,"boss_relics":[],"items_purged_floors":[],"is_endless":false,"potions_floor_spawned":[1,2,12],"killed_by":"The Guardian","ascension_level":1}}