{"host":"dl909bjyolgrn2uw","time":1613963319,"event":{"mods":["2.2 Compatiblity","AchievementEnabler","BaseMod","Bestiary","Better Altar","Better Note","Better Sensory Stone","Better Skull","Better Vampires","Better-Laid Plans","Colored Powertips","Conspire","Curses Come First","Disable Question Mark Monsters","Displayed Cursed Tome","Emptier Cage","Minty Spire (QoL Compilation)","Morshu Shopkeeper","Permanent Neow","Quick Restart","Rare Cards Sparkle","Relic Stats","Shop Mod","Spicy Shops","StSLib","SuperFastMode","Transform Curses"],"gold_per_floor":[110,125,75,88,88,88,120,120,120,120,139,139,165,177,177,282,282,299,311,331,28,38,64,64,64,64,91,91,118,67,83,83,186,186,201,212,231,231,1,26,269,280,280,280,293,321,336,380,380,380],"floor_reached":51,"language":"ENG","playtime":3611,"items_purged":["conspire:GhostlyStrike"],"score":1473,"play_id":"67ad7ed8-b08b-43f1-b02a-c7aed4e0ac09","local_time":"20210221210839","is_ascension_mode":true,"campfire_choices":[{"data":"Sucker Punch","floor":6.0,"key":"SMITH"},{"floor":10.0,"key":"REST"},{"data":"Catalyst","floor":12.0,"key":"SMITH"},{"data":"Poisoned Stab","floor":15.0,"key":"SMITH"},{"data":"Wraith Form v2","floor":25.0,"key":"SMITH"},{"data":"Catalyst","floor":28.0,"key":"SMITH"},{"data":"Well Laid Plans","floor":32.0,"key":"SMITH"},{"data":"Doppelganger","floor":44,"key":"SMITH"},{"data":"Doppelganger","floor":49,"key":"SMITH"}],"circlet_count":0,"master_deck":["AscendersBane","conspire:GhostlyDefend","conspire:GhostlyDefend","conspire:GhostlyDefend","conspire:GhostlyDefend","conspire:GhostlyDefend","Survivor","Neutralize","Sucker Punch+1","Flying Knee","Deadly Poison","Catalyst+1","Blade Dance","Poisoned Stab+1","Wraith Form v2+1","Crippling Poison","Catalyst+1","Footwork","Predator","PiercingWail","Dodge and Roll+1","Well Laid Plans+1","Footwork","Doppelganger+1","Acrobatics+1","conspire:PoisonWeapons+1","Outmaneuver+1","Wraith Form v2+1","conspire:GhostlyDefend","conspire:GhostlyDefend","conspire:GhostlyDefend","conspire:GhostlyDefend","conspire:GhostlyDefend","Survivor","Neutralize","Sucker Punch+1","Flying Knee","Deadly Poison","Catalyst+1","Blade Dance","Poisoned Stab+1","Wraith Form v2+1","Crippling Poison","Catalyst+1","Footwork","Predator","PiercingWail","Dodge and Roll+1","Well Laid Plans+1","Footwork","Doppelganger+1","Acrobatics+1","conspire:PoisonWeapons+1","Outmaneuver+1","Wraith Form v2+1","Backflip+1"],"relics":["Ring of the Snake","Omamori","Thread and Needle","Meat on the Bone","Happy Flower","conspire:SeveredTorchhead","Pear","Boot","Pen Nib","Bird Faced Urn","Empty Cage","DollysMirror","CeramicFish","Pantograph","Bag of Preparation","Oddly Smooth Stone"],"acts_visited":["Exordium","TheCity","TheBeyond"],"potions_floor_usage":[50,50,50],"damage_taken":[{"damage":26.0,"enemies":"Jaw Worm","floor":1.0,"turns":10.0},{"damage":4.0,"enemies":"2 Louse","floor":2.0,"turns":3.0},{"damage":4.0,"enemies":"Small Slimes","floor":4.0,"turns":3.0},{"damage":22.0,"enemies":"Gremlin Nob","floor":7.0,"turns":4.0},{"damage":4.0,"enemies":"Looter","floor":11.0,"turns":3.0},{"damage":6.0,"enemies":"Lagavulin","floor":13.0,"turns":6.0},{"damage":5.0,"enemies":"2 Fungi Beasts","floor":14.0,"turns":5.0},{"damage":43.0,"enemies":"Slime Boss","floor":16.0,"turns":10.0},{"damage":0.0,"enemies":"3 Byrds","floor":18.0,"turns":5.0},{"damage":4.0,"enemies":"Spheric Guardian","floor":19.0,"turns":5.0},{"damage":23.0,"enemies":"Snake Plant","floor":20.0,"turns":3.0},{"damage":10.0,"enemies":"Shelled Parasite and Fungi","floor":22.0,"turns":4.0},{"damage":16.0,"enemies":"Book of Stabbing","floor":23.0,"turns":5.0},{"damage":9.0,"enemies":"Slavers","floor":27.0,"turns":6.0},{"damage":0.0,"enemies":"Book of Stabbing","floor":29.0,"turns":4.0},{"damage":0.0,"enemies":"conspire:HollyBat","floor":31.0,"turns":8.0},{"damage":15.0,"enemies":"conspire:MysteriousRune","floor":33.0,"turns":7.0},{"damage":0.0,"enemies":"3 Shapes","floor":35.0,"turns":8.0},{"damage":0.0,"enemies":"Orb Walker","floor":36.0,"turns":4.0},{"damage":11,"enemies":"Transient","floor":37,"turns":5},{"damage":0,"enemies":"Reptomancer","floor":40,"turns":4},{"damage":0,"enemies":"Maw","floor":42,"turns":5},{"damage":0,"enemies":"Sphere and 2 Shapes","floor":45,"turns":8},{"damage":0,"enemies":"Giant Head","floor":46,"turns":8},{"damage":0,"enemies":"Jaw Worm Horde","floor":47,"turns":5},{"damage":0,"enemies":"Nemesis","floor":48,"turns":7},{"damage":45,"enemies":"Awakened One","floor":50,"turns":12}],"seed_played":"-2082863779850328906","potions_obtained":[{"floor":4.0,"key":"BlessingOfTheForge"},{"floor":11.0,"key":"LiquidBronze"},{"floor":14.0,"key":"Strength Potion"},{"floor":18.0,"key":"ColorlessPotion"},{"floor":22.0,"key":"SneckoOil"},{"floor":29.0,"key":"Regen Potion"},{"floor":31.0,"key":"Block Potion"},{"floor":35.0,"key":"Energy Potion"},{"floor":37,"key":"DistilledChaos"}],"is_trial":false,"path_per_floor":["M","M","?","M","?","R","E","?","T","R","M","R","E","M","R","B",null,"M","M","M","$","M","E","?","R","T","E","R","E","$","M","R","B",null,"M","M","M","?","$","E","?","M","T","R","M","E","M","E","R","B",null],"character_chosen":"THE_SILENT","items_purchased":["Catalyst","Footwork","Predator","Well Laid Plans","DollysMirror","LiquidMemories"],"campfire_rested":1,"item_purchase_floors":[21,21,21,30,39,39],"current_hp_per_floor":[37,33,33,29,29,29,7,4,4,25,33,33,39,46,46,15,56,56,52,41,41,43,49,49,49,49,52,52,52,52,58,58,51,73,80,80,73,73,73,79,79,80,80,80,80,80,80,80,80,45],"gold":380,"neow_bonus":"RANDOM_COMMON_RELIC","is_daily":false,"chose_seed":false,"campfire_upgraded":8,"win_rate":0.0,"timestamp":1613963319,"path_taken":["M","M","?","M","?","R","E","?","T","R","M","R","E","M","R","BOSS","M","M","M","$","M","E","?","R","T","E","R","E","$","?","R","BOSS","M","M","M","?","?","E","?","M","T","R","?","E","M","E","R","BOSS"],"items_purchased_type":["Card","Card","Card","Card","Relic","Potion"],"build_version":"2020-12-22","purchased_purges":1,"victory":true,"max_hp_per_floor":[70,70,70,70,70,70,70,70,70,70,70,70,70,70,70,70,70,70,70,70,70,70,80,80,80,80,80,80,80,80,80,80,80,80,80,80,80,80,80,80,80,80,80,80,80,80,80,80,80,80],"relic_stats":{"Happy Flower":[42],"counters":[27,157],"Bird Faced Urn":[42],"CeramicFish":252,"Pantograph":0,"Pen Nib":[12],"Bag of Preparation":[6],"Boot":[155],"obtain_stats":[{"Pear":23,"Happy Flower":13,"CeramicFish":40,"Oddly Smooth Stone":48,"Thread and Needle":7,"Pen Nib":27,"Omamori":0,"Bag of Preparation":46,"Boot":26,"Empty Cage":34,"conspire:SeveredTorchhead":17,"DollysMirror":39,"Bird Faced Urn":29,"Pantograph":43,"Ring of the Snake":0,"Meat on the Bone":9},{"Pear":13,"Happy Flower":6,"CeramicFish":21,"Oddly Smooth Stone":26,"Thread and Needle":4,"Pen Nib":14,"Omamori":0,"Bag of Preparation":24,"Boot":13,"Empty Cage":17,"conspire:SeveredTorchhead":8,"DollysMirror":20,"Bird Faced Urn":15,"Pantograph":22,"Ring of the Snake":0,"Meat on the Bone":4},{"Pear":66,"Happy Flower":29,"CeramicFish":112,"Oddly Smooth Stone":145,"Thread and Needle":20,"Pen Nib":72,"Omamori":0,"Bag of Preparation":133,"Boot":66,"Empty Cage":91,"conspire:SeveredTorchhead":44,"DollysMirror":108,"Bird Faced Urn":76,"Pantograph":117,"Ring of the Snake":0,"Meat on the Bone":20}],"Ring of the Snake":[54],"Meat on the Bone":96},"card_choices":[{"not_picked":["Slice","Underhanded Strike"],"picked":"Sucker Punch","floor":1.0},{"not_picked":["Quick Slash","Backflip"],"picked":"Flying Knee","floor":2.0},{"not_picked":["Cloak And Dagger","Bane"],"picked":"Deadly Poison","floor":4.0},{"not_picked":["Calculated Gamble","Flying Knee"],"picked":"Catalyst","floor":7.0},{"not_picked":["PiercingWail","Underhanded Strike"],"picked":"Blade Dance","floor":11.0},{"not_picked":["Acrobatics","Finisher"],"picked":"Poisoned Stab","floor":13.0},{"not_picked":["Prepared","Dodge and Roll","Slice"],"picked":"SKIP","floor":14.0},{"not_picked":["Doppelganger","Corpse Explosion"],"picked":"Wraith Form v2","floor":16.0},{"not_picked":["Prepared","Cloak And Dagger","Poisoned Stab"],"picked":"SKIP","floor":18.0},{"not_picked":["Bane","Cloak And Dagger+1","Underhanded Strike+1"],"picked":"SKIP","floor":19.0},{"not_picked":["Prepared+1","Deadly Poison"],"picked":"Crippling Poison","floor":20.0},{"not_picked":["Blade Dance","Heel Hook","Underhanded Strike"],"picked":"SKIP","floor":22.0},{"not_picked":["Dodge and Roll","Backflip"],"picked":"PiercingWail","floor":23.0},{"not_picked":["Slice","Flechettes","Reflex"],"picked":"SKIP","floor":27.0},{"not_picked":["Dagger Throw+1","PiercingWail"],"picked":"Dodge and Roll+1","floor":29.0},{"not_picked":["Dagger Throw+1","Sucker Punch"],"picked":"Footwork","floor":31.0},{"not_picked":["Unload","Grand Finale"],"picked":"Doppelganger","floor":33.0},{"not_picked":["Crippling Poison+1","Finisher+1"],"picked":"Acrobatics+1","floor":35.0},{"not_picked":["Deflect+1","Underhanded Strike+1"],"picked":"conspire:PoisonWeapons+1","floor":36.0},{"not_picked":["Deflect","Leg Sweep"],"picked":"Outmaneuver+1","floor":37},{"not_picked":["Heel Hook","Quick Slash","Underhanded Strike"],"picked":"SKIP","floor":40},{"not_picked":["Sucker Punch+1","Accuracy+1","Heel Hook"],"picked":"SKIP","floor":42},{"not_picked":["Underhanded Strike","Skewer","Prepared"],"picked":"SKIP","floor":45},{"not_picked":["Dagger Spray","Phantasmal Killer","Deflect+1"],"picked":"SKIP","floor":46},{"not_picked":["Outmaneuver","Deadly Poison","Escape Plan"],"picked":"SKIP","floor":47},{"not_picked":["Bane","Eviscerate+1"],"picked":"Backflip+1","floor":48}],"player_experience":480648,"relics_obtained":[{"floor":7.0,"key":"Thread and Needle"},{"floor":9.0,"key":"Meat on the Bone"},{"floor":13.0,"key":"Happy Flower"},{"floor":23.0,"key":"Pear"},{"floor":26.0,"key":"Boot"},{"floor":27.0,"key":"Pen Nib"},{"floor":29.0,"key":"Bird Faced Urn"},{"floor":40,"key":"CeramicFish"},{"floor":43,"key":"Pantograph"},{"floor":46,"key":"Bag of Preparation"},{"floor":48,"key":"Oddly Smooth Stone"}],"event_choices":[{"cards_removed":["Strike_G"],"damage_healed":0.0,"max_hp_gain":0.0,"max_hp_loss":0.0,"gold_gain":0.0,"event_name":"The Cleric","player_choice":"Card Removal","floor":3.0,"gold_loss":50.0,"damage_taken":0.0},{"damage_healed":0.0,"max_hp_gain":0.0,"max_hp_loss":0.0,"gold_gain":0.0,"event_name":"conspire:LoneGhost","player_choice":"Agree","floor":5.0,"gold_loss":0.0,"damage_taken":0.0},{"damage_healed":0.0,"max_hp_gain":0.0,"max_hp_loss":0.0,"gold_gain":0.0,"event_name":"Scrap Ooze","player_choice":"Fled","floor":8.0,"gold_loss":0.0,"damage_taken":3.0},{"cards_removed":["conspire:GhostlyStrike"],"damage_healed":0.0,"max_hp_gain":0.0,"max_hp_loss":0.0,"gold_gain":0.0,"event_name":"Purifier","player_choice":"Purged","floor":24.0,"gold_loss":0.0,"damage_taken":0.0},{"damage_healed":0,"gold_gain":0,"player_choice":"Bought 0 Potions","damage_taken":0,"max_hp_gain":0,"max_hp_loss":0,"event_name":"The Woman in Blue","floor":38,"gold_loss":0}],"is_beta":false,"boss_relics":[{"not_picked":["SacredBark","WristBlade"],"picked":"conspire:SeveredTorchhead"},{"not_picked":["HoveringKite","conspire:RoyalGoblet"],"picked":"Empty Cage"}],"items_purged_floors":[21],"is_endless":false,"potions_floor_spawned":[4,11,14,18,22,29,31,35,37,40,42,46],"ascension_level":10}}