{"host":"fortuna","time":1613991443,"event":{"mods":["100% Spire Juice","Act Like it!","BaseMod","CapriCore","Gensokyo","Hallownest","Koishi","Minty Spire (QoL Compilation)","MostiFishMod","Reimu£®≤©¿ˆ¡È√Œ£©","Relic Stats","StSLib","The Alterego","The Animator","The Bug Knight","The Immortal","The Senshi","Waifu the Spire","Yakumo Yukari mod"],"gold_per_floor":[20,33,33,33,46,79,4,18,41,76,76,93,119,146,146,246,246,257,507,517,249,268,298,298,333,379,410,410,410,425,460,460,564,564,578,598,598,598,598,598,630,399,399,409,438,438,457,488,488,488,488,488,4,32,32],"floor_reached":56,"language":"ZHS","playtime":22587,"items_purged":["alterego_mod:Strike","alterego_mod:Strike","Injury","alterego_mod:Strike"],"score":1797,"play_id":"c38f67e6-4534-4aac-8c61-82c3b5b7c910","local_time":"20210222185723","is_ascension_mode":true,"campfire_choices":[{"data":"alterego_mod:SideboobHour","floor":11,"key":"SMITH"},{"data":"alterego_mod:Venus","floor":15,"key":"SMITH"},{"data":"MostiFishMod:SparklingWater","floor":24,"key":"SMITH"},{"data":"alterego_mod:Birthday","floor":32,"key":"SMITH"},{"data":"alterego_mod:TrickOrTreatment","floor":40,"key":"SMITH"},{"data":"alterego_mod:Birthday","floor":46,"key":"SMITH"},{"floor":49,"key":"RECALL"},{"data":"alterego_mod:PainIsPleasure","floor":52,"key":"SMITH"}],"circlet_count":0,"master_deck":["alterego_mod:Strike+1","alterego_mod:Defend","alterego_mod:Defend","alterego_mod:Defend","alterego_mod:Defend","alterego_mod:Impale","alterego_mod:BigMeatyClaws","alterego_mod:BrynhildrsRune","alterego_mod:Exercise","alterego_mod:Punishment","alterego_mod:SideboobHour+1","alterego_mod:Cooking","alterego_mod:Venus+1","alterego_mod:Pet","alterego_mod:Complex","alterego_mod:TrickOrTreatment+1","alterego_mod:PainIsPleasure+1","MostiFishMod:Neptune","MostiFishMod:SparklingWater+1","MostiFishMod:FantasySummer","MostiFishMod:NightSea","alterego_mod:Skirt","alterego_mod:Cooking","MostiFishMod:OneDayCity","alterego_mod:BiFurious+1","alterego_mod:Birthday+1","alterego_mod:Support+1","alterego_mod:Pet+1","alterego_mod:SakuraLabyrinth","alterego_mod:Tantrum","alterego_mod:Birthday+1","alterego_mod:Mirror+1","alterego_mod:Belts+1","alterego_mod:Rake","alterego_mod:Birthday+1","alterego_mod:MagicResistance+1","alterego_mod:Cooking+1","alterego_mod:Birthday+1","alterego_mod:IdEs+1","Flash of Steel+1","alterego_mod:Birthday+1"],"relics":["alterego_mod:MasochisticConstitution","DaveBox","DianDianMeat","RhineSuit","SynthV:TestCard","Pear","TungstenRod","Boot","SynthV:C4","Strawberry","Ginger","MoonlightInvasionPlan","Whetstone","Darkstone Periapt","Anchor","MealTicket","Pen Nib","The Courier","HornCleat","JellyFishMachine","Girya","PureWhite:ReiMu","HollowMod:StagPassRelic","theSenshi:SailorFukuRelic","alterego_mod:SistersRibbon","HollowMod:PaleOreRelic"],"acts_visited":["Gensokyo:Gensokyo","Gensokyo:Gensokyoer","Gensokyo:Gensokyoest","TheEnding"],"potions_floor_usage":[],"damage_taken":[{"damage":5,"enemies":"Gensokyo:3_Fairies","floor":1,"turns":5},{"damage":8,"enemies":"Gensokyo:Gryphon","floor":2,"turns":2},{"damage":0,"enemies":"Gensokyo:Python","floor":5,"turns":2},{"damage":0,"enemies":"Gensokyo:Mamizou","floor":6,"turns":2},{"damage":0,"enemies":"Gensokyo:LivingMonolith","floor":8,"turns":2},{"damage":14,"enemies":"Gensokyo:Cirno","floor":10,"turns":6},{"damage":0,"enemies":"Gensokyo:VengefulSpirit","floor":12,"turns":1},{"damage":7,"enemies":"Gensokyo:Mamizou","floor":13,"turns":4},{"damage":5,"enemies":"Gensokyo:Cirno","floor":14,"turns":6},{"damage":2,"enemies":"Gensokyo:Kokoro","floor":16,"turns":2},{"damage":0,"enemies":"Gensokyo:CosmicMonolith","floor":18,"turns":1},{"damage":0,"enemies":"Gensokyo:Chomper","floor":20,"turns":1},{"damage":0,"enemies":"Gensokyo:Wraith","floor":22,"turns":1},{"damage":4,"enemies":"Gensokyo:Reisen","floor":23,"turns":3},{"damage":0,"enemies":"Gensokyo:Tenshi","floor":25,"turns":2},{"damage":0,"enemies":"Gensokyo:Reisen","floor":27,"turns":1},{"damage":8,"enemies":"Gensokyo:Mirror_and_Dog","floor":30,"turns":3},{"damage":4,"enemies":"Gensokyo:Tenshi","floor":31,"turns":2},{"damage":21,"enemies":"Gensokyo:Eternal_Rivals","floor":33,"turns":7},{"damage":0,"enemies":"Gensokyo:AncientGuardian","floor":35,"turns":2},{"damage":4,"enemies":"Gensokyo:3_Bats","floor":36,"turns":3},{"damage":37,"enemies":"Gensokyo:Marisa","floor":41,"turns":4},{"damage":1,"enemies":"Gensokyo:3_Boulders","floor":44,"turns":2},{"damage":0,"enemies":"Gensokyo:Doremy","floor":45,"turns":1},{"damage":0,"enemies":"Gensokyo:SeedOfUnknown","floor":47,"turns":3},{"damage":15,"enemies":"Gensokyo:Kasen","floor":48,"turns":3},{"damage":0,"enemies":"Gensokyo:Scarlet_Devils","floor":50,"turns":6},{"damage":7,"enemies":"Shield and Spear","floor":54,"turns":4},{"damage":78,"enemies":"The Heart","floor":55,"turns":5}],"seed_played":"4818550968374491745","potions_obtained":[{"floor":1,"key":"SteroidPotion"},{"floor":2,"key":"ZuzhouPotion:ReiMu"},{"floor":5,"key":"SmokeBomb"}],"is_trial":false,"path_per_floor":["M","M","?","?","M","E","$","M","T","E","R","M","E","?","R","B",null,"M","?","M","$","M","E","R","E","T","E","T","T","M","E","R","B",null,"M","M","?","?","?","R","E","$","T","M","E","R","M","E","R","B",null,"R","$","E","B",null],"character_chosen":"The_Alterego","items_purchased":["MostiFishMod:OneDayCity","alterego_mod:Rake","alterego_mod:IdEs","Flash of Steel","alterego_mod:SistersRibbon","DuplicationPotion"],"campfire_rested":0,"item_purchase_floors":[21,42,53,53,53,53],"current_hp_per_floor":[67,62,57,60,71,71,71,76,76,72,72,82,94,102,102,111,213,229,216,233,251,251,271,271,291,291,312,312,312,330,353,353,370,384,409,435,435,371,371,371,382,425,425,463,499,499,542,583,583,611,616,616,683,719,686],"gold":32,"neow_bonus":"ONE_RARE_RELIC","is_daily":false,"chose_seed":false,"campfire_upgraded":7,"win_rate":0.0,"timestamp":1613991443,"path_taken":["M","M","?","?","M","E","?","M","T","E","R","?","E","?","R","BOSS","M","?","?","$","M","E","R","E","T","E","?","?","M","E","R","BOSS","M","M","?","?","?","R","E","?","T","M","E","R","M","E","R","BOSS","R","$","E","BOSS"],"items_purchased_type":["Card","Card","Card","Card","Relic","Potion"],"build_version":"2020-12-18","purchased_purges":4,"victory":true,"max_hp_per_floor":[72,75,85,88,92,92,92,97,97,104,104,111,127,137,137,148,213,229,216,233,251,251,271,271,291,291,312,312,312,335,359,359,384,384,409,436,436,436,436,436,464,492,492,522,552,552,583,616,616,616,616,616,683,719,720],"relic_stats":{"Darkstone Periapt":0,"counters":[29,86],"MealTicket":15,"Pen Nib":[13],"Ginger":[8],"Whetstone":["MostiFishMod:TheEndOfMoonlight","alterego_mod:Strike"],"Boot":[71],"obtain_stats":[{"Darkstone Periapt":25,"DaveBox":0,"RhineSuit":0,"Ginger":14,"Whetstone":23,"Boot":6,"HollowMod:StagPassRelic":45,"SynthV:C4":10,"HornCleat":31,"Strawberry":13,"MealTicket":27,"alterego_mod:SistersRibbon":53,"HollowMod:PaleOreRelic":54,"theSenshi:SailorFukuRelic":48,"DianDianMeat":0,"Girya":41,"alterego_mod:MasochisticConstitution":0,"Pear":3,"JellyFishMachine":34,"MoonlightInvasionPlan":17,"Pen Nib":28,"The Courier":29,"Anchor":26,"PureWhite:ReiMu":43,"SynthV:TestCard":1,"TungstenRod":4},{"Darkstone Periapt":15,"DaveBox":0,"RhineSuit":0,"Ginger":9,"Whetstone":14,"Boot":4,"HollowMod:StagPassRelic":24,"SynthV:C4":6,"HornCleat":18,"Strawberry":8,"MealTicket":16,"alterego_mod:SistersRibbon":27,"HollowMod:PaleOreRelic":28,"theSenshi:SailorFukuRelic":26,"DianDianMeat":0,"Girya":22,"alterego_mod:MasochisticConstitution":0,"Pear":2,"JellyFishMachine":19,"MoonlightInvasionPlan":10,"Pen Nib":16,"The Courier":16,"Anchor":15,"PureWhite:ReiMu":22,"SynthV:TestCard":1,"TungstenRod":2},{"Darkstone Periapt":40,"DaveBox":0,"RhineSuit":0,"Ginger":30,"Whetstone":38,"Boot":11,"HollowMod:StagPassRelic":65,"SynthV:C4":19,"HornCleat":46,"Strawberry":24,"MealTicket":41,"alterego_mod:SistersRibbon":77,"HollowMod:PaleOreRelic":81,"theSenshi:SailorFukuRelic":71,"DianDianMeat":0,"Girya":62,"alterego_mod:MasochisticConstitution":0,"Pear":7,"JellyFishMachine":53,"MoonlightInvasionPlan":32,"Pen Nib":41,"The Courier":41,"Anchor":40,"PureWhite:ReiMu":62,"SynthV:TestCard":5,"TungstenRod":7}],"TungstenRod":71},"card_choices":[{"not_picked":["alterego_mod:Cycle","alterego_mod:PerceptionDisorder"],"picked":"alterego_mod:Exercise","floor":1},{"not_picked":["alterego_mod:Lingerie","alterego_mod:Undulate","alterego_mod:Bounce","alterego_mod:Birthday"],"picked":"alterego_mod:Punishment","floor":2},{"not_picked":["alterego_mod:Maid","alterego_mod:Complex","alterego_mod:Bounce","alterego_mod:1TonWallop"],"picked":"alterego_mod:SideboobHour","floor":5},{"not_picked":["alterego_mod:PerceptionDisorder","alterego_mod:RocketPunch","alterego_mod:Belts","alterego_mod:Bounce","alterego_mod:MaintainEyeContact"],"picked":"SKIP","floor":6},{"not_picked":["alterego_mod:IndependentAction","alterego_mod:Lingerie","alterego_mod:Punishment","alterego_mod:BiFurious"],"picked":"alterego_mod:Cooking","floor":8},{"not_picked":["alterego_mod:Swimsuit","alterego_mod:Smother","alterego_mod:Schoolgirl","alterego_mod:MaintainEyeContact"],"picked":"alterego_mod:Venus","floor":10},{"not_picked":["alterego_mod:Clones","alterego_mod:Belts","alterego_mod:Valentines","alterego_mod:Lingerie"],"picked":"alterego_mod:Pet","floor":12},{"not_picked":["alterego_mod:Maid","alterego_mod:DustData","alterego_mod:Rip","alterego_mod:Cycle"],"picked":"alterego_mod:Complex","floor":13},{"not_picked":["alterego_mod:RidiculouslyBig","alterego_mod:Belts","alterego_mod:Maid","alterego_mod:Support"],"picked":"alterego_mod:TrickOrTreatment","floor":14},{"not_picked":["alterego_mod:Lift","alterego_mod:VirginLaserPalladion","alterego_mod:Palingenesis","alterego_mod:GIGAMILK"],"picked":"alterego_mod:PainIsPleasure","floor":16},{"not_picked":["alterego_mod:PerceptionDisorder","alterego_mod:Undulate","alterego_mod:MagicResistance","alterego_mod:PresenceConcealment"],"picked":"alterego_mod:Skirt","floor":18},{"not_picked":["alterego_mod:HighServant+1","alterego_mod:Clones","alterego_mod:Rip","alterego_mod:BoobPocket"],"picked":"alterego_mod:Cooking","floor":20},{"not_picked":["alterego_mod:Cushion","alterego_mod:Bloomers","alterego_mod:Swimsuit","alterego_mod:DiscoLights","alterego_mod:Cycle"],"picked":"SKIP","floor":22},{"not_picked":["alterego_mod:Mirror","alterego_mod:Rip","alterego_mod:RidiculouslyBig","alterego_mod:PerceptionDisorder"],"picked":"alterego_mod:BiFurious+1","floor":23},{"not_picked":["alterego_mod:GIGAMILK","alterego_mod:Cooking","alterego_mod:Valkyrie","alterego_mod:Rip+1"],"picked":"alterego_mod:Birthday","floor":25},{"not_picked":["alterego_mod:Cooking","alterego_mod:PresenceConcealment","alterego_mod:SakuraPetals","alterego_mod:Exercise"],"picked":"alterego_mod:Support+1","floor":27},{"not_picked":["alterego_mod:Schoolgirl","alterego_mod:Maid+1","alterego_mod:Exercise+1","alterego_mod:Undulate"],"picked":"alterego_mod:Pet+1","floor":30},{"not_picked":["alterego_mod:Undulate","alterego_mod:RocketPunch","alterego_mod:MagicResistance","alterego_mod:Valentines"],"picked":"alterego_mod:SakuraLabyrinth","floor":31},{"not_picked":["alterego_mod:Lift","alterego_mod:BrynhildrRomantia","alterego_mod:RingBreak","alterego_mod:AlterEgo"],"picked":"alterego_mod:Tantrum","floor":33},{"not_picked":["alterego_mod:Clap+1","alterego_mod:DeftHands","alterego_mod:IndependentAction","alterego_mod:Crossover"],"picked":"alterego_mod:Birthday","floor":35},{"not_picked":["alterego_mod:MaintainEyeContact","alterego_mod:Bounce","alterego_mod:HighServant","alterego_mod:Skirt+1"],"picked":"alterego_mod:Mirror+1","floor":36},{"not_picked":["alterego_mod:BreastValley","alterego_mod:PerceptionDisorder+1","alterego_mod:HighServant","alterego_mod:Maid+1"],"picked":"alterego_mod:Belts+1","floor":41},{"not_picked":["alterego_mod:PerceptionDisorder","alterego_mod:Rip","alterego_mod:HighServant+1","alterego_mod:GIGAMILK"],"picked":"alterego_mod:Birthday+1","floor":44},{"not_picked":["alterego_mod:PerceptionDisorder","alterego_mod:GoddessCore+1","alterego_mod:DiscoLights","alterego_mod:Maid+1"],"picked":"alterego_mod:MagicResistance+1","floor":45},{"not_picked":["alterego_mod:Pet","alterego_mod:TrashNCrash","alterego_mod:DeftHands","alterego_mod:GIGAMILK"],"picked":"alterego_mod:Cooking+1","floor":47},{"not_picked":["alterego_mod:DiscoLights","alterego_mod:Undulate","alterego_mod:Smother","alterego_mod:Pet"],"picked":"alterego_mod:Birthday+1","floor":48},{"not_picked":["alterego_mod:Swimsuit","alterego_mod:RocketPunch+1","alterego_mod:PresenceConcealment+1","alterego_mod:Pet+1"],"picked":"alterego_mod:Birthday+1","floor":54}],"player_experience":395646,"relics_obtained":[{"floor":1,"key":"SynthV:TestCard"},{"floor":6,"key":"Boot"},{"floor":10,"key":"SynthV:C4"},{"floor":13,"key":"Strawberry"},{"floor":14,"key":"Ginger"},{"floor":23,"key":"Whetstone"},{"floor":25,"key":"Darkstone Periapt"},{"floor":26,"key":"Anchor"},{"floor":27,"key":"MealTicket"},{"floor":28,"key":"Pen Nib"},{"floor":29,"key":"The Courier"},{"floor":31,"key":"HornCleat"},{"floor":41,"key":"Girya"},{"floor":43,"key":"PureWhite:ReiMu"},{"floor":45,"key":"HollowMod:StagPassRelic"},{"floor":48,"key":"theSenshi:SailorFukuRelic"},{"floor":54,"key":"HollowMod:PaleOreRelic"}],"event_choices":[],"is_beta":true,"boss_relics":[{"not_picked":["FixedStarFall","SacredBark"],"picked":"MoonlightInvasionPlan"},{"not_picked":["Tiny House","Snecko Eye"],"picked":"JellyFishMachine"}],"items_purged_floors":[7,21,42,53],"is_endless":false,"potions_floor_spawned":[1,2,5,8,10,14,22,23,25,44,45,48],"ascension_level":2}}