{"host":"dlqyscxstsnu98l1","time":1613975670,"event":{"mods":["AchievementEnabler","BaseMod","Colored Map","Colored Powertips","GifTheSpireLib","Highlight Path","Minty Spire (QoL Compilation)","Random Character Button","SacredBarkPlus","StSLib","everything is the same but u backflip on backflip"],"gold_per_floor":[109,129,141,151,151,151,181,198,198,198,208,239,239,253,253,253,253],"floor_reached":16,"language":"ENG","playtime":619,"items_purged":[],"score":148,"play_id":"cf36189e-fb7e-4739-b355-cc7264e30406","local_time":"20210222003430","is_ascension_mode":true,"campfire_choices":[{"data":"Neutralize","floor":6,"key":"SMITH"},{"floor":10,"key":"REST"},{"floor":15,"key":"REST"}],"circlet_count":0,"master_deck":["Strike_G","Strike_G","Strike_G","Strike_G","Strike_G","Defend_G","Defend_G","Defend_G","Defend_G","Defend_G","Survivor","Neutralize+1","Blade Dance","Flying Knee","Cloak And Dagger","Quick Slash","Accuracy+1","Backflip","Acrobatics"],"relics":["Ring of the Snake","Frozen Egg 2","Centennial Puzzle","HornCleat","Unceasing Top"],"acts_visited":["Exordium"],"potions_floor_usage":[16,16],"damage_taken":[{"damage":2,"enemies":"Small Slimes","floor":1,"turns":3},{"damage":3,"enemies":"Cultist","floor":2,"turns":4},{"damage":0,"enemies":"2 Louse","floor":3,"turns":2},{"damage":0,"enemies":"Blue Slaver","floor":4,"turns":4},{"damage":22,"enemies":"3 Sentries","floor":7,"turns":8},{"damage":12,"enemies":"Exordium Wildlife","floor":8,"turns":5},{"damage":0,"enemies":"Looter","floor":11,"turns":3},{"damage":8,"enemies":"Gremlin Nob","floor":12,"turns":4},{"damage":0,"enemies":"3 Louse","floor":14,"turns":4},{"damage":66,"enemies":"Slime Boss","floor":16,"turns":9}],"seed_played":"-1367076024661151473","potions_obtained":[{"floor":3,"key":"SteroidPotion"},{"floor":7,"key":"Fire Potion"},{"floor":14,"key":"SneckoOil"}],"is_trial":false,"path_per_floor":["M","M","M","M","?","R","E","M","T","R","M","E","T","M","R","B"],"character_chosen":"THE_SILENT","items_purchased":[],"campfire_rested":2,"item_purchase_floors":[],"current_hp_per_floor":[61,58,58,58,58,58,36,24,24,45,45,37,37,37,58,0,0],"gold":253,"neow_bonus":"RANDOM_COLORLESS","is_daily":false,"chose_seed":false,"campfire_upgraded":1,"win_rate":0.0,"timestamp":1613975670,"path_taken":["M","M","M","M","?","R","E","?","T","R","M","E","?","M","R","BOSS"],"items_purchased_type":[],"build_version":"2020-12-22","purchased_purges":0,"victory":false,"max_hp_per_floor":[70,70,70,70,70,70,70,70,70,70,70,70,70,70,70,70,70],"card_choices":[{"not_picked":["Terror","Prepared"],"picked":"Blade Dance","floor":1},{"not_picked":["Catalyst","Sucker Punch"],"picked":"Flying Knee","floor":2},{"not_picked":["Bane","Phantasmal Killer"],"picked":"Cloak And Dagger","floor":3},{"not_picked":["Prepared","Slice"],"picked":"Quick Slash","floor":4},{"not_picked":["Adrenaline","Infinite Blades+1"],"picked":"Accuracy+1","floor":7},{"not_picked":["Riddle With Holes","Slice"],"picked":"Backflip","floor":8},{"not_picked":["All Out Attack","Sucker Punch","Underhanded Strike"],"picked":"SKIP","floor":11},{"not_picked":["Skewer","Slice","Flying Knee"],"picked":"SKIP","floor":12},{"not_picked":["Catalyst","Poisoned Stab"],"picked":"Acrobatics","floor":14}],"player_experience":266191,"relics_obtained":[{"floor":7,"key":"Centennial Puzzle"},{"floor":12,"key":"HornCleat"},{"floor":13,"key":"Unceasing Top"}],"event_choices":[{"damage_healed":0,"gold_gain":0,"player_choice":"Gave Potion","damage_taken":0,"relics_obtained":["Frozen Egg 2"],"max_hp_gain":0,"max_hp_loss":0,"event_name":"WeMeetAgain","floor":5,"gold_loss":0}],"is_beta":false,"boss_relics":[],"items_purged_floors":[],"is_endless":false,"potions_floor_spawned":[3,7,14],"killed_by":"Slime Boss","ascension_level":6}}