{"host":"qfmqsclrfy207o1q","time":1613952287,"event":{"mods":["2.2 Compatiblity","AchievementEnabler","BaseMod","BetterRewards","Colored Map","Colored Powertips","Curses Come First","Dark Map","Downfall","Infinite Spire","Minty Spire (QoL Compilation)","Quick Restart","Rare Cards Sparkle","Relic Stats","StSLib"],"gold_per_floor":[111,111,111,74,89,89,99,99,99,119,38,67,67,83,83,180,180,197,197,197,197,215,241,241,258,281,281,281,281,293,293,293],"floor_reached":31,"language":"ENG","playtime":1005,"items_purged":[],"score":266,"play_id":"1570f1bf-c700-4925-a9cb-fd84890a4088","local_time":"20210221170447","is_ascension_mode":true,"campfire_choices":[{"data":"White Noise","floor":6,"key":"SMITH"},{"floor":15,"key":"REST"},{"floor":24,"key":"REST"},{"floor":29,"key":"REST"}],"circlet_count":0,"master_deck":["Strike_B","Strike_B","Strike_B","Strike_B","Defend_B","Defend_B","Defend_B","Defend_B","Zap+1","Dualcast","Stack","White Noise+1","Go for the Eyes","Gash","Cold Snap","Consume","Static Discharge","Sweeping Beam","All For One","Ball Lightning","Echo Form","Fusion+1","Stack","Pain","Doubt","infinitespire:Oblivion","Ball Lightning"],"relics":["Cracked Core","Calipers","Bag of Marbles","bronze:MakeshiftBattery","infinitespire:BottledMercury","infinitespire:Satchel"],"acts_visited":["Exordium","TheCity"],"potions_floor_usage":[1,14,16,22,23,25,30,31],"damage_taken":[{"damage":1,"enemies":"Jaw Worm","floor":1,"turns":2},{"damage":2,"enemies":"2 Louse","floor":5,"turns":3},{"damage":5,"enemies":"Small Slimes","floor":7,"turns":3},{"damage":9,"enemies":"3 Louse","floor":10,"turns":4},{"damage":37,"enemies":"Gremlin Nob","floor":12,"turns":5},{"damage":1,"enemies":"2 Fungi Beasts","floor":14,"turns":2},{"damage":33,"enemies":"The Guardian","floor":16,"turns":10},{"damage":9,"enemies":"Chosen","floor":18,"turns":4},{"damage":0,"enemies":"Shell Parasite","floor":22,"turns":6},{"damage":58,"enemies":"Gremlin Leader","floor":23,"turns":7},{"damage":27,"enemies":"Shelled Parasite and Fungi","floor":25,"turns":4},{"damage":16,"enemies":"Snecko","floor":30,"turns":5},{"damage":24,"enemies":"Centurion and Healer","floor":31,"turns":1}],"seed_played":"6004917377570214510","potions_obtained":[{"floor":0,"key":"FearPotion"},{"floor":0,"key":"DistilledChaos"},{"floor":0,"key":"hexamod:SoulburnPotion"},{"floor":12,"key":"champ:CounterPotion"},{"floor":16,"key":"SpeedPotion"},{"floor":18,"key":"Guardian:BlockOnCardUsePotion"},{"floor":22,"key":"champ:CounterPotion"},{"floor":28,"key":"Block Potion"},{"floor":28,"key":"BlessingOfTheForge"},{"floor":30,"key":"SneckoOil"}],"is_trial":false,"path_per_floor":["M","?","?","$","M","R","M","?","T","M","$","E","?","M","R","B",null,"M","?","?","?","M","E","R","M","T","?","?","R","M","M"],"character_chosen":"DEFECT","items_purchased":["White Noise","Consume"],"campfire_rested":3,"item_purchase_floors":[4,11],"current_hp_per_floor":[74,79,79,79,77,77,72,72,72,63,63,26,26,25,49,16,80,71,71,71,71,71,13,37,10,10,10,10,34,18,0,0],"gold":293,"neow_bonus":"THREE_SMALL_POTIONS","is_daily":false,"chose_seed":false,"campfire_upgraded":1,"win_rate":0.0,"timestamp":1613952287,"path_taken":["M","?","?","$","M","R","M","?","T","?","$","E","?","M","R","BOSS","M","?","?","?","?","E","R","M","T","?","?","R","?","M"],"items_purchased_type":["Card","Card"],"build_version":"2020-12-22","purchased_purges":0,"victory":false,"max_hp_per_floor":[75,80,80,80,80,80,80,80,80,80,80,80,80,80,80,80,80,80,80,80,80,80,80,80,80,80,80,80,80,80,80,80],"relic_stats":{"counters":[13,56],"obtain_stats":[{"infinitespire:BottledMercury":23,"Calipers":9,"infinitespire:Satchel":26,"Bag of Marbles":12,"Cracked Core":0,"bronze:MakeshiftBattery":17},{"infinitespire:BottledMercury":10,"Calipers":3,"infinitespire:Satchel":11,"Bag of Marbles":5,"Cracked Core":0,"bronze:MakeshiftBattery":7},{"infinitespire:BottledMercury":46,"Calipers":8,"infinitespire:Satchel":50,"Bag of Marbles":17,"Cracked Core":0,"bronze:MakeshiftBattery":29}]},"card_choices":[{"not_picked":["Barrage","Fission"],"picked":"Stack","floor":1},{"not_picked":["Leap","Hologram"],"picked":"Go for the Eyes","floor":5},{"not_picked":["Turbo","Steam"],"picked":"Gash","floor":7},{"not_picked":["Lockon","Static Discharge"],"picked":"Cold Snap","floor":10},{"not_picked":["Rebound","Stack"],"picked":"Static Discharge","floor":12},{"not_picked":["Rebound","Streamline"],"picked":"Sweeping Beam","floor":14},{"not_picked":["Reboot","Meteor Strike"],"picked":"All For One","floor":16},{"not_picked":["Sunder","Go for the Eyes"],"picked":"Ball Lightning","floor":18},{"not_picked":["Steam Power","Turbo"],"picked":"Echo Form","floor":22},{"not_picked":["Rip and Tear","Rebound"],"picked":"Fusion+1","floor":23},{"not_picked":["Redo","Hologram"],"picked":"Stack","floor":25},{"not_picked":["infinitespire:FutureSight","infinitespire:Gouge"],"picked":"infinitespire:Oblivion","floor":27},{"not_picked":["Rebound","Biased Cognition"],"picked":"Ball Lightning","floor":30}],"player_experience":21806,"relics_obtained":[{"floor":9,"key":"Calipers"},{"floor":12,"key":"Bag of Marbles"},{"floor":23,"key":"infinitespire:BottledMercury"},{"floor":26,"key":"infinitespire:Satchel"}],"event_choices":[{"damage_healed":0,"gold_gain":0,"player_choice":"Donut","damage_taken":0,"max_hp_gain":5,"max_hp_loss":0,"event_name":"Big Fish","floor":2,"gold_loss":0},{"damage_healed":0,"gold_gain":0,"player_choice":"Leave","damage_taken":0,"max_hp_gain":0,"max_hp_loss":0,"event_name":"The Cleric","floor":3,"gold_loss":0},{"damage_healed":0,"gold_gain":0,"player_choice":"Ignored","damage_taken":0,"max_hp_gain":0,"max_hp_loss":0,"event_name":"Liars Game","floor":13,"gold_loss":0},{"damage_healed":0,"gold_gain":0,"player_choice":"Ignored","damage_taken":0,"max_hp_gain":0,"max_hp_loss":0,"event_name":"Vampires","floor":19,"gold_loss":0},{"damage_healed":0,"gold_gain":0,"player_choice":"Upgraded","damage_taken":0,"max_hp_gain":0,"max_hp_loss":0,"event_name":"Upgrade Shrine","floor":21,"gold_loss":0,"cards_upgraded":["Zap"]},{"damage_healed":0,"gold_gain":0,"player_choice":"Got Potions","damage_taken":0,"max_hp_gain":0,"max_hp_loss":0,"event_name":"Lab","floor":28,"gold_loss":0}],"is_beta":false,"boss_relics":[{"not_picked":["Velvet Choker","Runic Pyramid"],"picked":"bronze:MakeshiftBattery"}],"items_purged_floors":[],"is_endless":false,"potions_floor_spawned":[12,16,18,22,30],"killed_by":"Centurion and Healer","ascension_level":1}}