{"host":"bczg3e1yq3rp3pkk","time":1613992170,"event":{"mods":["100% Spire Juice","ATMod(阿瑾Mod)","Act Like it!","Aspiration","BaseMod","Conspire","Hermit","KinomotoSakuraMod(木之本樱)","Marisa（F雨　魔理沙）","Marked Mod","Minty Spire (QoL Compilation)","MostiFishMod","Quick Restart","Reliquary","Replay The Spire","RumiaBox-露米娅的神秘盒子","Ryuuou龙王","SOS（斯巴达之子）","Shop Mod","StSLib","The Blackbeard","The Bug Knight","The Construct","The Hierophant","The Servant 0.9.4","Warlord Emblem","[GremlinLeader]The Maniac","【功能Mod】混沌之环修复补丁","【遗物卡牌】REMEMod"],"gold_per_floor":[115,134,134,153,172,198,198,231,231,76,76,76,86,97,97,198,198,211,211,211,230,242,276,276,304,304,318,352,372,372,50,50,150,150,167,42,57,107,122,122,150,163,213,213,213,224,234,259,259,259],"floor_reached":51,"language":"ZHS","playtime":2881,"items_purged":["Strike_R","Strike_R+1","Armaments+1"],"score":1202,"play_id":"6394666c-2537-4d65-94a6-61efcc61314c","local_time":"20210222190930","is_ascension_mode":true,"campfire_choices":[{"data":"Armaments","floor":7.0,"key":"SMITH"},{"floor":15.0,"key":"REST"},{"floor":24.0,"key":"REST"},{"floor":30.0,"key":"REST"},{"data":"Spot Weakness","floor":32.0,"key":"SMITH"},{"data":"MostiFishMod:UltimateDefense+2","floor":40,"key":"SMITH"},{"data":"MostiFishMod:UltimateDefense+5","floor":44,"key":"SMITH"},{"data":"Double Tap","floor":49,"key":"SMITH"}],"circlet_count":0,"master_deck":["AscendersBane","Strike_R+1","Strike_R+1","Defend_R+1","Defend_R+1","Defend_R+1","Defend_R+1","Bash+1","Glass Knife+1","ReplayTheSpireMod:Stacked+1","REME_Cut+1","MostiFishMod:KnuckleDown+1","Inflame+1","Pummel+1","MostiFishMod:UltimateDefense+10","True Grit+1","REME_ACTH+1","ReplayTheSpireMod:Limb From Limb+1","MostiFishMod:#F4004+1","Battle Trance+1","Spot Weakness+1","AT_Dispersion+1","Flame Barrier+1","Heavy Blade+1","Metallicize+1","Double Tap+1"],"relics":["REME_ComplimentaryCards","AT_ATBox","DaveBox","DSteel32","SynthV:TestCard","Red Skull","Pet Ghost","conspire:SpecialSausage","Snack Pack","Strawberry","HollowMod:StagPassRelic","reliquary:BallBearing","MerchantsRug","Quantum Egg","RhineFirstAidKit","REME_IWantAll","Bronze Scales","Smiling Mask","Eternal Feather"],"acts_visited":["Exordium","TheCity","TheBeyond"],"potions_floor_usage":[50],"damage_taken":[{"damage":5.0,"enemies":"2 Louse","floor":1.0,"turns":2.0},{"damage":1.0,"enemies":"Small Slimes","floor":2.0,"turns":3.0},{"damage":4.0,"enemies":"Jaw Worm","floor":4.0,"turns":1.0},{"damage":16.0,"enemies":"Large Slime","floor":5.0,"turns":4.0},{"damage":6.0,"enemies":"Replay:BlueRogue","floor":6.0,"turns":5.0},{"damage":12.0,"enemies":"HollowMod:MossKnight","floor":8.0,"turns":4.0},{"damage":2.0,"enemies":"3 Louse","floor":13.0,"turns":3.0},{"damage":1.0,"enemies":"2 Fungi Beasts","floor":14.0,"turns":2.0},{"damage":42.0,"enemies":"Fading Forest","floor":16.0,"turns":11.0},{"damage":6.0,"enemies":"Shell Parasite","floor":18.0,"turns":3.0},{"damage":4.0,"enemies":"Chosen","floor":21.0,"turns":3.0},{"damage":4.0,"enemies":"Centurion and Healer","floor":22.0,"turns":2.0},{"damage":25.0,"enemies":"conspire:Head Lice","floor":23.0,"turns":4.0},{"damage":10.0,"enemies":"Book of Stabbing","floor":25.0,"turns":3.0},{"damage":12.0,"enemies":"Sentry and Sphere","floor":27.0,"turns":3.0},{"damage":10.0,"enemies":"conspire:Head Lice","floor":28.0,"turns":2.0},{"damage":1.0,"enemies":"Snecko","floor":29.0,"turns":2.0},{"damage":53.0,"enemies":"Collector","floor":33.0,"turns":7.0},{"damage":0.0,"enemies":"Orb Walker","floor":35.0,"turns":1.0},{"damage":8,"enemies":"3 Darklings","floor":37,"turns":4},{"damage":2,"enemies":"Mind Bloom Boss Battle","floor":38,"turns":4},{"damage":17,"enemies":"Transient","floor":39,"turns":5},{"damage":7,"enemies":"R_Hoarder","floor":41,"turns":5},{"damage":6,"enemies":"Spire Growth","floor":42,"turns":3},{"damage":27,"enemies":"Jaw Worm Horde","floor":46,"turns":5},{"damage":22,"enemies":"Transient","floor":47,"turns":5},{"damage":0,"enemies":"Giant Head","floor":48,"turns":5},{"damage":5,"enemies":"Replay:Hell Engine","floor":50,"turns":5}],"seed_played":"-9002069302220861846","potions_obtained":[{"floor":1.0,"key":"Adrenaline Potion"},{"floor":5.0,"key":"SkillPotion"},{"floor":8.0,"key":"Dexterity Potion"},{"floor":23.0,"key":"Block Potion"},{"floor":28.0,"key":"conspire:TimeTravelPotion"},{"floor":33.0,"key":"Adrenaline Potion"},{"floor":38,"key":"FearPotion"},{"floor":45,"key":"Death Potion"},{"floor":45,"key":"LifebloodPotion"}],"is_trial":false,"path_per_floor":["M","M","?","M","M","E","R","E","T","$","?","$","M","M","R","B",null,"M","?","?","M","M","E","R","E","T","M","E","M","R","$","R","B",null,"M","$","M","?","M","R","E","M","T","R","?","M","M","E","R","B",null],"character_chosen":"IRONCLAD","items_purchased":["Inflame","MerchantsRug","Quantum Egg"],"campfire_rested":3,"item_purchase_floors":[10,31,31],"current_hp_per_floor":[67,66,66,62,46,40,40,28,28,28,21,21,19,18,42,31,68,62,62,62,58,54,29,53,50,50,38,28,27,53,53,53,4,66,66,66,58,56,87,87,84,78,78,78,78,51,87,87,87,84],"gold":259,"neow_bonus":"BOSS_RELIC","is_daily":false,"chose_seed":false,"campfire_upgraded":5,"win_rate":0.0,"timestamp":1613992170,"path_taken":["M","M","?","M","M","E","R","E","T","$","?","?","M","M","R","BOSS","M","?","?","M","M","E","R","E","T","?","E","M","R","$","R","BOSS","M","$","?","?","M","R","E","M","T","R","?","M","?","E","R","BOSS"],"items_purchased_type":["Card","Relic","Relic"],"build_version":"2020-12-22","purchased_purges":3,"victory":true,"max_hp_per_floor":[80,80,80,80,80,80,80,80,80,80,80,80,80,80,80,80,80,80,80,80,80,80,80,80,87,87,87,87,87,87,87,87,87,87,87,87,87,87,87,87,87,87,87,87,87,87,87,87,87,87],"card_choices":[{"not_picked":["AT_CaressingTears","Hemokinesis","Headbutt"],"picked":"SKIP","floor":1.0},{"not_picked":["Sever Soul","ReplayTheSpireMod:Strike From Hell","True Grit","Cleave"],"picked":"ReplayTheSpireMod:Stacked","floor":2.0},{"not_picked":["Entrench","Rampage","Sword Boomerang","conspire:Charge"],"picked":"REME_Cut","floor":4.0},{"not_picked":["Run Through","Body Slam","Shrug It Off","Clash"],"picked":"Armaments","floor":5.0},{"not_picked":["Dropkick","REME_Cut","Headbutt","Warcry","MostiFishMod:BrandingRite"],"picked":"SKIP","floor":6.0},{"not_picked":["Second Wind","Evolve","Armaments","Disarm"],"picked":"MostiFishMod:KnuckleDown","floor":8.0},{"not_picked":["Headbutt","Seeing Red","Perfected Strike","Pommel Strike","Clothesline","Thunderclap"],"picked":"SKIP","floor":13.0},{"not_picked":["Shrug It Off","Dual Wield","Armaments","Havoc","Sword Boomerang"],"picked":"Pummel","floor":14.0},{"not_picked":["MostiFishMod:TemporaryOutbreak","AT_Dispersion","MostiFishMod:FlyOverUtopia","Replay:Many Hands","MostiFishMod:DoubleSword"],"picked":"MostiFishMod:UltimateDefense","floor":16.0},{"not_picked":["Clothesline+1","Heavy Blade+1","Wild Strike+1","Clash","Intimidate"],"picked":"True Grit","floor":18.0},{"not_picked":["AT_IchimonjiDouble","AT_Dispersion","Replay:Undeath\u0027s Touch+1","ReplayTheSpireMod:Strike From Hell","Clash"],"picked":"ReplayTheSpireMod:Limb From Limb","floor":21.0},{"not_picked":["Hemokinesis+1","Clothesline","Thunderclap+1","Body Slam","ReplayTheSpireMod:Strike From Hell"],"picked":"MostiFishMod:#F4004","floor":22.0},{"not_picked":["MostiFishMod:PerfectStrikeMKII","AT_BodySlamDance","REME_Cut","Clash","REME_Scribble","Iron Wave"],"picked":"SKIP","floor":23.0},{"not_picked":["Metallicize","Ghostly Armor","MostiFishMod:404NotFound","Dropkick","Anger"],"picked":"Battle Trance","floor":25.0},{"not_picked":["Armaments","Battle Trance","Carnage","Twin Strike","Headbutt","Pommel Strike"],"picked":"SKIP","floor":27.0},{"not_picked":["Corruption","Heavy Blade+1","Armaments","Twin Strike","Feel No Pain"],"picked":"Spot Weakness","floor":28.0},{"not_picked":["Defy Death","Sword Boomerang","AT_BodySlamDance","ReplayTheSpireMod:Strike From Hell","Thunderclap","Anger+1"],"picked":"SKIP","floor":29.0},{"not_picked":["MostiFishMod:DoubleSword","Demon Form","Berserk","MostiFishMod:UltimateDefense"],"picked":"AT_Dispersion","floor":33.0},{"not_picked":["Fire Breathing","Uppercut","Second Wind","Pommel Strike","Replay:Undeath\u0027s Touch"],"picked":"SKIP","floor":35.0},{"not_picked":["Defy Death","Reckless Charge","Life Link","Perfected Strike+1","Headbutt+1"],"picked":"SKIP","floor":37},{"not_picked":["Cleave","Havoc+1","Headbutt+1","Flex+1"],"picked":"Flame Barrier+1","floor":38},{"not_picked":["Rampage+1","conspire:ExplosiveBarrier+1","ReplayTheSpireMod:Muscle Training+1","True Grit","AT_BodySlamDance+1"],"picked":"SKIP","floor":39},{"not_picked":["REME_ACTH","Warcry","Body Slam","Feel No Pain+1"],"picked":"Heavy Blade+1","floor":41},{"not_picked":["Infernal Blade+1","REME_Cut","Dual Wield","Heavy Blade","Warcry"],"picked":"SKIP","floor":42},{"not_picked":["Havoc+1","MostiFishMod:404NotFound","ReplayTheSpireMod:Stacked","Disarm"],"picked":"Metallicize+1","floor":46},{"not_picked":["Replay:Undeath\u0027s Touch","Sentinel","Run Through+1","Spot Weakness+1","Armaments+1"],"picked":"SKIP","floor":47},{"not_picked":["Replay:Undeath\u0027s Touch+1","REME_Fury","Flex","Run Through"],"picked":"Double Tap","floor":48}],"player_experience":401805,"relics_obtained":[{"floor":1.0,"key":"SynthV:TestCard"},{"floor":6.0,"key":"Red Skull"},{"floor":9.0,"key":"Question Card"},{"floor":23.0,"key":"Snack Pack"},{"floor":25.0,"key":"Strawberry"},{"floor":26.0,"key":"HollowMod:StagPassRelic"},{"floor":28.0,"key":"reliquary:BallBearing"},{"floor":38,"key":"REME_IWantAll"},{"floor":41,"key":"Bronze Scales"},{"floor":43,"key":"Smiling Mask"},{"floor":48,"key":"Eternal Feather"}],"event_choices":[{"damage_healed":0.0,"max_hp_gain":0.0,"max_hp_loss":0.0,"gold_gain":0.0,"event_name":"Scrap Ooze","player_choice":"Success","floor":11.0,"gold_loss":0.0,"damage_taken":7.0,"relics_obtained":["Pet Ghost"]},{"damage_healed":0.0,"max_hp_gain":0.0,"max_hp_loss":0.0,"gold_gain":0.0,"event_name":"conspire:Investor","player_choice":"Leave","floor":19.0,"gold_loss":0.0,"damage_taken":0.0},{"damage_healed":0.0,"max_hp_gain":0.0,"max_hp_loss":0.0,"gold_gain":0.0,"cards_transformed":["Strike_R"],"event_name":"Transmorgrifier","player_choice":"Transformed","floor":20.0,"gold_loss":0.0,"damage_taken":0.0,"cards_obtained":["REME_ACTH"]},{"damage_healed":0,"gold_gain":0,"player_choice":"Fight","damage_taken":0,"max_hp_gain":0,"max_hp_loss":0,"event_name":"MindBloom","floor":38,"gold_loss":0},{"damage_healed":0,"gold_gain":0,"player_choice":"Got Potions","damage_taken":0,"max_hp_gain":0,"max_hp_loss":0,"event_name":"Lab","floor":45,"gold_loss":0}],"is_beta":false,"boss_relics":[{"not_picked":["conspire:SlowCooker","Transparent"],"picked":"conspire:SpecialSausage"},{"not_picked":["aspiration:MarisaSkillbook","Replay:Ancient Bell"],"picked":"RhineFirstAidKit"}],"items_purged_floors":[10,31,36],"is_endless":false,"potions_floor_spawned":[1,5,8,16,23,28,33,38,42,47,48],"ascension_level":11}}