{"host":"gzz35fplm60aw28t","time":1613971338,"event":{"mods":["AchievementEnabler","BaseMod","Colored Powertips","DeckTracker","Minty Spire (QoL Compilation)"],"gold_per_floor":[109,119,134,146,146,174,174,64,64,99,199,199,224,239,239,344,344,358,370,389,407,7,37,37,57,57,57,57,84,84,99,99,204,204,221,234,234,234,246,279,279,314,314,334,334,334,361,379,379,379],"floor_reached":51,"language":"ENG","playtime":3822,"items_purged":["Strike_G","Strike_G"],"score":1041,"play_id":"952cceb0-85f3-4a8c-a161-aac6614a81bd","local_time":"20210222062218","is_ascension_mode":true,"campfire_choices":[{"data":"Trip","floor":7,"key":"SMITH"},{"data":"Neutralize","floor":12,"key":"SMITH"},{"data":"Footwork","floor":15,"key":"SMITH"},{"data":"Night Terror","floor":30,"key":"SMITH"},{"data":"Tools of the Trade","floor":32,"key":"SMITH"},{"data":"Envenom","floor":41,"key":"SMITH"},{"data":"Tactician","floor":46,"key":"SMITH"},{"data":"Noxious Fumes","floor":49,"key":"SMITH"}],"circlet_count":0,"master_deck":["Strike_G","Strike_G","Strike_G","Defend_G","Defend_G","Defend_G","Defend_G","Defend_G","Survivor","Neutralize+1","Trip+1","PiercingWail","Backflip","Blade Dance","Footwork+1","Backstab","Terror","Dodge and Roll","Tools of the Trade+1","CurseOfTheBell","Backstab","Acrobatics","Cloak And Dagger+1","Sucker Punch","Secret Weapon","Underhanded Strike+1","Night Terror+1","Tactician+1","Backstab+1","Glass Knife","Underhanded Strike","Blade Dance","Madness","Madness","Blur+1","Envenom+1","Infinite Blades+1","Shame","Acrobatics+1","Shame","Prepared+1","Parasite","Noxious Fumes+1"],"relics":["Ring of the Snake","FossilizedHelix","Mercury Hourglass","InkBottle","Tiny Chest","Smiling Mask","Calling Bell","PreservedInsect","Matryoshka","Torii","Lee\u0027s Waffle","Centennial Puzzle","Ornamental Fan","Shuriken","Ancient Tea Set","Bottled Tornado","Gambling Chip","Cursed Key","Lantern","White Beast Statue","Letter Opener","Happy Flower","The Courier"],"acts_visited":["Exordium","TheCity","TheBeyond"],"potions_floor_usage":[16,18,20,21,33,33,33,33,40,47,50,50],"damage_taken":[{"damage":0,"enemies":"Jaw Worm","floor":1,"turns":3},{"damage":2,"enemies":"Small Slimes","floor":2,"turns":3},{"damage":0,"enemies":"Cultist","floor":3,"turns":3},{"damage":7,"enemies":"Exordium Thugs","floor":4,"turns":6},{"damage":12,"enemies":"3 Sentries","floor":6,"turns":10},{"damage":3,"enemies":"Lagavulin","floor":10,"turns":7},{"damage":15,"enemies":"Gremlin Nob","floor":13,"turns":4},{"damage":0,"enemies":"2 Fungi Beasts","floor":14,"turns":2},{"damage":0,"enemies":"The Guardian","floor":16,"turns":16},{"damage":12,"enemies":"Chosen","floor":18,"turns":5},{"damage":20,"enemies":"Spheric Guardian","floor":19,"turns":8},{"damage":12,"enemies":"Snake Plant","floor":20,"turns":7},{"damage":23,"enemies":"Sentry and Sphere","floor":21,"turns":6},{"damage":8,"enemies":"Slavers","floor":23,"turns":5},{"damage":15,"enemies":"Centurion and Healer","floor":25,"turns":6},{"damage":1,"enemies":"Gremlin Leader","floor":29,"turns":5},{"damage":1,"enemies":"Snake Plant","floor":31,"turns":4},{"damage":18,"enemies":"Automaton","floor":33,"turns":8},{"damage":0,"enemies":"3 Darklings","floor":35,"turns":5},{"damage":0,"enemies":"Orb Walker","floor":36,"turns":2},{"damage":6,"enemies":"Maw","floor":39,"turns":6},{"damage":11,"enemies":"Reptomancer","floor":40,"turns":3},{"damage":0,"enemies":"Giant Head","floor":42,"turns":5},{"damage":0,"enemies":"Transient","floor":44,"turns":5},{"damage":0,"enemies":"Reptomancer","floor":47,"turns":4},{"damage":6,"enemies":"Writhing Mass","floor":48,"turns":5},{"damage":27,"enemies":"Awakened One","floor":50,"turns":9}],"seed_played":"2380183577076891659","potions_obtained":[{"floor":1,"key":"Ancient Potion"},{"floor":3,"key":"SteroidPotion"},{"floor":10,"key":"SteroidPotion"},{"floor":13,"key":"Regen Potion"},{"floor":16,"key":"CunningPotion"},{"floor":19,"key":"Dexterity Potion"},{"floor":20,"key":"Poison Potion"},{"floor":21,"key":"Weak Potion"},{"floor":23,"key":"EntropicBrew"},{"floor":35,"key":"Swift Potion"},{"floor":42,"key":"EssenceOfSteel"},{"floor":44,"key":"CunningPotion"},{"floor":47,"key":"GamblersBrew"}],"is_trial":false,"path_per_floor":["M","M","M","M","?","E","R","$","T","E","?","R","E","M","R","B",null,"M","M","M","M","$","E","?","M","T","T","?","E","R","M","R","B",null,"M","M","?","?","M","E","R","E","T","M","T","R","E","M","R","B",null],"character_chosen":"THE_SILENT","items_purchased":["Footwork","Lee\u0027s Waffle","Secret Weapon"],"campfire_rested":0,"item_purchase_floors":[8,22,22],"current_hp_per_floor":[70,68,68,61,49,37,37,37,37,34,34,34,19,19,19,34,70,58,38,26,3,77,69,69,54,54,54,54,53,53,52,52,34,77,77,77,77,67,61,50,50,50,50,50,50,50,50,44,44,17],"gold":379,"neow_bonus":"RANDOM_COLORLESS","is_daily":false,"chose_seed":false,"campfire_upgraded":8,"win_rate":0.0,"timestamp":1613971338,"path_taken":["M","M","M","M","?","E","R","$","T","E","?","R","E","?","R","BOSS","M","M","M","M","$","E","?","M","T","?","?","E","R","M","R","BOSS","M","M","?","?","M","E","R","E","T","M","?","R","E","M","R","BOSS"],"items_purchased_type":["Card","Relic","Card"],"build_version":"2020-12-22","purchased_purges":2,"victory":true,"max_hp_per_floor":[70,70,70,70,70,70,70,70,70,70,70,70,70,70,70,70,70,70,70,70,70,77,77,77,77,77,77,77,77,77,77,77,77,77,77,77,77,77,77,77,77,77,77,77,77,77,77,77,77,77],"card_choices":[{"not_picked":["Mind Blast","Madness"],"picked":"Trip","floor":0},{"not_picked":["Crippling Poison","Underhanded Strike"],"picked":"PiercingWail","floor":1},{"not_picked":["Slice","Flying Knee"],"picked":"Backflip","floor":2},{"not_picked":["Crippling Poison","Poisoned Stab","Underhanded Strike"],"picked":"SKIP","floor":3},{"not_picked":["Catalyst","All Out Attack"],"picked":"Blade Dance","floor":4},{"not_picked":["Eviscerate","Expertise","Flying Knee"],"picked":"SKIP","floor":6},{"not_picked":["Choke","Doppelganger"],"picked":"Backstab","floor":10},{"not_picked":["Reflex","Predator"],"picked":"Terror","floor":13},{"not_picked":["Quick Slash","Masterful Stab"],"picked":"Dodge and Roll","floor":14},{"not_picked":["Malaise","Doppelganger"],"picked":"Tools of the Trade","floor":16},{"not_picked":["Dagger Throw+1","Acrobatics"],"picked":"Backstab","floor":18},{"not_picked":["Outmaneuver+1","Deadly Poison"],"picked":"Acrobatics","floor":19},{"not_picked":["Caltrops+1","Poisoned Stab"],"picked":"Cloak And Dagger+1","floor":20},{"not_picked":["Outmaneuver","Bane+1"],"picked":"Sucker Punch","floor":21},{"not_picked":["Dodge and Roll","Poisoned Stab"],"picked":"Underhanded Strike+1","floor":23},{"not_picked":["All Out Attack","Sucker Punch"],"picked":"Night Terror","floor":25},{"not_picked":["Acrobatics","PiercingWail+1","Poisoned Stab"],"picked":"SKIP","floor":29},{"not_picked":["Tactician+1","Dodge and Roll"],"picked":"Backstab+1","floor":31},{"not_picked":["Venomology","Night Terror"],"picked":"Glass Knife","floor":33},{"not_picked":["Dagger Spray","Escape Plan"],"picked":"Underhanded Strike","floor":35},{"not_picked":["Dodge and Roll+1","All Out Attack+1"],"picked":"Blade Dance","floor":36},{"not_picked":["Deadly Poison+1","Endless Agony"],"picked":"Blur+1","floor":39},{"not_picked":["Masterful Stab","Terror+1"],"picked":"Envenom","floor":40},{"not_picked":["Slice","Bane"],"picked":"Infinite Blades+1","floor":42},{"not_picked":["Dagger Throw+1","Flechettes+1"],"picked":"Acrobatics+1","floor":44},{"not_picked":["Bane","Bouncing Flask"],"picked":"Prepared+1","floor":47},{"not_picked":["Dagger Throw+1","Quick Slash+1"],"picked":"Noxious Fumes","floor":48}],"player_experience":28060,"relics_obtained":[{"floor":6,"key":"Mercury Hourglass"},{"floor":9,"key":"InkBottle"},{"floor":10,"key":"Tiny Chest"},{"floor":13,"key":"Smiling Mask"},{"floor":17,"key":"PreservedInsect"},{"floor":17,"key":"Matryoshka"},{"floor":17,"key":"Torii"},{"floor":23,"key":"Centennial Puzzle"},{"floor":26,"key":"Ornamental Fan"},{"floor":26,"key":"Shuriken"},{"floor":27,"key":"Ancient Tea Set"},{"floor":27,"key":"Bottled Tornado"},{"floor":29,"key":"Gambling Chip"},{"floor":40,"key":"Lantern"},{"floor":42,"key":"White Beast Statue"},{"floor":43,"key":"Letter Opener"},{"floor":45,"key":"Happy Flower"},{"floor":47,"key":"The Courier"}],"event_choices":[{"damage_healed":0,"gold_gain":0,"player_choice":"Success","damage_taken":12,"relics_obtained":["FossilizedHelix"],"max_hp_gain":0,"max_hp_loss":0,"event_name":"Scrap Ooze","floor":5,"gold_loss":0},{"damage_healed":0,"gold_gain":100,"player_choice":"Pray","damage_taken":0,"max_hp_gain":0,"max_hp_loss":0,"event_name":"Golden Shrine","floor":11,"gold_loss":0},{"damage_healed":0,"gold_gain":0,"player_choice":"Got Potions","damage_taken":0,"max_hp_gain":0,"max_hp_loss":0,"event_name":"Lab","floor":24,"gold_loss":0},{"damage_healed":0,"gold_gain":0,"player_choice":"Read","damage_taken":0,"max_hp_gain":0,"max_hp_loss":0,"event_name":"The Library","floor":28,"gold_loss":0,"cards_obtained":["Tactician"]},{"damage_healed":0,"gold_gain":0,"player_choice":"Ignored","damage_taken":0,"max_hp_gain":0,"max_hp_loss":0,"event_name":"Tomb of Lord Red Mask","floor":37,"gold_loss":0},{"damage_healed":0,"gold_gain":0,"player_choice":"Embrace Madness","damage_taken":10,"max_hp_gain":0,"max_hp_loss":0,"event_name":"Winding Halls","floor":38,"gold_loss":0,"cards_obtained":["Madness","Madness"]}],"is_beta":false,"boss_relics":[{"not_picked":["Sozu","Snecko Eye"],"picked":"Calling Bell"},{"not_picked":["SlaversCollar","Philosopher\u0027s Stone"],"picked":"Cursed Key"}],"items_purged_floors":[8,22],"is_endless":false,"potions_floor_spawned":[1,3,10,13,16,19,20,21,23,29,35,42,44,47,48],"ascension_level":4}}