{"host":"b0hicta09nhxha44","time":1613987063,"event":{"mods":["BaseMod","Highlight Path","Minty Spire (QoL Compilation)","Slay-I"],"gold_per_floor":[112,112,112,132,28,28,59,73,73,93,120,73,93,106,106,106,106],"floor_reached":16,"language":"ENG","playtime":1390,"items_purged":[],"score":218,"play_id":"f5bb333c-eb6c-404c-a977-0ac80d242cc3","local_time":"20210222094423","is_ascension_mode":true,"campfire_choices":[{"data":"Eruption","floor":6,"key":"SMITH"},{"data":"CutThroughFate","floor":15,"key":"SMITH"}],"circlet_count":0,"master_deck":["AscendersBane","Strike_P","Strike_P","Strike_P","Strike_P","Defend_P","Defend_P","Defend_P","Defend_P","Eruption+1","Vigilance","Consecrate","EmptyFist","Halt","CutThroughFate+1","ThirdEye","EmptyFist","JustLucky","CutThroughFate","FearNoEvil"],"relics":["Coffee Dripper","Dead Branch","Yang","Darkstone Periapt"],"acts_visited":["Exordium"],"potions_floor_usage":[7,7,7,11,16],"damage_taken":[{"damage":6,"enemies":"Jaw Worm","floor":1,"turns":4},{"damage":0,"enemies":"Small Slimes","floor":4,"turns":4},{"damage":12,"enemies":"Lagavulin","floor":7,"turns":4},{"damage":0,"enemies":"Cultist","floor":8,"turns":3},{"damage":0,"enemies":"Looter","floor":10,"turns":3},{"damage":14,"enemies":"Gremlin Nob","floor":11,"turns":4},{"damage":0,"enemies":"Large Slime","floor":13,"turns":3},{"damage":5,"enemies":"3 Louse","floor":14,"turns":3},{"damage":22,"enemies":"The Guardian","floor":16,"turns":9}],"seed_played":"4976212666953967183","potions_obtained":[{"floor":3,"key":"EntropicBrew"},{"floor":3,"key":"SpeedPotion"},{"floor":4,"key":"FearPotion"},{"floor":7,"key":"PowerPotion"},{"floor":14,"key":"GamblersBrew"}],"is_trial":false,"path_per_floor":["M","?","?","M","$","R","E","M","T","M","E","?","M","M","R","B"],"character_chosen":"WATCHER","items_purchased":["Halt","CutThroughFate"],"campfire_rested":0,"item_purchase_floors":[5,5],"current_hp_per_floor":[55,55,55,55,55,55,43,43,43,43,29,29,29,24,24,2,2],"gold":106,"neow_bonus":"BOSS_RELIC","is_daily":false,"chose_seed":false,"campfire_upgraded":2,"win_rate":0.0,"timestamp":1613987063,"path_taken":["M","?","?","?","$","R","E","M","T","M","E","?","M","M","R","BOSS"],"items_purchased_type":["Card","Card"],"build_version":"2020-12-22","purchased_purges":0,"victory":false,"max_hp_per_floor":[68,68,68,68,68,68,68,68,68,68,68,68,68,68,68,68,68],"card_choices":[{"not_picked":["SashWhip","Vengeance"],"picked":"Consecrate","floor":1},{"not_picked":["WaveOfTheHand","Wireheading"],"picked":"EmptyFist","floor":4},{"not_picked":["Weave","Halt"],"picked":"ThirdEye","floor":7},{"not_picked":["Halt","Swivel"],"picked":"EmptyFist","floor":8},{"not_picked":["Halt","Crescendo"],"picked":"JustLucky","floor":10},{"not_picked":["JustLucky","WaveOfTheHand"],"picked":"CutThroughFate","floor":11},{"not_picked":["FlyingSleeves","ThirdEye","SashWhip"],"picked":"SKIP","floor":13},{"not_picked":["ReachHeaven","ClearTheMind"],"picked":"FearNoEvil","floor":14}],"player_experience":3627386,"relics_obtained":[{"floor":7,"key":"Dead Branch"},{"floor":9,"key":"Yang"},{"floor":11,"key":"Darkstone Periapt"}],"event_choices":[{"damage_healed":0,"gold_gain":0,"player_choice":"Ignored","damage_taken":0,"max_hp_gain":0,"max_hp_loss":0,"event_name":"Golden Idol","floor":2,"gold_loss":0},{"damage_healed":0,"gold_gain":0,"player_choice":"Got Potions","damage_taken":0,"max_hp_gain":0,"max_hp_loss":0,"event_name":"Lab","floor":3,"gold_loss":0},{"damage_healed":0,"gold_gain":0,"player_choice":"Left Gold","damage_taken":0,"max_hp_gain":0,"max_hp_loss":0,"event_name":"World of Goop","floor":12,"gold_loss":47}],"is_beta":false,"boss_relics":[],"items_purged_floors":[],"is_endless":false,"potions_floor_spawned":[4,7,14],"killed_by":"The Guardian","ascension_level":19}}