{"host":"d3b2x3wue20uj2ir","time":1613976791,"event":{"mods":["AchievementEnabler","BaseMod","Better Third Choice","BetterRewards","Exacting","FTL Soundtrack","Minty Spire (QoL Compilation)","Shop Mod","StSLib"],"gold_per_floor":[116,116,130,95,114,145,12,12,12],"floor_reached":8,"language":"ENG","playtime":230,"items_purged":[],"score":64,"play_id":"1f2353d9-8257-46bb-9a81-6adb20c2db06","local_time":"20210222165311","is_ascension_mode":true,"campfire_choices":[],"circlet_count":0,"master_deck":["Strike_B","Strike_B","Strike_B","Strike_B","Defend_B","Defend_B","Defend_B","Defend_B","Zap","Dualcast","Go for the Eyes","Defragment","Double Energy","Turbo","Consume","Go for the Eyes","Gash","Gash","Scrape","Beam Cell","Enlightenment"],"relics":["Cracked Core","MealTicket","Orrery","Prayer Wheel"],"acts_visited":["Exordium"],"potions_floor_usage":[6],"damage_taken":[{"damage":12,"enemies":"Small Slimes","floor":1,"turns":3},{"damage":21,"enemies":"Jaw Worm","floor":3,"turns":5},{"damage":3,"enemies":"2 Louse","floor":5,"turns":2},{"damage":22,"enemies":"Gremlin Nob","floor":6,"turns":4},{"damage":31,"enemies":"3 Sentries","floor":8,"turns":2}],"seed_played":"7151729531632855272","potions_obtained":[{"floor":5,"key":"BlessingOfTheForge"}],"is_trial":false,"path_per_floor":["M","?","M","?","M","E","$","E"],"character_chosen":"DEFECT","items_purchased":["MealTicket","Orrery","Beam Cell","Enlightenment"],"campfire_rested":0,"item_purchase_floors":[0,0,7,7],"current_hp_per_floor":[38,38,17,35,32,10,25,0,0],"gold":12,"neow_bonus":"","is_daily":false,"chose_seed":false,"campfire_upgraded":0,"win_rate":0.0,"timestamp":1613976791,"path_taken":["M","?","M","?","M","E","?","E"],"items_purchased_type":["Relic","Relic","Card","Card"],"build_version":"2020-12-22","purchased_purges":0,"victory":false,"max_hp_per_floor":[75,75,75,75,75,75,75,75,75],"card_choices":[{"not_picked":["Rebound","Steam Power"],"picked":"Go for the Eyes","floor":0},{"not_picked":["Rip and Tear","FTL"],"picked":"Defragment","floor":0},{"not_picked":["Rebound","Reinforced Body"],"picked":"Double Energy","floor":0},{"not_picked":["Gash","Coolheaded"],"picked":"Turbo","floor":0},{"not_picked":["Capacitor","Turbo"],"picked":"Consume","floor":0},{"not_picked":["Hello World","Barrage"],"picked":"Go for the Eyes","floor":1},{"not_picked":["Streamline","Scrape"],"picked":"Gash","floor":3},{"not_picked":["Turbo","Doom and Gloom"],"picked":"Gash","floor":5},{"not_picked":["Amplify","Turbo"],"picked":"Scrape","floor":6}],"player_experience":723750,"relics_obtained":[{"floor":6,"key":"Prayer Wheel"}],"event_choices":[{"damage_healed":0,"gold_gain":0,"player_choice":"Ignored","damage_taken":0,"max_hp_gain":0,"max_hp_loss":0,"event_name":"Golden Wing","floor":2,"gold_loss":0},{"damage_healed":18,"gold_gain":0,"player_choice":"Healed","damage_taken":0,"max_hp_gain":0,"max_hp_loss":0,"event_name":"The Cleric","floor":4,"gold_loss":35}],"is_beta":false,"boss_relics":[],"items_purged_floors":[],"is_endless":false,"potions_floor_spawned":[5],"killed_by":"3 Sentries","ascension_level":3}}