{"host":"7bb7osqc91rjfyph","time":1613952208,"event":{"mods":["AchievementEnabler","BaseMod","BetterRewards","Colored Map","Colored Powertips","Downfall","Googly Eyes","Hermit","Hubris","Marisa????????","Minty Spire (QoL Compilation)","Shop Mod","StSLib","The Cursed"],"gold_per_floor":[99,374,386,386,399,413,489,17,47,47,62,97,97,117,133,237,237,237,247,263,281,293,293,293,309,45,45,70,88,102,112,125,223,223,223,242,76,86,98,108,108,119,119,119,154,254,254,267,286,286],"floor_reached":51,"language":"ENG","playtime":3389,"items_purged":["Regret"],"score":744,"play_id":"9e51bfde-f8bf-4337-8d5e-9121bbae54f7","local_time":"20210221180328","is_ascension_mode":false,"campfire_choices":[{"data":"Guardian:TwinSlam","floor":1,"key":"SMITH"},{"data":"Guardian:AncientConstruct","floor":10,"key":"SMITH"},{"floor":13,"key":"RECALL"},{"data":"Guardian:BaubleBeam","floor":18,"key":"SMITH"},{"data":"Guardian:ChargeCore","floor":23,"key":"SMITH"},{"data":"Guardian:ExploitGems","floor":35,"key":"SMITH"},{"data":"Guardian:ChargeCore","floor":44,"key":"SMITH"},{"data":"Guardian:ArmoredProtocol","floor":47,"key":"SMITH"}],"circlet_count":0,"master_deck":["Guardian:Strike_Guardian+1","Guardian:Strike_Guardian+1","Guardian:Defend_Guardian+1","Guardian:Defend_Guardian+1","Guardian:Defend_Guardian+1","Guardian:Defend_Guardian+1","Guardian:CurlUp","Guardian:TwinSlam+1","Guardian:ArmoredProtocol+1","Guardian:TwinSlam+1","Guardian:Emergency","Guardian:AncientConstruct+1","Guardian:ChargeCore+1","Guardian:ChargeCore+1","Guardian:BaubleBeam+1","Guardian:Preprogram+1","Guardian:Incinerate+1","Guardian:SphericShield","hubris:DuctTapeCard","Guardian:Recover","Guardian:Planning+1","Guardian:CrystalBeam+1","Guardian:ExploitGems+1","Guardian:PolyBeam+1","Guardian:BronzeOrb","Guardian:BronzeOrb+1","Guardian:Repulse+1","Guardian:TemporalStrike+1","Guardian:TimeCapacitor+1","Guardian:Gem_Crimson","Guardian:Gem_White"],"relics":["Guardian:ModeShifter","hubris:PeanutButter","Thread and Needle","StrikeDummy","Ancient Tea Set","Coffee Dripper","hubris:Metronome","Question Card","hubris:DuctTape","Runic Pyramid","Guardian:BottledStasis","hubris:Icosahedron","Frozen Egg 2","Potion Belt"],"acts_visited":["Exordium","TheCity","TheBeyond"],"potions_floor_usage":[6,21,50,50],"damage_taken":[{"damage":5,"enemies":"Jaw Worm","floor":3,"turns":3},{"damage":5,"enemies":"Cultist","floor":5,"turns":3},{"damage":9,"enemies":"2 Louse","floor":6,"turns":3},{"damage":0,"enemies":"downfall:FleeingMerchant","floor":8,"turns":4},{"damage":5,"enemies":"Gremlin Nob","floor":9,"turns":6},{"damage":0,"enemies":"Red Slaver","floor":11,"turns":3},{"damage":0,"enemies":"3 Sentries","floor":12,"turns":10},{"damage":0,"enemies":"Exordium Thugs","floor":14,"turns":4},{"damage":0,"enemies":"downfall:LooterAlt","floor":15,"turns":2},{"damage":28,"enemies":"IC_STATUS_ARCHETYPE","floor":16,"turns":11},{"damage":3,"enemies":"downfall:LooterAlt2","floor":19,"turns":3},{"damage":0,"enemies":"3 Byrds","floor":20,"turns":4},{"damage":0,"enemies":"Centurion and Healer","floor":21,"turns":5},{"damage":0,"enemies":"Snecko","floor":22,"turns":6},{"damage":0,"enemies":"Sentry and Sphere","floor":25,"turns":4},{"damage":0,"enemies":"downfall:FleeingMerchant","floor":26,"turns":4},{"damage":11,"enemies":"Gremlin Leader","floor":28,"turns":5},{"damage":0,"enemies":"Centurion and Healer","floor":29,"turns":5},{"damage":0,"enemies":"Snecko","floor":30,"turns":4},{"damage":0,"enemies":"Chosen and Byrds","floor":31,"turns":5},{"damage":0,"enemies":"Centurion and Healer","floor":32,"turns":4},{"damage":16,"enemies":"WA_ARCHETYPE_CALM","floor":33,"turns":7},{"damage":0,"enemies":"Orb Walker","floor":36,"turns":2},{"damage":0,"enemies":"downfall:FleeingMerchant","floor":37,"turns":4},{"damage":0,"enemies":"3 Darklings","floor":38,"turns":3},{"damage":2,"enemies":"Writhing Mass","floor":39,"turns":5},{"damage":0,"enemies":"4 Shapes","floor":40,"turns":4},{"damage":0,"enemies":"Maw","floor":42,"turns":6},{"damage":25,"enemies":"Nemesis","floor":45,"turns":5},{"damage":0,"enemies":"downfall:LadyInBlue","floor":46,"turns":5},{"damage":0,"enemies":"Spire Growth","floor":48,"turns":4},{"damage":0,"enemies":"3 Darklings","floor":49,"turns":4},{"damage":24,"enemies":"DF_ARCHETYPE_ORBS","floor":50,"turns":6}],"seed_played":"-1471903268302926370","potions_obtained":[{"floor":3,"key":"Block Potion"},{"floor":6,"key":"Fruit Juice"},{"floor":9,"key":"DistilledChaos"},{"floor":16,"key":"ColorlessPotion"},{"floor":21,"key":"DuplicationPotion"},{"floor":36,"key":"Guardian:DefensiveModePotion"},{"floor":46,"key":"FairyPotion"},{"floor":46,"key":"DistilledChaos"},{"floor":48,"key":"PowerPotion"}],"is_trial":false,"path_per_floor":["R","?","M","?","M","M","T","$","E","R","M","E","R","M","M","B",null,"R","M","M","M","M","R","T","M","$","?","E","M","M","M","M","B",null,"R","M","$","M","M","M","T","M","?","R","E","?","R","M","M","B",null],"character_chosen":"GUARDIAN","items_purchased":["Thread and Needle","Guardian:Gem_White","Question Card","Guardian:BottledStasis"],"campfire_rested":0,"item_purchase_floors":[8,8,26,37],"current_hp_per_floor":[88,88,83,83,78,74,74,74,69,69,69,69,69,69,69,41,93,93,90,90,90,90,90,90,90,90,90,79,79,79,79,79,63,93,93,93,93,93,91,91,91,91,91,91,66,66,66,66,66,42],"gold":286,"neow_bonus":"TEN_PERCENT_HP_BONUS","is_daily":false,"chose_seed":false,"campfire_upgraded":7,"win_rate":0.0,"timestamp":1613952208,"path_taken":["R","?","?","?","?","M","T","?","E","R","M","E","R","M","M","BOSS","R","M","M","M","M","R","T","M","$","?","E","M","M","M","M","BOSS","R","M","$","M","M","M","T","M","?","R","E","?","R","M","M","BOSS"],"items_purchased_type":["Relic","Card","Relic","Relic"],"build_version":"2020-12-22","purchased_purges":1,"victory":true,"max_hp_per_floor":[88,88,88,88,88,93,93,93,93,93,93,93,93,93,93,93,93,93,93,93,93,93,93,93,93,93,93,93,93,93,93,93,93,93,93,93,93,93,93,93,93,93,93,93,93,93,93,93,93,93],"card_choices":[{"not_picked":["Guardian:PrismaticBeam","Guardian:BodySlam"],"picked":"Guardian:ArmoredProtocol","floor":3},{"not_picked":["Guardian:TemporalStrike","Guardian:MultiBeam"],"picked":"Guardian:Emergency","floor":5},{"not_picked":["Guardian:Gem_Lightblue","Guardian:VentSteam"],"picked":"Guardian:Gem_Cyan","floor":6},{"not_picked":["Guardian:PrimingBeam","Guardian:DecasProtection"],"picked":"Guardian:Gem_Cyan","floor":8},{"not_picked":["Guardian:Emergency","Guardian:BaubleBeam"],"picked":"Guardian:AncientConstruct","floor":9},{"not_picked":["Guardian:Suspension","Guardian:TemporalShield"],"picked":"Guardian:ChargeCore","floor":11},{"not_picked":["Guardian:Gem_White","Guardian:MultiBeam"],"picked":"Guardian:Gem_Orange","floor":12},{"not_picked":["Guardian:TemporalShield","Guardian:Gem_Red"],"picked":"Guardian:Gem_White","floor":14},{"not_picked":["Guardian:TemporalShield","Guardian:Clone"],"picked":"Guardian:ChargeCore","floor":15},{"not_picked":["Guardian:Gem_Orange","Guardian:FastForward"],"picked":"Guardian:BaubleBeam","floor":16},{"not_picked":["Guardian:Reroute","Guardian:ShieldCharger"],"picked":"Guardian:Preprogram+1","floor":19},{"not_picked":["Guardian:ShieldCharger+1","Guardian:PrismaticBarrier"],"picked":"Guardian:Gem_Red","floor":20},{"not_picked":["Guardian:DonusPower+1","Guardian:Gem_Cyan"],"picked":"Guardian:Incinerate+1","floor":21},{"not_picked":["Guardian:CrystalBeam+1","Guardian:Gem_White"],"picked":"Guardian:Gem_Purple","floor":22},{"not_picked":["Guardian:EvasiveProtocol","Guardian:Preprogram"],"picked":"Guardian:SphericShield","floor":25},{"not_picked":["Guardian:Gem_Cyan","Guardian:Preprogram"],"picked":"Guardian:Gem_Fragmented","floor":26},{"not_picked":["Guardian:DonusPower","Guardian:EvasiveProtocol","Guardian:PrismaticBarrier"],"picked":"Guardian:Recover","floor":28},{"not_picked":["Guardian:ShieldCharger","Guardian:TimeCapacitor","Guardian:DecasProtection+1"],"picked":"Guardian:Gem_Lightblue","floor":29},{"not_picked":["Guardian:Incinerate","Guardian:CrystalBeam+1","Guardian:Gem_Green"],"picked":"Guardian:Planning+1","floor":30},{"not_picked":["Guardian:Planning","Guardian:Gem_Cyan","Guardian:MultiBeam+1"],"picked":"Guardian:CrystalBeam+1","floor":31},{"not_picked":["Guardian:BodySlam","Guardian:Gem_Green","Guardian:VentSteam"],"picked":"Guardian:Gem_Red","floor":32},{"not_picked":["Guardian:BaubleBeam","Guardian:RevengeProtocol","Guardian:Gem_Orange"],"picked":"Guardian:ExploitGems","floor":33},{"not_picked":["Guardian:Suspension","Guardian:SentryBeam+1","Guardian:Gem_Purple"],"picked":"Guardian:PolyBeam+1","floor":36},{"not_picked":["Guardian:TimeSifter","Guardian:TimeCapacitor+1","Guardian:Incinerate","Guardian:ShieldSpikes"],"picked":"SKIP","floor":37},{"not_picked":["Guardian:CrystalBeam","Guardian:Gem_Yellow","Guardian:PiercingHide"],"picked":"Guardian:BronzeOrb","floor":38},{"not_picked":["Guardian:PrimingBeam+1","Guardian:Gem_Green","Guardian:DecasProtection"],"picked":"Guardian:BronzeOrb+1","floor":39},{"not_picked":["Guardian:Preprogram","Guardian:Gem_Lightblue","Guardian:Recover","Guardian:Suspension"],"picked":"SKIP","floor":40},{"not_picked":["Guardian:Preprogram","Guardian:Recover","Guardian:Suspension"],"picked":"Guardian:Gem_Lightblue","floor":40},{"not_picked":["Guardian:Gem_White","Guardian:DonusPower+1","Guardian:Suspension"],"picked":"Guardian:Repulse+1","floor":42},{"not_picked":["Guardian:Gem_Green","Guardian:Suspension+1","Guardian:TimeSifter+1"],"picked":"Guardian:TemporalStrike+1","floor":45},{"not_picked":["Guardian:SentryBeam+1","Guardian:Recover+1","Guardian:BronzeOrb"],"picked":"Guardian:TimeCapacitor+1","floor":46},{"not_picked":["Guardian:Planning+1","Guardian:EvasiveProtocol+1","Guardian:Incinerate+1"],"picked":"Guardian:Gem_Crimson","floor":48},{"not_picked":["Guardian:VentSteam+1","Guardian:Recover","Guardian:Gem_Yellow"],"picked":"Guardian:Gem_White","floor":49}],"player_experience":127623,"relics_obtained":[{"floor":7,"key":"hubris:PeanutButter"},{"floor":9,"key":"StrikeDummy"},{"floor":12,"key":"Ancient Tea Set"},{"floor":24,"key":"hubris:Metronome"},{"floor":28,"key":"hubris:DuctTape"},{"floor":45,"key":"Frozen Egg 2"},{"floor":46,"key":"Potion Belt"}],"event_choices":[],"is_beta":false,"boss_relics":[{"not_picked":["Empty Cage","Pandora\u0027s Box"],"picked":"Coffee Dripper"},{"not_picked":["SlaversCollar","Guardian:StasisSlotReductionRelic"],"picked":"Runic Pyramid"}],"items_purged_floors":[8],"is_endless":false,"potions_floor_spawned":[3,6,9,16,20,21,25,28,29,32,33,36,42,46,48],"ascension_level":0}}