{"host":"kxz5izodaorfb9am","time":1613999431,"event":{"mods":["BaseMod","GifTheSpireLib","Minty Spire (QoL Compilation)","Shop Mod","StSLib"],"gold_per_floor":[111,211,227,244,90,90,124,124,124,152,172,200,214,228,228,332,332,346,346,271,281,294,294,323,323,323,352,102,134,149,167,167,265,265,284,297,311,311,363,363,398,418,418,418,432,176,204,224,224,224],"floor_reached":51,"language":"ENG","playtime":4596,"items_purged":["Rupture","Injury","Wild Strike+1"],"score":1091,"play_id":"b6243fe7-88d7-45f3-a9e8-e01911ec7376","local_time":"20210222141031","daily_mods":["Draft","Heirloom","Flight","DeadlyEvents","Elite Swarm","Uncertain Future"],"is_ascension_mode":false,"campfire_choices":[{"data":"True Grit","floor":6,"key":"SMITH"},{"data":"Entrench","floor":8,"key":"SMITH"},{"data":"True Grit","floor":15,"key":"SMITH"},{"data":"Armaments","floor":23,"key":"SMITH"},{"data":"Entrench","floor":25,"key":"SMITH"},{"data":"Juggernaut","floor":32,"key":"SMITH"},{"floor":40,"key":"REST"},{"floor":44,"key":"REST"},{"data":"True Grit","floor":49,"key":"SMITH"}],"circlet_count":0,"master_deck":["Power Through+1","Uppercut+1","Shrug It Off+1","Entrench+1","Shrug It Off+1","Wild Strike+1","Power Through+1","Entrench+1","Armaments+1","Spot Weakness+1","True Grit+1","Rampage+1","Blood for Blood+1","Shrug It Off+1","Metallicize+1","Juggernaut+1","Fiend Fire+1","Rampage+1","True Grit+1","Offering+1","Sentinel+1","Impervious+1","Feed+1","Entrench+1","Metallicize+1","Feel No Pain+1","True Grit+1","Barricade","Heavy Blade+1"],"relics":["Burning Blood","Calipers","Magic Flower","Mummified Hand","Bird Faced Urn","Charon\u0027s Ashes","Cursed Key","Orichalcum","Singing Bowl","Boot","DollysMirror","Regal Pillow","Runic Dome","Mark of the Bloom","Lizard Tail","Ancient Tea Set","Bottled Tornado"],"acts_visited":["Exordium","TheCity","TheBeyond"],"potions_floor_usage":[7,11,19,24,36,37,37,42,47,48],"damage_taken":[{"damage":0,"enemies":"Small Slimes","floor":1,"turns":6},{"damage":0,"enemies":"Cultist","floor":3,"turns":2},{"damage":8,"enemies":"Jaw Worm","floor":4,"turns":3},{"damage":6,"enemies":"3 Sentries","floor":7,"turns":13},{"damage":8,"enemies":"Lagavulin","floor":10,"turns":8},{"damage":2,"enemies":"Gremlin Gang","floor":11,"turns":6},{"damage":11,"enemies":"3 Sentries","floor":12,"turns":8},{"damage":0,"enemies":"3 Louse","floor":13,"turns":3},{"damage":0,"enemies":"Blue Slaver","floor":14,"turns":5},{"damage":0,"enemies":"Slime Boss","floor":16,"turns":9},{"damage":6,"enemies":"Chosen","floor":18,"turns":4},{"damage":0,"enemies":"Shell Parasite","floor":19,"turns":1},{"damage":6,"enemies":"Cultist and Chosen","floor":21,"turns":5},{"damage":6,"enemies":"Snake Plant","floor":22,"turns":4},{"damage":6,"enemies":"Gremlin Leader","floor":24,"turns":7},{"damage":6,"enemies":"Slavers","floor":27,"turns":5},{"damage":6,"enemies":"Book of Stabbing","floor":29,"turns":7},{"damage":6,"enemies":"Centurion and Healer","floor":30,"turns":8},{"damage":6,"enemies":"Chosen and Byrds","floor":31,"turns":5},{"damage":6,"enemies":"Automaton","floor":33,"turns":15},{"damage":15,"enemies":"3 Darklings","floor":35,"turns":5},{"damage":6,"enemies":"3 Shapes","floor":36,"turns":3},{"damage":6,"enemies":"Transient","floor":37,"turns":5},{"damage":6,"enemies":"2 Orb Walkers","floor":39,"turns":5},{"damage":6,"enemies":"Giant Head","floor":41,"turns":8},{"damage":6,"enemies":"3 Darklings","floor":42,"turns":4},{"damage":6,"enemies":"Writhing Mass","floor":45,"turns":3},{"damage":0,"enemies":"Reptomancer","floor":47,"turns":7},{"damage":6,"enemies":"Maw","floor":48,"turns":6},{"damage":6,"enemies":"Donu and Deca","floor":50,"turns":10}],"seed_played":"5438448063897813088","potions_obtained":[{"floor":1,"key":"SneckoOil"},{"floor":3,"key":"ColorlessPotion"},{"floor":10,"key":"Ancient Potion"},{"floor":14,"key":"Strength Potion"},{"floor":16,"key":"SmokeBomb"},{"floor":22,"key":"LiquidBronze"},{"floor":30,"key":"Block Potion"},{"floor":33,"key":"Energy Potion"},{"floor":36,"key":"SkillPotion"},{"floor":41,"key":"Swift Potion"},{"floor":45,"key":"BloodPotion"},{"floor":47,"key":"Swift Potion"}],"is_trial":true,"path_per_floor":["M","?","M","M","$","R","E","R","T","E","M","E","M","M","R","B",null,"M","M","?","M","M","R","E","R","T","E","$","E","M","M","R","B",null,"M","M","M","?","?","R","E","M","T","R","M","$","E","M","R","B",null],"character_chosen":"IRONCLAD","items_purchased":["Metallicize","DollysMirror","DuplicationPotion","Weak Potion"],"campfire_rested":2,"item_purchase_floors":[5,28,46,46],"current_hp_per_floor":[80,80,80,78,78,78,78,78,78,79,80,78,80,80,80,80,80,80,80,80,80,80,80,80,80,80,80,80,82,85,87,87,89,89,88,94,96,96,90,90,84,78,78,78,72,72,72,66,66,60],"gold":224,"neow_bonus":"","is_daily":false,"chose_seed":false,"campfire_upgraded":7,"win_rate":0.0,"timestamp":1613999431,"path_taken":["M","?","M","M","$","R","E","R","T","E","M","E","?","?","R","BOSS","M","?","?","M","M","R","E","R","T","E","$","E","?","M","R","BOSS","M","M","M","?","?","R","E","M","T","R","?","$","E","M","R","BOSS"],"items_purchased_type":["Card","Relic","Potion","Potion"],"build_version":"2020-12-22","purchased_purges":3,"victory":true,"max_hp_per_floor":[80,80,80,80,80,80,80,80,80,80,80,80,80,80,80,80,80,80,80,80,80,80,80,80,80,80,80,80,82,85,87,87,89,89,91,94,96,96,98,98,98,98,98,98,98,98,98,98,98,98],"card_choices":[{"not_picked":["True Grit","Body Slam"],"picked":"Power Through","floor":0},{"not_picked":["Sentinel","Havoc"],"picked":"Uppercut","floor":0},{"not_picked":["Armaments","Uppercut"],"picked":"Shrug It Off","floor":0},{"not_picked":["Combust","Bloodletting"],"picked":"Entrench","floor":0},{"not_picked":["Twin Strike","Searing Blow"],"picked":"Shrug It Off","floor":0},{"not_picked":["Pummel","Dark Embrace"],"picked":"Wild Strike","floor":0},{"not_picked":["Bloodletting","Iron Wave"],"picked":"Power Through","floor":0},{"not_picked":["Clash","Second Wind"],"picked":"Rupture","floor":0},{"not_picked":["Wild Strike","Warcry"],"picked":"Entrench","floor":0},{"not_picked":["Cleave","Inflame"],"picked":"Wild Strike","floor":0},{"not_picked":["Infernal Blade","Heavy Blade"],"picked":"Armaments","floor":0},{"not_picked":["Twin Strike","Flex"],"picked":"Spot Weakness","floor":0},{"not_picked":["Cleave","Anger"],"picked":"True Grit","floor":0},{"not_picked":["Anger","Pommel Strike"],"picked":"Rampage","floor":0},{"not_picked":["Flex","Perfected Strike"],"picked":"Blood for Blood","floor":0},{"not_picked":["Wild Strike","Sever Soul"],"picked":"Shrug It Off","floor":1},{"not_picked":["Twin Strike","Rupture","Clash"],"picked":"SKIP","floor":3},{"not_picked":["Perfected Strike","True Grit","Clothesline"],"picked":"SKIP","floor":4},{"not_picked":["Brutality","Barricade"],"picked":"Juggernaut","floor":7},{"not_picked":["Double Tap","Corruption","Brutality"],"picked":"SKIP","floor":10},{"not_picked":["Clash","Wild Strike"],"picked":"True Grit","floor":11},{"not_picked":["Feed","Berserk"],"picked":"Fiend Fire","floor":12},{"not_picked":["Disarm","Battle Trance"],"picked":"Rampage","floor":13},{"not_picked":["Pommel Strike","Flex"],"picked":"True Grit","floor":14},{"not_picked":["Double Tap","Berserk"],"picked":"Offering","floor":16},{"not_picked":["Flex","Cleave+1","Iron Wave"],"picked":"SKIP","floor":18},{"not_picked":["Battle Trance","Heavy Blade"],"picked":"Sentinel+1","floor":21},{"not_picked":["Clash","Warcry+1","True Grit"],"picked":"SKIP","floor":22},{"not_picked":["Limit Break","Offering"],"picked":"Impervious","floor":24},{"not_picked":["Demon Form","Fiend Fire"],"picked":"Feed","floor":27},{"not_picked":["Double Tap","Reaper","Berserk"],"picked":"Singing Bowl","floor":29},{"not_picked":["Headbutt","Thunderclap"],"picked":"Metallicize","floor":30},{"not_picked":["Carnage","Clash","Bludgeon"],"picked":"Singing Bowl","floor":31},{"not_picked":["Corruption","Demon Form","Brutality"],"picked":"Singing Bowl","floor":33},{"not_picked":["Dropkick","Warcry","Combust+1"],"picked":"Singing Bowl","floor":35},{"not_picked":["Sword Boomerang+1","Battle Trance+1"],"picked":"Feel No Pain","floor":36},{"not_picked":["Flex+1","Rupture+1","Twin Strike+1"],"picked":"Singing Bowl","floor":37},{"not_picked":["Clash","Hemokinesis+1","True Grit"],"picked":"Singing Bowl","floor":39},{"not_picked":["Immolate","Brutality","Limit Break"],"picked":"SKIP","floor":41},{"not_picked":["Uppercut+1","Ghostly Armor+1","Searing Blow+1"],"picked":"SKIP","floor":42},{"not_picked":["Infernal Blade+1","Clash+1"],"picked":"True Grit","floor":45},{"not_picked":["Corruption","Feed"],"picked":"Barricade","floor":47},{"not_picked":["Sword Boomerang+1","Havoc+1"],"picked":"Heavy Blade+1","floor":48}],"player_experience":357484,"relics_obtained":[{"floor":7,"key":"Magic Flower"},{"floor":9,"key":"Mummified Hand"},{"floor":10,"key":"Bird Faced Urn"},{"floor":12,"key":"Charon\u0027s Ashes"},{"floor":24,"key":"Orichalcum"},{"floor":26,"key":"Singing Bowl"},{"floor":27,"key":"Boot"},{"floor":29,"key":"Regal Pillow"},{"floor":39,"key":"Lizard Tail"},{"floor":41,"key":"Ancient Tea Set"},{"floor":47,"key":"Bottled Tornado"}],"event_choices":[{"damage_healed":0,"gold_gain":100,"player_choice":"Pray","damage_taken":0,"max_hp_gain":0,"max_hp_loss":0,"event_name":"Golden Shrine","floor":2,"gold_loss":0},{"cards_removed":["True Grit"],"damage_healed":0,"gold_gain":0,"player_choice":"Gave Gold","damage_taken":0,"max_hp_gain":0,"max_hp_loss":0,"event_name":"Beggar","floor":20,"gold_loss":75},{"damage_healed":0,"gold_gain":0,"player_choice":"Upgrade","damage_taken":0,"relics_obtained":["Mark of the Bloom"],"max_hp_gain":0,"max_hp_loss":0,"event_name":"MindBloom","floor":38,"gold_loss":0,"cards_upgraded":["Power Through","Uppercut","Shrug It Off","Shrug It Off","Wild Strike","Power Through","Wild Strike","Spot Weakness","Rampage","Blood for Blood","Shrug It Off","Metallicize","Fiend Fire","Rampage","Offering","Impervious","Feed","Metallicize","Feel No Pain"]},{"damage_healed":0,"gold_gain":0,"player_choice":"Fight","damage_taken":0,"max_hp_gain":0,"max_hp_loss":0,"event_name":"Mysterious Sphere","floor":39,"gold_loss":0}],"is_beta":false,"boss_relics":[{"not_picked":["Astrolabe","SacredBark"],"picked":"Cursed Key"},{"not_picked":["Calling Bell","Empty Cage"],"picked":"Runic Dome"}],"items_purged_floors":[5,28,46],"is_endless":false,"potions_floor_spawned":[1,3,10,14,16,19,22,30,33,36,41,45,47],"ascension_level":0}}