{"host":"7cp3z5w0tcrrm8ys","time":1613970073,"event":{"mods":["AchievementEnabler","BaseMod","DeckTracker","Minty Spire (QoL Compilation)","StSLib","SuperFastMode"],"gold_per_floor":[118,131,131,149,15,15,47,64,88,88,98,132,132,148,148,246,246,269,269,16,16,16,16,16,16,88,104,104,123,123,147,147,240,240,264,2,2,22,35,35,70,70,70,70,70],"floor_reached":44,"language":"KOR","playtime":1609,"items_purged":["Writhe","Strike_R+1"],"score":942,"play_id":"8ac3dcf8-f0e3-40d4-8b7b-22525093ec5a","local_time":"20210222140113","is_ascension_mode":true,"campfire_choices":[{"data":"Anger","floor":6.0,"key":"SMITH"},{"data":"Offering","floor":10.0,"key":"SMITH"},{"data":"Evolve","floor":15.0,"key":"SMITH"},{"data":"Pommel Strike","floor":23.0,"key":"SMITH"},{"data":"Entrench","floor":25.0,"key":"SMITH"},{"data":"Exhume","floor":30.0,"key":"SMITH"},{"data":"Limit Break","floor":32.0,"key":"SMITH"},{"data":"Dark Embrace","floor":40,"key":"SMITH"},{"floor":42,"key":"REST"}],"circlet_count":0,"master_deck":["AscendersBane","Strike_R+1","Strike_R+1","Defend_R+1","Defend_R+1","Defend_R+1","Defend_R+1","Bash","Entrench+1","Shrug It Off","Pommel Strike+1","Anger+1","Offering+1","Spot Weakness","Pummel","Limit Break+1","Evolve+1","Immolate","Havoc+1","Impervious","Flash of Steel","Body Slam","Exhume+1","Reckless Charge","Reaper","Whirlwind+1","Limit Break","Dark Embrace+1","Reaper"],"relics":["Burning Blood","Anchor","Centennial Puzzle","Pen Nib","Golden Idol","Sozu","Orichalcum","WingedGreaves","Bottled Flame","Runic Cube","OrangePellets","White Beast Statue","Darkstone Periapt"],"acts_visited":["Exordium","TheCity","TheBeyond"],"potions_floor_usage":[33],"damage_taken":[{"damage":21.0,"enemies":"Jaw Worm","floor":1.0,"turns":7.0},{"damage":4.0,"enemies":"Small Slimes","floor":2.0,"turns":4.0},{"damage":1.0,"enemies":"2 Louse","floor":4.0,"turns":4.0},{"damage":21.0,"enemies":"Lagavulin","floor":7.0,"turns":5.0},{"damage":0.0,"enemies":"Exordium Wildlife","floor":8.0,"turns":4.0},{"damage":16.0,"enemies":"Exordium Thugs","floor":11.0,"turns":4.0},{"damage":21.0,"enemies":"3 Sentries","floor":12.0,"turns":5.0},{"damage":6.0,"enemies":"Lots of Slimes","floor":14.0,"turns":4.0},{"damage":19.0,"enemies":"Hexaghost","floor":16.0,"turns":6.0},{"damage":0.0,"enemies":"3 Byrds","floor":18.0,"turns":2.0},{"damage":6.0,"enemies":"Spheric Guardian","floor":27.0,"turns":1.0},{"damage":6.0,"enemies":"Cultist and Chosen","floor":29.0,"turns":4.0},{"damage":19.0,"enemies":"Centurion and Healer","floor":31.0,"turns":2.0},{"damage":32,"enemies":"Collector","floor":33,"turns":6},{"damage":13,"enemies":"Orb Walker","floor":35,"turns":3},{"damage":9,"enemies":"3 Darklings","floor":38,"turns":4},{"damage":12,"enemies":"4 Shapes","floor":39,"turns":5},{"damage":58,"enemies":"Reptomancer","floor":41,"turns":7}],"seed_played":"-4157528571446401118","potions_obtained":[{"floor":2.0,"key":"Fire Potion"},{"floor":11.0,"key":"PowerPotion"},{"floor":14.0,"key":"Explosive Potion"},{"floor":16.0,"key":"LiquidBronze"}],"is_trial":false,"path_per_floor":["M","M","?","M","$","R","E","M","T","R","M","E","?","M","R","B",null,"M","?","$","?","$","R","T","R","T","M","?","M","R","M","R","B",null,"M","$","?","M","M","R","E","R","T","M"],"character_chosen":"IRONCLAD","items_purchased":["Offering","BlessingOfTheForge","Impervious","Flash of Steel","OrangePellets"],"campfire_rested":1,"item_purchase_floors":[5,5,20,20,36],"current_hp_per_floor":[53,55,55,60,60,60,45,51,51,51,41,26,26,26,26,13,54,60,60,60,60,60,60,60,60,60,60,60,60,60,47,47,21,56,49,49,49,68,62,62,10,30,30,0,0],"gold":70,"neow_bonus":"TRANSFORM_CARD","is_daily":false,"chose_seed":false,"campfire_upgraded":8,"win_rate":0.0,"timestamp":1613970073,"path_taken":["M","M","?","M","$","R","E","M","T","R","M","E","?","M","R","BOSS","M","?","$","?","?","R","?","R","T","M","?","?","R","M","R","BOSS","M","$","?","M","?","R","E","R","T","M"],"items_purchased_type":["Card","Potion","Card","Card","Relic"],"build_version":"2020-12-22","purchased_purges":2,"victory":false,"max_hp_per_floor":[75,75,75,75,75,75,75,75,75,75,75,75,68,68,68,68,68,68,68,68,68,68,68,68,68,68,68,68,68,68,68,68,68,68,68,68,68,68,68,68,68,68,68,68,68],"card_choices":[{"not_picked":["Burning Pact","Fire Breathing"],"picked":"Shrug It Off","floor":1.0},{"not_picked":["Headbutt","Heavy Blade"],"picked":"Pommel Strike","floor":2.0},{"not_picked":["Sentinel","Brutality"],"picked":"Anger","floor":4.0},{"not_picked":["Cleave","Armaments"],"picked":"Spot Weakness","floor":7.0},{"not_picked":["Sentinel","Inflame","Pommel Strike"],"picked":"SKIP","floor":8.0},{"not_picked":["Wild Strike","Sword Boomerang"],"picked":"Pummel","floor":11.0},{"not_picked":["Berserk","Clash"],"picked":"Limit Break","floor":12.0},{"not_picked":["Armaments","Intimidate"],"picked":"Evolve","floor":14.0},{"not_picked":["Bludgeon","Brutality"],"picked":"Immolate","floor":16.0},{"not_picked":["Clothesline","Pommel Strike"],"picked":"Havoc+1","floor":18.0},{"not_picked":["Armaments","Feel No Pain"],"picked":"Body Slam","floor":27.0},{"not_picked":["Body Slam","Feel No Pain"],"picked":"Exhume","floor":29.0},{"not_picked":["Carnage","Thunderclap"],"picked":"Reckless Charge","floor":31.0},{"not_picked":["Feed","Fiend Fire"],"picked":"Reaper","floor":33},{"not_picked":["Heavy Blade+1","Cleave"],"picked":"Whirlwind+1","floor":35},{"not_picked":["Spot Weakness","Body Slam","Wild Strike+1"],"picked":"SKIP","floor":38},{"not_picked":["Anger","Body Slam"],"picked":"Dark Embrace","floor":39},{"not_picked":["Sever Soul","Heavy Blade"],"picked":"Reaper","floor":41}],"player_experience":834816,"relics_obtained":[{"floor":7.0,"key":"Anchor"},{"floor":9.0,"key":"Centennial Puzzle"},{"floor":12.0,"key":"Pen Nib"},{"floor":24.0,"key":"WingedGreaves"},{"floor":26.0,"key":"Bottled Flame"},{"floor":41,"key":"White Beast Statue"},{"floor":43,"key":"Darkstone Periapt"}],"event_choices":[{"damage_healed":0.0,"max_hp_gain":0.0,"max_hp_loss":0.0,"gold_gain":0.0,"event_name":"Scrap Ooze","player_choice":"Fled","floor":3.0,"gold_loss":0.0,"damage_taken":0.0},{"damage_healed":0.0,"max_hp_gain":0.0,"max_hp_loss":7.0,"gold_gain":0.0,"event_name":"Golden Idol","player_choice":"Lose Max HP","floor":13.0,"gold_loss":0.0,"damage_taken":0.0,"relics_obtained":["Golden Idol"]},{"damage_healed":0.0,"max_hp_gain":0.0,"max_hp_loss":0.0,"gold_gain":0.0,"event_name":"The Mausoleum","player_choice":"Opened","floor":19.0,"gold_loss":0.0,"damage_taken":0.0,"relics_obtained":["Orichalcum"],"cards_obtained":["Writhe"]},{"damage_healed":0.0,"max_hp_gain":0.0,"max_hp_loss":0.0,"gold_gain":0.0,"event_name":"Back to Basics","player_choice":"Simplicity","floor":28.0,"gold_loss":0.0,"damage_taken":0.0,"cards_upgraded":["Strike_R","Strike_R","Strike_R","Strike_R","Defend_R","Defend_R","Defend_R","Defend_R"]},{"damage_healed":0,"gold_gain":0,"cards_transformed":["Strike_R"],"player_choice":"Transformed","damage_taken":0,"max_hp_gain":0,"max_hp_loss":0,"event_name":"Transmorgrifier","floor":37,"gold_loss":0,"cards_obtained":["Limit Break"]}],"is_beta":false,"boss_relics":[{"not_picked":["Velvet Choker","SlaversCollar"],"picked":"Sozu"},{"not_picked":["Snecko Eye","Pandora\u0027s Box"],"picked":"Runic Cube"}],"items_purged_floors":[20,36],"is_endless":false,"potions_floor_spawned":[2,11,14,16,27,29,35],"killed_by":"Sphere and 2 Shapes","ascension_level":20}}