{"host":"hrvs05np4ys7itky","time":1613954126,"event":{"mods":["BaseMod","Colored Map","Colored Powertips","Downfall","Emptier Cage","Hermit","Highlight Path","Minty Spire (QoL Compilation)","Permanent Neow","Rare Cards Sparkle","Relic Stats","StSLib","everything is the same but u backflip on backflip"],"gold_per_floor":[114,134,114,129,140,140,165,187,199,224,248,272,296,8,8,85,85,85,85],"floor_reached":18,"language":"ENG","playtime":1182,"items_purged":["Strike_R"],"score":294,"play_id":"40eed6c4-38f5-4b9a-ae08-63e2e6548a18","local_time":"20210221193526","is_ascension_mode":true,"campfire_choices":[{"data":"Sword Boomerang","floor":6,"key":"SMITH"},{"floor":15,"key":"REST"}],"circlet_count":0,"master_deck":["AscendersBane","Strike_R","Strike_R","Strike_R","Strike_R","Defend_R","Defend_R","Defend_R","Defend_R","Bash+1","Sword Boomerang+1","Cleave","Shrug It Off","Second Wind","Armaments","Evolve","True Grit","Feel No Pain","Reaper"],"relics":["Black Blood","MawBank","MealTicket","Slimebound:StickyStick"],"acts_visited":["Exordium","TheCity"],"potions_floor_usage":[4],"damage_taken":[{"damage":7,"enemies":"Small Slimes","floor":1,"turns":3},{"damage":1,"enemies":"Cultist","floor":2,"turns":3},{"damage":4,"enemies":"Jaw Worm","floor":4,"turns":3},{"damage":6,"enemies":"3 Louse","floor":5,"turns":4},{"damage":55,"enemies":"Lagavulin","floor":7,"turns":7},{"damage":9,"enemies":"Exordium Wildlife","floor":8,"turns":4},{"damage":9,"enemies":"Red Slaver","floor":10,"turns":4},{"damage":0,"enemies":"2 Fungi Beasts","floor":11,"turns":3},{"damage":13,"enemies":"Large Slime","floor":12,"turns":8},{"damage":2,"enemies":"Looter","floor":13,"turns":4},{"damage":68,"enemies":"The Guardian","floor":16,"turns":16},{"damage":49,"enemies":"Spheric Guardian","floor":18,"turns":8}],"seed_played":"-5877142248743581875","potions_obtained":[{"floor":2,"key":"Weak Potion"},{"floor":3,"key":"ElixirPotion"},{"floor":4,"key":"Ancient Potion"},{"floor":10,"key":"FairyPotion"}],"is_trial":false,"path_per_floor":["M","M","?","M","M","R","E","M","T","M","M","M","M","$","R","B",null,"M"],"character_chosen":"IRONCLAD","items_purchased":["Slimebound:StickyStick","Feel No Pain"],"campfire_rested":1,"item_purchase_floors":[14,14],"current_hp_per_floor":[67,72,72,74,74,74,25,22,22,19,25,18,22,37,59,20,61,12,12],"gold":85,"neow_bonus":"UPGRADE_CARD","is_daily":false,"chose_seed":false,"campfire_upgraded":1,"win_rate":0.0,"timestamp":1613954126,"path_taken":["M","M","?","M","M","R","E","M","T","M","?","M","M","$","R","BOSS","M"],"items_purchased_type":["Relic","Card"],"build_version":"2020-12-22","purchased_purges":1,"victory":false,"max_hp_per_floor":[75,75,75,75,75,75,75,75,75,75,75,75,75,75,75,75,75,75,75],"relic_stats":{"counters":[12,67],"Black Blood":66,"MealTicket":15,"MawBank":84,"obtain_stats":[{"Slimebound:StickyStick":14,"Black Blood":17,"MealTicket":9,"MawBank":7,"Burning Blood":0},{"Slimebound:StickyStick":10,"Black Blood":11,"MealTicket":6,"MawBank":5,"Burning Blood":0},{"Slimebound:StickyStick":43,"Black Blood":59,"MealTicket":24,"MawBank":20,"Burning Blood":0}]},"card_choices":[{"not_picked":["Sentinel","Anger"],"picked":"Sword Boomerang","floor":1},{"not_picked":["Anger","Sword Boomerang"],"picked":"Cleave","floor":2},{"not_picked":["Perfected Strike","Cleave","Searing Blow"],"picked":"SKIP","floor":4},{"not_picked":["Pommel Strike","Dual Wield"],"picked":"Shrug It Off","floor":5},{"not_picked":["Sword Boomerang","Brutality"],"picked":"Second Wind","floor":7},{"not_picked":["Clash","Sword Boomerang"],"picked":"Armaments","floor":8},{"not_picked":["Armaments","Sword Boomerang"],"picked":"Evolve","floor":10},{"not_picked":["Warcry","Hemokinesis","Rupture"],"picked":"SKIP","floor":11},{"not_picked":["Thunderclap","Armaments","Dark Embrace"],"picked":"SKIP","floor":12},{"not_picked":["Metallicize","Power Through"],"picked":"True Grit","floor":13},{"not_picked":["Impervious","Double Tap"],"picked":"Reaper","floor":16}],"player_experience":1122716,"relics_obtained":[{"floor":7,"key":"MawBank"},{"floor":9,"key":"MealTicket"}],"event_choices":[{"damage_healed":0,"gold_gain":0,"player_choice":"Bought 1 Potion","damage_taken":0,"max_hp_gain":0,"max_hp_loss":0,"event_name":"The Woman in Blue","floor":3,"gold_loss":0}],"is_beta":false,"boss_relics":[{"not_picked":["bronze:MakeshiftBattery","Runic Cube"],"picked":"Black Blood"}],"items_purged_floors":[14],"is_endless":false,"potions_floor_spawned":[2,4,5,10],"killed_by":"Spheric Guardian","ascension_level":15}}