{"host":"l4bxlkn39ih8kz7u","time":1613999981,"event":{"mods":["AchievementEnabler","Act Like it!","Ascension Unlocker","BaseMod","CapriCore","Custom Start","Gensokyo","GifTheSpireLib","HololiveMod","Lobotomy","LobotomyExtend","Minty Spire (QoL Compilation)","Quick Restart","Random Character Button","Ruina","Shop Mod","StSLib","SuperFastMode","The Alterego","Waifu the Spire"],"gold_per_floor":[113,130,130,130,149,149,165,165,165,95,120,120,130,142,142,239,239,252,252,269,285,302,302,313,313,313,313,333,351,351,364,364,467,517,529,541,560,331,349,384,384,404,476,476,476,491,491,509,509,509,509,509],"floor_reached":53,"language":"RUS","playtime":1975,"items_purged":[],"score":622,"play_id":"fa7c67f7-395f-4f2f-bdea-75790eec36fe","local_time":"20210222161941","is_ascension_mode":false,"campfire_choices":[],"circlet_count":0,"master_deck":["SpecialBullet","TrainingCode","SecurityCode","CentralCode","Hypocrisy+1","LongBird","OldLady","Adoration","Mimicry+1","MHz","ExtractionCode","CENSORED_ego+1","Ecstasy+1","ShedSkin+1","SoundOfStar+1","GoldRush+1","Adoration+1","DaCapo+1","Adoration+1","InformationCode","Gensokyo:LockedMedkit","GoldRush+1","LifeForTheDareDevil+1","DaCapo+1","ControlCode"],"relics":["CogitoBucket","Dream Catcher","LetterFromLob","Shuriken","Art of War","Anchor","AspirationHeart","Fusion Hammer","AdjustmentMirror","Calipers","ShedSkin_r","AtMidnight","Tiny House","Strawberry","War Paint","Frozen Egg 2","Ginger"],"acts_visited":["Exordium","ruina:Briah","Gensokyo:Gensokyoest"],"potions_floor_usage":[],"damage_taken":[{"damage":6.0,"enemies":"2 Louse","floor":1.0,"turns":2.0},{"damage":11.0,"enemies":"Jaw Worm","floor":2.0,"turns":2.0},{"damage":0.0,"enemies":"Cultist","floor":5.0,"turns":2.0},{"damage":21.0,"enemies":"Gremlin Gang","floor":7.0,"turns":4.0},{"damage":41.0,"enemies":"Lagavulin","floor":11.0,"turns":5.0},{"damage":9.0,"enemies":"Blue Slaver","floor":13.0,"turns":3.0},{"damage":5.0,"enemies":"3 Louse","floor":14.0,"turns":1.0},{"damage":27.0,"enemies":"The Guardian","floor":16.0,"turns":7.0},{"damage":14.0,"enemies":"ruina:2_Scarecrows","floor":18.0,"turns":3.0},{"damage":14.0,"enemies":"ruina:Nosferatu","floor":20.0,"turns":3.0},{"damage":24.0,"enemies":"ruina:KnightOfDespair","floor":21.0,"turns":6.0},{"damage":6.0,"enemies":"ruina:KingOfGreed","floor":22.0,"turns":4.0},{"damage":25.0,"enemies":"ruina:3_Scarecrows","floor":24.0,"turns":4.0},{"damage":2.0,"enemies":"ruina:QueenOfHate","floor":28.0,"turns":3.0},{"damage":6.0,"enemies":"ruina:KingOfGreed","floor":29.0,"turns":4.0},{"damage":7.0,"enemies":"ruina:Nos_and_Bat","floor":31.0,"turns":5.0},{"damage":31.0,"enemies":"ruina:JesterOfNihil","floor":33.0,"turns":14.0},{"damage":4.0,"enemies":"Gensokyo:3_Boulders","floor":35.0,"turns":3.0},{"damage":6.0,"enemies":"Gensokyo:3_Bats","floor":36.0,"turns":2.0},{"damage":31.0,"enemies":"Gensokyo:Rafflesia","floor":37.0,"turns":4.0},{"damage":6.0,"enemies":"Gensokyo:Dusk_and_Dawn","floor":39.0,"turns":3.0},{"damage":30.0,"enemies":"Gensokyo:Kasen","floor":40.0,"turns":3.0},{"damage":0.0,"enemies":"Gensokyo:4_Bats","floor":42.0,"turns":3.0},{"damage":0.0,"enemies":"Gensokyo:Rafflesia","floor":46.0,"turns":2.0},{"damage":0.0,"enemies":"Gensokyo:SeedOfUnknown","floor":48.0,"turns":2.0},{"damage":2,"enemies":"Gensokyo:Shinki","floor":51,"turns":4}],"seed_played":"-3933965438395758982","potions_obtained":[{"floor":5.0,"key":"Ancient Potion"},{"floor":13.0,"key":"Swift Potion"},{"floor":16.0,"key":"SkillPotion"},{"floor":20.0,"key":"PowerPotion"},{"floor":22.0,"key":"Block Potion"},{"floor":36.0,"key":"DuplicationPotion"}],"is_trial":false,"path_per_floor":["M","M","$","?","M","R","M","R","T","$","E","R","M","M","R","B",null,"M","?","M","M","M","R","M","R","T","M","M","M","R","M","R","B",null,"M","M","M","COS","M","E","R","M","T","R","?","M","?","M","R","R","B",null,null],"character_chosen":"Angela","items_purchased":["Adoration"],"campfire_rested":0,"item_purchase_floors":[10],"current_hp_per_floor":[70,67,67,67,70,70,57,57,57,57,24,24,37,44,44,29,80,78,86,84,72,78,78,65,65,65,31,41,47,47,52,52,33,93,93,93,74,74,87,69,69,81,81,81,81,93,93,100,100,100,100,100],"gold":509,"neow_bonus":"RANDOM_COMMON_RELIC","is_daily":false,"chose_seed":false,"campfire_upgraded":0,"win_rate":0.0,"timestamp":1613999981,"path_taken":["M","M","$","?","M","R","M","R","T","$","E","R","M","M","R","BOSS","M","?","M","M","M","R","M","R","T","M","M","M","R","?","R","BOSS","M","M","M","COS","M","E","R","M","T","R","?","M","?","?","R","R","BOSS"],"items_purchased_type":["Card"],"build_version":"2020-12-22","purchased_purges":0,"victory":true,"max_hp_per_floor":[70,70,70,70,70,70,70,70,70,70,70,70,80,80,80,80,80,80,88,88,88,88,88,88,88,88,88,88,88,88,88,88,88,93,93,93,93,93,100,100,100,100,100,100,100,100,100,100,100,100,100,100],"card_choices":[{"not_picked":["Lantern","RapturousDream"],"picked":"SKIP","floor":1.0},{"not_picked":["Noise"],"picked":"Hypocrisy","floor":2.0},{"not_picked":["UniverseFragment","CrumblingArmor"],"picked":"LongBird","floor":5.0},{"not_picked":["RapturousDream","CUTE"],"picked":"SKIP","floor":5.0},{"not_picked":["GalaxyChild","Wellcheers"],"picked":"OldLady","floor":7.0},{"not_picked":["Loneliness","Horn"],"picked":"SKIP","floor":7.0},{"not_picked":["Penitence"],"picked":"Mimicry","floor":11.0},{"not_picked":["Wingbeat","Horn"],"picked":"SKIP","floor":13.0},{"not_picked":["FairyFestival","UniverseFragment"],"picked":"MHz","floor":14.0},{"not_picked":["Laetitia_ego","Galaxy"],"picked":"SKIP","floor":14.0},{"not_picked":["Loneliness","FrostShard+1"],"picked":"SKIP","floor":18.0},{"not_picked":["Beak","InTheNameOfLoveAndHate"],"picked":"SKIP","floor":20.0},{"not_picked":["Pleasure+1","CrimsonScar"],"picked":"CENSORED_ego","floor":21.0},{"not_picked":["Diffraction+1","Wingbeat"],"picked":"Ecstasy","floor":22.0},{"not_picked":["Murderer","WallGazer","BigBadWolf"],"picked":"Singing Bowl","floor":24.0},{"not_picked":["GrinderMk4","ParadiseLost","Soda"],"picked":"SKIP","floor":24.0},{"not_picked":["BlueStar","UniverseFragment","Porccubus"],"picked":"Singing Bowl","floor":28.0},{"not_picked":["Soda+1","Harmony+1"],"picked":"ShedSkin+1","floor":28.0},{"not_picked":["LittlePrince","BigBird","SpiderBud"],"picked":"Singing Bowl","floor":29.0},{"not_picked":["FourthMatchFlame+1","Heaven+1","SomewhereSpear+1"],"picked":"SKIP","floor":29.0},{"not_picked":["Regret_ego+1","ScreamingWedge+1"],"picked":"SoundOfStar+1","floor":31.0},{"not_picked":["DespairKnight","Porccubus","BigBadWolf"],"picked":"Singing Bowl","floor":31.0},{"not_picked":["WallGazer","Yin","Mercenary"],"picked":"Singing Bowl","floor":33.0},{"not_picked":["Pinks+1","Twilight+1"],"picked":"GoldRush+1","floor":33.0},{"not_picked":["CENSORED_ego+1","Justitia+1"],"picked":"Adoration+1","floor":33.0},{"not_picked":["Twilight+1","CENSORED_ego+1"],"picked":"DaCapo+1","floor":33.0},{"not_picked":["Justitia+1","TheSmile+1"],"picked":"Adoration+1","floor":33.0},{"not_picked":["LaLuna","SilentOrchestra","UniverseFragment"],"picked":"Singing Bowl","floor":35.0},{"not_picked":["Regret_ego+1","Noise+1","Penitence+1"],"picked":"SKIP","floor":35.0},{"not_picked":["DespairKnight","GreedKing","DreamingCurrent"],"picked":"Singing Bowl","floor":36.0},{"not_picked":["Tough+1","Noise+1","RapturousDream+1"],"picked":"SKIP","floor":36.0},{"not_picked":["LittleHelper","SingingMachine","Murderer"],"picked":"Singing Bowl","floor":37.0},{"not_picked":["Lamp+1","SomewhereSpear+1","BlueScar+1"],"picked":"SKIP","floor":37.0},{"not_picked":["Reverberation+1","CUTE+1","Beak+1"],"picked":"SKIP","floor":37.0},{"not_picked":["Penitence+1","RapturousDream+1"],"picked":"GoldRush+1","floor":39.0},{"not_picked":["Alriune","SnowQueen","BlackSwan"],"picked":"Singing Bowl","floor":39.0},{"not_picked":["ParadiseLost+1","Penitence+1"],"picked":"LifeForTheDareDevil+1","floor":40.0},{"not_picked":["BeautyBeast","WallGazer","RedShoes"],"picked":"Singing Bowl","floor":40.0},{"not_picked":["Alriune","QueenOfHatred","BeautyBeast"],"picked":"Singing Bowl","floor":42.0},{"not_picked":["Pleasure+1","FeatherOfHonor+1","Penitence+1"],"picked":"SKIP","floor":42.0},{"not_picked":["FourthMatchFlame+1","Regret_ego+1"],"picked":"DaCapo+1","floor":46.0},{"not_picked":["SnowQueen","MeltingLove","HappyTeddy"],"picked":"Singing Bowl","floor":46.0},{"not_picked":["NothingThere","WhitesApple","Rudolta"],"picked":"Singing Bowl","floor":48.0},{"not_picked":["CherryBlossom+1","TodaysExpression+1","CUTE+1"],"picked":"SKIP","floor":48.0}],"player_experience":291416,"relics_obtained":[{"floor":1.0,"key":"LetterFromLob"},{"floor":9.0,"key":"Art of War"},{"floor":11.0,"key":"Anchor"},{"floor":26.0,"key":"Calipers"},{"floor":31.0,"key":"AtMidnight"},{"floor":40.0,"key":"War Paint"}],"event_choices":[{"damage_healed":0.0,"max_hp_gain":0.0,"max_hp_loss":0.0,"gold_gain":0.0,"event_name":"Big Fish","player_choice":"Box","floor":4.0,"gold_loss":0.0,"damage_taken":0.0,"relics_obtained":["Shuriken"],"cards_obtained":["Regret"]}],"is_beta":false,"boss_relics":[{"not_picked":["Runic Dome","Ectoplasm"],"picked":"Fusion Hammer"},{"not_picked":["Hololive_TopUpMoneyS","Busted Crown"],"picked":"Tiny House"}],"items_purged_floors":[],"is_endless":false,"potions_floor_spawned":[5,13,16,20,22,24,36,39,42],"ascension_level":0}}