{"host":"z439itq93uucuvou","time":1613973724,"event":{"mods":["BaseMod","Colored Powertips","Downfall","Jorbs\u0027s Wanderer Trilogy","Minty Spire (QoL Compilation)","StSLib"],"gold_per_floor":[99,117,131,131,147,174,223,223,241,258,1,1,0,35,46,151,151,51,67,78,278,278,29,29,54,54,54,66,66,66,66],"floor_reached":29,"language":"ENG","playtime":2015,"items_purged":["downfall:Haunted"],"score":278,"play_id":"a9c5625e-d626-469b-8038-d46fee1c674b","local_time":"20210221220204","is_ascension_mode":false,"campfire_choices":[{"data":"champ:Taunt","floor":1,"key":"SMITH"},{"data":"champ:HoldFirm","floor":12,"key":"SMITH"},{"data":"champ:MurderStrike","floor":18,"key":"SMITH"},{"floor":26,"key":"RECALL"}],"circlet_count":0,"master_deck":["champ:Strike","champ:Strike","champ:Strike","champ:Strike","champ:Defend","champ:Defend","champ:Defend","champ:Defend","champ:Execute","champ:Taunt+1","champ:DeathBlow","champ:HeartStrike","champ:RapidStrikes","champ:StrikeOfGenius","stsjorbsmod:Procrastination","champ:HoldFirm+1","champ:Duel","champ:Circumvent","champ:FocusedDefense","champ:Improvising","champ:CalledShot","champ:RisingSlash","champ:FaceSlap","champ:BerserkersShout+1","champ:ShieldSlam+1","champ:MurderStrike+1","champ:SetATrap+1","champ:UltimateStance+1","champ:FocusedDefense+1","champ:EnragedBash"],"relics":["champ:ChampionCrown","Omamori","Juzu Bracelet","Darkstone Periapt","Toxic Egg 2","Philosopher\u0027s Stone","downfall:HeartBlessingGreen","Torii"],"acts_visited":["Exordium","TheCity"],"potions_floor_usage":[14,16,19,25],"damage_taken":[{"damage":0,"enemies":"2 Louse","floor":2,"turns":4},{"damage":12,"enemies":"Small Slimes","floor":3,"turns":4},{"damage":10,"enemies":"Jaw Worm","floor":5,"turns":4},{"damage":57,"enemies":"3 Sentries","floor":6,"turns":8},{"damage":25,"enemies":"Exordium Wildlife","floor":9,"turns":5},{"damage":10,"enemies":"3 Louse","floor":10,"turns":3},{"damage":20,"enemies":"downfall:FleeingMerchant","floor":11,"turns":4},{"damage":20,"enemies":"downfall:FleeingMerchant","floor":13,"turns":4},{"damage":27,"enemies":"Lagavulin","floor":14,"turns":6},{"damage":46,"enemies":"Large Slime","floor":15,"turns":7},{"damage":48,"enemies":"SI_SHIV_ARCHETYPE","floor":16,"turns":6},{"damage":5,"enemies":"Chosen","floor":19,"turns":5},{"damage":7,"enemies":"Shell Parasite","floor":20,"turns":3},{"damage":28,"enemies":"downfall:FleeingMerchant","floor":23,"turns":4},{"damage":87,"enemies":"Slavers","floor":25,"turns":7},{"damage":35,"enemies":"Snecko","floor":28,"turns":2},{"damage":56,"enemies":"Snake Plant","floor":29,"turns":4}],"seed_played":"-5889251789220887139","potions_obtained":[{"floor":2,"key":"PowerPotion"},{"floor":5,"key":"Guardian:BlockOnCardUsePotion"},{"floor":6,"key":"champ:UltimateStancePotion"},{"floor":15,"key":"LiquidBronze"},{"floor":16,"key":"GamblersBrew"},{"floor":20,"key":"Slimebound:ThreeZeroPotion"},{"floor":25,"key":"AttackPotion"},{"floor":27,"key":"CultistPotion"}],"is_trial":false,"path_per_floor":["R","M","M","?","M","E","T","?","M","M","$","R","$","E","M","B",null,"R","M","M","?","?","$","T","E","R","?","M","M"],"character_chosen":"THE_CHAMP","items_purchased":["champ:Improvising","champ:CalledShot","champ:RisingSlash","champ:UltimateStance+1"],"campfire_rested":0,"item_purchase_floors":[11,11,11,23],"current_hp_per_floor":[99,99,97,97,97,70,70,76,71,71,71,71,61,54,38,30,105,105,105,103,109,109,96,96,44,44,44,44,0,0,0],"gold":66,"neow_bonus":"TEN_PERCENT_HP_BONUS","is_daily":false,"chose_seed":false,"campfire_upgraded":3,"win_rate":0.0,"timestamp":1613973724,"path_taken":["R","M","M","?","M","E","T","?","M","M","?","R","$","E","M","BOSS","R","M","M","?","?","$","T","E","R","?","M","M"],"items_purchased_type":["Card","Card","Card","Card"],"build_version":"2020-12-22","purchased_purges":1,"victory":false,"max_hp_per_floor":[99,99,99,99,99,99,99,105,105,105,105,105,105,105,105,105,105,105,105,105,111,111,111,111,111,111,111,111,111,111,111],"card_choices":[{"not_picked":["champ:EnGarde","champ:FlashCut"],"picked":"champ:DeathBlow","floor":2},{"not_picked":["champ:PerfectedStrike","champ:TornadoPunch"],"picked":"champ:HeartStrike","floor":3},{"not_picked":["champ:Circumvent","champ:Haymaker"],"picked":"champ:RapidStrikes","floor":5},{"not_picked":["champ:Shatter","champ:EnGarde"],"picked":"champ:StrikeOfGenius","floor":6},{"not_picked":["champ:GutPunch","champ:Backstep"],"picked":"champ:Duel","floor":9},{"not_picked":["champ:EndlessRage","champ:DefensiveShout"],"picked":"champ:Circumvent","floor":10},{"not_picked":["champ:BringItOn","champ:Duel"],"picked":"champ:FocusedDefense","floor":11},{"not_picked":["champ:Duel","champ:RecklessLeap"],"picked":"champ:FaceSlap","floor":13},{"not_picked":["champ:PerfectedStrike","champ:GutPunch"],"picked":"champ:BerserkersShout+1","floor":14},{"not_picked":["champ:FalseCounter+1","champ:PerfectedStrike"],"picked":"champ:ShieldSlam+1","floor":15},{"not_picked":["champ:DancingMaster","champ:IgnorePain+1"],"picked":"champ:MurderStrike","floor":16},{"not_picked":["champ:TornadoPunch","champ:PerfectedStrike"],"picked":"champ:SetATrap+1","floor":19},{"not_picked":["champ:Circumvent+1","champ:DeathBlow","champ:BladeFlurry"],"picked":"SKIP","floor":20},{"not_picked":["champ:FanOfKnives","champ:Circumvent+1","champ:ShieldSlam+1"],"picked":"SKIP","floor":23},{"not_picked":["champ:UltimateStance+1","champ:BladeFlurry"],"picked":"champ:FocusedDefense+1","floor":25},{"not_picked":["champ:FaceSlap","champ:PreciseThrust"],"picked":"champ:EnragedBash","floor":28}],"player_experience":1723509,"relics_obtained":[{"floor":6,"key":"Omamori"},{"floor":7,"key":"Juzu Bracelet"},{"floor":14,"key":"Toxic Egg 2"},{"floor":25,"key":"Torii"}],"event_choices":[],"is_beta":false,"boss_relics":[{"not_picked":["bronze:MakeshiftBattery","Runic Dome"],"picked":"Philosopher\u0027s Stone"}],"items_purged_floors":[23],"is_endless":false,"potions_floor_spawned":[2,5,6,15,16,20,25,28],"killed_by":"Snake Plant","ascension_level":0}}