{"host":"y4mx56vxqys6xwyn","time":1613969863,"event":{"mods":["BaseMod","Hermit","Minty Spire (QoL Compilation)","StSLib","The Bug Knight"],"gold_per_floor":[118,118,17,36,48,48,65,84,84,115,115,128,158,168,168,267,267,267,267],"floor_reached":18,"language":"ENG","playtime":999,"items_purged":[],"score":174,"play_id":"c54d12ef-7fe8-46a0-af36-d46689ffe633","local_time":"20210221225743","is_ascension_mode":false,"campfire_choices":[{"data":"Hologram","floor":6,"key":"SMITH"},{"floor":15,"key":"REST"}],"circlet_count":0,"master_deck":["Strike_B","Strike_B","Strike_B","Strike_B","Defend_B","Defend_B","Defend_B","Defend_B","Zap","Dualcast","Hello World+1","Darkness+1","Hologram+1","Defragment","White Noise","Undo","Hologram","BootSequence","Ball Lightning","Cold Snap","Tempest"],"relics":["Busted Crown","Thread and Needle","Prayer Wheel","Mango","Velvet Choker"],"acts_visited":["Exordium","TheCity"],"potions_floor_usage":[13,16,16],"damage_taken":[{"damage":0,"enemies":"Small Slimes","floor":1,"turns":2},{"damage":1,"enemies":"Cultist","floor":4,"turns":4},{"damage":0,"enemies":"2 Louse","floor":5,"turns":2},{"damage":5,"enemies":"Looter","floor":7,"turns":3},{"damage":22,"enemies":"3 Louse","floor":8,"turns":5},{"damage":16,"enemies":"3 Sentries","floor":10,"turns":4},{"damage":6,"enemies":"Red Slaver","floor":12,"turns":5},{"damage":18,"enemies":"Gremlin Nob","floor":13,"turns":4},{"damage":0,"enemies":"Looter","floor":14,"turns":4},{"damage":2,"enemies":"Hexaghost","floor":16,"turns":7},{"damage":0,"enemies":"Shell Parasite","floor":18,"turns":1}],"seed_played":"-2073501387667446762","potions_obtained":[{"floor":1,"key":"BlessingOfTheForge"},{"floor":8,"key":"Swift Potion"},{"floor":10,"key":"Fire Potion"},{"floor":12,"key":"ColorlessPotion"},{"floor":16,"key":"ColorlessPotion"}],"is_trial":false,"path_per_floor":["M","?","$","M","M","R","M","M","T","E","?","M","E","M","R","B",null,"M"],"character_chosen":"DEFECT","items_purchased":["Darkness","Hologram"],"campfire_rested":1,"item_purchase_floors":[3,3],"current_hp_per_floor":[75,75,75,74,74,74,69,47,47,31,31,25,21,21,47,45,89,89,89],"gold":267,"neow_bonus":"BOSS_RELIC","is_daily":false,"chose_seed":false,"campfire_upgraded":1,"win_rate":0.0,"timestamp":1613969863,"path_taken":["M","?","?","M","M","R","M","?","T","E","?","M","E","M","R","BOSS","M"],"items_purchased_type":["Card","Card"],"build_version":"2020-12-22","purchased_purges":0,"victory":false,"max_hp_per_floor":[75,75,75,75,75,75,75,75,75,75,75,75,89,89,89,89,89,89,89],"card_choices":[{"not_picked":[],"picked":"Hello World","floor":1},{"not_picked":[],"picked":"Defragment","floor":4},{"not_picked":[],"picked":"White Noise","floor":5},{"not_picked":["Compile Driver"],"picked":"SKIP","floor":7},{"not_picked":[],"picked":"Undo","floor":8},{"not_picked":[],"picked":"Hologram","floor":10},{"not_picked":[],"picked":"BootSequence","floor":12},{"not_picked":[],"picked":"Ball Lightning","floor":12},{"not_picked":[],"picked":"Cold Snap","floor":13},{"not_picked":[],"picked":"Tempest","floor":14},{"not_picked":["Streamline"],"picked":"SKIP","floor":14}],"player_experience":100426,"relics_obtained":[{"floor":9,"key":"Thread and Needle"},{"floor":10,"key":"Prayer Wheel"},{"floor":13,"key":"Mango"}],"event_choices":[{"damage_healed":0,"gold_gain":0,"player_choice":"Forge","damage_taken":0,"max_hp_gain":0,"max_hp_loss":0,"event_name":"Accursed Blacksmith","floor":2,"gold_loss":0,"cards_upgraded":["Hello World"]},{"damage_healed":0,"gold_gain":0,"player_choice":"Grow","damage_taken":0,"max_hp_gain":0,"max_hp_loss":0,"event_name":"Living Wall","floor":11,"gold_loss":0,"cards_upgraded":["Darkness"]}],"is_beta":false,"boss_relics":[{"not_picked":["Sozu","Tiny House"],"picked":"Velvet Choker"}],"items_purged_floors":[],"is_endless":false,"potions_floor_spawned":[1,8,10,12,16],"killed_by":"Shell Parasite","ascension_level":0}}