{"host":"or8fr2mp0k3eluj8","time":1613978312,"event":{"mods":["AchievementEnabler","BaseMod","Colored Map","DeckTracker","Keyboard Shortcuts","Minty Spire (QoL Compilation)","StSLib","SuperFastMode","everything is the same but u backflip on backflip"],"gold_per_floor":[115,115,132,82,82,82,116,116,139,158,38,77,95,125,125,230,230,244,272,46,63,63,63,99,126,196,196,232,253,263,289,289,386,386,415,415,434,434,449,490,490,517,517,531,541,541,568,327,327,327,327,327,180,215,215],"floor_reached":56,"language":"KOR","playtime":1922,"items_purged":["Defend_G","Strike_G","Strike_G","Strike_G"],"score":1646,"play_id":"ba82d768-73e2-49db-958a-1f76bba6c0a8","local_time":"20210222161832","is_ascension_mode":true,"campfire_choices":[{"data":"Accuracy","floor":6,"key":"SMITH"},{"data":"Storm of Steel","floor":8,"key":"SMITH"},{"data":"Cloak And Dagger","floor":15,"key":"SMITH"},{"data":"Blade Dance","floor":23,"key":"SMITH"},{"data":"Finisher","floor":27,"key":"SMITH"},{"data":"Blade Dance","floor":32,"key":"SMITH"},{"data":"Malaise","floor":41,"key":"SMITH"},{"floor":46,"key":"RECALL"},{"floor":49,"key":"REST"},{"data":"Escape Plan","floor":52,"key":"SMITH"}],"circlet_count":0,"master_deck":["Defend_G","Defend_G","Defend_G","Defend_G","Survivor","Neutralize+1","Storm of Steel+1","Accuracy+1","Blade Dance+1","Malaise+1","Blur","Escape Plan+1","Cloak And Dagger+1","Die Die Die","After Image+1","Terror+1","Footwork+1","Cloak And Dagger+1","Finisher+1","Blade Dance+1","Backflip","PiercingWail+1","Infinite Blades+1","Envenom+1","Infinite Blades+1"],"relics":["Ring of the Snake","Ancient Tea Set","CeramicFish","Frozen Egg 2","Mercury Hourglass","Sozu","Membership Card","Dream Catcher","Eternal Feather","Potion Belt","SlaversCollar","Ornamental Fan","Kunai","Akabeko","Gambling Chip","OrangePellets","Ice Cream"],"acts_visited":["Exordium","TheCity","TheBeyond","TheEnding"],"potions_floor_usage":[1,7,50,50,54],"damage_taken":[{"damage":0,"enemies":"Cultist","floor":1,"turns":4},{"damage":0,"enemies":"2 Louse","floor":3,"turns":1},{"damage":8,"enemies":"Lagavulin","floor":7,"turns":6},{"damage":0,"enemies":"Small Slimes","floor":10,"turns":2},{"damage":0,"enemies":"Gremlin Nob","floor":12,"turns":2},{"damage":0,"enemies":"Red Slaver","floor":13,"turns":2},{"damage":6,"enemies":"3 Sentries","floor":14,"turns":5},{"damage":10,"enemies":"The Guardian","floor":16,"turns":12},{"damage":0,"enemies":"3 Byrds","floor":18,"turns":4},{"damage":16,"enemies":"2 Thieves","floor":19,"turns":3},{"damage":0,"enemies":"Snake Plant","floor":21,"turns":3},{"damage":0,"enemies":"Book of Stabbing","floor":24,"turns":3},{"damage":0,"enemies":"3 Cultists","floor":25,"turns":4},{"damage":8,"enemies":"Slavers","floor":28,"turns":4},{"damage":0,"enemies":"Cultist and Chosen","floor":29,"turns":4},{"damage":0,"enemies":"Snecko","floor":30,"turns":4},{"damage":4,"enemies":"Snake Plant","floor":31,"turns":3},{"damage":0,"enemies":"Collector","floor":33,"turns":6},{"damage":25,"enemies":"3 Darklings","floor":35,"turns":4},{"damage":0,"enemies":"Orb Walker","floor":37,"turns":2},{"damage":12,"enemies":"Maw","floor":39,"turns":5},{"damage":14,"enemies":"Reptomancer","floor":40,"turns":5},{"damage":0,"enemies":"Giant Head","floor":42,"turns":6},{"damage":6,"enemies":"Jaw Worm Horde","floor":44,"turns":5},{"damage":0,"enemies":"Sphere and 2 Shapes","floor":45,"turns":4},{"damage":0,"enemies":"Nemesis","floor":47,"turns":7},{"damage":7,"enemies":"Time Eater","floor":50,"turns":8},{"damage":8,"enemies":"Shield and Spear","floor":54,"turns":6},{"damage":48,"enemies":"The Heart","floor":55,"turns":7}],"seed_played":"-4147131377497258933","potions_obtained":[{"floor":1,"key":"Fruit Juice"},{"floor":3,"key":"SteroidPotion"},{"floor":10,"key":"Strength Potion"},{"floor":13,"key":"Strength Potion"},{"floor":16,"key":"Weak Potion"}],"is_trial":false,"path_per_floor":["M","?","M","?","?","R","E","R","T","M","$","E","M","E","R","B",null,"M","M","$","M","?","R","E","M","T","R","E","M","M","M","R","B",null,"M","?","M","?","M","E","R","E","T","M","M","R","E","$","R","B",null,"R","$","E","B",null],"character_chosen":"THE_SILENT","items_purchased":["Cloak And Dagger","Membership Card","Footwork+1","Gambling Chip","Infinite Blades+1","OrangePellets"],"campfire_rested":1,"item_purchase_floors":[11,20,20,48,48,53],"current_hp_per_floor":[75,80,80,80,80,80,72,72,72,72,72,72,72,66,66,56,80,80,64,64,64,80,80,80,80,80,80,72,72,72,68,80,80,80,55,55,55,55,43,29,44,44,44,38,38,53,53,53,76,69,76,76,76,68,20],"gold":215,"neow_bonus":"ONE_RANDOM_RARE_CARD","is_daily":false,"chose_seed":false,"campfire_upgraded":8,"win_rate":0.0,"timestamp":1613978312,"path_taken":["M","?","M","?","?","R","E","R","T","?","$","E","M","E","R","BOSS","M","M","$","M","?","R","E","M","T","R","E","M","?","M","R","BOSS","M","?","M","?","M","E","R","E","T","?","M","R","E","$","R","BOSS","R","$","E","BOSS"],"items_purchased_type":["Card","Relic","Card","Relic","Card","Relic"],"build_version":"2020-12-22","purchased_purges":4,"victory":true,"max_hp_per_floor":[75,80,80,80,80,80,80,80,80,80,80,80,80,80,80,80,80,80,80,80,80,80,80,80,80,80,80,80,80,80,80,80,80,80,80,76,76,76,76,76,76,76,76,76,76,76,76,76,76,76,76,76,76,76,76],"card_choices":[{"not_picked":["Noxious Fumes","Choke"],"picked":"Accuracy","floor":1},{"not_picked":["Flechettes","Outmaneuver"],"picked":"Blade Dance","floor":3},{"not_picked":["Bouncing Flask","Deadly Poison"],"picked":"Blur","floor":7},{"not_picked":["Dagger Throw","Flechettes"],"picked":"Escape Plan","floor":10},{"not_picked":["Prepared","Bane"],"picked":"Die Die Die","floor":12},{"not_picked":["Noxious Fumes+1","Poisoned Stab","Slice"],"picked":"SKIP","floor":13},{"not_picked":["Calculated Gamble","Bouncing Flask","Dagger Spray"],"picked":"SKIP","floor":14},{"not_picked":["Unload","Glass Knife"],"picked":"After Image+1","floor":16},{"not_picked":["Masterful Stab","PiercingWail","Riddle With Holes"],"picked":"SKIP","floor":18},{"not_picked":["Quick Slash+1","Blade Dance"],"picked":"Terror+1","floor":19},{"not_picked":["PiercingWail","Underhanded Strike","Blur"],"picked":"SKIP","floor":21},{"not_picked":["Dagger Spray","PiercingWail"],"picked":"Cloak And Dagger+1","floor":24},{"not_picked":["Well Laid Plans+1","Dagger Spray"],"picked":"Finisher","floor":25},{"not_picked":["Flying Knee+1","Dagger Spray"],"picked":"Blade Dance","floor":28},{"not_picked":["Heel Hook","Flying Knee"],"picked":"Backflip","floor":29},{"not_picked":["Prepared","Wraith Form v2+1","Dagger Throw"],"picked":"SKIP","floor":30},{"not_picked":["Flechettes+1","Outmaneuver+1"],"picked":"PiercingWail+1","floor":31},{"not_picked":["Predator+1","Bouncing Flask+1"],"picked":"Infinite Blades+1","floor":35},{"not_picked":["Dodge and Roll","Slice+1","Bane"],"picked":"SKIP","floor":37},{"not_picked":["Flechettes+1","Endless Agony+1","Predator+1"],"picked":"SKIP","floor":39},{"not_picked":["Endless Agony","Escape Plan+1"],"picked":"Envenom+1","floor":40},{"not_picked":["Terror+1","Dodge and Roll","Backflip+1"],"picked":"SKIP","floor":42},{"not_picked":["Slice+1","Concentrate+1","Sucker Punch+1"],"picked":"SKIP","floor":44},{"not_picked":["Dodge and Roll","Reflex","Backflip"],"picked":"SKIP","floor":45},{"not_picked":["Underhanded Strike+1","Malaise","Blade Dance+1"],"picked":"SKIP","floor":47},{"not_picked":["All Out Attack","Deflect+1","Bouncing Flask"],"picked":"SKIP","floor":54}],"player_experience":438392,"relics_obtained":[{"floor":7,"key":"Ancient Tea Set"},{"floor":9,"key":"CeramicFish"},{"floor":12,"key":"Frozen Egg 2"},{"floor":14,"key":"Mercury Hourglass"},{"floor":24,"key":"Dream Catcher"},{"floor":26,"key":"Eternal Feather"},{"floor":28,"key":"Potion Belt"},{"floor":40,"key":"Ornamental Fan"},{"floor":42,"key":"Kunai"},{"floor":47,"key":"Akabeko"},{"floor":54,"key":"Ice Cream"}],"event_choices":[{"damage_healed":0,"gold_gain":0,"player_choice":"Donut","damage_taken":0,"max_hp_gain":5,"max_hp_loss":0,"event_name":"Big Fish","floor":2,"gold_loss":0},{"cards_removed":["Strike_G"],"damage_healed":0,"gold_gain":0,"player_choice":"Card Removal","damage_taken":0,"max_hp_gain":0,"max_hp_loss":0,"event_name":"The Cleric","floor":4,"gold_loss":50},{"damage_healed":0,"gold_gain":0,"cards_transformed":["Strike_G"],"player_choice":"Transformed","damage_taken":0,"max_hp_gain":0,"max_hp_loss":0,"event_name":"Transmorgrifier","floor":5,"gold_loss":0,"cards_obtained":["Malaise"]},{"damage_healed":16,"gold_gain":0,"player_choice":"Full Heal","damage_taken":0,"max_hp_gain":0,"max_hp_loss":0,"event_name":"Wheel of Change","floor":22,"gold_loss":0},{"damage_healed":0,"gold_gain":0,"player_choice":"Max HP","damage_taken":0,"max_hp_gain":0,"max_hp_loss":4,"event_name":"Winding Halls","floor":36,"gold_loss":0},{"damage_healed":0,"gold_gain":0,"player_choice":"Forge","damage_taken":0,"max_hp_gain":0,"max_hp_loss":0,"event_name":"Accursed Blacksmith","floor":38,"gold_loss":0,"cards_upgraded":["Neutralize"]}],"is_beta":false,"boss_relics":[{"not_picked":["Calling Bell","Velvet Choker"],"picked":"Sozu"},{"not_picked":["Empty Cage","Astrolabe"],"picked":"SlaversCollar"}],"items_purged_floors":[11,20,48,53],"is_endless":false,"potions_floor_spawned":[1,3,10,13,16,24,25,28,29,33,37,39,42,45],"ascension_level":4}}