{"host":"0kk91h4bq4kgfj0u","time":1613956380,"event":{"mods":["BaseMod","Bestiary","Block Reminder","Colored Map","Colored Powertips","Curses Come First","Highlight Path","Minty Spire (QoL Compilation)","Relic Stats","StSLib"],"gold_per_floor":[211,227,238,238,238,238,251,284,284,39,39,49,3,3,3,3,3],"floor_reached":16,"language":"ENG","playtime":398,"items_purged":[],"score":145,"play_id":"9625364a-53da-4961-a48b-f5c9d07f8272","local_time":"20210221201300","is_ascension_mode":true,"campfire_choices":[{"floor":6,"key":"RECALL"},{"floor":15,"key":"REST"}],"circlet_count":0,"master_deck":["Strike_R","Strike_R","Strike_R","Strike_R","Defend_R","Defend_R","Defend_R","Defend_R","Bash","Flame Barrier+1","Thunderclap","Seeing Red","Spot Weakness+1","Flex","Anger","Clothesline","Twin Strike"],"relics":["Burning Blood","Darkstone Periapt","Matryoshka","Red Skull"],"acts_visited":["Exordium"],"potions_floor_usage":[8,12],"damage_taken":[{"damage":11,"enemies":"Small Slimes","floor":1,"turns":4},{"damage":2,"enemies":"2 Louse","floor":2,"turns":3},{"damage":2,"enemies":"Jaw Worm","floor":3,"turns":4},{"damage":19,"enemies":"Exordium Wildlife","floor":7,"turns":7},{"damage":57,"enemies":"Lagavulin","floor":8,"turns":11},{"damage":6,"enemies":"Lots of Slimes","floor":12,"turns":3},{"damage":56,"enemies":"Slime Boss","floor":16,"turns":6}],"seed_played":"3998937034124510930","potions_obtained":[{"floor":3,"key":"Dexterity Potion"},{"floor":7,"key":"Strength Potion"}],"is_trial":false,"path_per_floor":["M","M","M","?","?","R","M","E","T","$","?","M","$","?","R","B"],"character_chosen":"IRONCLAD","items_purchased":["Red Skull","Flex","BloodPotion","Clothesline"],"campfire_rested":1,"item_purchase_floors":[10,10,10,13],"current_hp_per_floor":[67,71,75,75,75,75,62,11,11,11,11,27,27,27,51,0,0],"gold":3,"neow_bonus":"HUNDRED_GOLD","is_daily":false,"chose_seed":false,"campfire_upgraded":0,"win_rate":0.0,"timestamp":1613956380,"path_taken":["M","M","M","?","?","R","?","E","T","$","?","?","$","?","R","BOSS"],"items_purchased_type":["Relic","Card","Potion","Card"],"build_version":"2020-12-22","purchased_purges":0,"victory":false,"max_hp_per_floor":[80,80,80,80,80,80,80,80,80,80,80,80,80,80,80,80,80],"relic_stats":{"Darkstone Periapt":0,"counters":[7,38],"obtain_stats":[{"Darkstone Periapt":8,"Matryoshka":9,"Burning Blood":0,"Red Skull":10},{"Darkstone Periapt":5,"Matryoshka":5,"Burning Blood":0,"Red Skull":5},{"Darkstone Periapt":29,"Matryoshka":29,"Burning Blood":0,"Red Skull":29}],"Burning Blood":36},"card_choices":[{"not_picked":["Havoc","Pommel Strike"],"picked":"Flame Barrier","floor":1},{"not_picked":["Headbutt","Rupture","Sentinel"],"picked":"SKIP","floor":2},{"not_picked":["Twin Strike","Clash"],"picked":"Thunderclap","floor":3},{"not_picked":["Sentinel","True Grit"],"picked":"Seeing Red","floor":7},{"not_picked":["Blood for Blood","Havoc"],"picked":"Spot Weakness","floor":8},{"not_picked":["Clothesline","Double Tap"],"picked":"Anger","floor":12}],"player_experience":903874,"relics_obtained":[{"floor":8,"key":"Darkstone Periapt"},{"floor":9,"key":"Matryoshka"}],"event_choices":[{"damage_healed":0,"gold_gain":0,"player_choice":"Ignored","damage_taken":0,"max_hp_gain":0,"max_hp_loss":0,"event_name":"Liars Game","floor":4,"gold_loss":0},{"damage_healed":0,"gold_gain":0,"player_choice":"Grow","damage_taken":0,"max_hp_gain":0,"max_hp_loss":0,"event_name":"Living Wall","floor":5,"gold_loss":0,"cards_upgraded":["Flame Barrier"]},{"damage_healed":0,"gold_gain":0,"player_choice":"Upgraded","damage_taken":0,"max_hp_gain":0,"max_hp_loss":0,"event_name":"Upgrade Shrine","floor":11,"gold_loss":0,"cards_upgraded":["Spot Weakness"]},{"damage_healed":0,"gold_gain":0,"cards_transformed":["Strike_R"],"player_choice":"Transformed","damage_taken":0,"max_hp_gain":0,"max_hp_loss":0,"event_name":"Transmorgrifier","floor":14,"gold_loss":0,"cards_obtained":["Twin Strike"]}],"is_beta":false,"boss_relics":[],"items_purged_floors":[],"is_endless":false,"potions_floor_spawned":[3,7],"killed_by":"Slime Boss","ascension_level":9}}