{"host":"mzi5fmi0sxohsdsn","time":1613992885,"event":{"mods":["AchievementEnabler","BaseMod","DeckTracker","Filter the Spire","Minty Spire (QoL Compilation)","Quick Restart","Shop Mod","StSLib"],"gold_per_floor":[113,124,134,149,159,159,172,186,186,186,221,231,45,56,56,56,56],"floor_reached":16,"language":"RUS","playtime":1371,"items_purged":[],"score":108,"play_id":"ae304645-dc7f-4c1f-8ce7-dac9dd4a39c1","local_time":"20210222182125","is_ascension_mode":false,"campfire_choices":[{"data":"BowlingBash","floor":6.0,"key":"SMITH"},{"data":"TalkToTheHand","floor":15.0,"key":"SMITH"}],"circlet_count":0,"master_deck":["Strike_P","Strike_P","Strike_P","Strike_P","Defend_P","Defend_P","Defend_P","Defend_P","Eruption","Vigilance","BowlingBash+1","WreathOfFlame","BowlingBash+1","EmptyBody","CutThroughFate","FollowUp","Prostrate","SashWhip","TalkToTheHand+1"],"relics":["PureWater","Toy Ornithopter","Question Card","Bottled Flame","MerchantsRug"],"acts_visited":["Exordium"],"potions_floor_usage":[16],"damage_taken":[{"damage":0.0,"enemies":"2 Louse","floor":1.0,"turns":3.0},{"damage":1.0,"enemies":"Cultist","floor":2.0,"turns":5.0},{"damage":1.0,"enemies":"Jaw Worm","floor":3.0,"turns":3.0},{"damage":6.0,"enemies":"Large Slime","floor":4.0,"turns":5.0},{"damage":5.0,"enemies":"Looter","floor":5.0,"turns":4.0},{"damage":0.0,"enemies":"2 Fungi Beasts","floor":7.0,"turns":2.0},{"damage":1.0,"enemies":"Exordium Wildlife","floor":8.0,"turns":3.0},{"damage":41.0,"enemies":"Lagavulin","floor":11.0,"turns":7.0},{"damage":2.0,"enemies":"Blue Slaver","floor":12.0,"turns":4.0},{"damage":0.0,"enemies":"Large Slime","floor":14.0,"turns":3.0},{"damage":26,"enemies":"Slime Boss","floor":16,"turns":9}],"seed_played":"-1425219328890070378","potions_obtained":[{"floor":1.0,"key":"FearPotion"},{"floor":5.0,"key":"BottledMiracle"},{"floor":7.0,"key":"Fire Potion"},{"floor":8.0,"key":"Fire Potion"}],"is_trial":false,"path_per_floor":["M","M","M","M","M","R","M","M","T","?","E","M","$","M","R","B"],"character_chosen":"WATCHER","items_purchased":["MerchantsRug","SashWhip"],"campfire_rested":0,"item_purchase_floors":[13,13],"current_hp_per_floor":[72,71,70,64,59,59,59,58,58,58,22,20,20,20,20,0,0],"gold":56,"neow_bonus":"RANDOM_COMMON_RELIC","is_daily":false,"chose_seed":false,"campfire_upgraded":2,"win_rate":0.0,"timestamp":1613992885,"path_taken":["M","M","M","M","M","R","M","M","T","?","E","M","$","M","R","BOSS"],"items_purchased_type":["Relic","Card"],"build_version":"2020-12-22","purchased_purges":0,"victory":false,"max_hp_per_floor":[72,72,72,72,72,72,72,72,72,72,72,72,72,72,72,72,72],"card_choices":[{"not_picked":["EmptyBody","SignatureMove"],"picked":"BowlingBash","floor":1.0},{"not_picked":["WheelKick","Halt"],"picked":"WreathOfFlame","floor":2.0},{"not_picked":["WindmillStrike","LikeWater"],"picked":"BowlingBash","floor":3.0},{"not_picked":["Tantrum","Wallop"],"picked":"EmptyBody","floor":4.0},{"not_picked":["DeceiveReality","Protect","SpiritShield"],"picked":"SKIP","floor":5.0},{"not_picked":["Fasting2","Vengeance","Study"],"picked":"SKIP","floor":7.0},{"not_picked":["Evaluate","Wallop"],"picked":"CutThroughFate","floor":8.0},{"not_picked":["FlurryOfBlows","Vault","Wallop"],"picked":"FollowUp","floor":11.0},{"not_picked":["FlurryOfBlows","CrushJoints","SandsOfTime"],"picked":"Prostrate","floor":12.0},{"not_picked":["ClearTheMind","InnerPeace","Adaptation"],"picked":"TalkToTheHand","floor":14.0}],"player_experience":179965,"relics_obtained":[{"floor":9.0,"key":"Question Card"},{"floor":11.0,"key":"Bottled Flame"}],"event_choices":[{"damage_healed":0.0,"max_hp_gain":0.0,"max_hp_loss":0.0,"gold_gain":0.0,"event_name":"Accursed Blacksmith","player_choice":"Forge","floor":10.0,"gold_loss":0.0,"damage_taken":0.0,"cards_upgraded":["BowlingBash"]}],"is_beta":false,"boss_relics":[],"items_purged_floors":[],"is_endless":false,"potions_floor_spawned":[1,5,7,8],"killed_by":"Slime Boss","ascension_level":0}}