{"host":"zxkjcgzis4pm3za5","time":1613968052,"event":{"mods":["2.2 Compatiblity","AchievementEnabler","BaseMod","Colored Map","Colored Powertips","Minty Spire (QoL Compilation)","Quick Restart","Random Character Button","Relic Filter Mod","Relic Sorter","Relic Stats","StSLib","ojb\u0027s Info Mod"],"gold_per_floor":[112,112,130,55,55,91,115,115,115,130,130,71,71,111,111,204,204,225,244,264,48,98,131,131,80,80,111,111,135,135,158,158,253,253,278,278,278,609,622,622,622],"floor_reached":40,"language":"ENG","playtime":1503,"items_purged":[],"score":864,"play_id":"ff3733f3-c782-4882-b82e-ff8fdfc79304","local_time":"20210222095732","is_ascension_mode":true,"campfire_choices":[{"data":"Backstab","floor":8.0,"key":"SMITH"},{"floor":11.0,"key":"REST"},{"floor":15.0,"key":"REST"},{"floor":24.0,"key":"REST"},{"floor":30.0,"key":"REST"},{"data":"Cloak And Dagger","floor":32.0,"key":"SMITH"}],"circlet_count":0,"master_deck":["AscendersBane","Defend_G","Defend_G","Defend_G","Defend_G","Survivor","Neutralize","Predator","Backstab+1","Slice+1","Phantasmal Killer","Die Die Die+1","Distraction+1","Well Laid Plans+1","Bullet Time+1","Blur","Cloak And Dagger+1","Backstab+1","Blade Dance","Cloak And Dagger","Burst","Quick Slash+1","Cloak And Dagger","Blur+1"],"relics":["WristBlade","Golden Idol","Ornamental Fan","Molten Egg 2","Boot","Astrolabe","Lee\u0027s Waffle","Regal Pillow","Eternal Feather","Sozu","Old Coin"],"acts_visited":["Exordium","TheCity","TheBeyond"],"potions_floor_usage":[],"damage_taken":[{"damage":0.0,"enemies":"Jaw Worm","floor":1.0,"turns":4.0},{"damage":4.0,"enemies":"Small Slimes","floor":3.0,"turns":4.0},{"damage":34.0,"enemies":"Lagavulin","floor":6.0,"turns":7.0},{"damage":0.0,"enemies":"2 Louse","floor":7.0,"turns":2.0},{"damage":1.0,"enemies":"Gremlin Gang","floor":10.0,"turns":5.0},{"damage":6.0,"enemies":"Gremlin Nob","floor":14.0,"turns":3.0},{"damage":38.0,"enemies":"The Guardian","floor":16.0,"turns":13.0},{"damage":0.0,"enemies":"Spheric Guardian","floor":18.0,"turns":3.0},{"damage":12.0,"enemies":"Chosen","floor":19.0,"turns":7.0},{"damage":12.0,"enemies":"Snecko","floor":20.0,"turns":6.0},{"damage":35.0,"enemies":"Book of Stabbing","floor":23.0,"turns":5.0},{"damage":20.0,"enemies":"Gremlin Leader","floor":27.0,"turns":5.0},{"damage":38.0,"enemies":"Cultist and Chosen","floor":29.0,"turns":6.0},{"damage":2.0,"enemies":"Snake Plant","floor":31.0,"turns":3.0},{"damage":63.0,"enemies":"Automaton","floor":33.0,"turns":9.0},{"damage":2.0,"enemies":"Orb Walker","floor":35.0,"turns":2.0},{"damage":0,"enemies":"Mind Bloom Boss Battle","floor":38,"turns":3},{"damage":14,"enemies":"3 Shapes","floor":39,"turns":5},{"damage":37,"enemies":"Reptomancer","floor":40,"turns":9}],"seed_played":"-3833758729107244053","potions_obtained":[{"floor":3.0,"key":"SteroidPotion"},{"floor":7.0,"key":"Fire Potion"},{"floor":10.0,"key":"Strength Potion"},{"floor":16.0,"key":"Poison Potion"},{"floor":19.0,"key":"ColorlessPotion"},{"floor":20.0,"key":"EntropicBrew"},{"floor":29.0,"key":"LiquidMemories"}],"is_trial":false,"path_per_floor":["M","?","M","?","?","E","M","R","T","M","R","$","?","E","R","B",null,"M","M","M","$","?","E","R","$","T","E","?","M","R","M","R","B",null,"M","?","?","?","M","E"],"character_chosen":"THE_SILENT","items_purchased":["Slice+1","Lee\u0027s Waffle","Cloak And Dagger","Blade Dance"],"campfire_rested":4,"item_purchase_floors":[12,21,21,25],"current_hp_per_floor":[59,59,55,55,55,21,21,21,21,20,38,38,31,25,43,5,46,46,34,22,67,67,32,67,67,67,47,47,9,56,54,66,3,51,49,49,49,49,35,0,0],"gold":622,"neow_bonus":"BOSS_RELIC","is_daily":false,"chose_seed":false,"campfire_upgraded":2,"win_rate":0.0,"timestamp":1613968052,"path_taken":["M","?","M","?","?","E","M","R","T","?","R","$","?","E","R","BOSS","M","M","M","$","?","E","R","?","T","E","?","M","R","M","R","BOSS","M","?","?","?","?","E"],"items_purchased_type":["Card","Relic","Card","Card"],"build_version":"2020-12-22","purchased_purges":0,"victory":false,"max_hp_per_floor":[66,60,60,60,60,60,60,60,60,60,60,60,60,60,60,60,60,60,60,60,67,67,67,67,67,67,67,67,67,67,67,67,67,67,67,67,67,67,67,67,67],"relic_stats":{"Sozu":1,"Lee\u0027s Waffle":45,"Regal Pillow":30,"counters":[19,101],"Golden Idol":114,"Ornamental Fan":[140],"Astrolabe":["Distraction","Well Laid Plans","Bullet Time"],"Eternal Feather":24,"Boot":[10],"obtain_stats":[{"Sozu":34,"Lee\u0027s Waffle":21,"Regal Pillow":23,"WristBlade":0,"Golden Idol":2,"Ornamental Fan":6,"Astrolabe":17,"Molten Egg 2":9,"Eternal Feather":27,"Boot":14,"Ring of the Snake":0,"Old Coin":38},{"Sozu":15,"Lee\u0027s Waffle":10,"Regal Pillow":11,"WristBlade":0,"Golden Idol":1,"Ornamental Fan":3,"Astrolabe":7,"Molten Egg 2":4,"Eternal Feather":12,"Boot":6,"Ring of the Snake":0,"Old Coin":17},{"Sozu":82,"Lee\u0027s Waffle":54,"Regal Pillow":59,"WristBlade":0,"Golden Idol":4,"Ornamental Fan":15,"Astrolabe":38,"Molten Egg 2":17,"Eternal Feather":64,"Boot":25,"Ring of the Snake":0,"Old Coin":87}]},"card_choices":[{"not_picked":["Prepared","Reflex","Bane"],"picked":"SKIP","floor":1.0},{"not_picked":["Poisoned Stab","Deadly Poison"],"picked":"Predator","floor":3.0},{"not_picked":["Blur","Doppelganger"],"picked":"Backstab","floor":6.0},{"not_picked":["Flechettes","Acrobatics","Noxious Fumes"],"picked":"SKIP","floor":7.0},{"not_picked":["Predator+1","Caltrops","Dagger Throw+1"],"picked":"SKIP","floor":10.0},{"not_picked":["Dagger Throw+1","Dagger Spray+1"],"picked":"Phantasmal Killer","floor":14.0},{"not_picked":["Corpse Explosion","Night Terror"],"picked":"Die Die Die+1","floor":16.0},{"not_picked":["Acrobatics","Expertise","Dagger Throw+1"],"picked":"SKIP","floor":18.0},{"not_picked":["Acrobatics","Backflip"],"picked":"PiercingWail","floor":19.0},{"not_picked":["Tactician","Distraction"],"picked":"Blur","floor":20.0},{"not_picked":["Bullet Time","Outmaneuver"],"picked":"Backstab+1","floor":23.0},{"not_picked":["Reflex","Deadly Poison","Caltrops"],"picked":"SKIP","floor":27.0},{"not_picked":["Deflect","Slice+1"],"picked":"Cloak And Dagger","floor":29.0},{"not_picked":["Poisoned Stab+1","Backstab+1","Deadly Poison"],"picked":"SKIP","floor":31.0},{"not_picked":["Night Terror","Malaise"],"picked":"Burst","floor":33.0},{"not_picked":["Poisoned Stab+1","Noxious Fumes+1"],"picked":"Quick Slash+1","floor":35.0},{"not_picked":["Dagger Spray+1","Slice+1"],"picked":"Cloak And Dagger","floor":38},{"not_picked":["Flying Knee+1","Concentrate"],"picked":"Blur+1","floor":39}],"player_experience":415499,"relics_obtained":[{"floor":6.0,"key":"Ornamental Fan"},{"floor":9.0,"key":"Molten Egg 2"},{"floor":14.0,"key":"Boot"},{"floor":23.0,"key":"Regal Pillow"},{"floor":27.0,"key":"Eternal Feather"},{"floor":38,"key":"Old Coin"}],"event_choices":[{"damage_healed":0.0,"max_hp_gain":0.0,"max_hp_loss":6.0,"gold_gain":0.0,"event_name":"Golden Idol","player_choice":"Lose Max HP","floor":2.0,"gold_loss":0.0,"damage_taken":0.0,"relics_obtained":["Golden Idol"]},{"cards_removed":["Strike_G"],"damage_healed":0.0,"max_hp_gain":0.0,"max_hp_loss":0.0,"gold_gain":0.0,"event_name":"The Cleric","player_choice":"Card Removal","floor":4.0,"gold_loss":75.0,"damage_taken":0.0},{"cards_removed":["Defend_G"],"damage_healed":0.0,"max_hp_gain":0.0,"max_hp_loss":0.0,"gold_gain":0.0,"event_name":"Purifier","player_choice":"Purged","floor":5.0,"gold_loss":0.0,"damage_taken":0.0},{"cards_removed":["Strike_G"],"damage_healed":0.0,"max_hp_gain":0.0,"max_hp_loss":0.0,"gold_gain":0.0,"event_name":"Golden Wing","player_choice":"Card Removal","floor":13.0,"gold_loss":0.0,"damage_taken":7.0},{"damage_healed":0.0,"max_hp_gain":0.0,"max_hp_loss":0.0,"gold_gain":50.0,"event_name":"Nest","player_choice":"Stole From Cult","floor":22.0,"gold_loss":0.0,"damage_taken":0.0},{"damage_healed":0.0,"max_hp_gain":0.0,"max_hp_loss":0.0,"gold_gain":0.0,"event_name":"Cursed Tome","player_choice":"Ignored","floor":28.0,"gold_loss":0.0,"damage_taken":0.0},{"damage_healed":0.0,"max_hp_gain":0.0,"max_hp_loss":0.0,"gold_gain":0.0,"event_name":"Tomb of Lord Red Mask","player_choice":"Ignored","floor":36.0,"gold_loss":0.0,"damage_taken":0.0},{"cards_removed":["PiercingWail"],"damage_healed":0.0,"max_hp_gain":0.0,"max_hp_loss":0.0,"gold_gain":0.0,"event_name":"Falling","player_choice":"Removed Skill","floor":37.0,"gold_loss":0.0,"damage_taken":0.0},{"damage_healed":0,"gold_gain":0,"player_choice":"Fight","damage_taken":0,"max_hp_gain":0,"max_hp_loss":0,"event_name":"MindBloom","floor":38,"gold_loss":0}],"is_beta":false,"boss_relics":[{"not_picked":["Empty Cage","Calling Bell"],"picked":"Astrolabe"},{"not_picked":["Velvet Choker","Fusion Hammer"],"picked":"Sozu"}],"items_purged_floors":[],"is_endless":false,"potions_floor_spawned":[3,7,10,16,19,20,29,39],"killed_by":"Reptomancer","ascension_level":20}}