{"host":"prxrhpgaxnj4om9r","time":1613952383,"event":{"mods":["AchievementEnabler","BaseMod","Colored Map","DeckTracker","Minty Spire (QoL Compilation)"],"gold_per_floor":[112,132,147,162,179,179,213,213,238,313,313,313,331,506,506,603,603,622,635,10,10,10,10],"floor_reached":22,"language":"KOR","playtime":1061,"items_purged":[],"score":233,"play_id":"f8162fbc-a202-48ce-b5e4-0a2089410248","local_time":"20210222090623","is_ascension_mode":true,"campfire_choices":[{"data":"Predator","floor":6.0,"key":"SMITH"},{"floor":8.0,"key":"REST"},{"floor":12.0,"key":"REST"},{"floor":15.0,"key":"REST"}],"circlet_count":0,"master_deck":["Strike_G","Strike_G","Strike_G","Strike_G+1","Strike_G","Defend_G","Defend_G","Defend_G","Defend_G","Defend_G","Survivor","Neutralize","Grand Finale","Predator+1","Cloak And Dagger","Underhanded Strike+1","All Out Attack","Dash","Noxious Fumes","Eviscerate","After Image","Expertise+1","Dodge and Roll","Discovery"],"relics":["Ring of the Snake","Darkstone Periapt","Vajra","Philosopher\u0027s Stone","Matryoshka","Tough Bandages"],"acts_visited":["Exordium","TheCity"],"potions_floor_usage":[18,19],"damage_taken":[{"damage":0.0,"enemies":"Cultist","floor":1.0,"turns":4.0},{"damage":4.0,"enemies":"Jaw Worm","floor":2.0,"turns":2.0},{"damage":0.0,"enemies":"Small Slimes","floor":3.0,"turns":3.0},{"damage":10.0,"enemies":"3 Louse","floor":4.0,"turns":5.0},{"damage":13.0,"enemies":"Lots of Slimes","floor":5.0,"turns":4.0},{"damage":35.0,"enemies":"3 Sentries","floor":7.0,"turns":7.0},{"damage":6.0,"enemies":"Looter","floor":13.0,"turns":3.0},{"damage":60.0,"enemies":"The Guardian","floor":16.0,"turns":13.0},{"damage":16,"enemies":"Shell Parasite","floor":18,"turns":3},{"damage":37,"enemies":"3 Byrds","floor":19,"turns":5},{"damage":9,"enemies":"Centurion and Healer","floor":22,"turns":2}],"seed_played":"-7979724283981283126","potions_obtained":[{"floor":1.0,"key":"SteroidPotion"},{"floor":3.0,"key":"Regen Potion"},{"floor":16.0,"key":"DistilledChaos"},{"floor":18,"key":"PowerPotion"}],"is_trial":false,"path_per_floor":["M","M","M","M","M","R","E","R","T","?","?","R","M","?","R","B",null,"M","M","$","?","M"],"character_chosen":"THE_SILENT","items_purchased":["Matryoshka","Discovery","Tough Bandages"],"campfire_rested":3,"item_purchase_floors":[20,20,20],"current_hp_per_floor":[70,66,66,56,43,43,23,44,44,33,19,40,34,40,62,2,58,42,5,5,5,0,0],"gold":10,"neow_bonus":"ONE_RANDOM_RARE_CARD","is_daily":false,"chose_seed":false,"campfire_upgraded":1,"win_rate":0.0,"timestamp":1613952383,"path_taken":["M","M","M","?","M","R","E","R","T","?","?","R","M","?","R","BOSS","M","M","$","?","?"],"items_purchased_type":["Relic","Card","Relic"],"build_version":"2020-12-22","purchased_purges":0,"victory":false,"max_hp_per_floor":[70,70,70,70,70,70,70,70,70,70,70,70,70,76,76,76,76,76,76,76,76,76,76],"card_choices":[{"not_picked":["Dodge and Roll","Reflex"],"picked":"Predator","floor":1.0},{"not_picked":["Dodge and Roll","Predator"],"picked":"Cloak And Dagger","floor":2.0},{"not_picked":["Slice","Cloak And Dagger"],"picked":"Underhanded Strike","floor":3.0},{"not_picked":["Catalyst","Escape Plan"],"picked":"All Out Attack","floor":4.0},{"not_picked":["Concentrate","Reflex"],"picked":"Dash","floor":5.0},{"not_picked":["Concentrate","Dash"],"picked":"Noxious Fumes","floor":7.0},{"not_picked":["Dagger Throw","Quick Slash"],"picked":"Eviscerate","floor":13.0},{"not_picked":["Night Terror","Grand Finale"],"picked":"After Image","floor":16.0},{"not_picked":["Deflect","Sucker Punch"],"picked":"Expertise+1","floor":18},{"not_picked":["Deadly Poison","Poisoned Stab"],"picked":"Dodge and Roll","floor":19}],"player_experience":580470,"relics_obtained":[{"floor":7.0,"key":"Darkstone Periapt"},{"floor":9.0,"key":"Vajra"}],"event_choices":[{"damage_healed":0.0,"max_hp_gain":0.0,"max_hp_loss":0.0,"gold_gain":75.0,"event_name":"World of Goop","player_choice":"Gather Gold","floor":10.0,"gold_loss":0.0,"damage_taken":11.0},{"damage_healed":0.0,"max_hp_gain":0.0,"max_hp_loss":0.0,"gold_gain":0.0,"event_name":"Shining Light","player_choice":"Entered Light","floor":11.0,"gold_loss":0.0,"damage_taken":14.0,"cards_upgraded":["Underhanded Strike","Strike_G"]},{"damage_healed":0.0,"max_hp_gain":0.0,"max_hp_loss":0.0,"gold_gain":175.0,"event_name":"Liars Game","player_choice":"AGREE","floor":14.0,"gold_loss":0.0,"damage_taken":0.0,"cards_obtained":["Doubt"]},{"cards_removed":["Doubt"],"damage_healed":0,"gold_gain":0,"player_choice":"Purged","damage_taken":0,"max_hp_gain":0,"max_hp_loss":0,"event_name":"Purifier","floor":21,"gold_loss":0}],"is_beta":false,"boss_relics":[{"not_picked":["Velvet Choker","Runic Dome"],"picked":"Philosopher\u0027s Stone"}],"items_purged_floors":[],"is_endless":false,"potions_floor_spawned":[1,3,16,18],"killed_by":"Centurion and Healer","ascension_level":5}}