{"host":"wmrrle71ao22fxdw","time":1613996795,"event":{"mods":["BaseMod","Colored Map","Minty Spire (QoL Compilation)","Rare Cards Sparkle","Relic Stats"],"gold_per_floor":[118,118,137,155,170,170,170],"floor_reached":6,"language":"ENG","playtime":318,"items_purged":[],"score":40,"play_id":"1bd370c7-19af-4721-97e5-8aecd1e64284","local_time":"20210222132635","is_ascension_mode":true,"campfire_choices":[],"circlet_count":0,"master_deck":["Strike_R","Strike_R","Strike_R","Strike_R","Strike_R","Defend_R","Defend_R","Defend_R","Defend_R","Bash","Shrug It Off","Regret","Flame Barrier","Sword Boomerang"],"relics":["Burning Blood","FossilizedHelix","Centennial Puzzle"],"acts_visited":["Exordium"],"potions_floor_usage":[],"damage_taken":[{"damage":2,"enemies":"Small Slimes","floor":1,"turns":5},{"damage":12,"enemies":"2 Louse","floor":3,"turns":4},{"damage":10,"enemies":"Cultist","floor":4,"turns":5},{"damage":10,"enemies":"Large Slime","floor":5,"turns":9},{"damage":51,"enemies":"Lagavulin","floor":6,"turns":8}],"seed_played":"1332113601252220237","potions_obtained":[{"floor":1,"key":"LiquidMemories"},{"floor":4,"key":"Swift Potion"}],"is_trial":false,"path_per_floor":["M","?","M","M","M","E"],"character_chosen":"IRONCLAD","items_purchased":[],"campfire_rested":0,"item_purchase_floors":[],"current_hp_per_floor":[60,60,54,50,46,0,0],"gold":170,"neow_bonus":"ONE_RARE_RELIC","is_daily":false,"chose_seed":false,"campfire_upgraded":0,"win_rate":0.0,"timestamp":1613996795,"path_taken":["M","?","M","M","M","E"],"items_purchased_type":[],"build_version":"2020-12-22","purchased_purges":0,"victory":false,"max_hp_per_floor":[80,80,80,80,80,80,80],"relic_stats":{"Centennial Puzzle":[12],"counters":[5,31],"obtain_stats":[{"Centennial Puzzle":2,"Burning Blood":0,"FossilizedHelix":0},{"Centennial Puzzle":1,"Burning Blood":0,"FossilizedHelix":0},{"Centennial Puzzle":5,"Burning Blood":0,"FossilizedHelix":0}],"Burning Blood":24},"card_choices":[{"not_picked":["Carnage","Rupture"],"picked":"Shrug It Off","floor":1},{"not_picked":["Clash","Dark Embrace"],"picked":"Flame Barrier","floor":3},{"not_picked":["Anger","Body Slam","Metallicize"],"picked":"SKIP","floor":4},{"not_picked":["Armaments","Intimidate"],"picked":"Sword Boomerang","floor":5}],"player_experience":118720,"relics_obtained":[],"event_choices":[{"damage_healed":0,"gold_gain":0,"player_choice":"Box","damage_taken":0,"relics_obtained":["Centennial Puzzle"],"max_hp_gain":0,"max_hp_loss":0,"event_name":"Big Fish","floor":2,"gold_loss":0,"cards_obtained":["Regret"]}],"is_beta":false,"boss_relics":[],"items_purged_floors":[],"is_endless":false,"potions_floor_spawned":[1,4],"killed_by":"Lagavulin","ascension_level":1}}