{"host":"vgpo801u53seft82","time":1613972063,"event":{"mods":["BaseMod","Better Match","Better Skull","Better Third Choice","Colored Powertips","Curses Come First","Downfall","Jorbs\u0027s Wanderer Trilogy","Minty Spire (QoL Compilation)","Quick Restart","StSLib","The Cursed","Together in Spire","everything is the same but u backflip on backflip"],"gold_per_floor":[209,209,227,227,80,105,105,135,158,158,168,185,200,11,11,110,110,125,141,160,177,102,102,20,50,50,50,60,60,60,60,60,165,165,181,230,246,246,246,246,99,99,99,27,40,53,53,53,53,53],"floor_reached":51,"language":"ENG","playtime":2049,"items_purged":[],"score":498,"play_id":"4a9c8cbc-5051-4aba-af1e-2695b62603f7","local_time":"20210222003423","is_ascension_mode":false,"campfire_choices":[{"floor":7,"key":"REST"},{"data":"Zap","floor":10,"key":"SMITH"},{"floor":15,"key":"REST"},{"floor":23,"key":"REST"},{"data":"Dualcast","floor":29,"key":"SMITH"},{"data":"Buffer","floor":32,"key":"SMITH"},{"data":"Creative AI","floor":40,"key":"SMITH"},{"data":"Glacier","floor":42,"key":"SMITH"},{"floor":49,"key":"REST"}],"circlet_count":0,"master_deck":["Zap+1","Dualcast+1","Ball Lightning+1","Glacier+1","Loop+1","Capacitor+1","Tempest+1","Compile Driver+1","Defragment+1","Genetic Algorithm+1","Storm+1","Leap+1","Doom and Gloom+1","Amplify+1","Buffer+1","Conserve Battery+1","Chaos+1","Darkness+1","Self Repair+1","Defragment+1","Stack+1","Self Repair+1","Leap+1","Lockon+1","Creative AI+1","Melter+1","Go for the Eyes+1","Genetic Algorithm+1","Conserve Battery+1","BootSequence+1","Electrodynamics+1","Glacier+1","Hello World+1","Loop+1","Dark Shackles+1","Barrage+1","Doom and Gloom+1","Reboot+1","Rip and Tear+1"],"relics":["Cracked Core","Ancient Tea Set","Bag of Preparation","Velvet Choker","Gremlin Horn","Darkstone Periapt","Nloth\u0027s Gift","Pandora\u0027s Box","Gambling Chip","White Beast Statue","Mark of the Bloom"],"acts_visited":["Exordium","TheCity","TheBeyond"],"potions_floor_usage":[6,6,16,21,33,36,45,50,50],"damage_taken":[{"damage":10,"enemies":"Small Slimes","floor":1,"turns":2},{"damage":0,"enemies":"Cultist","floor":3,"turns":2},{"damage":18,"enemies":"Gremlin Nob","floor":6,"turns":4},{"damage":8,"enemies":"Lagavulin","floor":8,"turns":3},{"damage":0,"enemies":"Jaw Worm","floor":11,"turns":2},{"damage":8,"enemies":"Exordium Thugs","floor":12,"turns":3},{"damage":17,"enemies":"Exordium Wildlife","floor":13,"turns":3},{"damage":0,"enemies":"Slime Boss","floor":16,"turns":4},{"damage":10,"enemies":"3 Byrds","floor":18,"turns":3},{"damage":0,"enemies":"Chosen","floor":19,"turns":3},{"damage":17,"enemies":"Snake Plant","floor":20,"turns":3},{"damage":0,"enemies":"Snecko","floor":21,"turns":3},{"damage":0,"enemies":"Gremlin Leader","floor":25,"turns":3},{"damage":0,"enemies":"Cultist and Chosen","floor":28,"turns":3},{"damage":14,"enemies":"Collector","floor":33,"turns":5},{"damage":0,"enemies":"Orb Walker","floor":35,"turns":4},{"damage":22,"enemies":"2 Orb Walkers","floor":36,"turns":4},{"damage":0,"enemies":"3 Shapes","floor":37,"turns":4},{"damage":10,"enemies":"Writhing Mass","floor":45,"turns":3},{"damage":0,"enemies":"3 Darklings","floor":46,"turns":2},{"damage":9,"enemies":"Donu and Deca","floor":50,"turns":5}],"seed_played":"3852606587922135886","potions_obtained":[{"floor":1,"key":"ColorlessPotion"},{"floor":3,"key":"Block Potion"},{"floor":11,"key":"BlessingOfTheForge"},{"floor":16,"key":"FocusPotion"},{"floor":25,"key":"sneckomod:MuddlingPotion"},{"floor":27,"key":"GamblersBrew"},{"floor":33,"key":"BlessingOfTheForge"},{"floor":35,"key":"FocusPotion"},{"floor":37,"key":"EssenceOfDarkness"},{"floor":45,"key":"Weak Potion"},{"floor":46,"key":"LiquidMemories"}],"is_trial":false,"path_per_floor":["M","?","M","?","$","E","R","E","T","R","M","M","M","$","R","B",null,"M","M","M","M","?","R","$","E","T","?","M","R","?","$","R","B",null,"M","?","M","$","?","R","$","R","T","$","M","M","?","?","R","B",null],"character_chosen":"DEFECT","items_purchased":["Capacitor","Tempest","Doom and Gloom","Amplify","Fire Potion","Self Repair","PowerPotion","Dark Shackles","Barrage","Doom and Gloom"],"campfire_rested":4,"item_purchase_floors":[5,5,14,14,14,24,24,41,41,44],"current_hp_per_floor":[65,65,65,65,65,47,69,61,61,61,61,53,36,36,58,58,75,65,65,48,48,48,70,70,75,75,75,75,75,75,75,75,68,75,75,53,67,67,67,67,67,67,67,67,64,64,64,64,64,55],"gold":53,"neow_bonus":"HUNDRED_GOLD","is_daily":false,"chose_seed":false,"campfire_upgraded":5,"win_rate":0.0,"timestamp":1613972063,"path_taken":["M","?","?","?","$","E","R","E","T","R","M","M","M","$","R","BOSS","M","M","?","?","?","R","?","E","T","?","?","R","?","?","R","BOSS","M","?","M","$","?","R","$","R","T","?","?","M","?","?","R","BOSS"],"items_purchased_type":["Card","Card","Card","Card","Potion","Card","Potion","Card","Card","Card"],"build_version":"2020-12-22","purchased_purges":0,"victory":true,"max_hp_per_floor":[75,75,75,75,75,75,75,75,75,75,75,75,75,75,75,75,75,75,75,75,75,75,75,75,75,75,75,75,75,75,75,75,75,75,75,75,75,75,75,75,75,75,75,75,75,75,75,75,75,75],"card_choices":[{"not_picked":["Reprogram","Hello World"],"picked":"Ball Lightning","floor":1},{"not_picked":["Doom and Gloom","Cold Snap"],"picked":"Glacier","floor":3},{"not_picked":["Steam Power","Coolheaded"],"picked":"Compile Driver","floor":6},{"not_picked":["Consume","Machine Learning"],"picked":"Defragment","floor":8},{"not_picked":["Cold Snap","Ball Lightning"],"picked":"Genetic Algorithm","floor":11},{"not_picked":["Chaos","Beam Cell"],"picked":"Storm","floor":12},{"not_picked":["Ball Lightning","Tempest"],"picked":"Leap","floor":13},{"not_picked":["Reboot","Creative AI"],"picked":"Buffer","floor":16},{"not_picked":["Ball Lightning","Compile Driver"],"picked":"Conserve Battery","floor":18},{"not_picked":["Coolheaded","Streamline+1"],"picked":"Chaos+1","floor":19},{"not_picked":["Capacitor","Steam Power"],"picked":"Darkness","floor":20},{"not_picked":["Aggregate","Stack"],"picked":"Self Repair","floor":21},{"not_picked":["Heatsinks+1","Capacitor+1"],"picked":"Defragment+1","floor":22},{"not_picked":["Streamline+1","Conserve Battery+1"],"picked":"Stack+1","floor":22},{"not_picked":["Machine Learning","Steam+1"],"picked":"Leap+1","floor":25},{"not_picked":["Compile Driver","Rip and Tear+1"],"picked":"Lockon+1","floor":28},{"not_picked":["Amplify","Buffer"],"picked":"Creative AI","floor":33},{"not_picked":["BootSequence+1","FTL"],"picked":"Glacier+1","floor":35},{"not_picked":["Sweeping Beam+1","Coolheaded+1"],"picked":"Hello World","floor":36},{"not_picked":["Stack+1","Auto Shields"],"picked":"Loop+1","floor":37},{"not_picked":["Rip and Tear+1","Hologram"],"picked":"Reboot","floor":45},{"not_picked":["Beam Cell","Creative AI"],"picked":"Rip and Tear+1","floor":46}],"player_experience":160901,"relics_obtained":[{"floor":6,"key":"Ancient Tea Set"},{"floor":8,"key":"Bag of Preparation"},{"floor":9,"key":"Boot"},{"floor":25,"key":"Gremlin Horn"},{"floor":26,"key":"Darkstone Periapt"},{"floor":36,"key":"Gambling Chip"},{"floor":43,"key":"White Beast Statue"}],"event_choices":[{"cards_removed":["Defend_R"],"damage_healed":0,"gold_gain":0,"player_choice":"Took Card","damage_taken":0,"max_hp_gain":0,"max_hp_loss":0,"event_name":"NoteForYourself","floor":2,"gold_loss":0,"cards_obtained":["Defend_R"]},{"damage_healed":0,"gold_gain":0,"cards_transformed":["Strike_B"],"player_choice":"Transformed","damage_taken":0,"max_hp_gain":0,"max_hp_loss":0,"event_name":"Transmorgrifier","floor":4,"gold_loss":0,"cards_obtained":["Loop"]},{"damage_healed":0,"gold_gain":0,"player_choice":"2","damage_taken":0,"max_hp_gain":0,"max_hp_loss":0,"event_name":"betterMatch:BetterMatch","floor":22,"gold_loss":0,"cards_obtained":["betterMatch:UncommonCard","betterMatch:CommonCard"]},{"damage_healed":0,"gold_gain":0,"player_choice":"Got Potions","damage_taken":0,"max_hp_gain":0,"max_hp_loss":0,"event_name":"Lab","floor":27,"gold_loss":0},{"damage_healed":0,"gold_gain":0,"player_choice":"Traded Relic","damage_taken":0,"relics_obtained":["Nloth\u0027s Gift"],"max_hp_gain":0,"max_hp_loss":0,"event_name":"N\u0027loth","floor":30,"relics_lost":["Boot"],"gold_loss":0},{"damage_healed":0,"gold_gain":0,"player_choice":"Fight","damage_taken":0,"max_hp_gain":0,"max_hp_loss":0,"event_name":"Mysterious Sphere","floor":36,"gold_loss":0},{"damage_healed":0,"gold_gain":0,"player_choice":"Ignored","damage_taken":0,"max_hp_gain":0,"max_hp_loss":0,"event_name":"Tomb of Lord Red Mask","floor":39,"gold_loss":0},{"cards_removed":["Darkness"],"damage_healed":0,"gold_gain":0,"player_choice":"Removed Skill","damage_taken":0,"max_hp_gain":0,"max_hp_loss":0,"event_name":"Falling","floor":47,"gold_loss":0},{"damage_healed":0,"gold_gain":0,"player_choice":"Upgrade","damage_taken":0,"relics_obtained":["Mark of the Bloom"],"max_hp_gain":0,"max_hp_loss":0,"event_name":"MindBloom","floor":48,"gold_loss":0,"cards_upgraded":["Ball Lightning","Loop","Capacitor","Tempest","Compile Driver","Defragment","Genetic Algorithm","Storm","Leap","Doom and Gloom","Amplify","Conserve Battery","Darkness","Self Repair","Self Repair","Melter","Go for the Eyes","Genetic Algorithm","Conserve Battery","BootSequence","Electrodynamics","Hello World","Dark Shackles","Barrage","Doom and Gloom","Reboot"]}],"is_beta":false,"boss_relics":[{"not_picked":["Snecko Eye","bronze:MakeshiftBattery"],"picked":"Velvet Choker"},{"not_picked":["Black Star","Sozu"],"picked":"Pandora\u0027s Box"}],"items_purged_floors":[],"is_endless":false,"potions_floor_spawned":[1,3,11,16,25,33,35,37,45,46],"ascension_level":0}}