{"host":"42037lo9e0pj78nv","time":1613968374,"event":{"mods":["AchievementEnabler","BaseMod","Downfall","Hermit","Highlight Path","Minty Spire (QoL Compilation)","Replay The Spire","Shop Mod","StSLib","The Mystic","The Necromancer"],"gold_per_floor":[118,44,79,94,94,94,127,127,153,166,181,200,225,27,27,27,27,123,123,138,138,133,161,161,161,161,177,177,191,112,131,131,37,37,139,139,153,153,1152,1163,1176,1176,1176,824,824,824,824,824,836,850,850,850,850,850,18,53,53,53],"floor_reached":57,"language":"ENG","playtime":7934,"items_purged":["Normality"],"score":808,"play_id":"10f510b8-ab2f-4e2d-8794-e32b2448010c","local_time":"20210221203254","is_ascension_mode":false,"campfire_choices":[{"floor":6,"key":"REST"},{"floor":8,"key":"RECALL"},{"floor":17,"key":"REST"},{"floor":25,"key":"REST"},{"floor":34,"key":"REST"},{"floor":42,"key":"REST"},{"floor":46,"key":"REST"},{"data":"mysticmod:Disintegrate","floor":48,"key":"SMITH"},{"floor":51,"key":"REST"},{"data":"Mind Blast","floor":54,"key":"SMITH"}],"circlet_count":0,"master_deck":["mysticmod:Strike_Mystic+1","mysticmod:Strike_Mystic+1","mysticmod:Strike_Mystic+1","mysticmod:Strike_Mystic+1","mysticmod:Defend_Mystic+1","mysticmod:Defend_Mystic+1","mysticmod:Defend_Mystic+1","mysticmod:ArcaneDodge","mysticmod:ShockingGrasp","mysticmod:PowerSlash","mysticmod:RapidCaster","mysticmod:Alacrity","mysticmod:HeavyStrike","mysticmod:Snowball","CurseOfTheBell","CurseOfTheBell","mysticmod:SuddenClarity","Pot Of Greed","mysticmod:Riposte","mysticmod:ComponentsPouch","mysticmod:ObscuringMist","mysticmod:PureInstinct","mysticmod:Shield","mysticmod:CorrosiveTouch","Deep Breath","mysticmod:KnowledgePool","mysticmod:TomeOfSpells+1","Necronomicurse","mysticmod:MightyMagic","mysticmod:CureLightWounds+1","Replay:Bootleg Shield Generator","mysticmod:EbbAndFlow","mysticmod:Fireball+1","mysticmod:StyleChange","mysticmod:Fireball+1","Replay:Bootleg Shield Generator","mysticmod:Flourish","Bandage Up","mysticmod:Disintegrate+1","mysticmod:MagicMissile","Madness","Madness","mysticmod:LightningBolt+1","mysticmod:Flurry+1","Discovery","Dramatic Entrance","ReplayTheSpireMod:Necrogeddon","Mind Blast+1","Injury","Discovery","Jack Of All Trades","mysticmod:Sideswipe","mysticmod:VorpalThrust","mysticmod:CorrosiveTouch","mysticmod:AllIn"],"relics":["mysticmod:SpellBook","NeowsBlessing","Blood Vial","downfall:ExtraCursedBell","PreservedInsect","Replay:Ringing Soul","Replay:PocketPolymizer","Toy Ornithopter","MerchantsRug","Sozu","Necronomicon","Red Mask","Bird Faced Urn","Pen Nib","The Courier","Mummified Hand","Ginger","Shuriken","Du-Vu Doll","Replay:Bottled Steam","Happy Flower"],"acts_visited":["Exordium","TheCity","TheBeyond","TheEnding"],"potions_floor_usage":[],"damage_taken":[{"damage":0,"enemies":"Jaw Worm","floor":1,"turns":1},{"damage":0,"enemies":"2 Louse","floor":4,"turns":1},{"damage":0,"enemies":"3 Sentries","floor":7,"turns":2},{"damage":2,"enemies":"Small Slimes","floor":10,"turns":3},{"damage":13,"enemies":"Exordium Wildlife","floor":11,"turns":6},{"damage":13,"enemies":"3 Louse","floor":12,"turns":5},{"damage":27,"enemies":"Lagavulin","floor":13,"turns":6},{"damage":90,"enemies":"Fading Forest","floor":18,"turns":11},{"damage":22,"enemies":"Spheric Guardian","floor":20,"turns":5},{"damage":51,"enemies":"Masked Bandits","floor":23,"turns":8},{"damage":0,"enemies":"Shell Parasite","floor":27,"turns":5},{"damage":4,"enemies":"Centurion and Healer","floor":29,"turns":9},{"damage":2,"enemies":"3 Cultists","floor":31,"turns":4},{"damage":113,"enemies":"Champ","floor":35,"turns":15},{"damage":13,"enemies":"Orb Walker","floor":37,"turns":3},{"damage":75,"enemies":"3 Darklings","floor":40,"turns":10},{"damage":36,"enemies":"Sphere and 2 Shapes","floor":41,"turns":4},{"damage":33,"enemies":"Maw","floor":49,"turns":6},{"damage":13,"enemies":"Jaw Worm Horde","floor":50,"turns":4},{"damage":160,"enemies":"Time Eater","floor":52,"turns":11},{"damage":4,"enemies":"Shield and Spear","floor":56,"turns":3},{"damage":202,"enemies":"The Heart","floor":57,"turns":9}],"seed_played":"-3681529076610041620","potions_obtained":[{"floor":3,"key":"SmokeBomb"},{"floor":7,"key":"Languid Potion"},{"floor":12,"key":"champ:CounterPotion"}],"is_trial":false,"path_per_floor":["M","$","?","M","?","R","E","R","T","M","M","M","E","$","PTL","PTL","R","B",null,"M","?","$","?","?","R","?","M","T","M","$","M","?","$","R","B",null,"M","?","?","M","M","R","T","$","T","R","?","R","M","M","R","B",null,"R","$","E","B"],"character_chosen":"MYSTIC_CLASS","items_purchased":["mysticmod:RapidCaster","MerchantsRug","mysticmod:CorrosiveTouch","mysticmod:MightyMagic","mysticmod:StyleChange","Bandage Up","Dramatic Entrance","ReplayTheSpireMod:Necrogeddon","Mind Blast","Ginger","Shuriken","Du-Vu Doll","Replay:Bottled Steam"],"campfire_rested":7,"item_purchase_floors":[2,14,14,22,30,33,44,44,44,55,55,55,55],"current_hp_per_floor":[77,77,47,49,49,76,81,84,84,87,79,71,49,52,52,52,86,11,107,88,75,78,32,32,71,71,84,84,94,97,108,111,114,143,42,146,142,126,129,71,44,96,96,99,99,153,156,159,133,131,185,31,185,185,185,186,0,0],"gold":53,"neow_bonus":"THREE_ENEMY_KILL","is_daily":false,"chose_seed":false,"campfire_upgraded":2,"win_rate":0.0,"timestamp":1613968374,"path_taken":["M","$","?","M","?","R","E","R","T","M","M","M","E","$","PTL","PTL","R","BOSS","M","?","$","?","?","R","?","M","T","?","$","M","?","?","R","BOSS","M","?","?","?","M","R","?","$","T","R","?","R","?","M","R","BOSS","R","$","E","BOSS"],"items_purchased_type":["Card","Relic","Card","Card","Card","Card","Card","Card","Card","Relic","Relic","Relic","Relic"],"build_version":"2020-12-22","purchased_purges":1,"victory":false,"max_hp_per_floor":[77,77,77,77,77,80,83,86,86,89,92,95,98,101,101,101,104,107,107,110,113,116,119,119,122,122,125,125,128,131,134,137,140,143,146,146,149,152,155,158,161,164,164,167,167,170,173,176,179,182,185,185,185,185,185,188,188,188],"card_choices":[{"not_picked":["mysticmod:Daze","mysticmod:VorpalThrust"],"picked":"mysticmod:PowerSlash","floor":1},{"not_picked":["mysticmod:Daze","mysticmod:BulkUp"],"picked":"mysticmod:Alacrity","floor":3},{"not_picked":["mysticmod:CorrosiveTouch","mysticmod:MirrorEntity"],"picked":"mysticmod:HeavyStrike","floor":3},{"not_picked":["mysticmod:CorrosiveTouch","mysticmod:Riposte"],"picked":"mysticmod:Snowball","floor":4},{"not_picked":["mysticmod:DiviningBlow","mysticmod:Daze"],"picked":"mysticmod:Riposte","floor":7},{"not_picked":["mysticmod:KeenEdge","mysticmod:IllusionOfCalm"],"picked":"mysticmod:ComponentsPouch","floor":10},{"not_picked":["mysticmod:HeavyStrike","mysticmod:TomeOfSpells"],"picked":"mysticmod:ObscuringMist","floor":11},{"not_picked":["mysticmod:BulkUp","mysticmod:Alacrity"],"picked":"mysticmod:PureInstinct","floor":12},{"not_picked":["mysticmod:PowerSlash","mysticmod:EnergizedRift"],"picked":"mysticmod:Shield","floor":13},{"not_picked":["mysticmod:Doublecast","mysticmod:ClosingBarrage"],"picked":"mysticmod:KnowledgePool","floor":18},{"not_picked":["mysticmod:PowerSlash","mysticmod:MagicWeapon"],"picked":"mysticmod:TomeOfSpells+1","floor":20},{"not_picked":["mysticmod:Snowball","mysticmod:Probe"],"picked":"mysticmod:CureLightWounds+1","floor":23},{"not_picked":["mysticmod:SuddenClarity","mysticmod:Alacrity"],"picked":"mysticmod:EbbAndFlow","floor":27},{"not_picked":["mysticmod:PowerAttack","mysticmod:Sideswipe"],"picked":"mysticmod:Fireball+1","floor":29},{"not_picked":["mysticmod:FloatingDisk","mysticmod:PureInstinct"],"picked":"mysticmod:Fireball+1","floor":31},{"not_picked":["mysticmod:SpellRecall","mysticmod:GeminiForm"],"picked":"mysticmod:Disintegrate","floor":35},{"not_picked":["mysticmod:TomeOfSpells","mysticmod:Feint"],"picked":"mysticmod:MagicMissile","floor":37},{"not_picked":["mysticmod:PowerSlash+1","mysticmod:BulkUp"],"picked":"mysticmod:LightningBolt+1","floor":40},{"not_picked":["mysticmod:Sideswipe","mysticmod:TomeOfSpells+1"],"picked":"mysticmod:Flurry+1","floor":41},{"not_picked":["ReplayTheSpireMod:Brewmster","Survey Options"],"picked":"Discovery","floor":47},{"not_picked":["mysticmod:LightningBolt","mysticmod:PunishingArmor"],"picked":"mysticmod:Sideswipe","floor":49},{"not_picked":["mysticmod:Daze","mysticmod:PureInstinct"],"picked":"mysticmod:VorpalThrust","floor":50},{"not_picked":["mysticmod:Riposte","mysticmod:PureInstinct+1"],"picked":"mysticmod:AllIn","floor":56}],"player_experience":86726,"relics_obtained":[{"floor":3,"key":"Blood Vial"},{"floor":5,"key":"PreservedInsect"},{"floor":5,"key":"Replay:Ringing Soul"},{"floor":5,"key":"Replay:PocketPolymizer"},{"floor":7,"key":"Grinning Jar"},{"floor":13,"key":"Toy Ornithopter"},{"floor":21,"key":"Necronomicon"},{"floor":23,"key":"Red Mask"},{"floor":28,"key":"Pen Nib"},{"floor":43,"key":"The Courier"},{"floor":45,"key":"Mummified Hand"},{"floor":56,"key":"Happy Flower"}],"event_choices":[{"damage_healed":0,"gold_gain":0,"player_choice":"Obtained Book","damage_taken":16,"max_hp_gain":0,"max_hp_loss":0,"event_name":"Cursed Tome","floor":21,"gold_loss":0},{"damage_healed":0,"gold_gain":0,"player_choice":"Fought Bandits","damage_taken":0,"max_hp_gain":0,"max_hp_loss":0,"event_name":"Masked Bandits","floor":23,"gold_loss":0},{"damage_healed":0,"gold_gain":0,"player_choice":"Simplicity","damage_taken":0,"max_hp_gain":0,"max_hp_loss":0,"event_name":"Back to Basics","floor":24,"gold_loss":0,"cards_upgraded":["mysticmod:Strike_Mystic","mysticmod:Strike_Mystic","mysticmod:Strike_Mystic","mysticmod:Strike_Mystic","mysticmod:Defend_Mystic","mysticmod:Defend_Mystic","mysticmod:Defend_Mystic"]},{"damage_healed":0,"gold_gain":0,"player_choice":"3 cards matched","damage_taken":0,"max_hp_gain":0,"max_hp_loss":0,"event_name":"Match and Keep!","floor":32,"gold_loss":0,"cards_obtained":["Replay:Bootleg Shield Generator","mysticmod:Flourish","mysticmod:PureInstinct"]},{"damage_healed":0,"gold_gain":0,"player_choice":"Embrace Madness","damage_taken":19,"max_hp_gain":0,"max_hp_loss":0,"event_name":"Winding Halls","floor":38,"gold_loss":0,"cards_obtained":["Madness","Madness"]},{"damage_healed":0,"gold_gain":999,"player_choice":"Gold","damage_taken":0,"max_hp_gain":0,"max_hp_loss":0,"event_name":"MindBloom","floor":39,"gold_loss":0,"cards_obtained":["Normality","Normality"]},{"damage_healed":0,"gold_gain":0,"player_choice":"Memory 1","damage_taken":0,"max_hp_gain":0,"max_hp_loss":0,"event_name":"SensoryStone","floor":47,"gold_loss":0}],"is_beta":false,"boss_relics":[{"not_picked":["Snecko Eye","Philosopher\u0027s Stone"],"picked":"Sozu"},{"not_picked":["Kintsugi","Coffee Dripper","Runic Dome"]}],"items_purged_floors":[44],"is_endless":false,"potions_floor_spawned":[7,12,18,23,29,40,49],"killed_by":"The Heart","ascension_level":0}}