{"host":"tr0r177cvmpvg89h","time":1613979150,"event":{"mods":["BaseMod","Colored Map","DeckTracker","Minty Spire (QoL Compilation)","StSLib","SuperFastMode"],"gold_per_floor":[114,114,39,139,157,184,196,207,207,207,81,81,104,150,150,150,150],"floor_reached":16,"language":"KOR","playtime":834,"items_purged":["Defend_G","Strike_G"],"score":98,"play_id":"1a07ccaa-1c9b-41e2-9e63-652d64747595","local_time":"20210222163230","is_ascension_mode":false,"campfire_choices":[{"data":"Neutralize","floor":10,"key":"SMITH"},{"data":"Finisher","floor":12,"key":"SMITH"},{"data":"Slice","floor":15,"key":"SMITH"}],"circlet_count":0,"master_deck":["Strike_G","Strike_G","Strike_G","Strike_G","Defend_G","Defend_G","Defend_G","Defend_G","Survivor","Neutralize+1","Storm of Steel","Finisher+1","Masterful Stab","Acrobatics","Blade Dance","Backstab","Slice+1"],"relics":["Ring of the Snake","Tiny Chest","Eternal Feather","Lantern","Snake Skull","Juzu Bracelet"],"acts_visited":["Exordium"],"potions_floor_usage":[6,16],"damage_taken":[{"damage":10.0,"enemies":"Small Slimes","floor":1.0,"turns":5.0},{"damage":0,"enemies":"Cultist","floor":5,"turns":4},{"damage":28,"enemies":"Lagavulin","floor":6,"turns":7},{"damage":5,"enemies":"Jaw Worm","floor":7,"turns":4},{"damage":12,"enemies":"Blue Slaver","floor":8,"turns":2},{"damage":36,"enemies":"Slime Boss","floor":16,"turns":8}],"seed_played":"-4890581900747482253","potions_obtained":[{"floor":5,"key":"CunningPotion"},{"floor":7,"key":"Weak Potion"}],"is_trial":false,"path_per_floor":["M","?","$","?","M","E","M","M","T","R","$","R","T","T","R","B"],"character_chosen":"THE_SILENT","items_purchased":["Slice"],"campfire_rested":0,"item_purchase_floors":[11],"current_hp_per_floor":[60,57,57,57,57,29,24,12,12,21,21,30,30,30,39,3,3],"gold":150,"neow_bonus":"ONE_RANDOM_RARE_CARD","is_daily":false,"chose_seed":false,"campfire_upgraded":3,"win_rate":0.0,"timestamp":1613979150,"path_taken":["M","?","$","?","M","E","M","?","T","R","$","R","?","?","R","BOSS"],"items_purchased_type":["Card"],"build_version":"2020-12-22","purchased_purges":2,"victory":false,"max_hp_per_floor":[70,70,70,70,70,70,70,70,70,70,70,70,70,70,70,70,70],"card_choices":[{"not_picked":["Deadly Poison","Riddle With Holes"],"picked":"Finisher","floor":1},{"not_picked":["PiercingWail","Choke"],"picked":"Masterful Stab","floor":5},{"not_picked":["Deadly Poison","Crippling Poison"],"picked":"Acrobatics","floor":6},{"not_picked":["Dash","Dagger Throw"],"picked":"Blade Dance","floor":7},{"not_picked":["Deflect","Distraction"],"picked":"Backstab","floor":8}],"player_experience":121541,"relics_obtained":[{"floor":6,"key":"Eternal Feather"},{"floor":9,"key":"Lantern"},{"floor":13,"key":"Snake Skull"},{"floor":14,"key":"Juzu Bracelet"}],"event_choices":[{"damage_healed":0,"gold_gain":0,"player_choice":"Success","damage_taken":3,"relics_obtained":["Tiny Chest"],"max_hp_gain":0,"max_hp_loss":0,"event_name":"Scrap Ooze","floor":2,"gold_loss":0},{"damage_healed":0,"gold_gain":100,"player_choice":"Gold","damage_taken":0,"max_hp_gain":0,"max_hp_loss":0,"event_name":"Wheel of Change","floor":4,"gold_loss":0}],"is_beta":false,"boss_relics":[],"items_purged_floors":[3,11],"is_endless":false,"potions_floor_spawned":[5,7],"killed_by":"Slime Boss","ascension_level":0}}