{"host":"gaqyve1328ta0etl","time":1613963525,"event":{"mods":["BaseMod","Colored Map","Colored Powertips","Duelist Mod","Googly Eyes","Hero for Fun","Minty Spire (QoL Compilation)","Shop Mod","StSLib","SuperFastMode","The Hierophant","The Runesmith"],"gold_per_floor":[137,155,125,139,157,157,172,172,172,191,191,116,116,116,116,190,190,150,150,50,66,66,66,97,97,97,97,117,117,153,164,164,239,239,264,277,109,138,151,151,193,212,212,212,227,260,273,0,0,0,0],"floor_reached":52,"language":"ENG","playtime":2559,"items_purged":["theDuelist:Sparks","theDuelist:CastleWalls"],"score":2188,"play_id":"0a338a63-97a8-4f15-b085-70c2e187a022","local_time":"20210221191205","is_ascension_mode":true,"campfire_choices":[{"data":"theDuelist:HappyLover","floor":6,"key":"SMITH"},{"data":"theDuelist:RainbowKuriboh","floor":8,"key":"SMITH"},{"data":"theDuelist:FluteKuriboh","floor":11,"key":"SMITH"},{"data":"theDuelist:FluteKuriboh","floor":13,"key":"SMITH"},{"data":"theDuelist:PowerKaishin","floor":15,"key":"SMITH"},{"data":"theDuelist:MillenniumShield","floor":23,"key":"SMITH"},{"floor":25,"key":"REST"},{"data":"theDuelist:BlockGolem","floor":27,"key":"SMITH"},{"data":"theDuelist:Fissure","floor":29,"key":"SMITH"},{"data":"theDuelist:MiraculousDescent","floor":32,"key":"SMITH"},{"floor":40,"key":"REST"},{"floor":44,"key":"REST"},{"floor":49,"key":"REST"}],"circlet_count":0,"master_deck":["AscendersBane","theDuelist:BeaverWarrior","theDuelist:BeaverWarrior","theDuelist:CastleWalls","theDuelist:FinalFlame","theDuelist:GiantSoldier","theDuelist:GiantSoldier","theDuelist:ScrapFactory","theDuelist:PowerKaishin+1","theDuelist:FluteKuriboh+1","theDuelist:FluteKuriboh+1","theDuelist:RainbowKuriboh+1","theDuelist:HappyLover+1","theDuelist:HappyLover","theDuelist:BlockGolem+1","theDuelist:MillenniumShield+1","theDuelist:Fissure+1","theDuelist:MiraculousDescent+1","theDuelist:PsychicShockwave+1","theDuelist:SpiralSpearStrike+1","theDuelist:KamionTimelord+1"],"relics":["theDuelist:MillenniumPuzzle","theDuelist:CardPoolRelic","theDuelist:CardPoolBasicRelic","theDuelist:BoosterPackPoolRelic","theDuelist:CardPoolAddRelic","theDuelist:CardPoolMinusRelic","theDuelist:CardPoolSaveRelic","theDuelist:CardPoolOptionsRelic","Tiny Chest","Black Star","Oddly Smooth Stone","theDuelist:SolderToken","theDuelist:MetronomeRelicD","CeramicFish","theDuelist:DuelistTeaSet","Busted Crown","ClockworkSouvenir","Lantern","Happy Flower","Bottled Flame","Gremlin Horn","Lizard Tail","Red Mask"],"acts_visited":["Exordium","TheCity","TheBeyond"],"potions_floor_usage":[16,24,28,41,51],"damage_taken":[{"damage":2,"enemies":"Jaw Worm","floor":1,"turns":5},{"damage":0,"enemies":"Cultist","floor":2,"turns":5},{"damage":0,"enemies":"Small Slimes","floor":4,"turns":4},{"damage":7,"enemies":"Blue Slaver","floor":5,"turns":4},{"damage":0,"enemies":"Red Slaver","floor":7,"turns":5},{"damage":0,"enemies":"2 Fungi Beasts","floor":10,"turns":6},{"damage":7,"enemies":"The Guardian","floor":16,"turns":12},{"damage":14,"enemies":"2 Thieves","floor":18,"turns":5},{"damage":0,"enemies":"Shell Parasite","floor":21,"turns":12},{"damage":13,"enemies":"Gremlin Leader","floor":24,"turns":11},{"damage":0,"enemies":"3 Cultists","floor":28,"turns":7},{"damage":0,"enemies":"Book of Stabbing","floor":30,"turns":7},{"damage":1,"enemies":"Snake Plant","floor":31,"turns":5},{"damage":0,"enemies":"Collector","floor":33,"turns":12},{"damage":16,"enemies":"3 Darklings","floor":35,"turns":10},{"damage":0,"enemies":"3 Shapes","floor":36,"turns":8},{"damage":0,"enemies":"Writhing Mass","floor":38,"turns":6},{"damage":11,"enemies":"3 Darklings","floor":39,"turns":7},{"damage":0,"enemies":"Giant Head","floor":41,"turns":10},{"damage":13,"enemies":"Transient","floor":42,"turns":6},{"damage":13,"enemies":"Jaw Worm Horde","floor":45,"turns":3},{"damage":7,"enemies":"Reptomancer","floor":46,"turns":6},{"damage":0,"enemies":"Spire Growth","floor":47,"turns":6},{"damage":38,"enemies":"Donu and Deca","floor":50,"turns":10},{"damage":0,"enemies":"Awakened One","floor":51,"turns":10}],"seed_played":"8641992319673220606","potions_obtained":[{"floor":3,"key":"theDuelist:SealedPackD"},{"floor":3,"key":"theDuelist:WaterBottle"},{"floor":28,"key":"theDuelist:SealedPackD"},{"floor":30,"key":"EssenceOfSteel"},{"floor":42,"key":"Swift Potion"}],"is_trial":false,"path_per_floor":["M","M","?","M","M","R","M","R","T","M","R","$","R","?","R","B",null,"M","?","$","M","$","R","E","R","T","R","M","R","E","M","R","B",null,"M","M","$","M","M","R","E","M","T","R","M","E","M","?","R","B","B",null],"character_chosen":"THE_DUELIST","items_purchased":["ClockworkSouvenir"],"campfire_rested":4,"item_purchase_floors":[37],"current_hp_per_floor":[61,61,61,61,54,54,54,54,54,54,54,54,54,54,54,47,64,50,50,50,50,50,50,37,58,58,58,58,58,58,57,57,57,67,51,51,51,51,40,61,61,48,48,69,56,49,49,49,70,32,32],"gold":0,"neow_bonus":"TRANSFORM_CARD","is_daily":false,"chose_seed":false,"campfire_upgraded":9,"win_rate":0.0,"timestamp":1613963525,"path_taken":["M","M","?","M","?","R","M","R","T","M","R","$","R","?","R","BOSS","M","?","$","M","$","R","E","R","T","R","M","R","E","M","R","BOSS","M","M","$","M","M","R","E","M","T","R","M","E","M","?","R","BOSS","BOSS"],"items_purchased_type":["Relic"],"build_version":"2020-12-22","purchased_purges":2,"victory":true,"max_hp_per_floor":[70,70,70,70,70,70,70,70,70,70,70,70,70,70,70,70,70,70,70,70,70,70,70,70,70,70,70,70,70,70,70,70,70,70,70,70,70,70,70,70,70,70,70,70,70,70,70,70,70,70,70],"card_choices":[{"not_picked":["theDuelist:DoubleTool","theDuelist:RainbowNeos","theDuelist:FairyBox","theDuelist:Sangan"],"picked":"theDuelist:FluteKuriboh","floor":1},{"not_picked":["theDuelist:MeteorDestruction","theDuelist:Tuningware","theDuelist:Hinotama","theDuelist:Downbeat"],"picked":"theDuelist:FluteKuriboh","floor":2},{"not_picked":["theDuelist:RainbowNeos","theDuelist:KamionTimelord","theDuelist:Eva","theDuelist:RainbowOverdragon"],"picked":"theDuelist:RainbowKuriboh","floor":4},{"not_picked":["theDuelist:RainbowNeos","theDuelist:Eva","theDuelist:DokiDoki","theDuelist:GraniteLoyalist"],"picked":"theDuelist:HappyLover","floor":5},{"not_picked":["theDuelist:CrossAttack","theDuelist:MagnumShield","theDuelist:CharcoalInpachi","theDuelist:SilentDoom","theDuelist:FusionFire"],"picked":"SKIP","floor":7},{"not_picked":["theDuelist:SpellShatteringArrow","theDuelist:BigFire","theDuelist:SwordDeepSeated","theDuelist:SilverApples","theDuelist:MythicalBeast"],"picked":"SKIP","floor":10},{"not_picked":["theDuelist:RainbowNeos","theDuelist:Eva","theDuelist:RainbowKuriboh","theDuelist:RainbowOverdragon"],"picked":"theDuelist:HappyLover","floor":16},{"not_picked":["theDuelist:DarklordSuperbia","theDuelist:GaiaMidNightSun","theDuelist:OneForOne","theDuelist:GauntletWarrior"],"picked":"theDuelist:BlockGolem","floor":18},{"not_picked":["theDuelist:BattleOx","theDuelist:LightningDarts","theDuelist:Sangan","theDuelist:MudGolem"],"picked":"theDuelist:Fissure","floor":21},{"not_picked":["theDuelist:BattleOx","theDuelist:DestroyerGolem","theDuelist:GreyGreedOni","theDuelist:Polymerization","theDuelist:HaneHane"],"picked":"SKIP","floor":24},{"not_picked":["theDuelist:AssaultArmor","theDuelist:SwordDeepSeated","theDuelist:WhiteNinja","theDuelist:ChaosSeed","theDuelist:Wiretap+1"],"picked":"SKIP","floor":28},{"not_picked":["theDuelist:Wiretap","theDuelist:SilverApples","theDuelist:Reinforcements","theDuelist:PowerWall"],"picked":"theDuelist:MiraculousDescent","floor":30},{"not_picked":["theDuelist:Sangan","theDuelist:MythicalBeast","theDuelist:PreventRat","theDuelist:BigKoala","theDuelist:RainbowNeos+1"],"picked":"SKIP","floor":31},{"not_picked":["theDuelist:LegendarySword","theDuelist:PowerWall"],"picked":"theDuelist:PsychicShockwave+1","floor":35},{"not_picked":["theDuelist:Invigoration","theDuelist:Tuningware","theDuelist:SwordDeepSeated"],"picked":"SKIP","floor":36},{"not_picked":["theDuelist:VenomShot+1","theDuelist:FuryFire+2"],"picked":"theDuelist:SpiralSpearStrike+1","floor":38},{"not_picked":["theDuelist:GravityAxe","theDuelist:Electrowhip+1","theDuelist:VenomShot"],"picked":"SKIP","floor":39},{"not_picked":["theDuelist:HappyLover","theDuelist:RainbowKuriboh"],"picked":"theDuelist:KamionTimelord+1","floor":41},{"not_picked":["theDuelist:MagicalStone+1","theDuelist:CharcoalInpachi","theDuelist:LegendarySword+1"],"picked":"SKIP","floor":42},{"not_picked":["theDuelist:Wildfire","theDuelist:LightningBlade","theDuelist:Mathematician"],"picked":"SKIP","floor":45},{"not_picked":["theDuelist:SpiritHarp","theDuelist:MythicalBeast","theDuelist:HappyLover+1"],"picked":"SKIP","floor":46},{"not_picked":["theDuelist:CombinationAttack+1","theDuelist:PowerKaishin","theDuelist:BreakDraw"],"picked":"SKIP","floor":47}],"player_experience":2237950,"relics_obtained":[{"floor":9,"key":"Tiny Chest"},{"floor":24,"key":"Oddly Smooth Stone"},{"floor":24,"key":"theDuelist:SolderToken"},{"floor":26,"key":"theDuelist:MetronomeRelicD"},{"floor":30,"key":"CeramicFish"},{"floor":30,"key":"theDuelist:DuelistTeaSet"},{"floor":41,"key":"Lantern"},{"floor":41,"key":"Happy Flower"},{"floor":43,"key":"Bottled Flame"},{"floor":46,"key":"Gremlin Horn"},{"floor":46,"key":"Lizard Tail"}],"event_choices":[{"damage_healed":0,"gold_gain":0,"player_choice":"Bought 2 Potions","damage_taken":0,"max_hp_gain":0,"max_hp_loss":0,"event_name":"The Woman in Blue","floor":3,"gold_loss":0},{"damage_healed":0,"gold_gain":0,"player_choice":"Leave","duelist":true,"damage_taken":0,"max_hp_gain":0,"max_hp_loss":0,"event_name":"Millennium Items","floor":14,"gold_loss":0},{"damage_healed":0,"gold_gain":0,"player_choice":"1 cards matched","damage_taken":0,"max_hp_gain":0,"max_hp_loss":0,"event_name":"Match and Keep!","floor":19,"gold_loss":0,"cards_obtained":["theDuelist:MillenniumShield"]},{"damage_healed":0,"gold_gain":0,"player_choice":"Paid","damage_taken":0,"relics_obtained":["Red Mask"],"max_hp_gain":0,"max_hp_loss":0,"event_name":"Tomb of Lord Red Mask","floor":48,"gold_loss":273}],"is_beta":false,"boss_relics":[{"not_picked":["Fusion Hammer","HoveringKite"],"picked":"Black Star"},{"not_picked":["Empty Cage","theDuelist:GamblerChip"],"picked":"Busted Crown"}],"items_purged_floors":[12,20],"is_endless":false,"potions_floor_spawned":[4,5,10,18,28,30,33,35,39,42,45,46],"ascension_level":20}}