{"host":"0fupymmp6wdjyqoi","time":1613984666,"event":{"mods":["BaseMod","Bestiary","Clockwork Mod","Conspire","Downfall","GifTheSpireLib","Hubris","Infinite Spire","Minty Spire (QoL Compilation)","Replay The Spire","StSLib","The Construct","The Senshi"],"gold_per_floor":[210,160,177,177,48,48,48,48,48,19,19,19,80,147,147,270,270,256,256,256,312,328,353,353],"floor_reached":23,"language":"ENG","playtime":1928,"items_purged":["Regret"],"score":185,"play_id":"416391dd-c0d3-4e0b-8fd7-ff89582bca9f","local_time":"20210222100425","is_ascension_mode":false,"campfire_choices":[{"data":"conspire:SpireCoStock","floor":6.0,"key":"SMITH"},{"data":"Zap","floor":8.0,"key":"SMITH"},{"data":"Leap","floor":12.0,"key":"SMITH"},{"floor":15.0,"key":"REST"}],"circlet_count":0,"master_deck":["Strike_B","Strike_B","Defend_B+1","Defend_B","Defend_B","Defend_B","Zap+1","Dualcast+1","Undo","conspire:SpireCoStock+1","Leap+1","Cold Snap","Steam+1","Double Energy","Cold Snap","Creative AI","Heatsinks+1","Pot Of Greed","Pot Of Greed","hubris:Ukulele","Redo","FIFO Queue"],"relics":["Cracked Core","infinitespire:Joker Card","Blue Doll","hubris:FunFungus","War Paint","Empty Cage","Grinning Jar","hubris:Towel","Matryoshka"],"acts_visited":["Exordium","TheCity"],"potions_floor_usage":[],"damage_taken":[{"damage":1.0,"enemies":"Jaw Worm","floor":1.0,"turns":5.0},{"damage":0.0,"enemies":"Small Slimes","floor":3.0,"turns":3.0},{"damage":43.0,"enemies":"Gremlin Nob","floor":13.0,"turns":6.0},{"damage":7.0,"enemies":"Cultist","floor":14.0,"turns":4.0},{"damage":32.0,"enemies":"The Guardian","floor":16.0,"turns":19.0},{"damage":39.0,"enemies":"2 Thieves","floor":18.0,"turns":5.0},{"damage":20.0,"enemies":"3 Byrds","floor":22.0,"turns":6.0},{"damage":23,"enemies":"Book of Stabbing","floor":23,"turns":3}],"seed_played":"-4354564069776113955","potions_obtained":[{"floor":14.0,"key":"AttackPotion"},{"floor":16.0,"key":"Swift Potion"},{"floor":18.0,"key":"Elixir"},{"floor":22,"key":"sneckomod:MuddlingPotion"}],"is_trial":false,"path_per_floor":["M","?","M","?","$","R","T","R","T","$","$","R","E","M","R","B",null,"M","?","?","?","M","E"],"character_chosen":"DEFECT","items_purchased":["Cold Snap","Steam+1"],"campfire_rested":1,"item_purchase_floors":[5,10],"current_hp_per_floor":[74,74,74,74,74,74,74,74,74,74,74,74,32,27,49,27,75,36,36,36,36,17,0,0],"gold":353,"neow_bonus":"HUNDRED_GOLD","is_daily":false,"chose_seed":false,"campfire_upgraded":3,"win_rate":0.0,"timestamp":1613984665,"path_taken":["M","?","M","?","$","R","?","R","T","?","$","R","E","M","R","BOSS","M","?","?","?","?","E"],"items_purchased_type":["Card","Card"],"build_version":"2020-12-22","purchased_purges":1,"victory":false,"max_hp_per_floor":[75,75,75,75,75,75,75,75,75,75,75,75,75,75,75,75,75,75,75,75,75,75,75,75],"card_choices":[{"not_picked":["Force Field","Blizzard"],"picked":"Undo","floor":1.0},{"not_picked":["Reinforced Body","Fusion"],"picked":"Leap","floor":3.0},{"not_picked":["Barrage","Echo Form"],"picked":"Double Energy","floor":13.0},{"not_picked":["Skim","Auto Shields"],"picked":"Cold Snap","floor":14.0},{"not_picked":["ReplayTheSpireMod:Omega Cannon","Biased Cognition"],"picked":"Creative AI","floor":16.0},{"not_picked":["Steam+1","Barrage"],"picked":"Heatsinks+1","floor":18.0},{"not_picked":["Stack","ReplayTheSpireMod:Repulse+1"],"picked":"hubris:Ukulele","floor":21.0},{"not_picked":["White Noise+1","Rip and Tear"],"picked":"Redo","floor":21.0},{"not_picked":["White Noise","Darkness"],"picked":"FIFO Queue","floor":22}],"player_experience":82051,"relics_obtained":[{"floor":7.0,"key":"Blue Doll"},{"floor":9.0,"key":"hubris:FunFungus"},{"floor":13.0,"key":"War Paint"},{"floor":21.0,"key":"Matryoshka"}],"event_choices":[{"damage_healed":0.0,"max_hp_gain":0.0,"max_hp_loss":0.0,"gold_gain":0.0,"event_name":"conspire:Investor","player_choice":"Invest 1","floor":2.0,"gold_loss":0.0,"damage_taken":0.0},{"damage_healed":0.0,"max_hp_gain":0.0,"max_hp_loss":0.0,"gold_gain":0.0,"event_name":"Big Fish","player_choice":"Box","floor":4.0,"gold_loss":0.0,"damage_taken":0.0,"relics_obtained":["infinitespire:Joker Card"],"cards_obtained":["Regret"]},{"damage_healed":0.0,"max_hp_gain":0.0,"max_hp_loss":0.0,"gold_gain":0.0,"event_name":"The Mausoleum","player_choice":"Opened","floor":19.0,"gold_loss":0.0,"damage_taken":0.0,"relics_obtained":["Grinning Jar"]}],"is_beta":false,"boss_relics":[{"not_picked":["conspire:SeveredTorchhead","Busted Crown"],"picked":"Empty Cage"}],"items_purged_floors":[5],"is_endless":false,"potions_floor_spawned":[14,16,18,22],"killed_by":"Book of Stabbing","ascension_level":0}}