{"host":"thn8o1tmql8xszd5","time":1613966972,"event":{"mods":["2.2 Compatiblity","AchievementEnabler","BaseMod","Bestiary","Block Reminder","Colored Map","Curses Come First","DeckTracker","Downfall","Highlight Path","Minty Spire (QoL Compilation)","Permanent Neow","Quick Restart","Random Character Button","Relic Sorter","Relic Stats","Spire Arcade","StSLib"],"gold_per_floor":[99,119,136,42,176,47,73,107,124,150,150,176,21,171,183,288,288,288,307,325,325,325,325],"floor_reached":21,"language":"ENG","playtime":2529,"items_purged":["Slimebound:Strike_Slimebound"],"score":315,"play_id":"ba74248f-6e96-42b3-a057-c39c16c44e5c","local_time":"20210221230932","is_ascension_mode":true,"campfire_choices":[{"data":"Slimebound:Split","floor":1,"key":"SMITH"},{"floor":11,"key":"REST"},{"data":"Slimebound:RainOfGoop","floor":18,"key":"SMITH"}],"circlet_count":0,"master_deck":["AscendersBane","Slimebound:Strike_Slimebound","Slimebound:Strike_Slimebound","Slimebound:Tackle","Slimebound:Defend_Slimebound","Slimebound:Defend_Slimebound","Slimebound:Defend_Slimebound","Slimebound:Defend_Slimebound","Slimebound:Split+1","Slimebound:CorrosiveSpit","Slimebound:SplitLeeching","Slimebound:SplitSpecialist","Slimebound:FinishingTackle","Slimebound:RainOfGoop+1","Slimebound:AcidTongue","Slimebound:Schlurp","Slimebound:SplitSpecialist","Slimebound:SpikyOuterGoop","Slimebound:LivingWall","Slimebound:ItLooksTasty+1","Slimebound:LeechingTouch+1","Slimebound:LeechLife+1","Slimebound:LeechEnergy+1"],"relics":["Slimebound:AbsorbEndCombat","Bronze Scales","CaptainsWheel","Molten Egg 2","ClockworkSouvenir","Cursed Key"],"acts_visited":["Exordium","TheCity"],"potions_floor_usage":[6,9,10,16,20],"damage_taken":[{"damage":3,"enemies":"Cultist","floor":2,"turns":3},{"damage":2,"enemies":"2 Louse","floor":3,"turns":3},{"damage":8,"enemies":"downfall:FleeingMerchant","floor":4,"turns":4},{"damage":10,"enemies":"downfall:FleeingMerchant","floor":6,"turns":4},{"damage":38,"enemies":"Gremlin Nob","floor":8,"turns":4},{"damage":1,"enemies":"Small Slimes","floor":9,"turns":3},{"damage":10,"enemies":"3 Sentries","floor":10,"turns":7},{"damage":5,"enemies":"Lagavulin","floor":12,"turns":6},{"damage":12,"enemies":"downfall:FleeingMerchant","floor":13,"turns":4},{"damage":1,"enemies":"downfall:LooterAlt","floor":15,"turns":3},{"damage":26,"enemies":"IC_STATUS_ARCHETYPE","floor":16,"turns":10},{"damage":19,"enemies":"3 Byrds","floor":19,"turns":3},{"damage":7,"enemies":"Chosen","floor":20,"turns":5},{"damage":37,"enemies":"Snake Plant","floor":21,"turns":2}],"seed_played":"1334947279540738462","potions_obtained":[{"floor":2,"key":"PowerPotion"},{"floor":3,"key":"Weak Potion"},{"floor":8,"key":"Fire Potion"},{"floor":12,"key":"Regen Potion"},{"floor":16,"key":"GamblersBrew"}],"is_trial":false,"path_per_floor":["R","M","M","$","?","$","T","E","M","E","R","E","$","?","M","B",null,"R","M","M","M"],"character_chosen":"SLIMEBOUND","items_purchased":["Slimebound:AcidTongue","Slimebound:SplitSpecialist","ClockworkSouvenir"],"campfire_rested":1,"item_purchase_floors":[4,6,13],"current_hp_per_floor":[59,60,60,56,56,50,50,18,19,11,30,31,19,19,20,17,53,53,34,33,0,0,0],"gold":325,"neow_bonus":"THREE_CARDS","is_daily":false,"chose_seed":false,"campfire_upgraded":2,"win_rate":0.0,"timestamp":1613966972,"path_taken":["R","M","M","?","?","$","T","E","?","E","R","E","$","?","M","BOSS","R","M","M","?"],"items_purchased_type":["Card","Card","Relic"],"build_version":"2020-12-22","purchased_purges":1,"victory":false,"max_hp_per_floor":[65,65,65,65,65,65,65,65,65,65,65,65,65,65,65,65,65,65,65,65,65,65,65],"relic_stats":{"counters":[14,60],"Bronze Scales":[146],"Cursed Key":0,"obtain_stats":[{"CaptainsWheel":8,"Bronze Scales":7,"Molten Egg 2":10,"Slimebound:AbsorbEndCombat":0,"MawBank":12,"Cursed Key":17,"ClockworkSouvenir":13},{"CaptainsWheel":5,"Bronze Scales":4,"Molten Egg 2":7,"Slimebound:AbsorbEndCombat":0,"MawBank":8,"Cursed Key":11,"ClockworkSouvenir":9},{"CaptainsWheel":18,"Bronze Scales":14,"Molten Egg 2":28,"Slimebound:AbsorbEndCombat":0,"MawBank":34,"Cursed Key":51,"ClockworkSouvenir":38}]},"card_choices":[{"not_picked":["Slimebound:GoopTackle","Slimebound:ItLooksTasty"],"picked":"Slimebound:SplitLeeching","floor":0},{"not_picked":["Slimebound:GoopTackle","Slimebound:LeadByExample"],"picked":"Slimebound:SplitSpecialist","floor":2},{"not_picked":["Slimebound:Dissolve","Slimebound:SplitBruiser"],"picked":"Slimebound:FinishingTackle","floor":3},{"not_picked":["Slimebound:WasteNot","Slimebound:SlimeSlap"],"picked":"Slimebound:RainOfGoop","floor":4},{"not_picked":["Slimebound:SplitAcid","Slimebound:Equalize"],"picked":"Slimebound:Schlurp","floor":6},{"not_picked":["Slimebound:DisruptingSlam","Slimebound:ViciousTackle"],"picked":"Slimebound:SpikyOuterGoop","floor":8},{"not_picked":["Slimebound:ComboTackle","Slimebound:SplitBruiser","Slimebound:SlimeSlap"],"picked":"SKIP","floor":9},{"not_picked":["Slimebound:SamplingLick","Slimebound:PressTheAttack+1"],"picked":"Slimebound:LivingWall","floor":10},{"not_picked":["Slimebound:GoopTackle+1","Slimebound:HauntingLick"],"picked":"Slimebound:ItLooksTasty+1","floor":12},{"not_picked":["Slimebound:Chomp+1","Slimebound:SplitBruiser","Slimebound:ServeAndProtect"],"picked":"SKIP","floor":13},{"not_picked":["Slimebound:SplitMire","Slimebound:WasteNot"],"picked":"Slimebound:LeechingTouch+1","floor":15},{"not_picked":["Slimebound:SelfFormingGoo","Slimebound:MinionMaster"],"picked":"Slimebound:LeechLife+1","floor":16},{"not_picked":["Slimebound:GrowthPunch+1","Slimebound:HauntingLick","Slimebound:FlameTackle+1"],"picked":"SKIP","floor":19},{"not_picked":["Slimebound:DisruptingSlam+1","Slimebound:SplitAcid"],"picked":"Slimebound:LeechEnergy+1","floor":20}],"player_experience":856409,"relics_obtained":[{"floor":7,"key":"Bronze Scales"},{"floor":8,"key":"CaptainsWheel"},{"floor":10,"key":"Molten Egg 2"},{"floor":12,"key":"MawBank"}],"event_choices":[],"is_beta":false,"boss_relics":[{"not_picked":["SlaversCollar","Runic Pyramid"],"picked":"Cursed Key"}],"items_purged_floors":[6],"is_endless":false,"potions_floor_spawned":[2,3,8,12,16],"killed_by":"Snake Plant","ascension_level":12}}