{"host":"id23shmscryl4psl","time":1613998713,"event":{"mods":["BaseMod","Better Altar","Better Match","Better Note","Better Sensory Stone","Better Skull","Better Third Choice","Colored Map","Colored Powertips","Dark Map","FTL Soundtrack","HololiveMod","Minty Spire (QoL Compilation)","Rare Cards Sparkle","Relic Stats","Robot Space Explorer","StSLib"],"gold_per_floor":[109,109,77,77,95,95,130,148,148,148,49,49,73,93,93,224,224,240,240,240,266,281,281,315,315,315,315,17,17,17,17,17,143,206,230,254,254,254,317,361,361,382,382,382,34,34,34,69,69,69,69,69,19,50,50,50],"floor_reached":55,"language":"ENG","playtime":2480,"items_purged":["LessonLearned"],"score":835,"play_id":"8e7cf1ac-8bfe-4b59-b469-b6654ced3f05","local_time":"20210222055833","is_ascension_mode":false,"campfire_choices":[{"data":"FlurryOfBlows","floor":6,"key":"SMITH"},{"floor":12,"key":"REST"},{"data":"JustLucky","floor":15,"key":"SMITH"},{"data":"EmptyMind","floor":23,"key":"SMITH"},{"data":"Tantrum","floor":25,"key":"SMITH"},{"floor":32,"key":"RECALL"},{"data":"Adaptation","floor":41,"key":"SMITH"},{"data":"FlurryOfBlows","floor":44,"key":"SMITH"},{"data":"FlurryOfBlows","floor":46,"key":"SMITH"},{"data":"Violence","floor":49,"key":"SMITH"},{"data":"Strike_P","floor":52,"key":"SMITH"}],"circlet_count":0,"master_deck":["Strike_P+1","Strike_P","Strike_P","Strike_P+1","Defend_P","Defend_P","Defend_P+1","Defend_P+1","Eruption+1","Vigilance","Consecrate","FlurryOfBlows+1","FearNoEvil+1","EmptyBody","FlurryOfBlows+1","JustLucky+1","WheelKick+1","EmptyMind+1","LessonLearned","EmptyMind+1","Evaluate+1","Tantrum+1","Mayhem+1","Violence+1","FlurryOfBlows+1","CrushJoints+1","Halt+1","JustLucky+1","CutThroughFate+1","Protect+1","FlurryOfBlows+1","Indignation+1","EmptyFist+1"],"relics":["PureWater","betterThird:SlimedRelic","Vajra","Ornamental Fan","Golden Idol","Sozu","Nunchaku","Bag of Marbles","Question Card","War Paint","Juzu Bracelet","Enchiridion","Tiny House","Ice Cream","Mango","Boot","HandDrill","Pen Nib","Blood Vial","Smiling Mask","Hololive_LightStick"],"acts_visited":["Exordium","TheCity","TheBeyond","TheEnding"],"potions_floor_usage":[7,16],"damage_taken":[{"damage":0,"enemies":"Cultist","floor":1,"turns":2},{"damage":0,"enemies":"Small Slimes","floor":5,"turns":2},{"damage":39,"enemies":"Gremlin Nob","floor":7,"turns":4},{"damage":0,"enemies":"Jaw Worm","floor":8,"turns":2},{"damage":0,"enemies":"Exordium Thugs","floor":13,"turns":3},{"damage":0,"enemies":"Blue Slaver","floor":14,"turns":2},{"damage":6,"enemies":"Hexaghost","floor":16,"turns":6},{"damage":1,"enemies":"2 Thieves","floor":18,"turns":3},{"damage":6,"enemies":"3 Byrds","floor":22,"turns":4},{"damage":2,"enemies":"Book of Stabbing","floor":24,"turns":4},{"damage":0,"enemies":"Champ","floor":33,"turns":4},{"damage":6,"enemies":"3 Darklings","floor":35,"turns":3},{"damage":0,"enemies":"3 Shapes","floor":36,"turns":2},{"damage":0,"enemies":"Mind Bloom Boss Battle","floor":39,"turns":2},{"damage":4,"enemies":"Nemesis","floor":40,"turns":5},{"damage":15,"enemies":"Sphere and 2 Shapes","floor":42,"turns":3},{"damage":0,"enemies":"Giant Head","floor":48,"turns":4},{"damage":34,"enemies":"Awakened One","floor":50,"turns":7},{"damage":17,"enemies":"Shield and Spear","floor":54,"turns":3},{"damage":97,"enemies":"The Heart","floor":55,"turns":2}],"seed_played":"-870557374188547838","potions_obtained":[{"floor":5,"key":"SteroidPotion"},{"floor":14,"key":"DistilledChaos"}],"is_trial":false,"path_per_floor":["M","T","?","$","M","R","E","M","T","?","$","R","M","M","R","B",null,"M","?","?","T","M","R","E","R","T","?","$","?","?","?","R","B",null,"M","M","?","?","?","E","R","M","T","R","$","R","?","E","R","B",null,"R","$","E","B"],"character_chosen":"WATCHER","items_purchased":["FlurryOfBlows","JustLucky","War Paint","Juzu Bracelet","HandDrill","FlurryOfBlows","Pen Nib"],"campfire_rested":1,"item_purchase_floors":[11,11,28,28,45,45,45],"current_hp_per_floor":[72,72,61,61,61,61,22,22,22,22,22,42,42,42,42,36,67,66,66,66,66,60,60,58,58,58,58,58,58,42,64,64,64,72,66,66,66,66,66,76,76,61,61,61,61,61,61,63,63,31,82,82,82,65,0,0],"gold":50,"neow_bonus":"UPGRADE_CARD","is_daily":false,"chose_seed":false,"campfire_upgraded":9,"win_rate":0.0,"timestamp":1613998713,"path_taken":["M","?","?","?","?","R","E","M","T","?","$","R","M","M","R","BOSS","M","?","?","?","M","R","E","R","T","?","$","?","?","?","R","BOSS","M","M","?","?","?","E","R","M","T","R","$","R","?","E","R","BOSS","R","$","E","BOSS"],"items_purchased_type":["Card","Card","Relic","Relic","Relic","Card","Relic"],"build_version":"2020-12-22","purchased_purges":1,"victory":false,"max_hp_per_floor":[72,72,72,72,72,72,72,72,72,67,67,67,67,67,67,67,67,67,67,67,67,67,67,67,67,67,67,67,67,67,67,67,67,72,72,72,72,68,68,82,82,82,82,82,82,82,82,82,82,82,82,82,82,82,82,82],"relic_stats":{"counters":[20,67],"Golden Idol":160,"Pen Nib":[10],"Juzu Bracelet":2,"War Paint":["EmptyMind","Evaluate"],"Question Card":11,"Boot":[17],"Smiling Mask":25,"Sozu":5,"Blood Vial":6,"Nunchaku":[25],"Ornamental Fan":[332],"HandDrill":[2],"obtain_stats":[{"Ice Cream":39,"Tiny House":34,"Golden Idol":10,"Vajra":7,"Enchiridion":30,"Mango":40,"Pen Nib":45,"Juzu Bracelet":28,"War Paint":28,"Question Card":26,"Boot":43,"Smiling Mask":48,"Sozu":17,"Blood Vial":47,"Nunchaku":21,"Hololive_LightStick":54,"Ornamental Fan":9,"betterThird:SlimedRelic":3,"Bag of Marbles":24,"HandDrill":45,"PureWater":0},{"Ice Cream":14,"Tiny House":11,"Golden Idol":4,"Vajra":3,"Enchiridion":10,"Mango":15,"Pen Nib":16,"Juzu Bracelet":10,"War Paint":10,"Question Card":10,"Boot":16,"Smiling Mask":17,"Sozu":7,"Blood Vial":16,"Nunchaku":8,"Hololive_LightStick":19,"Ornamental Fan":4,"betterThird:SlimedRelic":1,"Bag of Marbles":10,"HandDrill":16,"PureWater":0},{"Ice Cream":43,"Tiny House":36,"Golden Idol":10,"Vajra":8,"Enchiridion":32,"Mango":48,"Pen Nib":51,"Juzu Bracelet":32,"War Paint":32,"Question Card":32,"Boot":51,"Smiling Mask":55,"Sozu":21,"Blood Vial":51,"Nunchaku":24,"Hololive_LightStick":65,"Ornamental Fan":10,"betterThird:SlimedRelic":2,"Bag of Marbles":32,"HandDrill":51,"PureWater":0}]},"card_choices":[{"not_picked":["Halt","Crescendo"],"picked":"Consecrate","floor":1},{"not_picked":["PathToVictory","Crescendo"],"picked":"FlurryOfBlows","floor":5},{"not_picked":["SignatureMove","PathToVictory"],"picked":"FearNoEvil","floor":7},{"not_picked":["Fasting2","BowlingBash"],"picked":"EmptyBody","floor":8},{"not_picked":["Worship","ClearTheMind"],"picked":"WheelKick","floor":13},{"not_picked":["SashWhip","WheelKick"],"picked":"EmptyMind","floor":14},{"not_picked":["DevaForm","Brilliance"],"picked":"LessonLearned","floor":16},{"not_picked":["Halt","Swivel"],"picked":"EmptyMind","floor":18},{"not_picked":["FollowUp","ThirdEye"],"picked":"Evaluate","floor":22},{"not_picked":["Study","Indignation"],"picked":"Tantrum","floor":24},{"not_picked":["Flash of Steel","Transmutation","Blind"],"picked":"Mayhem","floor":27},{"not_picked":["Good Instincts","Magnetism","PanicButton"],"picked":"Violence","floor":27},{"not_picked":["Brilliance","DevaForm","Vault"],"picked":"LessonLearned","floor":33},{"not_picked":["Evaluate","Meditate","BowlingBash"],"picked":"CrushJoints+1","floor":34},{"not_picked":["Swivel","Pray","CrushJoints+1"],"picked":"Halt+1","floor":35},{"not_picked":["Meditate","Vault","Pray"],"picked":"JustLucky+1","floor":36},{"not_picked":["FlyingSleeves+1","Protect","EmptyFist"],"picked":"CutThroughFate+1","floor":39},{"not_picked":["CarveReality","WindmillStrike","Consecrate"],"picked":"Adaptation","floor":40},{"not_picked":["WheelKick+1","EmptyBody","SashWhip+1"],"picked":"Protect+1","floor":42},{"not_picked":["Omniscience","DeceiveReality","WaveOfTheHand+1"],"picked":"Indignation+1","floor":48},{"not_picked":["SashWhip","BowlingBash","Meditate"],"picked":"EmptyFist+1","floor":54}],"player_experience":109968,"relics_obtained":[{"floor":7,"key":"Vajra"},{"floor":9,"key":"Ornamental Fan"},{"floor":21,"key":"Nunchaku"},{"floor":24,"key":"Bag of Marbles"},{"floor":26,"key":"Question Card"},{"floor":30,"key":"Enchiridion"},{"floor":39,"key":"Ice Cream"},{"floor":40,"key":"Mango"},{"floor":43,"key":"Boot"},{"floor":48,"key":"Smiling Mask"},{"floor":54,"key":"Hololive_LightStick"}],"event_choices":[{"damage_healed":0,"gold_gain":0,"player_choice":"Slimed","damage_taken":11,"max_hp_gain":0,"max_hp_loss":0,"event_name":"betterThird:BetterGoop","floor":3,"gold_loss":32},{"damage_healed":0,"gold_gain":0,"player_choice":"Lose Max HP","damage_taken":0,"relics_obtained":["Golden Idol"],"max_hp_gain":0,"max_hp_loss":5,"event_name":"Golden Idol","floor":10,"gold_loss":0},{"damage_healed":0,"gold_gain":0,"player_choice":"Ignored","damage_taken":0,"max_hp_gain":0,"max_hp_loss":0,"event_name":"betterNote:BetterNote","floor":19,"gold_loss":0,"cards_obtained":["Strike_G"]},{"damage_healed":0,"gold_gain":0,"player_choice":"Ignored","damage_taken":0,"max_hp_gain":0,"max_hp_loss":0,"event_name":"Ghosts","floor":20,"gold_loss":0},{"damage_healed":0,"gold_gain":2,"player_choice":"1","damage_taken":0,"max_hp_gain":0,"max_hp_loss":0,"event_name":"betterStone:BetterStone","floor":27,"gold_loss":0},{"damage_healed":0,"gold_gain":0,"player_choice":"Copied","damage_taken":0,"max_hp_gain":0,"max_hp_loss":0,"event_name":"Duplicator","floor":29,"gold_loss":0,"cards_obtained":["FlurryOfBlows"]},{"damage_healed":0,"gold_gain":0,"player_choice":"Obtained Book","damage_taken":16,"max_hp_gain":0,"max_hp_loss":0,"event_name":"Cursed Tome","floor":30,"gold_loss":0},{"damage_healed":22,"gold_gain":0,"player_choice":"Heal","damage_taken":0,"max_hp_gain":0,"max_hp_loss":0,"event_name":"The Library","floor":31,"gold_loss":0},{"damage_healed":0,"gold_gain":0,"player_choice":"Forge","damage_taken":0,"max_hp_gain":0,"max_hp_loss":0,"event_name":"Accursed Blacksmith","floor":37,"gold_loss":0,"cards_upgraded":["Mayhem"]},{"damage_healed":0,"gold_gain":0,"player_choice":"Max HP","damage_taken":0,"max_hp_gain":0,"max_hp_loss":4,"event_name":"Winding Halls","floor":38,"gold_loss":0},{"damage_healed":0,"gold_gain":0,"player_choice":"Fight","damage_taken":0,"max_hp_gain":0,"max_hp_loss":0,"event_name":"MindBloom","floor":39,"gold_loss":0},{"cards_removed":["Adaptation"],"damage_healed":0,"gold_gain":0,"player_choice":"Gave Card","damage_taken":0,"relics_obtained":["Blood Vial"],"max_hp_gain":0,"max_hp_loss":0,"event_name":"WeMeetAgain","floor":47,"gold_loss":0}],"is_beta":false,"boss_relics":[{"not_picked":["Fusion Hammer","Ectoplasm"],"picked":"Sozu"},{"not_picked":["Philosopher\u0027s Stone","Snecko Eye"],"picked":"Tiny House"}],"items_purged_floors":[53],"is_endless":false,"potions_floor_spawned":[5,14,22,40,42,54],"killed_by":"The Heart","ascension_level":0}}