{"host":"c1oza4x7xlyuasvd","time":1613986019,"event":{"mods":["ATMod(∞¢Ë™Mod)","Act Like it!","BaseMod","Better Vampires","Colored Powertips","Gensokyo","Marisa£®ÏF”Í°°ƒß¿Ì…≥£©","Minty Spire (QoL Compilation)","MostiFishMod","Reimu£®≤©¿ˆ¡È√Œ£©","StSLib","TestMod","Waifu the Spire","Youmu£®ªÍ∆«—˝√Œ£©"],"gold_per_floor":[113,38,57,57,71,103,3,32,55,70,70,82,46,70,70,179,179,192,192],"floor_reached":18,"language":"ZHS","playtime":1955,"items_purged":["Defend_B","Strike_B"],"score":233,"play_id":"de539bb4-3bdc-4c27-9373-a02f0697bea6","local_time":"20210222172659","is_ascension_mode":true,"campfire_choices":[{"data":"Recycle","floor":11.0,"key":"SMITH"},{"data":"MostiFishMod:Distribution","floor":15.0,"key":"SMITH"}],"circlet_count":0,"master_deck":["Strike_B","Strike_B","Strike_B","Defend_B","Defend_B","Defend_B","Zap","Dualcast","AT_WaterDrop","Self Repair","Coolheaded","Recycle+1","MostiFishMod:Distribution+1","MostiFishMod:Impulse","Loop","MostiFishMod:Overload"],"relics":["Cracked Core","testmod-TestBox","AT_ATBox","DaveBox","testmod-Acrobat","ArrowTower","NeowsBlessing","SynthV:TestCard","Orichalcum","Strawberry","AT_ArchangelStaff","BloodWine"],"acts_visited":["Exordium","Gensokyo:Gensokyo"],"potions_floor_usage":[],"damage_taken":[{"damage":0.0,"enemies":"Gensokyo:Python","floor":1.0,"turns":1.0},{"damage":0.0,"enemies":"Gensokyo:Gryphon","floor":3.0,"turns":1.0},{"damage":0.0,"enemies":"Gensokyo:2_Kodama","floor":5.0,"turns":1.0},{"damage":3.0,"enemies":"Gensokyo:Mamizou","floor":6.0,"turns":6.0},{"damage":4.0,"enemies":"Gensokyo:Aya","floor":8.0,"turns":5.0},{"damage":0.0,"enemies":"Gensokyo:2_Rabbits","floor":10.0,"turns":5.0},{"damage":7.0,"enemies":"Gensokyo:3_Kodama","floor":12.0,"turns":4.0},{"damage":3.0,"enemies":"Gensokyo:VengefulSpirit","floor":14.0,"turns":5.0},{"damage":22,"enemies":"Gensokyo:Yukari","floor":16,"turns":10},{"damage":13,"enemies":"Gensokyo:3_Dogs","floor":18,"turns":4}],"seed_played":"-6784683484277470858","potions_obtained":[{"floor":3.0,"key":"LiquidBronze"},{"floor":5.0,"key":"ColorlessPotion"},{"floor":8.0,"key":"EssenceOfDarkness"},{"floor":16,"key":"Swift Potion"}],"is_trial":false,"path_per_floor":["M","$","M","?","M","E","$","E","T","M","R","M","$","M","R","B",null,"M"],"character_chosen":"DEFECT","items_purchased":["Loop"],"campfire_rested":0,"item_purchase_floors":[13],"current_hp_per_floor":[68,68,68,68,75,75,75,82,82,82,82,82,82,82,82,67,78,65,65],"gold":192,"neow_bonus":"THREE_ENEMY_KILL","is_daily":false,"chose_seed":false,"campfire_upgraded":2,"win_rate":0.0,"timestamp":1613986019,"path_taken":["M","$","M","?","?","E","$","E","T","M","R","M","?","M","R","BOSS","M"],"items_purchased_type":["Card"],"build_version":"2020-12-22","purchased_purges":2,"victory":false,"max_hp_per_floor":[75,75,75,75,75,75,75,82,82,82,82,82,82,82,82,82,82,82,82],"card_choices":[{"not_picked":["Stack","Chaos"],"picked":"Self Repair","floor":1.0},{"not_picked":["Beam Cell","AT_HeatAcrobatics","Turbo","Rebound"],"picked":"Coolheaded","floor":3.0},{"not_picked":["Steam","Hologram","Genetic Algorithm","Turbo"],"picked":"Recycle","floor":5.0},{"not_picked":["Lockon","Genetic Algorithm","Redo","Stack"],"picked":"MostiFishMod:Distribution","floor":6.0},{"not_picked":["Chaos","Lockon","Compile Driver","Hologram"],"picked":"MostiFishMod:Impulse","floor":8.0},{"not_picked":["Turbo","Coolheaded","MostiFishMod:IceShield","Go for the Eyes","Rebound"],"picked":"SKIP","floor":10.0},{"not_picked":["Auto Shields","Barrage","MostiFishMod:PushDownKick","Leap","Cold Snap"],"picked":"SKIP","floor":12.0},{"not_picked":["Compile Driver","Sweeping Beam","AT_RobotInSpace","Capacitor","MostiFishMod:PushDownKick"],"picked":"SKIP","floor":14.0},{"not_picked":["All For One","AT_WaterDrop","MostiFishMod:InterfaceCompatibility","Fission"],"picked":"MostiFishMod:Overload","floor":16}],"player_experience":221967,"relics_obtained":[{"floor":1.0,"key":"SynthV:TestCard"},{"floor":6.0,"key":"Orichalcum"},{"floor":8.0,"key":"Strawberry"},{"floor":9.0,"key":"AT_ArchangelStaff"}],"event_choices":[],"is_beta":false,"boss_relics":[{"not_picked":["Fusion Hammer","testmod-Fanaticism"],"picked":"BloodWine"}],"items_purged_floors":[2,7],"is_endless":false,"potions_floor_spawned":[3,5,8,12,16],"killed_by":"Gensokyo:3_Dogs","ascension_level":8}}