{"host":"ow66nzv2xecjoor3","time":1613969533,"event":{"mods":["BaseMod","Bestiary","Block Reminder","Colored Powertips","Curses Come First","Highlight Path","Keyboard Shortcuts","Minty Spire (QoL Compilation)","Permanent Neow","Relic Stats","StSLib","UnlockEverythingMod"],"gold_per_floor":[110,110,110,110,174,174,205,235,274,316,344,241,259,278,278,353,353,363,46,60,79,129,164,164,164,164],"floor_reached":25,"language":"ENG","playtime":1059,"items_purged":["Strike_P"],"score":516,"play_id":"b42f7cef-1a5f-40ea-a98f-dd2c0f5f2e8f","local_time":"20210221225213","is_ascension_mode":true,"campfire_choices":[{"data":"Apotheosis","floor":6,"key":"SMITH"},{"data":"Wireheading","floor":15,"key":"SMITH"},{"data":"Wallop","floor":24,"key":"SMITH"}],"circlet_count":0,"master_deck":["AscendersBane","Strike_P","Strike_P","Defend_P","Defend_P","Defend_P","Defend_P","Eruption","Vigilance","Apotheosis+1","EmptyFist","LikeWater","Conclude","Wallop+1","Wireheading+1","FearNoEvil","Fasting2","DevaForm","Tantrum","Meditate","Wireheading+1","DevaForm"],"relics":["PureWater","SsserpentHead","MawBank","Anchor","Dead Branch","Runic Dome","Orrery","Pen Nib","Bag of Preparation"],"acts_visited":["Exordium","TheCity"],"potions_floor_usage":[13,16,18,25],"damage_taken":[{"damage":2,"enemies":"Jaw Worm","floor":1,"turns":4},{"damage":0,"enemies":"Small Slimes","floor":5,"turns":4},{"damage":37,"enemies":"Gremlin Nob","floor":7,"turns":4},{"damage":0,"enemies":"Cultist","floor":8,"turns":2},{"damage":0,"enemies":"Lagavulin","floor":10,"turns":7},{"damage":0,"enemies":"Blue Slaver","floor":11,"turns":2},{"damage":0,"enemies":"Looter","floor":13,"turns":1},{"damage":6,"enemies":"2 Fungi Beasts","floor":14,"turns":3},{"damage":13,"enemies":"Hexaghost","floor":16,"turns":11},{"damage":7,"enemies":"3 Byrds","floor":18,"turns":6},{"damage":5,"enemies":"Shell Parasite","floor":20,"turns":4},{"damage":0,"enemies":"Centurion and Healer","floor":21,"turns":3},{"damage":7,"enemies":"Book of Stabbing","floor":23,"turns":3},{"damage":34,"enemies":"Slavers","floor":25,"turns":4}],"seed_played":"-2695582291510166760","potions_obtained":[{"floor":1,"key":"Fruit Juice"},{"floor":7,"key":"Energy Potion"},{"floor":13,"key":"Dexterity Potion"},{"floor":16,"key":"Block Potion"},{"floor":23,"key":"ColorlessPotion"}],"is_trial":false,"path_per_floor":["M","?","?","?","M","R","E","M","T","E","M","$","M","M","R","B",null,"M","$","M","M","?","E","R","E"],"character_chosen":"WATCHER","items_purchased":["Wireheading","Orrery","Pen Nib"],"campfire_rested":0,"item_purchase_floors":[12,19,19],"current_hp_per_floor":[59,59,52,52,52,52,15,15,15,15,15,15,20,14,14,1,51,44,44,39,39,39,32,32,0,0],"gold":164,"neow_bonus":"RANDOM_COLORLESS_2","is_daily":false,"chose_seed":false,"campfire_upgraded":3,"win_rate":0.0,"timestamp":1613969533,"path_taken":["M","?","?","?","?","R","E","M","T","E","M","$","M","M","R","BOSS","M","$","M","M","?","E","R","E"],"items_purchased_type":["Card","Relic","Relic"],"build_version":"2020-12-22","purchased_purges":1,"victory":false,"max_hp_per_floor":[62,62,62,62,62,62,62,62,62,62,62,62,67,67,67,67,67,67,67,67,67,67,67,67,67,67],"relic_stats":{"SsserpentHead":100,"counters":[14,58],"Dead Branch":[27],"Pen Nib":[2],"Bag of Preparation":[2],"MawBank":60,"obtain_stats":[{"SsserpentHead":4,"Runic Dome":17,"Anchor":9,"Dead Branch":10,"Orrery":19,"Pen Nib":19,"Bag of Preparation":23,"PureWater":0,"MawBank":7},{"SsserpentHead":1,"Runic Dome":9,"Anchor":4,"Dead Branch":5,"Orrery":10,"Pen Nib":10,"Bag of Preparation":13,"PureWater":0,"MawBank":3},{"SsserpentHead":4,"Runic Dome":38,"Anchor":14,"Dead Branch":21,"Orrery":44,"Pen Nib":44,"Bag of Preparation":54,"PureWater":0,"MawBank":12}]},"card_choices":[{"not_picked":["Transmutation","Chrysalis"],"picked":"Apotheosis","floor":0},{"not_picked":["PathToVictory","Pray","Collect"],"picked":"SKIP","floor":1},{"not_picked":["PathToVictory","Weave"],"picked":"EmptyFist","floor":5},{"not_picked":["Study","Evaluate"],"picked":"LikeWater","floor":7},{"not_picked":["Weave","Consecrate"],"picked":"Conclude","floor":8},{"not_picked":["Sanctity","Prostrate"],"picked":"Wallop","floor":10},{"not_picked":["FlurryOfBlows","Worship","ThirdEye"],"picked":"SKIP","floor":11},{"not_picked":["ClearTheMind","BattleHymn"],"picked":"FearNoEvil","floor":13},{"not_picked":["ThirdEye","ClearTheMind"],"picked":"Fasting2","floor":14},{"not_picked":["Alpha","MasterReality"],"picked":"DevaForm","floor":16},{"not_picked":["Fasting2","FlurryOfBlows"],"picked":"Tantrum","floor":18},{"not_picked":["Protect","ForeignInfluence"],"picked":"Meditate","floor":19},{"not_picked":["Halt","Weave"],"picked":"Wireheading+1","floor":19},{"not_picked":["FlyingSleeves","FlurryOfBlows"],"picked":"DevaForm","floor":20},{"not_picked":["SashWhip","JustLucky","BowlingBash"],"picked":"SKIP","floor":21},{"not_picked":["Evaluate","EmptyFist","Wireheading"],"picked":"SKIP","floor":23}],"player_experience":2939086,"relics_obtained":[{"floor":7,"key":"MawBank"},{"floor":9,"key":"Anchor"},{"floor":10,"key":"Dead Branch"},{"floor":23,"key":"Bag of Preparation"}],"event_choices":[{"damage_healed":0,"gold_gain":0,"player_choice":"Leave","damage_taken":0,"max_hp_gain":0,"max_hp_loss":0,"event_name":"The Cleric","floor":2,"gold_loss":0},{"cards_removed":["Strike_P"],"damage_healed":0,"gold_gain":0,"player_choice":"Card Removal","damage_taken":7,"max_hp_gain":0,"max_hp_loss":0,"event_name":"Golden Wing","floor":3,"gold_loss":0},{"damage_healed":0,"gold_gain":0,"player_choice":"Trade","damage_taken":0,"relics_obtained":["SsserpentHead"],"max_hp_gain":0,"max_hp_loss":0,"event_name":"FaceTrader","floor":4,"gold_loss":0},{"damage_healed":0,"gold_gain":0,"player_choice":"Ignored","damage_taken":0,"max_hp_gain":0,"max_hp_loss":0,"event_name":"Vampires","floor":22,"gold_loss":0}],"is_beta":false,"boss_relics":[{"not_picked":["SlaversCollar","Velvet Choker"],"picked":"Runic Dome"}],"items_purged_floors":[12],"is_endless":false,"potions_floor_spawned":[1,7,10,13,16,23],"killed_by":"Slavers","ascension_level":20}}