{"host":"c1f068k7a3x1dnrh","time":1613985395,"event":{"mods":["BaseMod","Minty Spire (QoL Compilation)","Quick Restart","Reliquary","Spicy Shops","StSLib","[IsaacMod]ÒÔÈö¼âËþ"],"gold_per_floor":[115,115,95,20,44,44,80,94,141,141,166,166,341,364,364,495,495,520,520,545,92,108,149,163,163,237,256,256,256,297,212,212,340,340,340],"floor_reached":34,"language":"ZHS","playtime":2262,"items_purged":["Strike_G"],"score":662,"play_id":"615bdfb2-3d62-4938-834f-0a7190bc369c","local_time":"20210222171635","is_ascension_mode":true,"campfire_choices":[{"data":"DoctorFetus","floor":6.0,"key":"SMITH"},{"data":"Neutralize","floor":10.0,"key":"SMITH"},{"data":"Dagger Throw","floor":15.0,"key":"SMITH"},{"data":"Blur","floor":25.0,"key":"SMITH"},{"data":"Burst","floor":32.0,"key":"SMITH"}],"circlet_count":3,"master_deck":["Defend_G","Defend_G","Defend_G","Defend_G","Defend_G","Survivor","Neutralize+1","Madness+1","Slice","Endless Agony","PiercingWail","Dagger Throw+1","Doubt","Prepared","Burst+1","Blur+1","Backflip+1","Noxious Fumes","Bite","Bite","Bite","Bite","Bite","After Image"],"relics":["Ring of the Snake","Circlet","NeowsBlessing","Golden Idol","Happy Flower","Pen Nib","Tough Bandages","Pantograph","Boot","reliquary:WritOfMandamus"],"acts_visited":["TheBeyond"],"potions_floor_usage":[],"damage_taken":[{"damage":0.0,"enemies":"Jaw Worm","floor":1.0,"turns":1.0},{"damage":0.0,"enemies":"Cultist","floor":5.0,"turns":1.0},{"damage":0.0,"enemies":"Gremlin Nob","floor":7.0,"turns":1.0},{"damage":0.0,"enemies":"Small Slimes","floor":8.0,"turns":3.0},{"damage":0.0,"enemies":"Red Slaver","floor":11.0,"turns":2.0},{"damage":0.0,"enemies":"3 Louse","floor":14.0,"turns":2.0},{"damage":0.0,"enemies":"Slime Boss","floor":16.0,"turns":4.0},{"damage":0.0,"enemies":"Spheric Guardian","floor":18.0,"turns":3.0},{"damage":0.0,"enemies":"Chosen","floor":20.0,"turns":3.0},{"damage":0.0,"enemies":"Snake Plant","floor":22.0,"turns":3.0},{"damage":0.0,"enemies":"Slavers","floor":23.0,"turns":4.0},{"damage":9.0,"enemies":"Snecko","floor":24.0,"turns":5.0},{"damage":34.0,"enemies":"Shelled Parasite and Fungi","floor":27.0,"turns":5.0},{"damage":10.0,"enemies":"Book of Stabbing","floor":30.0,"turns":6.0},{"damage":42.0,"enemies":"Collector","floor":33.0,"turns":9.0}],"seed_played":"6616912806122014050","potions_obtained":[{"floor":1.0,"key":"AttackPotion"},{"floor":3.0,"key":"EssenceOfSteel"},{"floor":7.0,"key":"CunningPotion"},{"floor":11.0,"key":"PowerPotion"},{"floor":16.0,"key":"Block Potion"},{"floor":18.0,"key":"FairyPotion"},{"floor":24.0,"key":"Dexterity Potion"},{"floor":29.0,"key":"LiquidMemories"},{"floor":29.0,"key":"GhostInAJar"}],"is_trial":false,"path_per_floor":["M","?","?","$","M","R","E","M","T","R","M","?","?","M","R","B",null,"M","?","M","$","M","E","M","R","T","M","?","?","E","?","R","B",null],"character_chosen":"THE_SILENT","items_purchased":["reliquary:Pushpin","EdensBlessing"],"campfire_rested":0,"item_purchase_floors":[21,21],"current_hp_per_floor":[63,63,63,63,63,63,63,63,63,63,63,63,63,63,63,63,65,65,65,65,65,65,65,56,56,56,22,22,22,20,20,20,11,37,37],"gold":340,"neow_bonus":"THREE_ENEMY_KILL","is_daily":false,"chose_seed":false,"campfire_upgraded":5,"win_rate":0.0,"timestamp":1613985395,"path_taken":["M","?","?","$","?","R","E","M","T","R","M","?","?","M","R","BOSS","M","?","M","$","M","E","?","R","T","M","?","?","E","?","R","BOSS","BOSS"],"items_purchased_type":["Relic","Relic"],"build_version":"2020-12-22","purchased_purges":1,"victory":false,"max_hp_per_floor":[70,65,65,65,65,65,65,65,65,65,65,65,65,65,65,65,65,65,65,65,65,65,65,65,65,65,65,45,45,45,45,45,45,45,45],"card_choices":[{"not_picked":[],"picked":"DoctorFetus","floor":0.0},{"not_picked":["Heel Hook","Sucker Punch"],"picked":"Slice","floor":1.0},{"not_picked":["Concentrate","Flying Knee","Infinite Blades"],"picked":"SKIP","floor":5.0},{"not_picked":["Catalyst","Tactician"],"picked":"Endless Agony","floor":7.0},{"not_picked":["Malaise","Distraction"],"picked":"PiercingWail","floor":8.0},{"not_picked":["Tactician","Outmaneuver"],"picked":"Dagger Throw","floor":11.0},{"not_picked":["Acrobatics","Deflect"],"picked":"Prepared","floor":14.0},{"not_picked":["Die Die Die","Storm of Steel"],"picked":"Burst","floor":16.0},{"not_picked":["Expertise+1","Choke"],"picked":"Blur","floor":18.0},{"not_picked":["Distraction","Heel Hook"],"picked":"Backflip+1","floor":20.0},{"not_picked":["Cloak And Dagger","Dagger Throw+1"],"picked":"Noxious Fumes","floor":22.0},{"not_picked":["Slice+1","Dodge and Roll","Envenom"],"picked":"SKIP","floor":23.0},{"not_picked":["Acrobatics","Deadly Poison","Crippling Poison+1"],"picked":"SKIP","floor":24.0},{"not_picked":["Deadly Poison+1","Blade Dance","Outmaneuver"],"picked":"SKIP","floor":27.0},{"not_picked":["Noxious Fumes","Acrobatics","Bane+1"],"picked":"SKIP","floor":30.0},{"not_picked":["Unload","A Thousand Cuts"],"picked":"After Image","floor":33.0}],"player_experience":100063,"relics_obtained":[{"floor":7.0,"key":"Happy Flower"},{"floor":9.0,"key":"Pen Nib"},{"floor":23.0,"key":"Tough Bandages"},{"floor":26.0,"key":"Pantograph"},{"floor":30.0,"key":"Boot"}],"event_choices":[{"damage_healed":0.0,"max_hp_gain":0.0,"max_hp_loss":5.0,"gold_gain":0.0,"event_name":"Golden Idol","player_choice":"Lose Max HP","floor":2.0,"gold_loss":0.0,"damage_taken":0.0,"relics_obtained":["Golden Idol"]},{"damage_healed":0.0,"max_hp_gain":0.0,"max_hp_loss":0.0,"gold_gain":0.0,"event_name":"The Woman in Blue","player_choice":"Bought 1 Potion","floor":3.0,"gold_loss":0.0,"damage_taken":0.0},{"damage_healed":0.0,"max_hp_gain":0.0,"max_hp_loss":0.0,"gold_gain":175.0,"event_name":"Liars Game","player_choice":"AGREE","floor":13.0,"gold_loss":0.0,"damage_taken":0.0,"cards_obtained":["Doubt"]},{"damage_healed":0.0,"max_hp_gain":0.0,"max_hp_loss":20.0,"gold_gain":0.0,"event_name":"Vampires","player_choice":"Became a vampire","floor":28.0,"gold_loss":0.0,"damage_taken":0.0,"cards_obtained":["Bite","Bite","Bite","Bite","Bite"]},{"damage_healed":0.0,"max_hp_gain":0.0,"max_hp_loss":0.0,"gold_gain":0.0,"event_name":"Lab","player_choice":"Got Potions","floor":29.0,"gold_loss":0.0,"damage_taken":0.0},{"damage_healed":0.0,"max_hp_gain":0.0,"max_hp_loss":0.0,"gold_gain":0.0,"event_name":"Addict","player_choice":"Obtained Relic","floor":31.0,"gold_loss":85.0,"damage_taken":0.0,"relics_obtained":["reliquary:RadioactivePellet"]}],"is_beta":false,"boss_relics":[{"not_picked":["Tiny House","Pandora\u0027s Box"],"picked":"reliquary:ThirdArm"},{"not_picked":[]},{"not_picked":["Velvet Choker","Black Star"],"picked":"reliquary:WritOfMandamus"}],"items_purged_floors":[4],"is_endless":false,"potions_floor_spawned":[1,7,11,16,18,24],"ascension_level":6}}