{"host":"0ou67mf9sr8h1ec9","time":1613988321,"event":{"mods":["AchievementEnabler","BaseMod","Downfall","Hubris","Infinite Spire","Minty Spire (QoL Compilation)","Practice Mode","Quick Restart","StSLib","The Necromancer","Trackpad"],"gold_per_floor":[114,36,50,50,114,140,213,213,238,238,249,299,330,345,345,442,442,461,475,475,487,487,487],"floor_reached":22,"language":"ENG","playtime":1747,"items_purged":["Strike_W"],"score":196,"play_id":"8687387a-b2b9-4bef-860a-052d68fde33c","local_time":"20210222030521","is_ascension_mode":false,"campfire_choices":[{"floor":8.0,"key":"REST"},{"floor":10.0,"key":"REST"},{"floor":15.0,"key":"REST"}],"circlet_count":0,"master_deck":["Strike_W","Strike_W","Strike_W","Defend_W","Defend_W","Defend_W","Defend_W","Negative_Energy_Arrows","Bone_Wall","Bone_Bullets","Death_March_Dance+1","Blood_Curse","Bone_Shift+1","Bones_to_Steel+1","Stop_Heart","Exploit","Negative_Energy_Bomb","Summon_Undead_Army","Summon_Death_Knight","Negative_Energy_Sphere","Bone_Armory","Uncharnel"],"relics":["Vampire_Amulet","NeowsBlessing","SsserpentHead","War Paint","Odd Mushroom","trackpad:IceCube","infinitespire:Satchel","SacredBark","CaptainsWheel"],"acts_visited":["Exordium","TheCity"],"potions_floor_usage":[19,21,21,21],"damage_taken":[{"damage":0.0,"enemies":"Small Slimes","floor":1.0,"turns":1.0},{"damage":0.0,"enemies":"infinitespire:Voidling","floor":3.0,"turns":1.0},{"damage":0.0,"enemies":"Jaw Worm","floor":5.0,"turns":1.0},{"damage":39.0,"enemies":"Gremlin Nob","floor":6.0,"turns":6.0},{"damage":28.0,"enemies":"The Mushroom Lair","floor":7.0,"turns":6.0},{"damage":5.0,"enemies":"3 Louse","floor":11.0,"turns":4.0},{"damage":45.0,"enemies":"3 Sentries","floor":13.0,"turns":12.0},{"damage":10.0,"enemies":"Lots of Slimes","floor":14.0,"turns":4.0},{"damage":8.0,"enemies":"Hexaghost","floor":16.0,"turns":9.0},{"damage":18,"enemies":"Spheric Guardian","floor":18,"turns":8},{"damage":5,"enemies":"Chosen","floor":19,"turns":5},{"damage":45,"enemies":"3 Cultists","floor":21,"turns":6},{"damage":20,"enemies":"Centurion and Healer","floor":22,"turns":1}],"seed_played":"-4147543286362806662","potions_obtained":[{"floor":5.0,"key":"Energy Potion"},{"floor":6.0,"key":"ColorlessPotion"},{"floor":14.0,"key":"sneckomod:MuddlingPotion"},{"floor":16.0,"key":"SteroidPotion"},{"floor":18,"key":"Energy Potion"},{"floor":19,"key":"GamblersBrew"}],"is_trial":false,"path_per_floor":["M","$","M","?","M","E","?","R","T","R","M","?","E","M","R","B",null,"M","M","AVR","M","M"],"character_chosen":"NECROMANCER","items_purchased":["Death_March_Dance","Blood_Curse"],"campfire_rested":3,"item_purchase_floors":[2,2],"current_hp_per_floor":[75,75,75,75,75,38,16,38,38,60,61,61,22,22,44,38,75,59,56,56,17,0,0],"gold":487,"neow_bonus":"THREE_ENEMY_KILL","is_daily":false,"chose_seed":false,"campfire_upgraded":0,"win_rate":0.0,"timestamp":1613988321,"path_taken":["M","$","M","?","?","E","?","R","T","R","M","?","E","M","R","BOSS","M","M","AVR","M","M"],"items_purchased_type":["Card","Card"],"build_version":"2020-12-22","purchased_purges":1,"victory":false,"max_hp_per_floor":[75,75,75,75,75,75,75,75,75,75,75,75,75,75,75,75,75,75,75,75,75,75,75],"card_choices":[{"not_picked":["Summon_Undead","Spectral_Armor"],"picked":"Bone_Bullets","floor":1.0},{"not_picked":["Shackles_Of_Pain","Siphon_Strength"],"picked":"Bone_Shift","floor":3.0},{"not_picked":["Necromantic_Selection","Deaths_Shadow"],"picked":"Bones_to_Steel","floor":5.0},{"not_picked":["Blood_Magic","Necromantic_Selection"],"picked":"Stop_Heart","floor":6.0},{"not_picked":["Finger_Of_Death","Siphon_Strength"],"picked":"Exploit","floor":7.0},{"not_picked":["Blood_Curse","Negative_Energy_Shield","Death_Coil"],"picked":"SKIP","floor":11.0},{"not_picked":["Shackles_Of_Pain","Death_Coil"],"picked":"Negative_Energy_Bomb","floor":13.0},{"not_picked":["Negative_Energy_Burst","Negative_Energy_Sphere"],"picked":"Summon_Undead_Army","floor":14.0},{"not_picked":["Blood_Magic","Negative_Energy_Bomb"],"picked":"Summon_Death_Knight","floor":16.0},{"not_picked":["Scare+1","Consume_Illness"],"picked":"Negative_Energy_Sphere","floor":18},{"not_picked":["Uncharnel","Bone_Bullets"],"picked":"Bone_Armory","floor":19},{"not_picked":["Blood_Curse","Consume_Illness"],"picked":"Uncharnel","floor":21}],"player_experience":13383,"relics_obtained":[{"floor":6.0,"key":"War Paint"},{"floor":7.0,"key":"Odd Mushroom"},{"floor":9.0,"key":"trackpad:IceCube"},{"floor":13.0,"key":"infinitespire:Satchel"}],"event_choices":[{"damage_healed":0.0,"max_hp_gain":0.0,"max_hp_loss":0.0,"gold_gain":0.0,"event_name":"FaceTrader","player_choice":"Trade","floor":4.0,"gold_loss":0.0,"damage_taken":0.0,"relics_obtained":["SsserpentHead"]},{"damage_healed":0.0,"max_hp_gain":0.0,"max_hp_loss":0.0,"gold_gain":0.0,"event_name":"Mushrooms","player_choice":"Fought Mushrooms","floor":7.0,"gold_loss":0.0,"damage_taken":0.0},{"damage_healed":0.0,"max_hp_gain":0.0,"max_hp_loss":0.0,"gold_gain":0.0,"event_name":"Upgrade Shrine","player_choice":"Upgraded","floor":12.0,"gold_loss":0.0,"damage_taken":0.0,"cards_upgraded":["Death_March_Dance"]}],"is_beta":false,"boss_relics":[{"not_picked":["Runic Dome","Ectoplasm"],"picked":"SacredBark"}],"items_purged_floors":[20],"is_endless":false,"potions_floor_spawned":[5,6,14,16,18,19],"killed_by":"Centurion and Healer","ascension_level":0}}