{"host":"jsd6g3c2vo13e69c","time":1613978212,"event":{"mods":["2.2 Compatiblity","Act Like it!","BaseMod","Better Altar","Better Match","Better Note","Better Sensory Stone","Better Third Choice","BetterRewards","Colored Map","Colored Powertips","Curses Come First","Downfall","Friendly Minions","GifTheSpireLib","Googly Eyes","Gremlin Mod","Hermit","Hubris","Infinite Spire","Melee Mod","Minty Spire (QoL Compilation)","Permanent Neow","Quick Restart","Random Character Button","Replay The Spire","Shop Mod","Spire Arcade","StSLib","SuperFastMode","The Cursed","The Disciple","The Forsaken","The Jungle","The Spell Scribe","thorton"],"gold_per_floor":[114,129,129,146,160,160,185,205,205,225,400,400,400,418,418,418,418],"floor_reached":16,"language":"ENG","playtime":909,"items_purged":[],"score":129,"play_id":"2d6bbb49-79a1-4f0d-a9f8-7c47d44a5d8b","local_time":"20210222021652","is_ascension_mode":false,"campfire_choices":[{"data":"meleeMod_L_Cancel","floor":6,"key":"SMITH"},{"data":"meleeMod_RapidJabs","floor":12,"key":"SMITH"},{"data":"meleeMod_RapidJabs","floor":15,"key":"SMITH"}],"circlet_count":0,"master_deck":["meleeMod_Jab","meleeMod_Jab","meleeMod_Jab","meleeMod_Jab","meleeMod_Shield","meleeMod_Shield","meleeMod_Shield","meleeMod_Shield","meleeMod_NeutralAir","meleeMod_BackAir","hexamod:Float","theScribe:LightningStrike","meleeMod_ShieldPoke+1","meleeMod_Cautious","meleeMod_L_Cancel+1","meleeMod_Taunt","meleeMod_RapidJabs+1","meleeMod_BabActivated","Doubt","meleeMod_RapidJabs+1"],"relics":["meleeMod_LosersMang0","Mercury Hourglass","Replay:Mystery Machine","Bronze Scales"],"acts_visited":["Exordium"],"potions_floor_usage":[5,16],"damage_taken":[{"damage":0,"enemies":"Small Slimes","floor":1,"turns":3},{"damage":6,"enemies":"Cultist","floor":2,"turns":3},{"damage":11,"enemies":"Jaw Worm","floor":4,"turns":3},{"damage":2,"enemies":"Looter","floor":5,"turns":3},{"damage":25,"enemies":"3 Sentries","floor":7,"turns":9},{"damage":7,"enemies":"Exordium Wildlife","floor":8,"turns":3},{"damage":4,"enemies":"2 Fungi Beasts","floor":10,"turns":3},{"damage":0,"enemies":"Blue Slaver","floor":14,"turns":1},{"damage":48,"enemies":"The Guardian","floor":16,"turns":7}],"seed_played":"-8150194558795402007","potions_obtained":[{"floor":2,"key":"Adrenaline Potion"},{"floor":7,"key":"LiquidBronze"}],"is_trial":false,"path_per_floor":["M","M","?","M","M","R","E","M","T","M","?","R","?","M","R","B"],"character_chosen":"FALCON","items_purchased":[],"campfire_rested":0,"item_purchase_floors":[],"current_hp_per_floor":[101,95,95,84,82,82,57,50,50,46,46,46,46,46,46,0,0],"gold":418,"neow_bonus":"TWENTY_PERCENT_HP_BONUS","is_daily":false,"chose_seed":false,"campfire_upgraded":3,"win_rate":0.0,"timestamp":1613978212,"path_taken":["M","M","?","M","M","R","E","?","T","M","?","R","?","M","R","BOSS"],"items_purchased_type":[],"build_version":"2020-12-22","purchased_purges":0,"victory":false,"max_hp_per_floor":[101,101,101,101,101,101,101,101,101,101,101,101,101,101,101,101,101],"card_choices":[{"not_picked":["meleeMod_Moonwalking","meleeMod_ShieldDrop"],"picked":"meleeMod_ShieldPoke","floor":1},{"not_picked":["meleeMod_DownTilt","meleeMod_SweetSpot","meleeMod_UpTilt"],"picked":"SKIP","floor":2},{"not_picked":["meleeMod_DownSmash","meleeMod_PowerShield"],"picked":"meleeMod_Cautious","floor":4},{"not_picked":["meleeMod_WaveDash","meleeMod_UpSmash"],"picked":"meleeMod_L_Cancel","floor":5},{"not_picked":["meleeMod_WeTechThose","meleeMod_ForwardTilt"],"picked":"meleeMod_Taunt","floor":7},{"not_picked":["meleeMod_RaptorBoost","meleeMod_UpAir"],"picked":"meleeMod_RapidJabs","floor":8},{"not_picked":["meleeMod_RaptorBoost","meleeMod_UpSmash"],"picked":"meleeMod_BabActivated","floor":10},{"not_picked":["meleeMod_WaveLand","meleeMod_DownAir"],"picked":"meleeMod_RapidJabs","floor":14}],"player_experience":395773,"relics_obtained":[{"floor":7,"key":"Mercury Hourglass"},{"floor":9,"key":"Replay:Mystery Machine"},{"floor":13,"key":"Bronze Scales"}],"event_choices":[{"damage_healed":0,"gold_gain":0,"player_choice":"Upgraded","damage_taken":0,"max_hp_gain":0,"max_hp_loss":0,"event_name":"Upgrade Shrine","floor":3,"gold_loss":0,"cards_upgraded":["meleeMod_ShieldPoke"]},{"damage_healed":0,"gold_gain":175,"player_choice":"AGREE","damage_taken":225,"max_hp_gain":0,"max_hp_loss":0,"event_name":"betterThird:BetterSerpent","floor":11,"gold_loss":0}],"is_beta":false,"boss_relics":[],"items_purged_floors":[],"is_endless":false,"potions_floor_spawned":[2,7],"killed_by":"The Guardian","ascension_level":0}}