{"host":"kaame4qwxxqnygv7","time":1613960378,"event":{"mods":["AchievementEnabler","BaseMod","Better Match","Better Skull","Better Third Choice","BetterRewards","Block Reminder","Bossed Relics","DeckTracker","Energized Spire","GungeonMod","Minty Spire (QoL Compilation)","Quick Restart","Red Circlet Mod","StSLib","SuperFastMode","The Blue Laboratory"],"gold_per_floor":[115,115,115,129,147,147,163,163,163,163,175,186,186,200,200,303,303,323,323,323],"floor_reached":19,"language":"KOR","playtime":592,"items_purged":[],"score":253,"play_id":"73c1014e-123c-4f52-980c-dc352016b767","local_time":"20210222111938","is_ascension_mode":true,"campfire_choices":[{"data":"Study","floor":6.0,"key":"SMITH"},{"floor":8.0,"key":"REST"},{"data":"Tantrum","floor":15.0,"key":"SMITH"}],"circlet_count":0,"master_deck":["Strike_P","Strike_P","Strike_P","Defend_P","Defend_P","Defend_P","Defend_P","Eruption+1","Vigilance","Study+1","FlyingSleeves","FlurryOfBlows","Tantrum+1","Wish","Evaluate+1"],"relics":["PureWater","DemoMod:GnawedKey","DemoMod:RingOfEthereal","Shuriken","Strawberry","Omamori","Eternal Feather","Black Star"],"acts_visited":["Exordium","TheCity"],"potions_floor_usage":[],"damage_taken":[{"damage":0.0,"enemies":"2 Louse","floor":1.0,"turns":2.0},{"damage":0.0,"enemies":"Cultist","floor":4.0,"turns":2.0},{"damage":0.0,"enemies":"Jaw Worm","floor":5.0,"turns":5.0},{"damage":13.0,"enemies":"Lots of Slimes","floor":7.0,"turns":5.0},{"damage":16.0,"enemies":"2 Fungi Beasts","floor":11.0,"turns":5.0},{"damage":8.0,"enemies":"Exordium Thugs","floor":12.0,"turns":3.0},{"damage":8.0,"enemies":"Looter","floor":14.0,"turns":4.0},{"damage":0.0,"enemies":"Slime Boss","floor":16.0,"turns":3.0},{"damage":25.0,"enemies":"Shell Parasite","floor":18.0,"turns":3.0},{"damage":0,"enemies":"3 Byrds","floor":19,"turns":1}],"seed_played":"-4789251177526853960","potions_obtained":[{"floor":4.0,"key":"blueLaboratory:MidnightOil"},{"floor":11.0,"key":"blueLaboratory:PhilterOfMotion"},{"floor":12.0,"key":"blueLaboratory:NullPotion"},{"floor":16.0,"key":"StancePotion"}],"is_trial":false,"path_per_floor":["M","?","?","M","M","R","M","R","T","?","M","M","?","M","R","B",null,"M","M"],"character_chosen":"WATCHER","items_purchased":["DemoMod:GnawedKey","Shuriken","Strawberry","Omamori"],"campfire_rested":1,"item_purchase_floors":[0,0,0,0],"current_hp_per_floor":[47,47,47,47,47,47,34,57,57,57,41,33,79,71,77,77,79,54,54,54],"gold":323,"neow_bonus":"","is_daily":false,"chose_seed":false,"campfire_upgraded":2,"win_rate":0.0,"timestamp":1613960378,"path_taken":["M","?","?","M","?","R","M","R","T","?","M","?","?","M","R","BOSS","M","M"],"items_purchased_type":["Relic","Relic","Relic","Relic"],"build_version":"2020-12-22","purchased_purges":0,"victory":false,"max_hp_per_floor":[79,79,79,79,79,79,79,79,79,79,79,79,79,79,79,79,79,79,79,79],"card_choices":[{"not_picked":["EmptyBody","Consecrate"],"picked":"Study","floor":1.0},{"not_picked":["Prostrate","Collect","WaveOfTheHand"],"picked":"SKIP","floor":4.0},{"not_picked":["Wireheading","Consecrate","BowlingBash"],"picked":"SKIP","floor":5.0},{"not_picked":["BowlingBash","Prostrate","Meditate"],"picked":"SKIP","floor":7.0},{"not_picked":["InnerPeace","SashWhip"],"picked":"FlyingSleeves","floor":11.0},{"not_picked":["Consecrate","FollowUp"],"picked":"FlurryOfBlows","floor":12.0},{"not_picked":["Halt","Prostrate"],"picked":"Tantrum","floor":14.0},{"not_picked":["Omniscience","Devotion"],"picked":"Wish","floor":16.0},{"not_picked":["CrushJoints+1","FlyingSleeves"],"picked":"Evaluate+1","floor":18.0}],"player_experience":311984,"relics_obtained":[{"floor":9.0,"key":"Eternal Feather"}],"event_choices":[{"damage_healed":0.0,"max_hp_gain":0.0,"max_hp_loss":0.0,"gold_gain":0.0,"event_name":"betterThird:BetterSerpent","player_choice":"Ignored","floor":2.0,"gold_loss":0.0,"damage_taken":115.0},{"damage_healed":0.0,"max_hp_gain":0.0,"max_hp_loss":0.0,"gold_gain":0.0,"event_name":"Accursed Blacksmith","player_choice":"Forge","floor":3.0,"gold_loss":0.0,"damage_taken":0.0,"cards_upgraded":["Eruption"]},{"damage_healed":0.0,"max_hp_gain":0.0,"max_hp_loss":0.0,"gold_gain":0.0,"cards_transformed":["Strike_P"],"event_name":"Transmorgrifier","player_choice":"Transformed","floor":10.0,"gold_loss":0.0,"damage_taken":0.0,"cards_obtained":["WaveOfTheHand"]},{"cards_removed":["WaveOfTheHand"],"damage_healed":46.0,"max_hp_gain":0.0,"max_hp_loss":0.0,"gold_gain":0.0,"event_name":"Bonfire Elementals","player_choice":"Offered Uncommon","floor":13.0,"gold_loss":0.0,"damage_taken":0.0}],"is_beta":false,"boss_relics":[{"not_picked":["Velvet Choker","energizedSpire:StickyHand"],"picked":"Black Star"}],"items_purged_floors":[],"is_endless":false,"potions_floor_spawned":[4,11,12,16],"killed_by":"3 Byrds","ascension_level":4}}