{"host":"n2uz6wo17e54j9m8","time":1613973036,"event":{"mods":["ATMod(∞¢Ë™Mod)","Act Like it!","Arknights","Aspiration","BaseMod","Gensokyo","GungeonMod","KomeijiMod","Lobotomy","LobotomyExtend","Marisa£®ÏF”Í°°ƒß¿Ì…≥£©","Minty Spire (QoL Compilation)","Pale of the Ancients","Reimu£®≤©¿ˆ¡È√Œ£©","Reliquary","Replay The Spire","StSLib","Yakumo Yukari mod","[IsaacMod]“‘»ˆº‚À˛","°æ“≈ŒÔø®≈∆°øREMEMod"],"gold_per_floor":[116,127,176,189,202,236,236,262,262,262,28,28,58,58,77,77,95,110,110,110,123,148,148,148,148,164,184,213,213,311,311,322,322,339,353,353,353,367,400,400,435,215,215,231,246,246,246],"floor_reached":34,"language":"ZHS","playtime":1758,"items_purged":[],"score":690,"play_id":"ec8a4744-49e2-47c1-8685-71178f51d88c","local_time":"20210222135036","is_ascension_mode":true,"campfire_choices":[],"circlet_count":0,"master_deck":["SpecialBullet","SpecialBullet","SpecialBullet","SpecialBullet","SpecialBullet","SpecialBullet","SpecialBullet","SpecialBullet","InformationCode","SecurityCode","CentralCode","AT_FamilyPortrait+1","SpecialBullet","OSAHOGD","WristCuter","Justitia","DaCapo","GreenStem+1","BlackSwan_ego+1","Soda","Wellcheers","GoldRush","Soda+1","UniverseFragment","TrainingCode","PunishingBird","ParadiseLost","Mimicry","Mercenary","CENSORED_ego","QueenOfHatred","ControlCode","Gensokyo:Shovel","Gensokyo:ScrapIron","Gensokyo:OverchargedCore","Gensokyo:LifeforceConverter","TT2Protocol"],"relics":["CogitoBucket","RabbitCall","HushsDoor","AT_ATBox","REME_ComplimentaryCards","HowToJump","Replay:Towering Pillar of Hats","LetterFromLob","Replay:Baseball","Mastiff:ReiMu","AT_ForceNature","Chaos","InkBottle","Leech","Oddly Smooth Stone","AT_TrinityForce","GuppysCollar","AtMidnight","Bag of Marbles","ReplayTheSpireMod:Ninjato"],"acts_visited":["Exordium","Gensokyo:Gensokyoest"],"potions_floor_usage":[3,16,34],"damage_taken":[{"damage":13,"enemies":"Small Slimes","floor":1,"turns":4},{"damage":7,"enemies":"ats:Genji","floor":2,"turns":3},{"damage":0,"enemies":"2 Louse","floor":3,"turns":2},{"damage":10,"enemies":"Exordium Wildlife","floor":4,"turns":3},{"damage":6,"enemies":"Blue Slaver","floor":5,"turns":2},{"damage":11,"enemies":"3 Sentries","floor":6,"turns":4},{"damage":20,"enemies":"Gremlin Nob","floor":8,"turns":4},{"damage":3,"enemies":"Replay:BlueRogue","floor":13,"turns":3},{"damage":18,"enemies":"Small Slimes","floor":1,"turns":2},{"damage":0,"enemies":"2 Louse","floor":3,"turns":1},{"damage":0,"enemies":"Jaw Worm","floor":4,"turns":1},{"damage":0,"enemies":"Blue Slaver","floor":7,"turns":2},{"damage":0,"enemies":"Gremlin Nob","floor":8,"turns":2},{"damage":17,"enemies":"2 Fungi Beasts","floor":12,"turns":3},{"damage":0,"enemies":"Looter","floor":13,"turns":2},{"damage":0,"enemies":"Lagavulin","floor":14,"turns":4},{"damage":3,"enemies":"Fading Forest","floor":16,"turns":9},{"damage":1,"enemies":"Gensokyo:3_Boulders","floor":18,"turns":3},{"damage":0,"enemies":"Gensokyo:AncientGuardian","floor":20,"turns":3},{"damage":5,"enemies":"Gensokyo:Sharpion","floor":21,"turns":4},{"damage":4,"enemies":"Gensokyo:4_Bats","floor":24,"turns":3},{"damage":1,"enemies":"Gensokyo:Kasen","floor":25,"turns":2},{"damage":1,"enemies":"Gensokyo:Marisa","floor":27,"turns":2},{"damage":0,"enemies":"Gensokyo:SeedOfUnknown","floor":30,"turns":1},{"damage":0,"enemies":"Gensokyo:AtlasGolem","floor":31,"turns":2},{"damage":0,"enemies":"Gensokyo:Yuyuko","floor":33,"turns":1},{"damage":13,"enemies":"Malkuth","floor":34,"turns":5},{"damage":126,"enemies":"Hod","floor":34,"turns":10}],"seed_played":"3186581435461218814","potions_obtained":[{"floor":2,"key":"REME_GoldPotion"},{"floor":4,"key":"Strength Potion"},{"floor":8,"key":"SteroidPotion"},{"floor":14,"key":"Fire Potion"},{"floor":16,"key":"DuplicationPotion"},{"floor":25,"key":"LifebloodPotion"}],"is_trial":false,"path_per_floor":["M","M","M","M","M","E","R","E","T","R","$","R","E","?","R","M","?","M","M","M","R","M","E","T","R","?","M","M","E","R","B",null,"M","?","M","M","?","R","M","E","T","E","COS","?","M","M","R","B",null],"character_chosen":"Angela","items_purchased":["GreenStem","Chaos","Mimicry","GuppysCollar"],"campfire_rested":0,"item_purchase_floors":[11,11,17,17],"current_hp_per_floor":[60,61,65,63,65,62,62,50,50,50,50,50,55,52,59,46,58,69,69,69,69,69,69,69,69,73,73,77,77,77,61,61,61,61,61,61,61,61,65,65,69,69,69,69,69,69,69],"gold":246,"neow_bonus":"ONE_RARE_RELIC","is_daily":false,"chose_seed":false,"campfire_upgraded":0,"win_rate":0.0,"timestamp":1613973036,"path_taken":["M","M","M","M","M","E","R","E","T","R","$","R","E","?","R","M","?","M","M","M","R","M","E","T","R","?","M","M","E","R","BOSS","M","?","M","M","?","R","M","E","T","E","COS","?","M","?","R","BOSS"],"items_purchased_type":["Card","Card","Card","Relic"],"build_version":"2020-12-22","purchased_purges":0,"victory":true,"max_hp_per_floor":[65,65,65,65,65,65,65,65,65,65,65,65,65,65,65,65,65,69,69,69,69,69,69,69,69,73,73,77,77,77,61,61,61,61,61,61,61,61,65,65,69,69,69,69,69,69,69],"card_choices":[{"not_picked":["FrostShard","CUTE"],"picked":"SKIP","floor":1},{"not_picked":["CherryBlossoms","OldLady"],"picked":"OSAHOGD","floor":2},{"not_picked":["TodaysExpression","BlueScar"],"picked":"SKIP","floor":2},{"not_picked":["Tough","Horn"],"picked":"SKIP","floor":3},{"not_picked":["Beak","Lantern"],"picked":"SKIP","floor":4},{"not_picked":["CherryBlossom"],"picked":"WristCuter","floor":5},{"not_picked":["BlueScar"],"picked":"Justitia","floor":6},{"not_picked":["ShyLook","MHz"],"picked":"BlueStar","floor":8},{"not_picked":["Wingbeat"],"picked":"DaCapo","floor":8},{"not_picked":["DaCapo"],"picked":"BlackSwan_ego","floor":13},{"not_picked":["RapturousDream"],"picked":"Soda","floor":1},{"not_picked":["Wingbeat","Loneliness"],"picked":"SKIP","floor":3},{"not_picked":["WallGazer","PunishingBird"],"picked":"Wellcheers","floor":4},{"not_picked":["SomewhereSpear"],"picked":"GoldRush","floor":4},{"not_picked":["Discord"],"picked":"Soda","floor":7},{"not_picked":["Lantern","CUTE"],"picked":"SKIP","floor":8},{"not_picked":["BlackSwan","ShyLook"],"picked":"UniverseFragment","floor":12},{"not_picked":["FrostShard","Logging"],"picked":"SKIP","floor":12},{"not_picked":["Noise","GreenStem"],"picked":"SKIP","floor":13},{"not_picked":["ShyLook","CherryBlossoms"],"picked":"PunishingBird","floor":14},{"not_picked":["Penitence","FourthMatchFlame"],"picked":"SKIP","floor":14},{"not_picked":["Justitia"],"picked":"ParadiseLost","floor":16},{"not_picked":["FeatherOfHonor","SomewhereSpear+1"],"picked":"SKIP","floor":18},{"not_picked":["Tough","Lantern"],"picked":"SKIP","floor":20},{"not_picked":["RedEyes+1","Beak+1"],"picked":"SKIP","floor":21},{"not_picked":["Horn+1","CherryBlossom"],"picked":"SKIP","floor":24},{"not_picked":["GalaxyChild","BigBird"],"picked":"Mercenary","floor":25},{"not_picked":["FourthMatchFlame"],"picked":"CENSORED_ego","floor":25},{"not_picked":["OldLady","LaLuna"],"picked":"QueenOfHatred","floor":27},{"not_picked":["Spore+1","CherryBlossom"],"picked":"SKIP","floor":27},{"not_picked":["CrimsonScar+1","WristCuter"],"picked":"SKIP","floor":30},{"not_picked":["ShedSkin+1","BlueScar"],"picked":"SKIP","floor":31}],"player_experience":453218,"relics_obtained":[{"floor":1,"key":"LetterFromLob"},{"floor":6,"key":"Replay:Baseball"},{"floor":8,"key":"Mastiff:ReiMu"},{"floor":9,"key":"AT_ForceNature"},{"floor":13,"key":"ForgetMeNow"},{"floor":8,"key":"Leech"},{"floor":14,"key":"Oddly Smooth Stone"},{"floor":20,"key":"AtMidnight"},{"floor":25,"key":"Bag of Marbles"},{"floor":27,"key":"ReplayTheSpireMod:Ninjato"}],"event_choices":[{"damage_healed":0,"gold_gain":0,"player_choice":"Success","damage_taken":3,"relics_obtained":["InkBottle"],"max_hp_gain":0,"max_hp_loss":0,"event_name":"Scrap Ooze","floor":14,"gold_loss":0},{"damage_healed":0,"gold_gain":0,"player_choice":"Entered Light","damage_taken":13,"max_hp_gain":0,"max_hp_loss":0,"event_name":"Shining Light","floor":2,"gold_loss":0,"cards_upgraded":["BlackSwan_ego","AT_FamilyPortrait"]},{"damage_healed":0,"gold_gain":0,"player_choice":"Grow","damage_taken":0,"max_hp_gain":0,"max_hp_loss":0,"event_name":"Living Wall","floor":11,"gold_loss":0,"cards_upgraded":["GreenStem"]}],"is_beta":false,"boss_relics":[{"not_picked":["Coffee Dripper","reliquary:Ember"],"picked":"AT_TrinityForce"},{"not_picked":[]}],"items_purged_floors":[],"is_endless":false,"potions_floor_spawned":[2,4,6,8,14,16,18,25,27],"ascension_level":1}}