{"host":"lnnm69al9x392px5","time":1613974006,"event":{"mods":["BaseMod","Downfall","Minty Spire (QoL Compilation)","Reliquary","Replay The Spire","StSLib"],"gold_per_floor":[99,113,113,124,139,154,154,154,173,193,193,121,137,147,161,258,258,258,277,187,202,214,226,226,226,246,261,61,234,249,280,299,402,402,302,321,340,340,355,380,380,411,440,61,71,97,97,112,129,129,129,156,10,10,10,10,10,10],"floor_reached":56,"language":"ENG","playtime":3229,"items_purged":["hexamod:Strike"],"score":725,"play_id":"fb10433a-e773-4aa7-ad95-0332f2525949","local_time":"20210221220646","is_ascension_mode":false,"campfire_choices":[{"data":"hexamod:Float","floor":1.0,"key":"SMITH"},{"data":"hexamod:ForkedFlame","floor":11.0,"key":"SMITH"},{"floor":18.0,"key":"RECALL"},{"floor":28.0,"key":"REST"},{"data":"hexamod:RainOfEmbers","floor":35.0,"key":"SMITH"},{"data":"hexamod:GiftsFromTheDead","floor":47.0,"key":"SMITH"},{"floor":54,"key":"REST"}],"circlet_count":0,"master_deck":["hexamod:Defend","hexamod:Defend","hexamod:Defend","hexamod:Defend","hexamod:Sear","hexamod:Float+1","hexamod:SkipABeat","hexamod:BurningTouch","hexamod:Incineration","hexamod:Float+1","hexamod:ForkedFlame+1","hexamod:SuperheatedStrike","hexamod:ParanormalForm+1","hexamod:StepThrough+1","hexamod:NightmareStrike","hexamod:NightmareStrike","hexamod:TimeOfNeed","hexamod:ForkedFlame","hexamod:Hexaguard+1","hexamod:GhostLash+1","hexamod:StepThrough+1","hexamod:RecurringNightmare","hexamod:ChargedBarrage","hexamod:RainOfEmbers+1","hexamod:GiftsFromTheDead+1","hexamod:GhostflameBarrier+1","hexamod:BurningTouch+1","hexamod:ApocalypseNow+1","hexamod:BurningTouch+1","hexamod:RetreatToShadows+1","hexamod:RetreatToShadows+1","hexamod:ThermalTransfer+1","hexamod:ForkedFlame","hexamod:ForkedFlame"],"relics":["hexamod:SpiritBrand","Bag of Preparation","Iron Hammer","reliquary:Stiletto","SlaversCollar","downfall:HeartBlessingRed","downfall:HeartBlessingBlue","Vajra","TungstenRod","Astrolabe","downfall:HeartBlessingGreen","hexamod:MatchstickCase","MawBank","Sling","reliquary:NewFriend","Bag of Marbles","Toy Ornithopter"],"acts_visited":["Exordium","TheCity","TheBeyond","TheEnding"],"potions_floor_usage":[55,55,55],"damage_taken":[{"damage":1.0,"enemies":"Jaw Worm","floor":2.0,"turns":3.0},{"damage":0.0,"enemies":"2 Louse","floor":4.0,"turns":2.0},{"damage":0.0,"enemies":"Cultist","floor":5.0,"turns":3.0},{"damage":4.0,"enemies":"Large Slime","floor":6.0,"turns":3.0},{"damage":5.0,"enemies":"Exordium Thugs","floor":9.0,"turns":3.0},{"damage":3.0,"enemies":"3 Louse","floor":10.0,"turns":3.0},{"damage":1.0,"enemies":"downfall:FleeingMerchant","floor":12.0,"turns":4.0},{"damage":11.0,"enemies":"Large Slime","floor":13.0,"turns":2.0},{"damage":2.0,"enemies":"Blue Slaver","floor":14.0,"turns":3.0},{"damage":0.0,"enemies":"downfall:LooterAlt","floor":15.0,"turns":2.0},{"damage":22.0,"enemies":"DF_ARCHETYPE_STREAMLINE","floor":16.0,"turns":6.0},{"damage":0.0,"enemies":"Spheric Guardian","floor":19.0,"turns":1.0},{"damage":1.0,"enemies":"downfall:FleeingMerchant","floor":20.0,"turns":4.0},{"damage":1.0,"enemies":"3 Byrds","floor":21.0,"turns":3.0},{"damage":4.0,"enemies":"3 Cultists","floor":22.0,"turns":4.0},{"damage":13.0,"enemies":"Snake Plant","floor":23.0,"turns":3.0},{"damage":5.0,"enemies":"Sentry and Sphere","floor":26.0,"turns":3.0},{"damage":15.0,"enemies":"Chosen and Byrds","floor":27.0,"turns":6.0},{"damage":0.0,"enemies":"downfall:FleeingMerchant","floor":29.0,"turns":3.0},{"damage":4.0,"enemies":"Centurion and Healer","floor":30.0,"turns":5.0},{"damage":20.0,"enemies":"Replay:Snechameleon","floor":31.0,"turns":6.0},{"damage":0.0,"enemies":"Snecko","floor":32.0,"turns":3.0},{"damage":21.0,"enemies":"SI_MIRROR_ARCHETYPE","floor":33.0,"turns":7.0},{"damage":9.0,"enemies":"Orb Walker","floor":36.0,"turns":3.0},{"damage":1.0,"enemies":"3 Shapes","floor":37.0,"turns":3.0},{"damage":6.0,"enemies":"3 Darklings","floor":39.0,"turns":6.0},{"damage":0.0,"enemies":"Sphere and 2 Shapes","floor":42.0,"turns":3.0},{"damage":6.0,"enemies":"Transient","floor":43.0,"turns":5.0},{"damage":5.0,"enemies":"4 Shapes","floor":45.0,"turns":6.0},{"damage":0.0,"enemies":"Jaw Worm Horde","floor":48.0,"turns":4.0},{"damage":15.0,"enemies":"3 Darklings","floor":49.0,"turns":5.0},{"damage":16.0,"enemies":"IC_BLOCK_ARCHETYPE","floor":50.0,"turns":10.0},{"damage":77,"enemies":"downfall:CharBossMerchant","floor":52,"turns":6},{"damage":40,"enemies":"downfall:NeowBoss","floor":55,"turns":13},{"damage":17,"enemies":"downfall:NeowBossFinal","floor":56,"turns":3}],"seed_played":"-6576489132558381845","potions_obtained":[{"floor":2.0,"key":"Explosive Potion"},{"floor":9.0,"key":"bronze:BurnAndBuffPotion"},{"floor":13.0,"key":"Energy Potion"},{"floor":14.0,"key":"hexamod:SoulburnPotion"},{"floor":15.0,"key":"hexamod:EctoCoolerPotion"},{"floor":16.0,"key":"FearPotion"},{"floor":21.0,"key":"hexamod:EctoCoolerPotion"},{"floor":22.0,"key":"PowerPotion"},{"floor":30.0,"key":"Explosive Potion"},{"floor":33.0,"key":"champ:CounterPotion"},{"floor":45.0,"key":"GamblersBrew"},{"floor":48.0,"key":"sneckomod:MuddlingPotion"}],"is_trial":false,"path_per_floor":["R","M","?","M","M","M","T","?","M","M","R","$","M","M","M","B",null,"R","M","$","M","M","M","T","?","M","M","R","$","M","E","M","B",null,"R","M","M","?","M","?","T","M","M","$","M","T","R","M","M","B",null,"E","$","R","B","B"],"character_chosen":"THE_SPIRIT","items_purchased":["hexamod:StepThrough+1","Vajra","Sling","reliquary:NewFriend","Regen Potion","hexamod:ForkedFlame"],"campfire_rested":2,"item_purchase_floors":[12,29,44,44,53,53],"current_hp_per_floor":[70,69,66,66,66,62,62,62,57,54,54,53,42,40,40,18,70,70,70,69,68,64,51,51,51,46,31,65,65,61,41,41,20,80,80,71,70,70,64,64,64,64,58,58,53,53,53,53,38,22,80,3,3,27,17,0,0,0],"gold":10,"neow_bonus":"RANDOM_COMMON_RELIC","is_daily":false,"chose_seed":false,"campfire_upgraded":4,"win_rate":0.0,"timestamp":1613974006,"path_taken":["R","M","?","M","M","M","T","?","M","M","R","$","?","M","M","BOSS","R","M","$","M","M","M","T","?","M","M","R","?","M","E","M","BOSS","R","M","M","?","M","?","T","M","M","$","M","?","R","M","M","BOSS","E","$","R","BOSS","BOSS"],"items_purchased_type":["Card","Relic","Relic","Relic","Potion","Card"],"build_version":"2020-12-22","purchased_purges":1,"victory":false,"max_hp_per_floor":[70,70,70,70,70,70,70,70,70,70,70,70,70,70,70,70,70,70,70,70,70,70,70,70,70,70,70,80,80,80,80,80,80,80,80,80,80,80,80,80,80,80,80,80,80,80,80,80,80,80,80,80,80,80,80,80,80,80],"card_choices":[{"not_picked":["hexamod:Haunt","hexamod:ThermalTransfer"],"picked":"hexamod:SkipABeat","floor":2.0},{"not_picked":["hexamod:InspiringFlames","hexamod:HauntingEcho"],"picked":"hexamod:BurningTouch","floor":4.0},{"not_picked":["hexamod:NightmareGuise","hexamod:FlamesFromBeyond"],"picked":"hexamod:Incineration","floor":5.0},{"not_picked":["hexamod:RetreatToShadows","hexamod:SkipABeat","hexamod:GhostLash"],"picked":"SKIP","floor":6.0},{"not_picked":["hexamod:Haunt","hexamod:DynamicBlow"],"picked":"hexamod:ForkedFlame","floor":9.0},{"not_picked":["hexamod:NecessarySacrifice","hexamod:GhostOfSpirePast"],"picked":"hexamod:SuperheatedStrike","floor":10.0},{"not_picked":["hexamod:DynamicBlow","hexamod:AdvancingGuard"],"picked":"hexamod:ParanormalForm","floor":12.0},{"not_picked":["hexamod:ThermalTransfer","hexamod:RadiantFlame"],"picked":"hexamod:NightmareStrike","floor":13.0},{"not_picked":["hexamod:GhostOfSpireFuture","hexamod:EmpoweredFlame"],"picked":"hexamod:NightmareStrike","floor":14.0},{"not_picked":["hexamod:InspiringFlames","hexamod:Hexaguard"],"picked":"hexamod:TimeOfNeed","floor":15.0},{"not_picked":["hexamod:SearingWound","hexamod:HexaLevel"],"picked":"hexamod:ForkedFlame","floor":16.0},{"not_picked":["hexamod:SwordOfDarkness+1","hexamod:EmpoweredFlame"],"picked":"hexamod:Hexaguard+1","floor":19.0},{"not_picked":["hexamod:InspiringFlames","hexamod:GhostOfSpirePast","hexamod:SwordOfDarkness"],"picked":"SKIP","floor":20.0},{"not_picked":["hexamod:Hexaguard+1","hexamod:HeatMetal"],"picked":"hexamod:GhostLash+1","floor":21.0},{"not_picked":["hexamod:HauntingEcho+1","hexamod:FlamesFromBeyond+1"],"picked":"hexamod:StepThrough+1","floor":22.0},{"not_picked":["hexamod:SecondSeal","hexamod:StepThrough","hexamod:HauntingEcho"],"picked":"SKIP","floor":23.0},{"not_picked":["hexamod:InspiringFlames","hexamod:StepThrough","hexamod:SuperheatedStrike"],"picked":"SKIP","floor":26.0},{"not_picked":["hexamod:NightmareStrike","hexamod:BacktrackSmack+1"],"picked":"hexamod:RecurringNightmare","floor":27.0},{"not_picked":["hexamod:ParanormalForm","hexamod:FlamesFromBeyond","hexamod:ShieldOfDarkness+1"],"picked":"SKIP","floor":29.0},{"not_picked":["hexamod:ThermalTransfer","hexamod:EtherealExpedition"],"picked":"hexamod:ChargedBarrage","floor":30.0},{"not_picked":["hexamod:Firestarter+1","hexamod:SpectersWail"],"picked":"hexamod:RainOfEmbers","floor":31.0},{"not_picked":["hexamod:SpectersWail","hexamod:PhantomFireball","hexamod:HauntingEcho"],"picked":"SKIP","floor":32.0},{"not_picked":["hexamod:SearingWound","hexamod:ParanormalForm"],"picked":"hexamod:GiftsFromTheDead","floor":33.0},{"not_picked":["hexamod:FastForward+1","hexamod:HeatShield"],"picked":"hexamod:BurningTouch+1","floor":36.0},{"not_picked":["hexamod:HeatCrush","hexamod:SwordOfDarkness"],"picked":"hexamod:RetreatToShadows+1","floor":37.0},{"not_picked":["hexamod:SkipABeat+1","hexamod:HeatMetal","hexamod:NightmareGuise+1"],"picked":"SKIP","floor":39.0},{"not_picked":["hexamod:InspiringFlames","hexamod:Hexaguard","hexamod:BacktrackSmack+1"],"picked":"SKIP","floor":42.0},{"not_picked":["hexamod:GhostShield","hexamod:ExtraCrispy"],"picked":"hexamod:RetreatToShadows+1","floor":43.0},{"not_picked":["hexamod:SwordOfDarkness","hexamod:AdvancingGuard","hexamod:SuperheatedStrike"],"picked":"SKIP","floor":45.0},{"not_picked":["hexamod:BacktrackSmack+1","hexamod:FlameSwitch","hexamod:StepThrough"],"picked":"SKIP","floor":48.0},{"not_picked":["hexamod:FlamesFromBeyond+1","hexamod:SoulSteal"],"picked":"hexamod:ThermalTransfer+1","floor":49.0},{"not_picked":["hexamod:Haunt+1","hexamod:Incineration"],"picked":"hexamod:ForkedFlame","floor":52}],"player_experience":319221,"relics_obtained":[{"floor":7.0,"key":"reliquary:Stiletto"},{"floor":31.0,"key":"TungstenRod"},{"floor":40.0,"key":"hexamod:MatchstickCase"},{"floor":41.0,"key":"MawBank"},{"floor":46.0,"key":"Bag of Marbles"},{"floor":52,"key":"Toy Ornithopter"}],"event_choices":[{"damage_healed":0.0,"max_hp_gain":0.0,"max_hp_loss":0.0,"gold_gain":0.0,"event_name":"Scrap Ooze","player_choice":"Success","floor":3.0,"gold_loss":0.0,"damage_taken":3.0,"relics_obtained":["Iron Hammer"]}],"is_beta":false,"boss_relics":[{"not_picked":["Runic Pyramid","Sozu"],"picked":"SlaversCollar"},{"not_picked":["Empty Cage","Honey Jar"],"picked":"Astrolabe"}],"items_purged_floors":[20],"is_endless":false,"potions_floor_spawned":[2,9,13,14,15,16,21,22,27,30,32,33,36,45,48],"killed_by":"downfall:NeowBossFinal","ascension_level":0}}