{"host":"i29s15dsg0c43zmx","time":1613996476,"event":{"mods":["AchievementEnabler","BaseMod","Colored Map","Minty Spire (QoL Compilation)","StSLib"],"gold_per_floor":[119,137,62,12,32,61,236,251,251,251,268,268,41,59,59,156,206,220,220,120,134,134,134,134,134],"floor_reached":24,"language":"ENG","playtime":893,"items_purged":["Strike_P","Strike_P"],"score":195,"play_id":"fc8497cd-2516-4a44-bafb-6a1f194fc6d7","local_time":"20210222132116","is_ascension_mode":false,"campfire_choices":[{"floor":12,"key":"REST"},{"data":"Fasting2","floor":15,"key":"SMITH"},{"data":"MasterReality","floor":23,"key":"SMITH"}],"circlet_count":0,"master_deck":["Strike_P+1","Defend_P","Defend_P+1","Defend_P+1","Defend_P","Eruption","Vigilance","LessonLearned+1","EmptyFist+1","PathToVictory","TalkToTheHand","Establishment","EmptyFist","FearNoEvil","Omniscience","PathToVictory+1","Fasting2+1","MasterReality+1","BattleHymn","Worship+1"],"relics":["PureWater","Letter Opener","Gremlin Horn","Spirit Poop","Tiny House"],"acts_visited":["Exordium","TheCity"],"potions_floor_usage":[6,14,18,20,24],"damage_taken":[{"damage":14,"enemies":"2 Louse","floor":1,"turns":2},{"damage":6,"enemies":"Jaw Worm","floor":2,"turns":2},{"damage":0,"enemies":"Cultist","floor":5,"turns":2},{"damage":28,"enemies":"Lagavulin","floor":6,"turns":6},{"damage":2,"enemies":"Looter","floor":8,"turns":4},{"damage":0,"enemies":"Lots of Slimes","floor":11,"turns":2},{"damage":0,"enemies":"2 Fungi Beasts","floor":14,"turns":2},{"damage":32,"enemies":"Hexaghost","floor":16,"turns":9},{"damage":25,"enemies":"Shell Parasite","floor":18,"turns":6},{"damage":35,"enemies":"Spheric Guardian","floor":21,"turns":5},{"damage":25,"enemies":"Chosen and Byrds","floor":24,"turns":3}],"seed_played":"-4806639772723799470","potions_obtained":[{"floor":2,"key":"CultistPotion"},{"floor":6,"key":"BottledMiracle"},{"floor":8,"key":"Fire Potion"},{"floor":11,"key":"Energy Potion"},{"floor":17,"key":"Energy Potion"},{"floor":18,"key":"AttackPotion"},{"floor":19,"key":"SkillPotion"},{"floor":19,"key":"PowerPotion"},{"floor":21,"key":"Fire Potion"}],"is_trial":false,"path_per_floor":["M","M","$","?","M","E","?","M","T","?","M","R","$","M","R","B",null,"M","?","$","M","$","R","M"],"character_chosen":"WATCHER","items_purchased":["Omniscience","PathToVictory","Fruit Juice"],"campfire_rested":1,"item_purchase_floors":[13,13,20],"current_hp_per_floor":[58,52,52,52,52,24,24,22,22,22,22,43,43,43,43,11,77,52,52,57,22,22,22,0,0],"gold":134,"neow_bonus":"ONE_RANDOM_RARE_CARD","is_daily":false,"chose_seed":false,"campfire_upgraded":2,"win_rate":0.0,"timestamp":1613996476,"path_taken":["M","M","$","?","M","E","?","M","T","?","?","R","$","M","R","BOSS","M","?","$","?","$","R","M"],"items_purchased_type":["Card","Card","Potion"],"build_version":"2020-12-22","purchased_purges":2,"victory":false,"max_hp_per_floor":[72,72,72,72,72,72,72,72,72,72,72,72,72,72,72,72,77,77,77,82,82,82,82,82,82],"card_choices":[{"not_picked":["SashWhip","Nirvana"],"picked":"EmptyFist","floor":1},{"not_picked":["Sanctity","Collect"],"picked":"PathToVictory","floor":2},{"not_picked":["Consecrate","SashWhip"],"picked":"TalkToTheHand","floor":5},{"not_picked":["Wallop","Protect"],"picked":"Establishment","floor":6},{"not_picked":["ClearTheMind","CutThroughFate"],"picked":"EmptyFist","floor":8},{"not_picked":["CutThroughFate","Prostrate"],"picked":"FearNoEvil","floor":11},{"not_picked":["InnerPeace","Indignation"],"picked":"Fasting2","floor":14},{"not_picked":["SpiritShield","Establishment"],"picked":"MasterReality","floor":16},{"not_picked":["Collect","ClearTheMind"],"picked":"BattleHymn","floor":17},{"not_picked":["Tantrum","BowlingBash"],"picked":"Worship+1","floor":18},{"not_picked":["ClearTheMind","Halt","ThirdEye"],"picked":"SKIP","floor":21}],"player_experience":109456,"relics_obtained":[{"floor":6,"key":"Letter Opener"},{"floor":9,"key":"Gremlin Horn"}],"event_choices":[{"cards_removed":["Strike_P"],"damage_healed":0,"gold_gain":0,"player_choice":"Card Removal","damage_taken":0,"max_hp_gain":0,"max_hp_loss":0,"event_name":"The Cleric","floor":4,"gold_loss":50},{"damage_healed":0,"gold_gain":175,"player_choice":"AGREE","damage_taken":0,"max_hp_gain":0,"max_hp_loss":0,"event_name":"Liars Game","floor":7,"gold_loss":0,"cards_obtained":["Doubt"]},{"cards_removed":["Doubt"],"damage_healed":0,"gold_gain":0,"player_choice":"Offered Curse","damage_taken":0,"relics_obtained":["Spirit Poop"],"max_hp_gain":0,"max_hp_loss":0,"event_name":"Bonfire Elementals","floor":10,"gold_loss":0},{"damage_healed":0,"gold_gain":0,"player_choice":"Got Potions","damage_taken":0,"max_hp_gain":0,"max_hp_loss":0,"event_name":"Lab","floor":19,"gold_loss":0}],"is_beta":false,"boss_relics":[{"not_picked":["Runic Dome","VioletLotus"],"picked":"Tiny House"}],"items_purged_floors":[3,13],"is_endless":false,"potions_floor_spawned":[2,6,8,11,18,21],"killed_by":"Chosen and Byrds","ascension_level":0}}