{"host":"pifa3o3uv2a0m12r","time":1613953922,"event":{"mods":["AchievementEnabler","BaseMod","Colored Map","Minty Spire (QoL Compilation)","StSLib","SuperFastMode"],"gold_per_floor":[110,110,128,142,142,173,173,183,183,202,219,219,232,251,251,351,351,362,362,375,395,110,110,123,123,123],"floor_reached":25,"language":"FRA","playtime":950,"items_purged":[],"score":209,"play_id":"38f0b20e-5b96-4ee1-8afd-084af35d3e5d","local_time":"20210221143202","is_ascension_mode":false,"campfire_choices":[{"floor":7,"key":"REST"},{"floor":12,"key":"REST"},{"floor":15,"key":"REST"},{"floor":23,"key":"REST"}],"circlet_count":0,"master_deck":["Strike_R","Strike_R","Strike_R","Strike_R","Strike_R","Defend_R","Defend_R","Defend_R","Defend_R","Bash","Warcry+1","Seeing Red","Rage","Armaments","Seeing Red","Demon Form+1","Ghostly Armor","Reaper","Metallicize","Warcry+1","Iron Wave","Bandage Up","Blood for Blood"],"relics":["Black Blood","Nunchaku","Akabeko","PreservedInsect"],"acts_visited":["Exordium","TheCity"],"potions_floor_usage":[6,14,16,20],"damage_taken":[{"damage":3,"enemies":"2 Louse","floor":1,"turns":4},{"damage":2,"enemies":"Cultist","floor":3,"turns":5},{"damage":3,"enemies":"Jaw Worm","floor":4,"turns":4},{"damage":76,"enemies":"Lagavulin","floor":6,"turns":14},{"damage":22,"enemies":"Red Slaver","floor":8,"turns":5},{"damage":1,"enemies":"2 Fungi Beasts","floor":10,"turns":5},{"damage":12,"enemies":"Exordium Thugs","floor":11,"turns":7},{"damage":17,"enemies":"Exordium Wildlife","floor":13,"turns":7},{"damage":9,"enemies":"Gremlin Gang","floor":14,"turns":5},{"damage":47,"enemies":"Hexaghost","floor":16,"turns":11},{"damage":46,"enemies":"Spheric Guardian","floor":18,"turns":9},{"damage":33,"enemies":"Chosen","floor":20,"turns":8},{"damage":68,"enemies":"3 Cultists","floor":21,"turns":8},{"damage":17,"enemies":"Snecko","floor":24,"turns":7},{"damage":91,"enemies":"Book of Stabbing","floor":25,"turns":8}],"seed_played":"-35660940456245024","potions_obtained":[{"floor":3,"key":"Explosive Potion"},{"floor":6,"key":"Fire Potion"},{"floor":8,"key":"DistilledChaos"},{"floor":18,"key":"Fire Potion"}],"is_trial":false,"path_per_floor":["M","?","M","M","?","E","R","M","T","M","M","R","M","M","R","B",null,"M","?","M","M","$","R","M","E"],"character_chosen":"IRONCLAD","items_purchased":["PreservedInsect","Iron Wave","Bandage Up"],"campfire_rested":4,"item_purchase_floors":[22,22,22],"current_hp_per_floor":[88,88,88,88,88,18,44,28,28,33,27,53,42,39,65,24,88,54,54,45,37,37,63,72,0,0],"gold":123,"neow_bonus":"TEN_PERCENT_HP_BONUS","is_daily":false,"chose_seed":false,"campfire_upgraded":0,"win_rate":0.0,"timestamp":1613953922,"path_taken":["M","?","M","?","?","E","R","M","T","M","M","R","M","M","R","BOSS","M","?","?","M","$","R","M","E"],"items_purchased_type":["Relic","Card","Card"],"build_version":"2020-12-22","purchased_purges":0,"victory":false,"max_hp_per_floor":[88,88,88,88,88,88,88,88,88,88,88,88,88,88,88,88,88,88,88,88,88,88,88,88,88,88],"card_choices":[{"not_picked":["Havoc","Thunderclap"],"picked":"Warcry","floor":1},{"not_picked":["Rupture","Disarm"],"picked":"Seeing Red","floor":3},{"not_picked":["Intimidate","Clash"],"picked":"Rage","floor":4},{"not_picked":["Pommel Strike","Infernal Blade"],"picked":"Armaments","floor":6},{"not_picked":["Pommel Strike","True Grit"],"picked":"Seeing Red","floor":8},{"not_picked":["Perfected Strike","Rupture","Cleave"],"picked":"SKIP","floor":10},{"not_picked":["Twin Strike","Thunderclap","Bloodletting"],"picked":"SKIP","floor":11},{"not_picked":["Inflame","Clothesline"],"picked":"Demon Form","floor":13},{"not_picked":["Clash","Twin Strike"],"picked":"Ghostly Armor","floor":14},{"not_picked":["Exhume","Berserk"],"picked":"Reaper","floor":16},{"not_picked":["Evolve","Twin Strike+1"],"picked":"Metallicize","floor":18},{"not_picked":["Wild Strike+1","Thunderclap+1","Clash"],"picked":"SKIP","floor":20},{"not_picked":["Fire Breathing","Anger"],"picked":"Warcry+1","floor":21},{"not_picked":["Pommel Strike","Sever Soul"],"picked":"Blood for Blood","floor":24}],"player_experience":140360,"relics_obtained":[{"floor":6,"key":"Nunchaku"},{"floor":9,"key":"Akabeko"}],"event_choices":[{"damage_healed":0,"gold_gain":0,"player_choice":"Upgraded","damage_taken":0,"max_hp_gain":0,"max_hp_loss":0,"event_name":"Upgrade Shrine","floor":2,"gold_loss":0,"cards_upgraded":["Warcry"]},{"damage_healed":0,"gold_gain":0,"player_choice":"Leave","damage_taken":0,"max_hp_gain":0,"max_hp_loss":0,"event_name":"The Cleric","floor":5,"gold_loss":0},{"damage_healed":0,"gold_gain":0,"player_choice":"Upgraded","damage_taken":0,"max_hp_gain":0,"max_hp_loss":0,"event_name":"Upgrade Shrine","floor":19,"gold_loss":0,"cards_upgraded":["Demon Form"]}],"is_beta":false,"boss_relics":[{"not_picked":["Sozu","SlaversCollar"],"picked":"Black Blood"}],"items_purged_floors":[],"is_endless":false,"potions_floor_spawned":[3,6,8,18],"killed_by":"Book of Stabbing","ascension_level":0}}