{"host":"7sni158j623xchr2","time":1613975297,"event":{"mods":["BaseMod","Colored Map","Highlight Path","Minty Spire (QoL Compilation)","Permanent Neow","Potion Indicator Mod","Rare Cards Sparkle","Relic Sorter","Relic Stats","StSLib","everything is the same but u backflip on backflip"],"gold_per_floor":[119,136,311,311,327,327,327,366,366,366,402,417,14,33,33,163,163,176,17,37,37,37,68,68,98,125,125,125,25,57,71,71,173,173,189,205,1204,1204,1204,1204,1222,1222,1249,1249,10,27,43,62,62,62,62,62,3,35,35],"floor_reached":56,"language":"ENG","playtime":1805,"items_purged":["Doubt","Strike_G","Strike_G+1","Normality"],"score":1362,"play_id":"bcde205b-2977-4f75-adf2-eaa981de293b","local_time":"20210222002817","is_ascension_mode":true,"campfire_choices":[{"data":"Terror","floor":6,"key":"SMITH"},{"data":"All Out Attack","floor":10,"key":"SMITH"},{"data":"Deadly Poison","floor":15,"key":"SMITH"},{"data":"Catalyst","floor":24,"key":"SMITH"},{"data":"Malaise","floor":28,"key":"SMITH"},{"data":"Predator","floor":32,"key":"SMITH"},{"data":"Burst","floor":40,"key":"SMITH"},{"floor":42,"key":"REST"},{"floor":44,"key":"REST"},{"floor":49,"key":"RECALL"},{"data":"Well Laid Plans","floor":52,"key":"SMITH"}],"circlet_count":0,"master_deck":["Strike_G+1","Strike_G+1","Defend_G+1","Defend_G+1","Defend_G+1","Defend_G+1","Survivor","Neutralize+1","Acrobatics","All Out Attack+1","Terror+1","PiercingWail","Predator+1","Deadly Poison+1","Catalyst+1","Malaise+1","PiercingWail","Catalyst+1","Leg Sweep+1","Burst+1","Normality","Dark Shackles","Apotheosis","Well Laid Plans+1","Adrenaline","Calculated Gamble"],"relics":["HoveringKite","Bloody Idol","The Courier","Bag of Marbles","StoneCalendar","PreservedInsect","TwistedFunnel","Empty Cage","Unceasing Top","Pen Nib","Strawberry","Pantograph","SlaversCollar","Toolbox","Sundial","Centennial Puzzle","InkBottle","Toy Ornithopter","Torii","Art of War","Incense Burner"],"acts_visited":["Exordium","TheCity","TheBeyond","TheEnding"],"potions_floor_usage":[8,16,31,46,47,55,55,55,55,55,55],"damage_taken":[{"damage":3,"enemies":"Small Slimes","floor":1,"turns":4},{"damage":0,"enemies":"2 Louse","floor":2,"turns":3},{"damage":5,"enemies":"Jaw Worm","floor":5,"turns":4},{"damage":5,"enemies":"3 Sentries","floor":8,"turns":8},{"damage":14,"enemies":"Gremlin Nob","floor":11,"turns":4},{"damage":0,"enemies":"2 Fungi Beasts","floor":12,"turns":1},{"damage":0,"enemies":"Blue Slaver","floor":14,"turns":3},{"damage":0,"enemies":"Slime Boss","floor":16,"turns":6},{"damage":22,"enemies":"Spheric Guardian","floor":18,"turns":4},{"damage":5,"enemies":"Shell Parasite","floor":20,"turns":5},{"damage":0,"enemies":"Gremlin Leader","floor":23,"turns":4},{"damage":14,"enemies":"Slavers","floor":25,"turns":4},{"damage":16,"enemies":"Gremlin Leader","floor":30,"turns":3},{"damage":0,"enemies":"Cultist and Chosen","floor":31,"turns":5},{"damage":24,"enemies":"Collector","floor":33,"turns":5},{"damage":9,"enemies":"3 Shapes","floor":35,"turns":3},{"damage":18,"enemies":"3 Darklings","floor":36,"turns":5},{"damage":38,"enemies":"Spire Growth","floor":41,"turns":4},{"damage":11,"enemies":"Jaw Worm Horde","floor":46,"turns":5},{"damage":2,"enemies":"3 Darklings","floor":47,"turns":5},{"damage":10,"enemies":"Transient","floor":48,"turns":5},{"damage":36,"enemies":"Awakened One","floor":50,"turns":16},{"damage":6,"enemies":"Shield and Spear","floor":54,"turns":4},{"damage":51,"enemies":"The Heart","floor":55,"turns":6}],"seed_played":"-8615741651611260358","potions_obtained":[{"floor":2,"key":"AttackPotion"},{"floor":12,"key":"LiquidMemories"},{"floor":20,"key":"Fire Potion"},{"floor":25,"key":"Block Potion"},{"floor":31,"key":"Strength Potion"},{"floor":47,"key":"SteroidPotion"},{"floor":48,"key":"ColorlessPotion"}],"is_trial":false,"path_per_floor":["M","M","?","?","M","R","?","E","T","R","E","M","$","M","R","B",null,"M","$","M","?","?","E","R","E","T","?","R","$","E","M","R","B",null,"M","M","?","?","?","R","M","R","T","R","$","M","M","M","R","B",null,"R","$","E","B",null],"character_chosen":"THE_SILENT","items_purchased":["PreservedInsect","TwistedFunnel","Deadly Poison","Catalyst","EntropicBrew","Toolbox","Sundial","Centennial Puzzle","InkBottle","Toy Ornithopter","Torii","Art of War","DuplicationPotion"],"campfire_rested":2,"item_purchase_floors":[13,13,13,13,19,45,45,45,45,45,45,45,53],"current_hp_per_floor":[67,67,67,53,48,48,48,43,43,43,29,29,29,29,29,29,65,43,43,38,38,38,43,43,34,46,46,46,46,35,40,40,46,72,68,55,60,50,50,50,17,38,43,64,64,63,71,66,66,36,72,72,72,71,24],"gold":35,"neow_bonus":"BOSS_RELIC","is_daily":false,"chose_seed":false,"campfire_upgraded":8,"win_rate":0.0,"timestamp":1613975297,"path_taken":["M","M","?","?","M","R","?","E","T","R","E","?","$","M","R","BOSS","M","$","M","?","?","E","R","E","T","?","R","$","E","M","R","BOSS","M","M","?","?","?","R","M","R","T","R","$","M","M","?","R","BOSS","R","$","E","BOSS"],"items_purchased_type":["Relic","Relic","Card","Card","Potion","Relic","Relic","Relic","Relic","Relic","Relic","Relic","Potion"],"build_version":"2020-12-22","purchased_purges":4,"victory":true,"max_hp_per_floor":[70,70,70,70,70,70,65,65,65,65,65,65,65,65,65,65,65,65,65,65,65,65,65,65,65,72,72,72,72,72,72,72,72,72,72,72,72,72,72,72,72,72,72,72,72,72,72,72,72,72,72,72,72,72,72],"relic_stats":{"Torii":11,"counters":[24,116],"HoveringKite":[61],"StoneCalendar":[52],"PreservedInsect":197,"Pen Nib":[9],"Centennial Puzzle":[18],"Sundial":[10],"Bloody Idol":75,"Pantograph":32,"Art of War":[8],"obtain_stats":[{"TwistedFunnel":13,"Torii":45,"Golden Idol":7,"HoveringKite":0,"StoneCalendar":11,"The Courier":8,"PreservedInsect":13,"Pen Nib":25,"Incense Burner":54,"Empty Cage":17,"SlaversCollar":34,"Centennial Puzzle":45,"Sundial":45,"Bloody Idol":21,"Strawberry":26,"Pantograph":30,"Toolbox":45,"Bag of Marbles":9,"Art of War":45,"Unceasing Top":23,"InkBottle":45,"Toy Ornithopter":45,"Ring of the Snake":0},{"TwistedFunnel":6,"Torii":18,"Golden Idol":3,"HoveringKite":0,"StoneCalendar":5,"The Courier":4,"PreservedInsect":6,"Pen Nib":12,"Incense Burner":23,"Empty Cage":8,"SlaversCollar":15,"Centennial Puzzle":18,"Sundial":18,"Bloody Idol":10,"Strawberry":12,"Pantograph":13,"Toolbox":18,"Bag of Marbles":4,"Art of War":18,"Unceasing Top":11,"InkBottle":18,"Toy Ornithopter":18,"Ring of the Snake":0},{"TwistedFunnel":24,"Torii":75,"Golden Idol":11,"HoveringKite":0,"StoneCalendar":23,"The Courier":19,"PreservedInsect":24,"Pen Nib":50,"Incense Burner":110,"Empty Cage":33,"SlaversCollar":63,"Centennial Puzzle":75,"Sundial":75,"Bloody Idol":42,"Strawberry":50,"Pantograph":53,"Toolbox":75,"Bag of Marbles":19,"Art of War":75,"Unceasing Top":46,"InkBottle":75,"Toy Ornithopter":75,"Ring of the Snake":0}],"Unceasing Top":[7],"InkBottle":[20],"Toy Ornithopter":13},"card_choices":[{"not_picked":["Accuracy","Sucker Punch"],"picked":"Acrobatics","floor":1},{"not_picked":["Dagger Spray","Terror"],"picked":"All Out Attack","floor":2},{"not_picked":["Backflip","Reflex"],"picked":"Terror","floor":5},{"not_picked":["Poisoned Stab","Deflect"],"picked":"PiercingWail","floor":8},{"not_picked":["Acrobatics","Concentrate"],"picked":"Predator","floor":11},{"not_picked":["Bane","Dodge and Roll","Flechettes"],"picked":"SKIP","floor":12},{"not_picked":["Storm of Steel","Sucker Punch","Blade Dance"],"picked":"SKIP","floor":14},{"not_picked":["Storm of Steel","Bullet Time"],"picked":"Malaise","floor":16},{"not_picked":["Deflect","Slice","Underhanded Strike"],"picked":"SKIP","floor":18},{"not_picked":["Endless Agony","Deflect"],"picked":"PiercingWail","floor":20},{"not_picked":["Infinite Blades+1","Expertise"],"picked":"Catalyst+1","floor":23},{"not_picked":["Acrobatics+1","Heel Hook"],"picked":"Leg Sweep+1","floor":25},{"not_picked":["Caltrops+1","Tactician","Concentrate"],"picked":"SKIP","floor":30},{"not_picked":["Terror","Flying Knee+1","Cloak And Dagger+1"],"picked":"SKIP","floor":31},{"not_picked":["Glass Knife","Storm of Steel"],"picked":"Burst","floor":33},{"not_picked":["Predator","Cloak And Dagger+1","Deflect+1"],"picked":"SKIP","floor":35},{"not_picked":["Backflip","Concentrate+1","Endless Agony"],"picked":"SKIP","floor":36},{"not_picked":["Flash of Steel","PanicButton"],"picked":"Dark Shackles","floor":38},{"not_picked":["Jack Of All Trades","Discovery"],"picked":"Apotheosis","floor":38},{"not_picked":["Deflect+1","Outmaneuver","Slice"],"picked":"SKIP","floor":41},{"not_picked":["Quick Slash","Bane","Leg Sweep"],"picked":"SKIP","floor":46},{"not_picked":["Dodge and Roll+1","Acrobatics+1"],"picked":"Well Laid Plans","floor":47},{"not_picked":["Dagger Throw+1","Deflect+1"],"picked":"Adrenaline","floor":48},{"not_picked":["Prepared","Die Die Die"],"picked":"Calculated Gamble","floor":54}],"player_experience":1834140,"relics_obtained":[{"floor":8,"key":"The Courier"},{"floor":9,"key":"Bag of Marbles"},{"floor":11,"key":"StoneCalendar"},{"floor":23,"key":"Unceasing Top"},{"floor":25,"key":"Pen Nib"},{"floor":26,"key":"Strawberry"},{"floor":30,"key":"Pantograph"},{"floor":54,"key":"Incense Burner"}],"event_choices":[{"damage_healed":0,"gold_gain":175,"player_choice":"AGREE","damage_taken":0,"max_hp_gain":0,"max_hp_loss":0,"event_name":"Liars Game","floor":3,"gold_loss":0,"cards_obtained":["Doubt"]},{"damage_healed":0,"gold_gain":0,"player_choice":"Entered Light","damage_taken":14,"max_hp_gain":0,"max_hp_loss":0,"event_name":"Shining Light","floor":4,"gold_loss":0,"cards_upgraded":["Defend_G","Neutralize"]},{"damage_healed":0,"gold_gain":0,"player_choice":"Lose Max HP","damage_taken":0,"relics_obtained":["Golden Idol"],"max_hp_gain":0,"max_hp_loss":5,"event_name":"Golden Idol","floor":7,"gold_loss":0},{"damage_healed":0,"gold_gain":0,"player_choice":"Gave Idol","damage_taken":0,"relics_obtained":["Bloody Idol"],"max_hp_gain":0,"max_hp_loss":0,"event_name":"Forgotten Altar","floor":21,"relics_lost":["Golden Idol"],"gold_loss":0},{"damage_healed":0,"gold_gain":0,"player_choice":"Simplicity","damage_taken":0,"max_hp_gain":0,"max_hp_loss":0,"event_name":"Back to Basics","floor":22,"gold_loss":0,"cards_upgraded":["Strike_G","Strike_G","Strike_G","Defend_G","Defend_G","Defend_G"]},{"damage_healed":0,"gold_gain":0,"player_choice":"Ignored","damage_taken":0,"max_hp_gain":0,"max_hp_loss":0,"event_name":"Ghosts","floor":27,"gold_loss":0},{"damage_healed":0,"gold_gain":999,"player_choice":"Gold","damage_taken":0,"max_hp_gain":0,"max_hp_loss":0,"event_name":"MindBloom","floor":37,"gold_loss":0,"cards_obtained":["Normality","Normality"]},{"damage_healed":0,"gold_gain":0,"player_choice":"Memory 3","damage_taken":10,"max_hp_gain":0,"max_hp_loss":0,"event_name":"SensoryStone","floor":38,"gold_loss":0},{"damage_healed":0,"gold_gain":0,"player_choice":"Ignored","damage_taken":0,"max_hp_gain":0,"max_hp_loss":0,"event_name":"SecretPortal","floor":39,"gold_loss":0}],"is_beta":false,"boss_relics":[{"not_picked":["Fusion Hammer","Coffee Dripper"],"picked":"Empty Cage"},{"not_picked":["SacredBark","Black Star"],"picked":"SlaversCollar"}],"items_purged_floors":[13,19,29,45],"is_endless":false,"potions_floor_spawned":[2,12,20,25,31,33,47,48],"ascension_level":1}}