{"host":"KYO","time":1613992566,"event":{"mods":["Act Like it!","Arknights","BaseMod","BetterRewards","Minty Spire (QoL Compilation)","Permanent Neow","Shop Mod","StSLib","SuperFastMode","TestMod","[IsaacMod]以撒尖塔"],"gold_per_floor":[165,328,377,428,337,435,457,546,546,496,558,630,652,718,785,785,807,885,928,928,1024,1020,1020,1020,1117,1177,1235,1308,1308,1584,1584,1689,2104,2104,2104,2210,2210,2057,2195,2195,2278,2316,2509,2509,2595,2595,2691,2691,2691,3362,3492,3524],"floor_reached":39,"language":"ZHS","playtime":2941,"items_purged":["ats:Defend","ats:Strike C","ats:Strike G","ats:Strike S","ats:Strike V","ats:Defend","ats:Flexible Camouflage+1","ats:Armor Crushing Shot+1","Normality"],"score":1907,"play_id":"b5ada9f0-ddf4-4907-81cb-7a45a5b4948b","local_time":"20210222191606","is_ascension_mode":true,"campfire_choices":[{"data":"ats:Emotion Absorption","floor":15,"key":"SMITH"},{"data":"ats:Flexible Camouflage","floor":6,"key":"SMITH"},{"data":"ats:Closed Bolt Burst Fire","floor":10,"key":"SMITH"},{"data":"ats:Roar Of Ursus","floor":15,"key":"SMITH"},{"floor":23,"key":"RECALL"},{"data":"ats:Defend Order","floor":30,"key":"SMITH"},{"floor":32,"key":"REST"},{"data":"ats:Defend+1","floor":35,"key":"PURGE"}],"circlet_count":0,"master_deck":["ats:Emotion Absorption+1","ats:Closed Bolt Burst Fire+1","ats:Roar Of Ursus+1","ats:Very Hot Blade+1","ats:Defend Order+1"],"relics":["ats:Sanity","testmod-TestBox","SteamSale","testmod-DeterminationOfClimber","TheBattery","PreservedInsect","SalivaCoin","testmod-IndustrialRevolution","Medical Kit","HowToJump","testmod-IntensifyImprint","ClockworkSouvenir","BookOfRevelations","Gremlin Horn","ats:Gyao","MerchantsRug","Molten Egg 2","ats:Originium","The Courier","Shuriken","testmod-Maize","testmod-LifeArmor","Pantograph","Anchor","testmod-CrystalShield","Boot","CeramicFish","TheBible","Omamori","DeadEye","InkBottle","Sundial","Membership Card","testmod-Acrobat","Du-Vu Doll","Gambling Chip","Pen Nib","testmod-FatalChain","testmod-TurbochargingSystem","Oddly Smooth Stone","Prayer Wheel","Centennial Puzzle","BelialBook","Toy Ornithopter","testmod-Antiphasic","ats:Military Tradition","Bag of Marbles","Potion Belt","ats:Special","MealTicket","WingedGreaves","testmod-AssaultLearning","SatanicBible","ats:Spiritual Recovery","Blood Vial","testmod-Justice","Meat on the Bone","Happy Flower","Dream Catcher","Kunai","Singing Bowl","Ancient Tea Set","Ornamental Fan","Vajra","DoctorsRemote","Question Card","Regal Pillow","ats:Hidden Killer","Blue Candle","Turnip","ats:Berate","Pocketwatch","Frozen Egg 2","Bottled Tornado","Mercury Hourglass","Tiny Chest","Nunchaku","Peace Pipe","Matryoshka","ats:Ability Aura","Bronze Scales","GnawedLeaf","War Paint","Bag of Preparation","BookofShadows","Akabeko","D4","Juzu Bracelet","TuHaoJin","Lantern","Art of War","testmod-ArcanaOfDestiny","Darkstone Periapt","ats:Industrial Water Cannon","PillsDrop","White Beast Statue","testmod-Fortitude","Toxic Egg 2","testmod-OneHitWonder","Eternal Feather","TheBean","testmod-Hope","Orichalcum","YumHeart","ats:Rhine Circuitry","ats:Lavender","Pear","HornCleat","UnicornStump","Letter Opener","Orrery","AnarchistCookbook","ats:Bonebreaker","Mummified Hand","ats:Emergency Defibrillator","testmod-BouquetWithThorns","Calipers","ats:Remnant Ash","TungstenRod","testmod-Laevatain","Lizard Tail","GuppysTail","EdensBlessing","FossilizedHelix","Incense Burner"],"acts_visited":["Exordium","TheBeyond","TheEnding"],"potions_floor_usage":[8,36,36,38,38,38,38,38,38,38],"damage_taken":[{"damage":0.0,"enemies":"ats:Genji","floor":1.0,"turns":2.0},{"damage":0.0,"enemies":"Hiden Room Battle","floor":2.0,"turns":3.0},{"damage":0,"enemies":"Cultist","floor":3,"turns":3},{"damage":0,"enemies":"Small Slimes","floor":4,"turns":2},{"damage":0,"enemies":"Gremlin Nob","floor":6,"turns":2},{"damage":0,"enemies":"Lagavulin","floor":8,"turns":3},{"damage":0,"enemies":"2 Fungi Beasts","floor":11,"turns":1},{"damage":0,"enemies":"3 Sentries","floor":12,"turns":1},{"damage":0,"enemies":"Large Slime","floor":14,"turns":1},{"damage":0,"enemies":"Cultist","floor":1,"turns":1},{"damage":0,"enemies":"Small Slimes","floor":4,"turns":1},{"damage":0,"enemies":"2 Louse","floor":5,"turns":2},{"damage":0,"enemies":"Lagavulin","floor":7,"turns":1},{"damage":0,"enemies":"3 Sentries","floor":11,"turns":1},{"damage":0,"enemies":"Exordium Thugs","floor":12,"turns":1},{"damage":0,"enemies":"Large Slime","floor":13,"turns":1},{"damage":0,"enemies":"Gremlin Nob","floor":14,"turns":1},{"damage":0,"enemies":"The Guardian","floor":16,"turns":2},{"damage":0,"enemies":"Orb Walker","floor":18,"turns":1},{"damage":0,"enemies":"3 Shapes","floor":22,"turns":1},{"damage":0,"enemies":"Nemesis","floor":25,"turns":1},{"damage":0,"enemies":"Mind Bloom Boss Battle","floor":29,"turns":1},{"damage":0,"enemies":"Donu and Deca","floor":33,"turns":1},{"damage":0,"enemies":"Shield and Spear","floor":37,"turns":1},{"damage":0,"enemies":"The Heart","floor":38,"turns":2}],"seed_played":"6225801033244945294","potions_obtained":[{"floor":4,"key":"SpeedPotion"},{"floor":6,"key":"ats:Emergency Sanity Potion"},{"floor":8,"key":"Dexterity Potion"},{"floor":11,"key":"SteroidPotion"},{"floor":12,"key":"ColorlessPotion"},{"floor":1,"key":"Block Potion"},{"floor":4,"key":"EntropicBrew"},{"floor":11,"key":"Explosive Potion"},{"floor":12,"key":"BlessingOfTheForge"},{"floor":16,"key":"Fire Potion"},{"floor":25,"key":"CultistPotion"}],"is_trial":false,"path_per_floor":["M","?","M","M","$","E","?","E","T","?","M","E","$","M","R","M","?","?","M","M","R","E","$","T","R","E","M","M","E","R","B",null,"M","?","T","?","M","R","$","E","T","$","T","?","R","$","R","B",null,"R","$","E","B",null],"character_chosen":"DOCTOR_CLASS","items_purchased":["TheBattery","PreservedInsect","ForgetMeNow","SalivaCoin","testmod-IndustrialRevolution","Medical Kit","HowToJump","testmod-IntensifyImprint","ClockworkSouvenir","BookOfRevelations","Gremlin Horn","ats:Gyao","MerchantsRug","Molten Egg 2","ats:Top Emergency Sanity Potion","GamblersBrew","DistilledChaos","Swift Potion","Explosive Potion","Fire Potion","ats:Emergency Sanity Potion","Anchor","TheBible","Omamori","DeadEye","testmod-TimePotion","Membership Card","testmod-Acrobat","Du-Vu Doll","Gambling Chip","ColorlessPotion","FearPotion","Explosive Potion","DuplicationPotion","Block Potion","testmod-TurbochargingSystem","Oddly Smooth Stone","Prayer Wheel","Centennial Puzzle","BelialBook","Toy Ornithopter","testmod-Antiphasic","ats:Military Tradition","Bag of Marbles","Potion Belt","Regen Potion","testmod-EscapePotion","LiquidBronze","Block Potion","ats:Special","MealTicket","WingedGreaves","testmod-AssaultLearning","SatanicBible","ats:Spiritual Recovery","Blood Vial","testmod-Justice","Meat on the Bone","Happy Flower","Dream Catcher","Kunai","Singing Bowl","Ancient Tea Set","Ornamental Fan","Vajra","DoctorsRemote","Question Card","Regal Pillow","ats:Hidden Killer","Blue Candle","Turnip","ats:Berate","Pocketwatch","Frozen Egg 2","Bottled Tornado","Mercury Hourglass","Tiny Chest","Nunchaku","Peace Pipe","Matryoshka","ats:Ability Aura","Bronze Scales","GnawedLeaf","War Paint","Bag of Preparation","BookofShadows","Akabeko","D4","Juzu Bracelet","TuHaoJin","Lantern","Art of War","testmod-ArcanaOfDestiny","Darkstone Periapt","ats:Industrial Water Cannon","PillsDrop","White Beast Statue","testmod-Fortitude","Toxic Egg 2","testmod-OneHitWonder","Eternal Feather","TheBean","testmod-Hope","Orichalcum","YumHeart","ats:Rhine Circuitry","ats:Lavender","Pear","HornCleat","UnicornStump","Letter Opener","testmod-SpacePotion","SpeedPotion","Fire Potion","testmod-SpacePotion","ats:Burn Small Potion","Regen Potion","SpeedPotion","Dexterity Potion","SteroidPotion","Strength Potion","DistilledChaos","Explosive Potion","DuplicationPotion","Block Potion","Explosive Potion","SkillPotion","SneckoOil","BlessingOfTheForge","Swift Potion","ats:Burn Small Potion","AttackPotion","PowerPotion","Swift Potion","Orrery","AnarchistCookbook","ats:Bonebreaker","Mummified Hand","ats:Emergency Defibrillator","testmod-BouquetWithThorns","Calipers","ats:Remnant Ash","TungstenRod","testmod-Laevatain","Lizard Tail","GuppysTail","EdensBlessing","FossilizedHelix"],"campfire_rested":1,"item_purchase_floors":[0,0,0,0,0,0,0,0,0,0,0,0,0,5,13,13,13,13,13,13,13,8,24,24,24,24,27,27,27,27,27,27,27,27,27,31,31,31,31,31,31,31,31,31,31,31,31,31,31,31,31,31,31,31,31,31,31,31,31,31,31,31,31,31,31,31,31,31,31,31,31,31,31,31,31,31,31,31,31,31,31,31,31,31,31,31,31,31,31,31,31,31,31,31,31,31,31,31,31,31,31,31,31,31,31,31,31,31,31,36,36,36,36,36,36,36,36,36,36,36,36,36,36,36,36,36,36,36,36,36,36,36,36,36,36,36,36,36,36,36,36,36,36,36,36,36,36,36],"current_hp_per_floor":[72,69,70,71,71,74,71,75,75,75,77,79,79,81,82,82,67,71,73,73,76,76,76,76,80,82,82,82,82,82,77,77,77,77,77,77,77,77,77,77,77,77,77,77,87,89,89,89,89,105,107,107],"gold":3524,"neow_bonus":"","is_daily":false,"chose_seed":false,"campfire_upgraded":5,"win_rate":0.0,"timestamp":1613992566,"path_taken":["M","?","M","M","$","E","?","E","T","?","M","E","?","M","R","M","?","?","M","M","R","E","$","T","R","E","?","M","E","R","BOSS","M","?","?","?","?","R","?","E","T","?","?","?","R","$","R","BOSS","R","$","E","BOSS"],"items_purchased_type":["Relic","Relic","Relic","Relic","Relic","Relic","Relic","Relic","Relic","Relic","Relic","Relic","Relic","Relic","Potion","Potion","Potion","Potion","Potion","Potion","Potion","Relic","Relic","Relic","Relic","Potion","Relic","Relic","Relic","Relic","Potion","Potion","Potion","Potion","Potion","Relic","Relic","Relic","Relic","Relic","Relic","Relic","Relic","Relic","Relic","Potion","Potion","Potion","Potion","Relic","Relic","Relic","Relic","Relic","Relic","Relic","Relic","Relic","Relic","Relic","Relic","Relic","Relic","Relic","Relic","Relic","Relic","Relic","Relic","Relic","Relic","Relic","Relic","Relic","Relic","Relic","Relic","Relic","Relic","Relic","Relic","Relic","Relic","Relic","Relic","Relic","Relic","Relic","Relic","Relic","Relic","Relic","Relic","Relic","Relic","Relic","Relic","Relic","Relic","Relic","Relic","Relic","Relic","Relic","Relic","Relic","Relic","Relic","Relic","Relic","Relic","Potion","Potion","Potion","Potion","Potion","Potion","Potion","Potion","Potion","Potion","Potion","Potion","Potion","Potion","Potion","Potion","Potion","Potion","Potion","Potion","Potion","Potion","Potion","Relic","Relic","Relic","Relic","Relic","Relic","Relic","Relic","Relic","Relic","Relic","Relic","Relic","Relic"],"build_version":"2020-12-18","purchased_purges":9,"victory":true,"max_hp_per_floor":[72,82,82,82,82,82,82,82,82,82,82,82,82,82,82,82,82,82,82,82,82,82,82,82,82,82,82,82,82,82,77,77,77,77,77,77,77,77,77,77,77,77,77,77,87,89,89,89,89,105,107,107],"card_choices":[{"not_picked":["ats:Explosion Area Strengthen","ats:Soul Absorption","ats:Cat Scratch"],"picked":"SKIP","floor":1.0},{"not_picked":["ats:Neurotoxin","ats:Blood Oath","ats:Shell Defense"],"picked":"SKIP","floor":3},{"not_picked":["ats:Thermite Blade","ats:Apocalypse"],"picked":"ats:Closed Bolt Burst Fire","floor":4},{"not_picked":["ats:Hammer On+1","ats:Absolute Focus","ats:Durian"],"picked":"SKIP","floor":6},{"not_picked":["ats:Powerful Strike+1","ats:Neurotoxin","ats:Blood Oath+1"],"picked":"SKIP","floor":8},{"not_picked":["ats:Shell Defense","ats:Powerful Strike+1","ats:Hammer On+1"],"picked":"SKIP","floor":11},{"not_picked":["ats:Sunburst+1","ats:Calcification","ats:Disruption Kick+1"],"picked":"SKIP","floor":12},{"not_picked":["ats:Mental Burst+1","ats:Blood Oath+1","ats:Poison Spread+1"],"picked":"SKIP","floor":14},{"not_picked":["ats:Encircling Forest","ats:Ignite+1"],"picked":"ats:Flexible Camouflage","floor":1},{"not_picked":["ats:Leaping Hammer+1","ats:Ignite+1","ats:Rapid Magazine"],"picked":"SKIP","floor":4},{"not_picked":["ats:Assault Order","ats:Blood Oath+1","ats:Directed Diagnosis"],"picked":"SKIP","floor":5},{"not_picked":["ats:Powerful Strike+1","ats:True Silver Slash+1","ats:Volcano+1"],"picked":"SKIP","floor":7},{"not_picked":["ats:Mental Burst+1","ats:Hook Shot","ats:Flexible Camouflage"],"picked":"SKIP","floor":11},{"not_picked":["ats:Explosion Area Strengthen+1","ats:Healing Strengthening","ats:Powerful Strike+1"],"picked":"SKIP","floor":12},{"not_picked":["ats:Leaping Hammer+1","ats:LN2 Cannon+1"],"picked":"ats:Roar Of Ursus","floor":13},{"not_picked":["ats:Flexible Camouflage","ats:Closed Bolt Burst Fire+1","ats:Composite Medical Shells"],"picked":"SKIP","floor":14},{"not_picked":["ats:Explosion Area Strengthen+1","ats:Ignite+1"],"picked":"ats:Very Hot Blade+1","floor":18},{"not_picked":["ats:Sunburst+1","ats:Red Shift+1","ats:Demon Strength+1"],"picked":"SKIP","floor":22},{"not_picked":["ats:Closed Bolt Burst Fire+1","ats:Revitalization"],"picked":"ats:Defend Order","floor":25},{"not_picked":["ats:Charging Defense+1","ats:Explosion Area Strengthen+1","ats:Hook Shot+1","ats:Volcano+1"],"picked":"Singing Bowl","floor":32},{"not_picked":["ats:Shell Defense+1","ats:Poison Spread+1","ats:Support Order+1","ats:Flexible Camouflage+1"],"picked":"Singing Bowl","floor":36},{"not_picked":["ats:Ignite+1","ats:Cat Scratch+1","ats:Poison Spread+1","ats:Rapid Magazine+1"],"picked":"Singing Bowl","floor":36},{"not_picked":["ats:Assault Order+1","ats:Chain Hook+1","ats:Very Hot Blade+1","ats:Spore Proliferation+1"],"picked":"Singing Bowl","floor":36},{"not_picked":["ats:Burning Ground+1","ats:Sunburst+1","ats:Ignite+1","ats:Closed Bolt Burst Fire+1"],"picked":"Singing Bowl","floor":36},{"not_picked":["ats:Calcification+1","ats:Demon Strength+1","ats:Guard Mode+1","ats:Powerful Strike+1"],"picked":"Singing Bowl","floor":36},{"not_picked":["ats:Assault Order+1","ats:Overload+1","ats:Shell Defense+1","ats:Revitalization+1"],"picked":"Singing Bowl","floor":37}],"player_experience":804929,"relics_obtained":[{"floor":2.0,"key":"Pear"},{"floor":2.0,"key":"Potion Belt"},{"floor":6,"key":"ats:Originium"},{"floor":6,"key":"The Courier"},{"floor":8,"key":"ats:Originium"},{"floor":8,"key":"StrikeDummy"},{"floor":12,"key":"ats:Originium"},{"floor":12,"key":"testmod-Maize"},{"floor":7,"key":"ats:Originium"},{"floor":7,"key":"Pantograph"},{"floor":9,"key":"testmod-CrystalShield"},{"floor":11,"key":"Boot"},{"floor":14,"key":"CeramicFish"},{"floor":20,"key":"Whetstone"},{"floor":25,"key":"InkBottle"},{"floor":26,"key":"Sundial"},{"floor":28,"key":"Pen Nib"},{"floor":29,"key":"testmod-FatalChain"},{"floor":37,"key":"Incense Burner"}],"event_choices":[{"damage_healed":0.0,"max_hp_gain":0.0,"max_hp_loss":0.0,"gold_gain":0.0,"event_name":"HidenRoomEvent","player_choice":"Fight","floor":2.0,"gold_loss":0.0,"damage_taken":0.0},{"damage_healed":0,"gold_gain":0,"player_choice":"Success","damage_taken":3,"relics_obtained":["Shuriken"],"max_hp_gain":0,"max_hp_loss":0,"event_name":"Scrap Ooze","floor":7,"gold_loss":0},{"cards_removed":["ats:Defend"],"damage_healed":0,"gold_gain":0,"player_choice":"Card Removal","damage_taken":0,"max_hp_gain":0,"max_hp_loss":0,"event_name":"The Cleric","floor":10,"gold_loss":50},{"damage_healed":0,"gold_gain":0,"player_choice":"Swap Relic","damage_taken":0,"relics_obtained":["testmod-RandomTest"],"max_hp_gain":0,"max_hp_loss":0,"event_name":"给自己的盒子","floor":2,"relics_lost":["testmod-RandomTest"],"gold_loss":0},{"damage_healed":0,"gold_gain":400,"player_choice":"Sell","damage_taken":0,"max_hp_gain":0,"max_hp_loss":0,"event_name":"恩洛斯的盘子","floor":19,"relics_lost":["HushsDoor"],"gold_loss":0},{"damage_healed":0,"gold_gain":0,"player_choice":"Memory 1","damage_taken":0,"max_hp_gain":0,"max_hp_loss":0,"event_name":"SensoryStone","floor":21,"gold_loss":0},{"damage_healed":0,"gold_gain":0,"player_choice":"Fight","damage_taken":0,"max_hp_gain":0,"max_hp_loss":0,"event_name":"MindBloom","floor":29,"gold_loss":0}],"is_beta":true,"boss_relics":[{"not_picked":["testmod-BatchProcessingSystem","testmod-Recursion"],"picked":"Fusion Hammer"},{"not_picked":[]}],"items_purged_floors":[0,5,13,8,17,24,27,31,36],"is_endless":false,"potions_floor_spawned":[4,6,8,11,12,1,4,11,12,16,25,37],"ascension_level":2}}