{"host":"pletss163z7s8pvv","time":1613972052,"event":{"mods":["AchievementEnabler","Act Like it!","AlwaysNeverKeys","BaseMod","Better Altar","Better Match","Better Note","Better Sensory Stone","Better Skull","Better Third Choice","BetterRewards","Bossed Relics","CapriCore","ChefMod","Clockwork Mod","Colored Map","Colored Powertips","Conspire","Dio Mod","Displayed Cursed Tome","Energized Spire","Evolution","Gensokyo","GifTheSpireLib","Hallownest","Hermit","Ironclad Rager","Jedi Mod","Marisa????????","Marked Mod","Minty Spire (QoL Compilation)","Reliquary","Replay The Spire","Retaliation","Reworked Bosses","Ruina","Somnambulant","Spicy Shops","StS++","StSLib","The Administrix","The Alterego","The Animator","The Blue Laboratory","The Bug Knight","The Construct","The Cursed","The Disciple","The Forsaken","The Hierophant","The Necromancer","The Saiyan","The Vixen","The Wild Card","TheVacant","Transform Curses"],"gold_per_floor":[118,128,128,128,162,6,6,6,6,6,6,20,40,53,68,68,68,68,68],"floor_reached":18,"language":"ENG","playtime":849,"items_purged":[],"score":112,"play_id":"4b043cd1-52b0-489b-950d-6eb324eb6f1d","local_time":"20210221233412","is_ascension_mode":false,"campfire_choices":[{"data":"construct:Autoturret","floor":8,"key":"SMITH"},{"data":"construct:Autoturret","floor":10,"key":"SMITH"},{"floor":17,"key":"REST"}],"circlet_count":0,"master_deck":["construct:Strike_Gold","construct:Strike_Gold","construct:Strike_Gold","construct:Strike_Gold","construct:Strike_Gold","construct:Defend_Gold","construct:Defend_Gold","construct:Defend_Gold","construct:Defend_Gold","construct:Defend_Gold","construct:AttackMode","construct:DefenseMode","construct:Autoturret+1","construct:Autoturret","construct:Versatility","construct:Autoturret+1","construct:FierceBash","construct:BatteryCore","construct:SuppressiveFire","construct:Isolate","construct:Bunker"],"relics":["construct:Cogwheel","EVO:Axolotl","reliquary:Boomerang","Orichalcum"],"acts_visited":["Exordium"],"potions_floor_usage":[5],"damage_taken":[{"damage":5,"enemies":"2_ Uuma","floor":1,"turns":6},{"damage":8,"enemies":"Hallownest:monsterHuskWarrior","floor":2,"turns":4},{"damage":6,"enemies":"Hallownest:eliteCrystalGuardian","floor":5,"turns":5},{"damage":0,"enemies":"Hallownest:2_MossCreeps","floor":12,"turns":5},{"damage":27,"enemies":"Hallownest:2_Tiktiks_1_Baldur_1_Crawlid","floor":13,"turns":6},{"damage":25,"enemies":"Hallownest:Guard_and_Warrior","floor":14,"turns":11},{"damage":9,"enemies":"Hallownest:monsterFoolEater","floor":15,"turns":6},{"damage":39,"enemies":"Hallownest:BossFalseKnight","floor":18,"turns":6}],"seed_played":"-1670180945378527607","potions_obtained":[{"floor":2,"key":"jedi:StrikingPotion"},{"floor":15,"key":"FearPotion"}],"is_trial":false,"path_per_floor":["M","M","PTL","PTL","?","$","?","R","$","R","T","M","M","M","M","?","R","B"],"character_chosen":"THE_CONSTRUCT_MOD","items_purchased":["construct:Autoturret","construct:FierceBash"],"campfire_rested":1,"item_purchase_floors":[6,6],"current_hp_per_floor":[88,80,80,80,74,74,79,79,79,79,79,79,52,27,18,8,35,0,0],"gold":68,"neow_bonus":"TEN_PERCENT_HP_BONUS","is_daily":false,"chose_seed":false,"campfire_upgraded":2,"win_rate":0.0,"timestamp":1613972052,"path_taken":["M","M","PTL","PTL","?","$","?","R","$","R","T","M","M","?","M","?","R","BOSS"],"items_purchased_type":["Card","Card"],"build_version":"2020-12-22","purchased_purges":0,"victory":false,"max_hp_per_floor":[93,93,93,93,93,93,93,93,93,93,93,93,93,93,93,93,93,93,93],"card_choices":[{"not_picked":["construct:SuppressiveFire","construct:Accumulate"],"picked":"construct:Autoturret","floor":1},{"not_picked":["construct:Versatility","construct:FocusedBeam"],"picked":"construct:Autoturret","floor":2},{"not_picked":["construct:Anticipate","construct:Tumble"],"picked":"construct:Versatility","floor":5},{"not_picked":["construct:SuppressiveFire","construct:Anticipate"],"picked":"construct:BatteryCore","floor":12},{"not_picked":["construct:Boost","construct:HeavyBolt"],"picked":"construct:SuppressiveFire","floor":13},{"not_picked":["construct:Backfire","construct:Forcefield"],"picked":"construct:Isolate","floor":14},{"not_picked":["construct:ClusterMines","construct:Failsafe"],"picked":"construct:Bunker","floor":15}],"player_experience":535210,"relics_obtained":[{"floor":5,"key":"reliquary:Boomerang"},{"floor":11,"key":"Orichalcum"}],"event_choices":[{"damage_healed":5,"gold_gain":0,"player_choice":"LEAVE ","damage_taken":0,"relics_obtained":[],"max_hp_gain":0,"max_hp_loss":0,"event_name":"betterSkull:BetterSkull","floor":7,"gold_loss":0,"cards_upgraded":[]}],"is_beta":false,"boss_relics":[],"items_purged_floors":[],"is_endless":false,"potions_floor_spawned":[2,15],"killed_by":"Hallownest:BossFalseKnight","ascension_level":0}}