{"host":"8a72fthmlk1o8pdb","time":1613965366,"event":{"mods":["AchievementEnabler","Aspiration","Astrologer","Bard","BaseMod","Beaked The Cultist","Better Altar","Better Match","Better Note","Better Sensory Stone","Better Skull","Better Third Choice","ChefMod","Colored Map","Colored Powertips","Dark Map","Downfall","Friendly Minions","GifTheSpireLib","Googly Eyes","Gremlin Mod","Hermit","Hubris","JesterMod","Jorbs\u0027s Wanderer Trilogy","Marisa????????","Melee Mod","Minty Spire (QoL Compilation)","Monster B Gone","Permanent Neow","Pikachu Mod","Random Character Button","Rare Cards Sparkle","Relic Filter Mod","Relic Stats","Reliquary","Robot Space Explorer","Shade Mod","Shop Mod","Smile Girya","Somnambulant","Spire Arcade","Spire Birthday Party","StSLib","The Animator","The Blue Laboratory","The Construct","The Cursed","The Disciple","The Edgeheg","The Hayseed","The Hierophant","The Juggle","The Jungle","The Marked","The Mystic","The Necromancer","The Poker Player","The Problem Sleuth","The Runesmith","The Showman","TheBandit","TheFirefly","TheVacant","everything is the same but u backflip on backflip","thorton"],"gold_per_floor":[99,118,134,134,134,148,148,148,148,160,160,171,185,185,202,301,301,301,318,333,343,68,68,68,68,168,203,103,118,131,281,296,394,394,394,413,431,484,502,502,502,502,514,528,543,553,570,596,396,396,396,422,70,70,70,70],"floor_reached":57,"language":"ENG","playtime":8053,"items_purged":["hexamod:Strike","hexamod:Defend"],"score":1322,"play_id":"a9c9c7aa-0d68-4a58-8e89-956e83f95f27","local_time":"20210221194246","is_ascension_mode":true,"campfire_choices":[{"data":"hexamod:Float","floor":1,"key":"SMITH"},{"data":"hexamod:GhostLash","floor":9,"key":"SMITH"},{"data":"hexamod:NightmareGuise","floor":11,"key":"SMITH"},{"floor":18,"key":"RECALL"},{"data":"hexamod:ForkedFlame","floor":25,"key":"SMITH"},{"data":"expansioncontent:StudyTheSpire","floor":28,"key":"SMITH"},{"data":"hexamod:ForkedFlame","floor":35,"key":"SMITH"},{"data":"hexamod:ParanormalForm","floor":49,"key":"SMITH"},{"data":"hexamod:SkipABeat","floor":54,"key":"SMITH"}],"circlet_count":0,"master_deck":["hexamod:Strike+1","hexamod:Strike+1","hexamod:Defend+1","hexamod:Defend+1","hexamod:Float+1","hexamod:NightmareGuise+1","hexamod:FastForward+1","hexamod:GhostLash+1","hexamod:NightmareStrike+1","hexamod:SkipABeat+1","hexamod:GhostLash","hexamod:SpectersWail+1","hexamod:RainOfEmbers+1","hexamod:Rewind","hexamod:ForkedFlame+1","hexamod:ForkedFlame+1","hexamod:HauntingEcho+1","hexamod:GhostLash+1","hexamod:FastForward","hexamod:GhostShield","hexamod:FastForward","expansioncontent:StudyTheSpire+1","hexamod:EtherealExpedition+1","hexamod:GhostLash+1","hexamod:FirstSeal","hexamod:RetreatToShadows","hexamod:SixthSeal","hexamod:RetreatToShadows+1","hexamod:UnleashSpirits+1","hexamod:ChargedBarrage+1","hexamod:GhostOfSpirePast+1","hexamod:FastForward+1","hexamod:ThirdSeal","hexamod:GhostShield+1","hexamod:GhostShield+1","hexamod:UnlimitedPower+1","hexamod:RecurringNightmare+1","hexamod:ParanormalForm+1","hexamod:Rewind+1"],"relics":["hexamod:SpiritBrand","hubris:Icosahedron","Mercury Hourglass","Lantern","reliquary:Knoch","thethorton:CrushedCigarette","hubris:DisguiseKit","Toy Ornithopter","Regal Pillow","downfall:HeartBlessingRed","Astrolabe","CatCart","hexamod:TheBrokenSeal","theSleuth:Tectrixcalibur","reliquary:FerryPass","downfall:HeartBlessingGreen","downfall:HeartBlessingBlue","Runesmith:Locket","Bronze Scales"],"acts_visited":["Exordium","TheCity","TheBeyond","TheEnding"],"potions_floor_usage":[15,16,16,20,26,27,33,33,34,38,39,48,52],"damage_taken":[{"damage":0,"enemies":"2 Louse","floor":2,"turns":3},{"damage":0,"enemies":"Small Slimes","floor":3,"turns":3},{"damage":8,"enemies":"Cultist","floor":6,"turns":5},{"damage":0,"enemies":"downfall:LooterAlt","floor":10,"turns":2},{"damage":0,"enemies":"Exordium Thugs","floor":12,"turns":3},{"damage":9,"enemies":"3 Louse","floor":13,"turns":3},{"damage":10,"enemies":"Gremlin Gang","floor":15,"turns":2},{"damage":14,"enemies":"IC_STATUS_ARCHETYPE","floor":16,"turns":5},{"damage":0,"enemies":"Chosen","floor":19,"turns":3},{"damage":3,"enemies":"3 Byrds","floor":20,"turns":3},{"damage":0,"enemies":"Cultist and Chosen","floor":21,"turns":4},{"damage":0,"enemies":"downfall:FleeingMerchant","floor":22,"turns":4},{"damage":15,"enemies":"downfall:LadyInBlue","floor":26,"turns":8},{"damage":4,"enemies":"Slavers","floor":27,"turns":4},{"damage":1,"enemies":"Chosen and Byrds","floor":29,"turns":4},{"damage":9,"enemies":"Shelled Parasite and Fungi","floor":30,"turns":3},{"damage":7,"enemies":"Centurion and Healer","floor":32,"turns":4},{"damage":23,"enemies":"SI_MIRROR_ARCHETYPE","floor":33,"turns":8},{"damage":4,"enemies":"3 Shapes","floor":36,"turns":4},{"damage":8,"enemies":"3 Darklings","floor":37,"turns":4},{"damage":40,"enemies":"Orin","floor":38,"turns":8},{"damage":20,"enemies":"Writhing Mass","floor":39,"turns":8},{"damage":9,"enemies":"Transient","floor":43,"turns":5},{"damage":0,"enemies":"3 Darklings","floor":44,"turns":3},{"damage":0,"enemies":"Spire Growth","floor":45,"turns":3},{"damage":0,"enemies":"4 Shapes","floor":46,"turns":4},{"damage":15,"enemies":"Jaw Worm Horde","floor":47,"turns":4},{"damage":10,"enemies":"Nemesis","floor":48,"turns":3},{"damage":50,"enemies":"DF_ARCHETYPE_ORBS","floor":50,"turns":6},{"damage":3,"enemies":"downfall:CharBossMerchant","floor":52,"turns":5},{"damage":29,"enemies":"downfall:NeowBoss","floor":55,"turns":13},{"damage":20,"enemies":"downfall:NeowBossFinal","floor":56,"turns":9}],"seed_played":"-2787593001410339993","potions_obtained":[{"floor":2,"key":"blueLaboratory:ForbiddenFruitJuice"},{"floor":3,"key":"Ancient Potion"},{"floor":10,"key":"blueLaboratory:SavagePotion"},{"floor":13,"key":"hexamod:EctoCoolerPotion"},{"floor":19,"key":"PowerPotion"},{"floor":21,"key":"champ:CounterPotion"},{"floor":26,"key":"blueLaboratory:HummingbirdPotion"},{"floor":26,"key":"DuplicationPotion"},{"floor":26,"key":"blueLaboratory:PolymorphPotion"},{"floor":26,"key":"FearPotion"},{"floor":33,"key":"Fruit Juice"},{"floor":36,"key":"blueLaboratory:ExaltedPotion"},{"floor":37,"key":"LiquidBronze"},{"floor":38,"key":"Block Potion"},{"floor":38,"key":"blueLaboratory:Moonshine"},{"floor":45,"key":"hexamod:SoulburnPotion"}],"is_trial":false,"path_per_floor":["R","M","M","?","?","M","T","?","R","M","R","M","M","?","M","B",null,"R","M","M","M","$","?","T","R","?","E","R","M","M","?","M","B",null,"R","M","M","?","M","?","T","?","M","M","M","M","M","E","R","B",null,"E","$","R","B","B",null],"character_chosen":"THE_SPIRIT","items_purchased":["expansioncontent:StudyTheSpire","Bronze Scales","blueLaboratory:ForbiddenFruitJuice"],"campfire_rested":0,"item_purchase_floors":[22,53,53],"current_hp_per_floor":[70,70,70,70,70,62,62,67,67,67,67,67,58,34,24,10,75,75,75,72,72,72,72,72,72,57,58,58,57,55,55,55,56,80,80,76,68,47,90,90,90,90,88,90,90,90,75,77,87,44,100,97,97,97,75,62],"gold":70,"neow_bonus":"RANDOM_COMMON_RELIC","is_daily":false,"chose_seed":false,"campfire_upgraded":8,"win_rate":0.0,"timestamp":1613965366,"path_taken":["R","M","M","?","?","?","T","?","R","M","R","M","M","?","M","BOSS","R","M","M","M","$","?","T","R","?","E","R","M","?","?","M","BOSS","R","M","M","?","M","?","T","?","M","?","M","M","M","E","R","BOSS","E","$","R","BOSS","BOSS"],"items_purchased_type":["Card","Relic","Potion"],"build_version":"2020-12-22","purchased_purges":2,"victory":true,"max_hp_per_floor":[70,70,70,70,70,70,70,75,75,75,75,75,75,75,75,75,75,75,75,75,75,75,75,75,75,75,75,75,75,75,75,75,75,80,80,80,80,80,90,90,90,90,90,90,90,90,90,90,100,100,100,100,100,100,100,100],"relic_stats":{"Regal Pillow":0,"counters":[32,148],"Astrolabe":["hexamod:RetreatToShadows","hexamod:UnleashSpirits","hexamod:ChargedBarrage"],"Bronze Scales":[41],"obtain_stats":[{"hubris:DisguiseKit":24,"Lantern":14,"Regal Pillow":27,"downfall:HeartBlessingRed":28,"Astrolabe":34,"hexamod:TheBrokenSeal":39,"Runesmith:Locket":52,"downfall:HeartBlessingGreen":49,"Mercury Hourglass":7,"reliquary:FerryPass":48,"Nunchaku":0,"hubris:Icosahedron":4,"theSleuth:Tectrixcalibur":42,"downfall:HeartBlessingBlue":49,"Bronze Scales":53,"reliquary:Knoch":14,"thethorton:CrushedCigarette":17,"CatCart":38,"hexamod:SpiritBrand":0,"Toy Ornithopter":26},{"hubris:DisguiseKit":12,"Lantern":6,"Regal Pillow":14,"downfall:HeartBlessingRed":14,"Astrolabe":18,"hexamod:TheBrokenSeal":22,"Runesmith:Locket":30,"downfall:HeartBlessingGreen":28,"Mercury Hourglass":3,"reliquary:FerryPass":28,"Nunchaku":0,"hubris:Icosahedron":2,"theSleuth:Tectrixcalibur":22,"downfall:HeartBlessingBlue":28,"Bronze Scales":30,"reliquary:Knoch":6,"thethorton:CrushedCigarette":8,"CatCart":21,"hexamod:SpiritBrand":0,"Toy Ornithopter":13},{"hubris:DisguiseKit":39,"Lantern":18,"Regal Pillow":51,"downfall:HeartBlessingRed":51,"Astrolabe":70,"hexamod:TheBrokenSeal":93,"Runesmith:Locket":126,"downfall:HeartBlessingGreen":115,"Mercury Hourglass":11,"reliquary:FerryPass":115,"Nunchaku":0,"hubris:Icosahedron":6,"theSleuth:Tectrixcalibur":93,"downfall:HeartBlessingBlue":115,"Bronze Scales":126,"reliquary:Knoch":18,"thethorton:CrushedCigarette":25,"CatCart":85,"hexamod:SpiritBrand":0,"Toy Ornithopter":47}],"Toy Ornithopter":35,"Mercury Hourglass":[425]},"card_choices":[{"not_picked":["hexamod:ExtraCrispy","hexamod:PhantomFireball"],"picked":"hexamod:NightmareGuise","floor":2},{"not_picked":["hexamod:Haunt","hexamod:HeatMetal"],"picked":"hexamod:FastForward","floor":3},{"not_picked":["hexamod:SecondSeal","hexamod:FirstSeal"],"picked":"hexamod:ThirdSeal","floor":6},{"not_picked":["hexamod:RadiantFlame","hexamod:PhantomFireball"],"picked":"hexamod:GhostLash","floor":6},{"not_picked":["hexamod:SwordOfDarkness","hexamod:CatchUp"],"picked":"hexamod:NightmareStrike","floor":10},{"not_picked":["hexamod:Again","hexamod:SpectralAdrenaline"],"picked":"hexamod:SkipABeat","floor":12},{"not_picked":["hexamod:ThermalTransfer","hexamod:BurningTouch","hexamod:HeatShield"],"picked":"SKIP","floor":12},{"not_picked":["hexamod:NightmareStrike","hexamod:HeatShield"],"picked":"hexamod:GhostLash","floor":13},{"not_picked":["hexamod:ChargedBarrage","hexamod:HauntingEcho"],"picked":"hexamod:SpectersWail","floor":13},{"not_picked":["hexamod:BurningTouch","hexamod:GhostShield"],"picked":"hexamod:RainOfEmbers","floor":15},{"not_picked":["hexamod:Firestarter","hexamod:ThermalTransfer"],"picked":"hexamod:Rewind","floor":15},{"not_picked":["hexamod:TurnItUp","hexamod:GhostflameInferno"],"picked":"hexamod:ForkedFlame","floor":16},{"not_picked":["hexamod:VolcanoVisage","hexamod:GhostflameInferno"],"picked":"hexamod:ForkedFlame","floor":16},{"not_picked":["hexamod:PhantomCloak","hexamod:ThermalTransfer"],"picked":"hexamod:HauntingEcho","floor":19},{"not_picked":["hexamod:EtherealExpedition","hexamod:BacktrackSmack"],"picked":"hexamod:GhostLash+1","floor":20},{"not_picked":["hexamod:HauntingEcho","hexamod:ShieldOfDarkness"],"picked":"hexamod:FastForward","floor":21},{"not_picked":["hexamod:Firestarter","hexamod:ThirdSeal"],"picked":"hexamod:GhostShield","floor":21},{"not_picked":["hexamod:GhostflameBarrier","hexamod:NightmareStrike"],"picked":"hexamod:FastForward","floor":22},{"not_picked":["hexamod:GhostflameBarrier+1","hexamod:AdvancingGuard","theVacant:GraveDigger"],"picked":"hexamod:EtherealExpedition+1","floor":26},{"not_picked":["hexamod:ThermalTransfer","hexamod:StepThrough","theVacant:LichStrike"],"picked":"hexamod:GhostLash","floor":26},{"not_picked":["hexamod:ExtraCrispy","hexamod:NightmareStrike","theVacant:CleanseSoul"],"picked":"hexamod:SixthSeal","floor":27},{"not_picked":["hexamod:SoulSteal+1","hexamod:StepThrough+1","theVacant:Expand"],"picked":"hexamod:FirstSeal","floor":27},{"not_picked":["hexamod:SwordOfDarkness","hexamod:PhantomFireball","theVacant:Spinshield"],"picked":"hexamod:FirstSeal","floor":29},{"not_picked":["hexamod:ThermalTransfer","hexamod:ThirdSeal","hexamod:NightmareGuise","theVacant:LichStrike"],"picked":"SKIP","floor":29},{"not_picked":["hexamod:Firestarter","hexamod:RadiantFlame","hexamod:NightmareStrike","theVacant:CleanseSoul"],"picked":"SKIP","floor":30},{"not_picked":["hexamod:ShieldOfDarkness","hexamod:HeatMetal+1","theVacant:Snowball"],"picked":"hexamod:RetreatToShadows","floor":32},{"not_picked":["hexamod:GhostflameInferno","hexamod:ParanormalForm","theVacant:Prevent"],"picked":"hexamod:FifthSeal","floor":33},{"not_picked":["hexamod:UnleashSpirits","hexamod:FifthSeal","theVacant:ForgeSoul"],"picked":"hexamod:SixthSeal","floor":33},{"not_picked":["hexamod:FourthSeal","hexamod:FirstSeal"],"picked":"hexamod:SecondSeal","floor":36},{"not_picked":["hexamod:SecondSeal","hexamod:PhantomFireball+1","theVacant:Yeet"],"picked":"hexamod:GhostOfSpirePast+1","floor":36},{"not_picked":["hexamod:SoulSteal","hexamod:CatchUp","hexamod:InspiringFlames","theVacant:Whip"],"picked":"SKIP","floor":36},{"not_picked":["hexamod:SecondSeal","hexamod:SixthSeal"],"picked":"hexamod:FourthSeal","floor":37},{"not_picked":["hexamod:HeatMetal+1","hexamod:ChargedBarrage+1","theVacant:SpiritOrb"],"picked":"hexamod:FastForward+1","floor":37},{"not_picked":["hexamod:ThermalTransfer","hexamod:HeatMetal+1","hexamod:GhostShield","theVacant:Thoughtseize"],"picked":"SKIP","floor":37},{"not_picked":["hexamod:FourthSeal","hexamod:FirstSeal"],"picked":"hexamod:ThirdSeal","floor":38},{"not_picked":["hexamod:BurningTouch","hexamod:SwordOfDarkness","theVacant:Anguish"],"picked":"hexamod:GhostShield+1","floor":38},{"not_picked":["hexamod:Haunt","hexamod:AdvancingGuard+1","theVacant:IntoTheAbyss"],"picked":"hexamod:GhostShield","floor":39},{"not_picked":["hexamod:ThirdSeal","hexamod:ThermalTransfer","hexamod:ShieldOfDarkness","theVacant:ShutAway"],"picked":"SKIP","floor":39},{"not_picked":["hexamod:ChargedBarrage","hexamod:ShieldOfDarkness+1","hexamod:TurnItUp","theVacant:Whip"],"picked":"SKIP","floor":43},{"not_picked":["hexamod:BurningTouch","hexamod:SwordOfDarkness","hexamod:ThermalTransfer","theVacant:OnSecondThought"],"picked":"SKIP","floor":43},{"not_picked":["hexamod:SwordOfDarkness+1","hexamod:ShieldOfDarkness+1","theVacant:Soothe"],"picked":"hexamod:UnlimitedPower","floor":44},{"not_picked":["hexamod:Again+1","hexamod:NightmareGuise+1","hexamod:FastForward","theVacant:Dig"],"picked":"SKIP","floor":44},{"not_picked":["hexamod:HauntingEcho+1","hexamod:GhostShield","hexamod:RadiantFlame+1","theVacant:Cower"],"picked":"SKIP","floor":45},{"not_picked":["hexamod:DynamicBlow+1","hexamod:CatchUp","hexamod:ShieldOfDarkness","theVacant:EyePoke"],"picked":"SKIP","floor":46},{"not_picked":["hexamod:EtherealExpedition","hexamod:ChargedBarrage","theVacant:FranticBlow"],"picked":"hexamod:RecurringNightmare+1","floor":47},{"not_picked":["hexamod:NightmareStrike+1","hexamod:ChargedBarrage","hexamod:InspiringFlames+1","theVacant:ShutAway"],"picked":"SKIP","floor":47},{"not_picked":["hexamod:GhostOfSpireFuture+1","hexamod:SpectersWail+1","theVacant:Cower"],"picked":"hexamod:ParanormalForm","floor":48},{"not_picked":["hexamod:RainOfEmbers+1","hexamod:NightmareGuise+1","theVacant:Dig"],"picked":"hexamod:Rewind+1","floor":48},{"not_picked":["hexamod:GhostOfSpireFuture+1","hexamod:Rewind","hexamod:AdvancingGuard+1","theVacant:BrassMagnet"],"picked":"SKIP","floor":52}],"player_experience":249906,"relics_obtained":[{"floor":7,"key":"Mercury Hourglass"},{"floor":24,"key":"hubris:DisguiseKit"},{"floor":26,"key":"Toy Ornithopter"},{"floor":27,"key":"Regal Pillow"},{"floor":38,"key":"CatCart"},{"floor":48,"key":"reliquary:FerryPass"},{"floor":52,"key":"Runesmith:Locket"}],"event_choices":[{"damage_healed":0,"gold_gain":0,"player_choice":"Forge","damage_taken":0,"max_hp_gain":0,"max_hp_loss":0,"event_name":"Accursed Blacksmith","floor":5,"gold_loss":0,"cards_upgraded":["hexamod:FastForward"]},{"damage_healed":0,"gold_gain":0,"player_choice":"Donut","damage_taken":0,"max_hp_gain":5,"max_hp_loss":0,"event_name":"Big Fish","floor":8,"gold_loss":0},{"damage_healed":0,"gold_gain":1,"player_choice":"Relic Relic ","damage_taken":24,"max_hp_gain":0,"max_hp_loss":0,"event_name":"betterThird:BetterScrap","floor":14,"gold_loss":0,"cards_obtained":["Offering"]},{"damage_healed":0,"gold_gain":0,"player_choice":"Ignored","damage_taken":0,"max_hp_gain":0,"max_hp_loss":0,"event_name":"Vampires","floor":23,"gold_loss":0},{"damage_healed":0,"gold_gain":0,"player_choice":"Fight","damage_taken":0,"max_hp_gain":0,"max_hp_loss":0,"event_name":"OrinTheCat","floor":38,"gold_loss":0}],"is_beta":false,"boss_relics":[{"not_picked":["hubris:RunicObelisk","bronze:MakeshiftBattery"],"picked":"thethorton:CrushedCigarette"},{"not_picked":["aspiration:BeakedSkillbook","hexamod:IceCube"],"picked":"Astrolabe"}],"items_purged_floors":[22,53],"is_endless":false,"potions_floor_spawned":[2,3,10,13,19,21,26,33,36,37,38,45],"ascension_level":1}}