{"host":"xsuxkwaivmtd234a","time":1613956196,"event":{"mods":["BaseMod","Bestiary","Colored Map","Minty Spire (QoL Compilation)","Relic Stats","StSLib"],"gold_per_floor":[117,35,45,60,71,106,106,140,163,190,204,204,154,165,165,263,263,276,276,286,286,303,328,328,356,356,375,389,24,24,55,55,151,201,217,217,233,133,150,179,179,205,230,230,230,263,263,292,292,292,292],"floor_reached":50,"language":"ENG","playtime":2595,"items_purged":["Injury","Pain"],"score":1132,"play_id":"48147fe8-b927-479a-a86b-9754fd2b76b2","local_time":"20210221200956","is_ascension_mode":true,"campfire_choices":[{"floor":7,"key":"REST"},{"data":"Defragment","floor":12,"key":"SMITH"},{"data":"Barrage","floor":15,"key":"SMITH"},{"data":"Beam Cell","floor":24,"key":"SMITH"},{"floor":32,"key":"REST"},{"data":"Hologram","floor":41,"key":"SMITH"},{"floor":45,"key":"REST"},{"floor":47,"key":"REST"},{"floor":49,"key":"RECALL"}],"circlet_count":0,"master_deck":["AscendersBane","Strike_B","Strike_B+1","Defend_B","Defend_B","Defend_B","Defend_B","Zap","Dualcast","Chill","Ball Lightning+1","Defragment+1","Beam Cell+1","Ball Lightning","Conserve Battery","Cold Snap","Stack","Glacier","Barrage+1","Hyperbeam+1","Undo+1","Injury","Chaos+1","Coolheaded+1","Sweeping Beam+1","Gash+1","Reinforced Body+1","Defragment+1","Cold Snap+1","Multi-Cast","Stack+1","Steam+1","Hologram+1","Force Field+1","Normality","Melter","Seek"],"relics":["Busted Crown","Du-Vu Doll","Art of War","Bag of Preparation","Tiny Chest","Cursed Key","Shuriken","Incense Burner","Nunchaku","Kunai","Torii","StrikeDummy","Tiny House","HornCleat","Potion Belt","Gremlin Horn","Whetstone","Frozen Egg 2"],"acts_visited":["Exordium","TheCity","TheBeyond"],"potions_floor_usage":[5,8,16,18,23,28,31,31,33,40,42,48,48],"damage_taken":[{"damage":0,"enemies":"Cultist","floor":1,"turns":3},{"damage":0,"enemies":"Jaw Worm","floor":3,"turns":4},{"damage":0,"enemies":"Small Slimes","floor":4,"turns":3},{"damage":7,"enemies":"Exordium Thugs","floor":5,"turns":3},{"damage":19,"enemies":"Lagavulin","floor":6,"turns":6},{"damage":5,"enemies":"3 Sentries","floor":8,"turns":5},{"damage":10,"enemies":"Gremlin Nob","floor":10,"turns":3},{"damage":8,"enemies":"Blue Slaver","floor":11,"turns":4},{"damage":7,"enemies":"Lots of Slimes","floor":14,"turns":5},{"damage":0,"enemies":"Hexaghost","floor":16,"turns":8},{"damage":6,"enemies":"2 Thieves","floor":18,"turns":3},{"damage":0,"enemies":"Shell Parasite","floor":20,"turns":3},{"damage":13,"enemies":"Chosen and Byrds","floor":22,"turns":6},{"damage":1,"enemies":"Book of Stabbing","floor":23,"turns":5},{"damage":22,"enemies":"Slavers","floor":25,"turns":7},{"damage":0,"enemies":"Snake Plant","floor":27,"turns":2},{"damage":0,"enemies":"Snecko","floor":28,"turns":5},{"damage":0,"enemies":"Gremlin Leader","floor":31,"turns":5},{"damage":16,"enemies":"Automaton","floor":33,"turns":8},{"damage":1,"enemies":"3 Darklings","floor":35,"turns":4},{"damage":0,"enemies":"3 Shapes","floor":37,"turns":3},{"damage":0,"enemies":"3 Darklings","floor":39,"turns":3},{"damage":2,"enemies":"Nemesis","floor":40,"turns":11},{"damage":48,"enemies":"Giant Head","floor":42,"turns":10},{"damage":0,"enemies":"Reptomancer","floor":46,"turns":6},{"damage":40,"enemies":"Giant Head","floor":48,"turns":11},{"damage":49,"enemies":"Time Eater","floor":50,"turns":7}],"seed_played":"-8179626811886082371","potions_obtained":[{"floor":1,"key":"SteroidPotion"},{"floor":3,"key":"FearPotion"},{"floor":6,"key":"PowerPotion"},{"floor":11,"key":"PotionOfCapacity"},{"floor":14,"key":"Strength Potion"},{"floor":22,"key":"Weak Potion"},{"floor":23,"key":"Block Potion"},{"floor":25,"key":"ColorlessPotion"},{"floor":28,"key":"AttackPotion"},{"floor":33,"key":"DuplicationPotion"},{"floor":34,"key":"Block Potion"},{"floor":35,"key":"SpeedPotion"},{"floor":39,"key":"EssenceOfDarkness"},{"floor":46,"key":"DuplicationPotion"},{"floor":48,"key":"FearPotion"}],"is_trial":false,"path_per_floor":["M","$","M","M","M","E","R","E","T","E","M","R","?","M","R","B",null,"M","?","M","T","M","E","R","E","T","M","M","$","?","E","R","B",null,"M","T","M","$","M","E","R","E","T","?","R","E","R","E","R","B"],"character_chosen":"DEFECT","items_purchased":["Ball Lightning","Defragment","Torii"],"campfire_rested":4,"item_purchase_floors":[2,2,29],"current_hp_per_floor":[68,68,68,68,61,42,64,59,59,49,41,41,41,34,34,34,65,59,59,59,59,46,45,45,23,23,23,23,23,23,23,45,29,69,68,68,68,68,68,66,66,18,18,18,42,42,66,26,26,0,0],"gold":292,"neow_bonus":"BOSS_RELIC","is_daily":false,"chose_seed":false,"campfire_upgraded":4,"win_rate":0.0,"timestamp":1613956196,"path_taken":["M","?","M","M","M","E","R","E","T","E","M","R","?","M","R","BOSS","M","?","?","?","M","E","R","E","T","M","?","?","?","E","R","BOSS","M","?","M","$","M","E","R","E","T","?","R","E","R","E","R","BOSS"],"items_purchased_type":["Card","Card","Relic"],"build_version":"2020-12-22","purchased_purges":2,"victory":false,"max_hp_per_floor":[75,75,75,75,75,75,75,75,75,75,75,75,75,75,75,75,75,75,75,75,75,75,75,75,75,75,75,75,75,75,75,75,75,80,80,80,80,80,80,80,80,80,80,80,80,80,80,80,80,80,80],"relic_stats":{"Torii":12,"Gremlin Horn":[4,4],"counters":[27,143],"Bag of Preparation":[42],"Whetstone":["Hyperbeam","Ball Lightning"],"Cursed Key":4,"Nunchaku":[13],"Busted Crown":54,"Shuriken":[23],"Tiny Chest":2,"Art of War":[13],"Kunai":[20],"obtain_stats":[{"Potion Belt":40,"Tiny House":34,"Torii":29,"Gremlin Horn":42,"Bag of Preparation":9,"Incense Burner":23,"Whetstone":46,"Frozen Egg 2":48,"Cursed Key":17,"Du-Vu Doll":6,"Nunchaku":25,"Busted Crown":0,"HornCleat":36,"Shuriken":21,"Tiny Chest":10,"Art of War":8,"Kunai":26,"Cracked Core":0,"StrikeDummy":31},{"Potion Belt":23,"Tiny House":19,"Torii":17,"Gremlin Horn":24,"Bag of Preparation":6,"Incense Burner":14,"Whetstone":25,"Frozen Egg 2":26,"Cursed Key":10,"Du-Vu Doll":5,"Nunchaku":15,"Busted Crown":0,"HornCleat":20,"Shuriken":12,"Tiny Chest":7,"Art of War":6,"Kunai":15,"Cracked Core":0,"StrikeDummy":18},{"Potion Belt":109,"Tiny House":88,"Torii":75,"Gremlin Horn":119,"Bag of Preparation":24,"Incense Burner":61,"Whetstone":125,"Frozen Egg 2":136,"Cursed Key":44,"Du-Vu Doll":19,"Nunchaku":68,"Busted Crown":0,"HornCleat":92,"Shuriken":50,"Tiny Chest":27,"Art of War":24,"Kunai":68,"Cracked Core":0,"StrikeDummy":80}]},"card_choices":[{"not_picked":[],"picked":"Chill","floor":1},{"not_picked":[],"picked":"Beam Cell","floor":3},{"not_picked":[],"picked":"Ball Lightning","floor":4},{"not_picked":[],"picked":"Conserve Battery","floor":5},{"not_picked":[],"picked":"Cold Snap","floor":6},{"not_picked":[],"picked":"Stack","floor":8},{"not_picked":[],"picked":"Glacier","floor":10},{"not_picked":["Beam Cell"],"picked":"SKIP","floor":11},{"not_picked":[],"picked":"Barrage","floor":14},{"not_picked":[],"picked":"Hyperbeam","floor":16},{"not_picked":[],"picked":"Undo+1","floor":18},{"not_picked":["Streamline+1"],"picked":"SKIP","floor":20},{"not_picked":[],"picked":"Chaos+1","floor":22},{"not_picked":[],"picked":"Coolheaded+1","floor":23},{"not_picked":[],"picked":"Sweeping Beam+1","floor":25},{"not_picked":[],"picked":"Gash+1","floor":27},{"not_picked":[],"picked":"Reinforced Body","floor":28},{"not_picked":[],"picked":"Cold Snap+1","floor":31},{"not_picked":[],"picked":"Multi-Cast","floor":33},{"not_picked":[],"picked":"Stack+1","floor":34},{"not_picked":["Streamline+1"],"picked":"SKIP","floor":35},{"not_picked":[],"picked":"Steam+1","floor":37},{"not_picked":[],"picked":"Hologram","floor":39},{"not_picked":["Redo+1"],"picked":"SKIP","floor":40},{"not_picked":[],"picked":"Force Field+1","floor":42},{"not_picked":[],"picked":"Melter","floor":46},{"not_picked":[],"picked":"Seek","floor":48}],"player_experience":1336937,"relics_obtained":[{"floor":6,"key":"Du-Vu Doll"},{"floor":8,"key":"Art of War"},{"floor":9,"key":"Bag of Preparation"},{"floor":10,"key":"Tiny Chest"},{"floor":21,"key":"Shuriken"},{"floor":23,"key":"Incense Burner"},{"floor":25,"key":"Nunchaku"},{"floor":26,"key":"Kunai"},{"floor":31,"key":"StrikeDummy"},{"floor":36,"key":"HornCleat"},{"floor":40,"key":"Potion Belt"},{"floor":42,"key":"Gremlin Horn"},{"floor":46,"key":"Whetstone"},{"floor":48,"key":"Frozen Egg 2"}],"event_choices":[{"cards_removed":["Strike_B"],"damage_healed":0,"gold_gain":0,"player_choice":"Card Removal","damage_taken":0,"max_hp_gain":0,"max_hp_loss":0,"event_name":"The Cleric","floor":13,"gold_loss":50},{"cards_removed":["Strike_B"],"damage_healed":0,"gold_gain":0,"player_choice":"Purged","damage_taken":0,"max_hp_gain":0,"max_hp_loss":0,"event_name":"Purifier","floor":19,"gold_loss":0},{"damage_healed":0,"gold_gain":0,"player_choice":"Copied","damage_taken":0,"max_hp_gain":0,"max_hp_loss":0,"event_name":"Duplicator","floor":30,"gold_loss":0,"cards_obtained":["Defragment"]},{"damage_healed":0,"gold_gain":0,"player_choice":"Upgraded","damage_taken":0,"max_hp_gain":0,"max_hp_loss":0,"event_name":"Upgrade Shrine","floor":44,"gold_loss":0,"cards_upgraded":["Reinforced Body"]}],"is_beta":false,"boss_relics":[{"not_picked":["Sozu","Runic Dome"],"picked":"Cursed Key"},{"not_picked":["Nuclear Battery","Fusion Hammer"],"picked":"Tiny House"}],"items_purged_floors":[29,38],"is_endless":false,"potions_floor_spawned":[1,3,6,11,14,22,23,25,28,33,35,37,39,46,48],"killed_by":"Time Eater","ascension_level":10}}