{"host":"bg8va46pgqgvtzim","time":1613964515,"event":{"mods":["BaseMod","Minty Spire (QoL Compilation)","Quick Restart","StSLib","SuperFastMode"],"gold_per_floor":[118,43,54,54,66,81,81,109,122,122,141,167,193,193,209,209,244,244,260,260,260,359,359,376,390,403,266,283,302,319,319,319,348,348,447,447,482,508,508,537,537,260,276,126,154,154,166,166,261,261,273,289,289,299,319,144,158,158,158,183,194,219,219,245,268,68,118,118,132,161,171,182,182,182,182,182,89,114,114],"floor_reached":80,"language":"ZHS","playtime":2800,"items_purged":["Strike_G","Strike_G","Strike_G","Strike_G","Defend_G","Masterful Stab"],"score":2045,"play_id":"0d6f8885-4af7-4f60-aa9e-6d9a71e278dc","local_time":"20210222112835","is_ascension_mode":true,"campfire_choices":[{"data":"Underhanded Strike","floor":7.0,"key":"SMITH"},{"data":"Blade Dance","floor":10.0,"key":"SMITH"},{"data":"Accuracy","floor":14.0,"key":"SMITH"},{"data":"Reflex","floor":16.0,"key":"SMITH"},{"data":"Neutralize","floor":20.0,"key":"SMITH"},{"data":"Acrobatics","floor":21.0,"key":"SMITH"},{"data":"Setup","floor":32.0,"key":"SMITH"},{"data":"Prepared","floor":34.0,"key":"SMITH"},{"data":"Eviscerate","floor":41.0,"key":"SMITH"},{"floor":46.0,"key":"RECALL"},{"data":"Defend_G","floor":48.0,"key":"SMITH"},{"floor":59.0,"key":"REST"},{"floor":73,"key":"REST"},{"floor":76,"key":"REST"}],"circlet_count":0,"master_deck":["Defend_G+1","Survivor+1","Neutralize+1","Acrobatics+1","Underhanded Strike+1","Reflex+1","Accuracy+1","Eviscerate+1","Setup+1","Prepared+1","Necronomicurse","Acrobatics+1","Well Laid Plans+1","Blur+1","Finesse"],"relics":["Ring of the Snake","Bag of Preparation","MealTicket","PreservedInsect","Oddly Smooth Stone","Bag of Marbles","SacredBark","Juzu Bracelet","Necronomicon","Mango","Happy Flower","Omamori","Vajra","War Paint","Philosopher\u0027s Stone","Bronze Scales","Akabeko","Lantern","Anchor","Thread and Needle","Eternal Feather","Mummified Hand"],"acts_visited":["Exordium","TheCity","TheBeyond","TheEnding"],"potions_floor_usage":[79,79,79,79,79,79,79],"damage_taken":[{"damage":0.0,"enemies":"2 Louse","floor":1.0,"turns":3.0},{"damage":0.0,"enemies":"Cultist","floor":3.0,"turns":3.0},{"damage":0.0,"enemies":"Small Slimes","floor":5.0,"turns":3.0},{"damage":3.0,"enemies":"Exordium Thugs","floor":6.0,"turns":5.0},{"damage":15.0,"enemies":"3 Sentries","floor":8.0,"turns":7.0},{"damage":0.0,"enemies":"Exordium Wildlife","floor":9.0,"turns":3.0},{"damage":0.0,"enemies":"Large Slime","floor":11.0,"turns":5.0},{"damage":0.0,"enemies":"3 Louse","floor":15.0,"turns":3.0},{"damage":0.0,"enemies":"Gremlin Nob","floor":17.0,"turns":2.0},{"damage":0.0,"enemies":"Red Slaver","floor":19.0,"turns":1.0},{"damage":12.0,"enemies":"Hexaghost","floor":22.0,"turns":7.0},{"damage":1.0,"enemies":"2 Thieves","floor":24.0,"turns":3.0},{"damage":0.0,"enemies":"3 Byrds","floor":25.0,"turns":2.0},{"damage":0.0,"enemies":"3 Cultists","floor":26.0,"turns":3.0},{"damage":0.0,"enemies":"Snake Plant","floor":28.0,"turns":2.0},{"damage":0.0,"enemies":"Cultist and Chosen","floor":29.0,"turns":2.0},{"damage":1.0,"enemies":"Chosen and Byrds","floor":30.0,"turns":2.0},{"damage":0.0,"enemies":"Book of Stabbing","floor":33.0,"turns":1.0},{"damage":0.0,"enemies":"Gremlin Leader","floor":37.0,"turns":2.0},{"damage":0.0,"enemies":"Book of Stabbing","floor":40.0,"turns":3.0},{"damage":0.0,"enemies":"Centurion and Healer","floor":43.0,"turns":1.0},{"damage":0.0,"enemies":"Gremlin Leader","floor":45.0,"turns":1.0},{"damage":0.0,"enemies":"Snake Plant","floor":47.0,"turns":1.0},{"damage":0.0,"enemies":"Champ","floor":49.0,"turns":2.0},{"damage":0.0,"enemies":"3 Shapes","floor":51.0,"turns":1.0},{"damage":0.0,"enemies":"3 Darklings","floor":52.0,"turns":1.0},{"damage":0.0,"enemies":"Transient","floor":54.0,"turns":2.0},{"damage":0.0,"enemies":"Maw","floor":55.0,"turns":1.0},{"damage":0.0,"enemies":"4 Shapes","floor":57.0,"turns":1.0},{"damage":0.0,"enemies":"Giant Head","floor":60.0,"turns":1.0},{"damage":0.0,"enemies":"Transient","floor":61.0,"turns":2.0},{"damage":0.0,"enemies":"Nemesis","floor":62.0,"turns":1.0},{"damage":0,"enemies":"2 Orb Walkers","floor":67,"turns":1},{"damage":0,"enemies":"Jaw Worm Horde","floor":69,"turns":1},{"damage":0,"enemies":"Reptomancer","floor":70,"turns":1},{"damage":0,"enemies":"3 Darklings","floor":71,"turns":1},{"damage":0,"enemies":"4 Shapes","floor":72,"turns":1},{"damage":0,"enemies":"Donu and Deca","floor":74,"turns":1},{"damage":0,"enemies":"Shield and Spear","floor":78,"turns":1},{"damage":0,"enemies":"The Heart","floor":79,"turns":4}],"seed_played":"-4686311235368513267","potions_obtained":[{"floor":3.0,"key":"Regen Potion"},{"floor":5.0,"key":"Explosive Potion"},{"floor":6.0,"key":"PowerPotion"},{"floor":11.0,"key":"DistilledChaos"},{"floor":15.0,"key":"DistilledChaos"},{"floor":19.0,"key":"LiquidBronze"},{"floor":25.0,"key":"Dexterity Potion"},{"floor":29.0,"key":"Fruit Juice"},{"floor":37.0,"key":"Energy Potion"},{"floor":43.0,"key":"DuplicationPotion"},{"floor":54.0,"key":"EntropicBrew"}],"is_trial":false,"path_per_floor":["M","$","M","?","M","M","R","E","M","R","M","T","T","R","M","R","E","?","M","R","R","B",null,"M","M","M","$","M","M","M","?","R","E","R","?","?","E","T","T","E","R","$","M","$","E","R","M","R","B",null,"M","M","?","M","M","$","M","?","R","E","M","E","?","T","T","$","?","?","M","E","M","M","R","B",null,"R","$","E","B",null],"character_chosen":"THE_SILENT","items_purchased":["Setup","Vajra","Finesse"],"campfire_rested":3,"item_purchase_floors":[27,42,77],"current_hp_per_floor":[63,63,63,63,63,60,60,45,45,45,45,45,45,45,45,45,50,50,50,50,50,38,63,62,62,62,63,63,63,62,51,51,51,51,51,35,59,59,59,59,59,74,74,89,89,89,89,89,89,92,92,92,92,92,92,92,92,87,87,87,87,87,87,87,87,87,87,87,87,87,87,87,87,87,87,87,87,87,87],"gold":114,"neow_bonus":"REMOVE_TWO","is_daily":false,"chose_seed":false,"campfire_upgraded":10,"win_rate":0.0,"timestamp":1613964515,"path_taken":["M","$","M","?","M","M","R","E","M","R","M","T","T","R","M","R","E","?","M","R","R","BOSS","M","M","?","?","M","M","M","?","R","E","R","?","?","E","T","T","E","R","$","M","?","E","R","M","R","BOSS","M","M","?","M","M","$","M","?","R","E","M","E","?","T","T","$","?","?","M","E","M","M","R","BOSS","R","$","E","BOSS"],"items_purchased_type":["Card","Relic","Card"],"build_version":"2020-12-22","purchased_purges":6,"victory":true,"max_hp_per_floor":[63,63,63,63,63,63,63,63,63,63,63,63,63,63,63,63,63,63,63,63,63,63,63,63,63,63,63,63,63,63,68,68,68,68,68,68,92,92,92,92,92,92,92,92,92,92,92,92,92,92,92,92,92,92,92,92,92,87,87,87,87,87,87,87,87,87,87,87,87,87,87,87,87,87,87,87,87,87,87],"card_choices":[{"not_picked":["Dagger Spray","Finisher"],"picked":"Dagger Throw","floor":1.0},{"not_picked":["PiercingWail","Blur","Flying Knee"],"picked":"SKIP","floor":3.0},{"not_picked":["Prepared","Dagger Spray"],"picked":"Acrobatics","floor":5.0},{"not_picked":["Slice","Flying Knee"],"picked":"Underhanded Strike","floor":6.0},{"not_picked":["Crippling Poison","Footwork"],"picked":"Reflex","floor":8.0},{"not_picked":["Cloak And Dagger","PiercingWail"],"picked":"Blade Dance","floor":9.0},{"not_picked":["Heel Hook","Riddle With Holes"],"picked":"Accuracy","floor":11.0},{"not_picked":["Distraction","Dodge and Roll"],"picked":"Eviscerate","floor":15.0},{"not_picked":["Underhanded Strike","Reflex","Burst"],"picked":"SKIP","floor":17.0},{"not_picked":["Outmaneuver","Dodge and Roll","Bouncing Flask"],"picked":"SKIP","floor":19.0},{"not_picked":["Slice+1","Accuracy+1","Heel Hook"],"picked":"SKIP","floor":24.0},{"not_picked":["Noxious Fumes","Dodge and Roll","Slice"],"picked":"SKIP","floor":25.0},{"not_picked":["Leg Sweep+1","Outmaneuver+1","PiercingWail"],"picked":"SKIP","floor":26.0},{"not_picked":["Sucker Punch","Riddle With Holes+1","Flechettes+1"],"picked":"SKIP","floor":28.0},{"not_picked":["Heel Hook","Outmaneuver","Underhanded Strike"],"picked":"SKIP","floor":29.0},{"not_picked":["Crippling Poison","Corpse Explosion"],"picked":"Prepared","floor":30.0},{"not_picked":["Sucker Punch","Die Die Die","Dodge and Roll"],"picked":"SKIP","floor":33.0},{"not_picked":["Slice+1","Dash","Deflect+1"],"picked":"SKIP","floor":37.0},{"not_picked":["Heel Hook","Escape Plan","Reflex"],"picked":"SKIP","floor":40.0},{"not_picked":["PiercingWail+1","Finisher+1","Poisoned Stab"],"picked":"SKIP","floor":43.0},{"not_picked":["Poisoned Stab","Flechettes+1","Grand Finale"],"picked":"SKIP","floor":45.0},{"not_picked":["Predator","Caltrops"],"picked":"Acrobatics+1","floor":47.0},{"not_picked":["Dagger Spray","Underhanded Strike","Distraction+1"],"picked":"SKIP","floor":51.0},{"not_picked":["Cloak And Dagger","Heel Hook+1","Bane"],"picked":"SKIP","floor":52.0},{"not_picked":["Slice+1","Heel Hook+1","Acrobatics"],"picked":"SKIP","floor":54.0},{"not_picked":["Quick Slash+1","Prepared+1"],"picked":"Well Laid Plans+1","floor":55.0},{"not_picked":["Underhanded Strike+1","Backflip+1","Outmaneuver"],"picked":"SKIP","floor":57.0},{"not_picked":["Heel Hook+1","Slice","Dagger Spray+1"],"picked":"SKIP","floor":60.0},{"not_picked":["Venomology","Dodge and Roll","Escape Plan+1"],"picked":"SKIP","floor":61.0},{"not_picked":["Slice+1","Cloak And Dagger+1","Choke+1"],"picked":"SKIP","floor":62.0},{"not_picked":["Corpse Explosion","Poisoned Stab+1"],"picked":"Blur+1","floor":67},{"not_picked":["Slice+1","Blade Dance+1","Eviscerate"],"picked":"SKIP","floor":69},{"not_picked":["Endless Agony+1","Unload","Deadly Poison+1"],"picked":"SKIP","floor":70},{"not_picked":["Flying Knee+1","Acrobatics+1","Dagger Spray+1"],"picked":"SKIP","floor":71},{"not_picked":["Flechettes+1","Acrobatics+1","Reflex+1"],"picked":"SKIP","floor":72},{"not_picked":["Deadly Poison","Blade Dance","Poisoned Stab+1"],"picked":"SKIP","floor":78}],"player_experience":2527631,"relics_obtained":[{"floor":8.0,"key":"Bag of Preparation"},{"floor":12.0,"key":"MealTicket"},{"floor":13.0,"key":"PreservedInsect"},{"floor":17.0,"key":"Oddly Smooth Stone"},{"floor":33.0,"key":"Juzu Bracelet"},{"floor":36.0,"key":"Necronomicon"},{"floor":37.0,"key":"Mango"},{"floor":38.0,"key":"Happy Flower"},{"floor":40.0,"key":"Omamori"},{"floor":45.0,"key":"War Paint"},{"floor":60.0,"key":"Bronze Scales"},{"floor":62.0,"key":"Akabeko"},{"floor":64,"key":"Lantern"},{"floor":65,"key":"Anchor"},{"floor":67,"key":"Thread and Needle"},{"floor":70,"key":"Eternal Feather"},{"floor":78,"key":"Mummified Hand"}],"event_choices":[{"damage_healed":0.0,"max_hp_gain":0.0,"max_hp_loss":0.0,"gold_gain":0.0,"cards_transformed":["Defend_G"],"event_name":"Living Wall","player_choice":"Change","floor":4.0,"gold_loss":0.0,"damage_taken":0.0,"cards_obtained":["PiercingWail"]},{"cards_removed":["PiercingWail"],"damage_healed":0.0,"max_hp_gain":0.0,"max_hp_loss":0.0,"gold_gain":0.0,"event_name":"WeMeetAgain","player_choice":"Gave Card","floor":18.0,"gold_loss":0.0,"damage_taken":0.0,"relics_obtained":["Bag of Marbles"]},{"damage_healed":0.0,"max_hp_gain":5.0,"max_hp_loss":0.0,"gold_gain":0.0,"event_name":"Forgotten Altar","player_choice":"Shed Blood","floor":31.0,"gold_loss":0.0,"damage_taken":16.0},{"damage_healed":0.0,"max_hp_gain":0.0,"max_hp_loss":0.0,"gold_gain":99.0,"event_name":"Nest","player_choice":"Stole From Cult","floor":35.0,"gold_loss":0.0,"damage_taken":0.0},{"damage_healed":0.0,"max_hp_gain":0.0,"max_hp_loss":0.0,"gold_gain":0.0,"event_name":"Cursed Tome","player_choice":"Obtained Book","floor":36.0,"gold_loss":0.0,"damage_taken":16.0},{"cards_removed":["Dagger Throw"],"damage_healed":0.0,"max_hp_gain":0.0,"max_hp_loss":0.0,"gold_gain":0.0,"event_name":"Falling","player_choice":"Removed Attack","floor":53.0,"gold_loss":0.0,"damage_taken":0.0},{"damage_healed":0.0,"max_hp_gain":0.0,"max_hp_loss":5.0,"gold_gain":0.0,"event_name":"Winding Halls","player_choice":"Max HP","floor":58.0,"gold_loss":0.0,"damage_taken":0.0},{"damage_healed":0,"gold_gain":0,"cards_transformed":["Blade Dance"],"player_choice":"Transformed","damage_taken":0,"max_hp_gain":0,"max_hp_loss":0,"event_name":"Transmorgrifier","floor":63,"gold_loss":0,"cards_obtained":["Masterful Stab"]},{"damage_healed":0,"gold_gain":0,"player_choice":"Fight","damage_taken":0,"max_hp_gain":0,"max_hp_loss":0,"event_name":"Mysterious Sphere","floor":67,"gold_loss":0},{"cards_removed":["Defend_G"],"damage_healed":0,"gold_gain":0,"player_choice":"Offered Basic","damage_taken":0,"max_hp_gain":0,"max_hp_loss":0,"event_name":"Bonfire Elementals","floor":68,"gold_loss":0}],"is_beta":false,"boss_relics":[{"not_picked":["Fusion Hammer","Velvet Choker"],"picked":"SacredBark"},{"not_picked":["Cursed Key","Busted Crown"],"picked":"Philosopher\u0027s Stone"}],"items_purged_floors":[2,27,42,44,56,66],"is_endless":false,"potions_floor_spawned":[3,5,6,11,15,19,22,25,28,29,37,43,47,54,60,61,69,70,72],"ascension_level":1}}