{"host":"37dk0reb6x0du8wx","time":1613996311,"event":{"mods":["BaseMod","Colored Map","DeckTracker","Minty Spire (QoL Compilation)","Quick Restart","StSLib"],"gold_per_floor":[109,284,137,153,153,188,188,209,209,232,232,34,34,72,72,191,191,207,207,157,157,157],"floor_reached":21,"language":"KOR","playtime":529,"items_purged":["Doubt","Strike_G"],"score":200,"play_id":"1a1cba5c-ebfc-44c5-9724-917f73928391","local_time":"20210222211831","is_ascension_mode":false,"campfire_choices":[{"data":"Blade Dance","floor":11,"key":"SMITH"},{"floor":15,"key":"REST"}],"circlet_count":0,"master_deck":["Strike_G","Strike_G","Strike_G","Strike_G","Defend_G","Defend_G+1","Defend_G+1","Defend_G","Defend_G","Survivor","Neutralize","Footwork","Blade Dance+1","Slice","Accuracy","Corpse Explosion"],"relics":["Ring of the Snake","NeowsBlessing","Golden Idol","Pantograph","Bag of Marbles","The Courier","ClockworkSouvenir","Odd Mushroom","Runic Pyramid"],"acts_visited":["Exordium","TheCity"],"potions_floor_usage":[16,16,16],"damage_taken":[{"damage":0,"enemies":"Cultist","floor":1,"turns":1},{"damage":0,"enemies":"Jaw Worm","floor":4,"turns":1},{"damage":0,"enemies":"Gremlin Nob","floor":6,"turns":1},{"damage":0,"enemies":"Small Slimes","floor":8,"turns":4},{"damage":2,"enemies":"Exordium Wildlife","floor":10,"turns":6},{"damage":7,"enemies":"The Mushroom Lair","floor":14,"turns":5},{"damage":36,"enemies":"Slime Boss","floor":16,"turns":13},{"damage":0,"enemies":"Spheric Guardian","floor":18,"turns":3},{"damage":2,"enemies":"Shell Parasite","floor":21,"turns":5}],"seed_played":"2543523670749092057","potions_obtained":[{"floor":4,"key":"LiquidMemories"},{"floor":6,"key":"LiquidMemories"},{"floor":8,"key":"Swift Potion"},{"floor":18,"key":"Regen Potion"}],"is_trial":false,"path_per_floor":["M","?","$","M","?","E","T","M","T","M","R","$","?","?","R","B",null,"M","?","?","M"],"character_chosen":"THE_SILENT","items_purchased":["Footwork","ClockworkSouvenir"],"campfire_rested":1,"item_purchase_floors":[3,12],"current_hp_per_floor":[70,70,70,70,65,65,65,65,65,63,63,63,50,43,62,29,65,65,65,65,63,63],"gold":157,"neow_bonus":"THREE_ENEMY_KILL","is_daily":false,"chose_seed":false,"campfire_upgraded":1,"win_rate":0.0,"timestamp":1613996311,"path_taken":["M","?","?","?","?","E","?","M","T","M","R","$","?","?","R","BOSS","M","?","?","?"],"items_purchased_type":["Card","Relic"],"build_version":"2020-12-22","purchased_purges":2,"victory":false,"max_hp_per_floor":[70,70,70,70,65,65,65,65,65,65,65,65,65,65,65,65,65,65,65,65,65,65],"card_choices":[{"not_picked":["Deflect","Flying Knee","Sucker Punch"],"picked":"SKIP","floor":1},{"not_picked":["Deflect","Endless Agony","Prepared"],"picked":"SKIP","floor":4},{"not_picked":["Noxious Fumes","Deflect","Riddle With Holes"],"picked":"SKIP","floor":6},{"not_picked":["Heel Hook","Acrobatics"],"picked":"Blade Dance","floor":8},{"not_picked":["Dagger Throw","Dash"],"picked":"Slice","floor":10},{"not_picked":["Deadly Poison","Heel Hook"],"picked":"Accuracy","floor":14},{"not_picked":["Night Terror","Die Die Die"],"picked":"Corpse Explosion","floor":16},{"not_picked":["Heel Hook","Sucker Punch+1","Skewer"],"picked":"SKIP","floor":18}],"player_experience":235046,"relics_obtained":[{"floor":6,"key":"Pantograph"},{"floor":7,"key":"Bag of Marbles"},{"floor":9,"key":"The Courier"},{"floor":14,"key":"Odd Mushroom"}],"event_choices":[{"damage_healed":0,"gold_gain":175,"player_choice":"AGREE","damage_taken":0,"max_hp_gain":0,"max_hp_loss":0,"event_name":"Liars Game","floor":2,"gold_loss":0,"cards_obtained":["Doubt"]},{"damage_healed":0,"gold_gain":0,"player_choice":"Lose Max HP","damage_taken":0,"relics_obtained":["Golden Idol"],"max_hp_gain":0,"max_hp_loss":5,"event_name":"Golden Idol","floor":5,"gold_loss":0},{"damage_healed":0,"gold_gain":0,"player_choice":"Entered Light","damage_taken":13,"max_hp_gain":0,"max_hp_loss":0,"event_name":"Shining Light","floor":13,"gold_loss":0,"cards_upgraded":["Defend_G","Defend_G"]},{"damage_healed":0,"gold_gain":0,"player_choice":"Fought Mushrooms","damage_taken":0,"max_hp_gain":0,"max_hp_loss":0,"event_name":"Mushrooms","floor":14,"gold_loss":0},{"damage_healed":0,"gold_gain":0,"player_choice":"Ignored","damage_taken":0,"max_hp_gain":0,"max_hp_loss":0,"event_name":"Ghosts","floor":19,"gold_loss":0},{"damage_healed":0,"gold_gain":0,"player_choice":"Bet on Murderer","damage_taken":0,"max_hp_gain":0,"max_hp_loss":0,"event_name":"The Joust","floor":20,"gold_loss":50}],"is_beta":false,"boss_relics":[{"not_picked":["Coffee Dripper","Ectoplasm"],"picked":"Runic Pyramid"}],"items_purged_floors":[3,12],"is_endless":false,"potions_floor_spawned":[4,6,8,18],"killed_by":"Shell Parasite","ascension_level":0}}