{"host":"bnbc66jny2i0hx0x","time":1613954216,"event":{"mods":["AchievementEnabler","BaseMod","Minty Spire (QoL Compilation)","Relic Sorter","StSLib"],"gold_per_floor":[109,34,52,52,52,81,81,113,113,138,138,213,18,38,38,112,112,122,132,132,47,25,52,52,52,52],"floor_reached":25,"language":"ENG","playtime":830,"items_purged":["Strike_R"],"score":455,"play_id":"92497230-a50b-45c5-a761-ec312e10084d","local_time":"20210221163656","is_ascension_mode":true,"campfire_choices":[{"data":"Limit Break","floor":7.0,"key":"SMITH"},{"data":"Inflame","floor":11,"key":"SMITH"},{"data":"Offering","floor":15,"key":"SMITH"},{"floor":24,"key":"REST"}],"circlet_count":0,"master_deck":["AscendersBane","Strike_R","Strike_R","Strike_R","Strike_R","Defend_R","Defend_R","Defend_R","Defend_R","Bash","Inflame+1","Limit Break+1","Offering+1","Ghostly Armor","Sword Boomerang+1","Pommel Strike+1","Brutality","Flame Barrier","Decay","Shrug It Off","Shockwave"],"relics":["Burning Blood","NeowsBlessing","Molten Egg 2","Ornamental Fan","TungstenRod","Pen Nib","Happy Flower","Snecko Eye","Tiny Chest","Incense Burner"],"acts_visited":["Exordium","TheCity"],"potions_floor_usage":[8,16,19],"damage_taken":[{"damage":0.0,"enemies":"Jaw Worm","floor":1.0,"turns":1.0},{"damage":0.0,"enemies":"Small Slimes","floor":3.0,"turns":1.0},{"damage":0.0,"enemies":"Lagavulin","floor":6.0,"turns":1.0},{"damage":15,"enemies":"3 Sentries","floor":8,"turns":4},{"damage":33,"enemies":"Gremlin Nob","floor":10,"turns":4},{"damage":0,"enemies":"2 Louse","floor":14,"turns":3},{"damage":22,"enemies":"Hexaghost","floor":16,"turns":9},{"damage":26,"enemies":"Shell Parasite","floor":18,"turns":5},{"damage":14,"enemies":"3 Byrds","floor":19,"turns":4},{"damage":23,"enemies":"Gremlin Leader","floor":23,"turns":5},{"damage":60,"enemies":"Slavers","floor":25,"turns":4}],"seed_played":"7658571701677960820","potions_obtained":[{"floor":1.0,"key":"ColorlessPotion"},{"floor":10,"key":"LiquidBronze"},{"floor":14,"key":"ColorlessPotion"}],"is_trial":false,"path_per_floor":["M","$","M","?","?","E","R","E","T","E","R","?","$","M","R","B",null,"M","M","?","?","$","E","R","E"],"character_chosen":"IRONCLAD","items_purchased":["Happy Flower","Sword Boomerang+1","Shrug It Off"],"campfire_rested":1,"item_purchase_floors":[13,13,22],"current_hp_per_floor":[74,74,75,80,80,80,80,71,71,44,44,34,34,40,40,24,66,46,38,38,38,38,21,45,0,0],"gold":52,"neow_bonus":"THREE_ENEMY_KILL","is_daily":false,"chose_seed":false,"campfire_upgraded":3,"win_rate":0.0,"timestamp":1613954216,"path_taken":["M","$","M","?","?","E","R","E","T","E","R","?","$","M","R","BOSS","M","M","?","?","$","E","R","E"],"items_purchased_type":["Relic","Card","Card"],"build_version":"2020-12-22","purchased_purges":1,"victory":false,"max_hp_per_floor":[75,75,75,80,80,80,80,80,80,80,80,80,80,80,80,80,80,80,80,80,80,80,80,80,80,80],"card_choices":[{"not_picked":["Wild Strike","Cleave"],"picked":"Inflame","floor":1.0},{"not_picked":["Headbutt","Wild Strike"],"picked":"Limit Break","floor":3.0},{"not_picked":["Flex","Clash+1","Havoc"],"picked":"SKIP","floor":6.0},{"not_picked":["Body Slam+1","Havoc"],"picked":"Offering","floor":8},{"not_picked":["True Grit","Rupture"],"picked":"Ghostly Armor","floor":10},{"not_picked":["Clash+1","Entrench"],"picked":"Pommel Strike+1","floor":14},{"not_picked":["Bludgeon+1","Double Tap"],"picked":"Brutality","floor":16},{"not_picked":["Hemokinesis+1","Sever Soul+1","Iron Wave+1"],"picked":"SKIP","floor":18},{"not_picked":["Havoc+1","Flex"],"picked":"Flame Barrier","floor":19},{"not_picked":["Body Slam+1","Second Wind"],"picked":"Shockwave","floor":23}],"player_experience":1277375,"relics_obtained":[{"floor":6.0,"key":"Molten Egg 2"},{"floor":8,"key":"Ornamental Fan"},{"floor":9,"key":"TungstenRod"},{"floor":10,"key":"Pen Nib"},{"floor":23,"key":"Incense Burner"}],"event_choices":[{"damage_healed":0.0,"max_hp_gain":5.0,"max_hp_loss":0.0,"gold_gain":0.0,"event_name":"Big Fish","player_choice":"Donut","floor":4.0,"gold_loss":0.0,"damage_taken":0.0},{"damage_healed":0.0,"max_hp_gain":0.0,"max_hp_loss":0.0,"gold_gain":0.0,"event_name":"The Cleric","player_choice":"Leave","floor":5.0,"gold_loss":0.0,"damage_taken":0.0},{"damage_healed":0,"gold_gain":75,"player_choice":"Gather Gold","damage_taken":11,"max_hp_gain":0,"max_hp_loss":0,"event_name":"World of Goop","floor":12,"gold_loss":0},{"damage_healed":0,"gold_gain":0,"player_choice":"Smashed Altar","damage_taken":0,"max_hp_gain":0,"max_hp_loss":0,"event_name":"Forgotten Altar","floor":20,"gold_loss":0,"cards_obtained":["Decay"]},{"damage_healed":0,"gold_gain":0,"player_choice":"Obtained Relic","damage_taken":0,"relics_obtained":["Tiny Chest"],"max_hp_gain":0,"max_hp_loss":0,"event_name":"Addict","floor":21,"gold_loss":85}],"is_beta":false,"boss_relics":[{"not_picked":["Coffee Dripper","Empty Cage"],"picked":"Snecko Eye"}],"items_purged_floors":[2],"is_endless":false,"potions_floor_spawned":[1,10,14],"killed_by":"Slavers","ascension_level":15}}