{"host":"zsnmfqgcm92hlreo","time":1613983022,"event":{"mods":["AchievementEnabler","BaseMod","Bestiary","Block Reminder","Colored Map","Colored Powertips","Filter the Spire","Minty Spire (QoL Compilation)","Permanent Neow","Quick Restart","Relic Stats","StSLib","Weighted Paths"],"gold_per_floor":[119,133,133,146,146,146,173,248,293,323,334,484,515,50,50,127,127,141,191,56,68,82,110,110,135,135,168,168,168,168,187,187,266,266,284,124,143,153,153,187,206,235,235,250,250,250,250,280,280,280,280,280,280,65,92,92],"floor_reached":57,"language":"ENG","playtime":3104,"items_purged":["Doubt","Strike_R"],"score":3557,"play_id":"9bf55524-382a-4659-a0d0-21949784edad","local_time":"20210222023702","is_ascension_mode":true,"campfire_choices":[{"data":"Uppercut","floor":6.0,"key":"SMITH"},{"floor":15.0,"key":"REST"},{"data":"Juggernaut","floor":24.0,"key":"SMITH"},{"floor":28.0,"key":"REST"},{"data":"Feel No Pain","floor":30.0,"key":"SMITH"},{"data":"True Grit","floor":32.0,"key":"SMITH"},{"floor":47,"key":"RECALL"},{"floor":49,"key":"REST"},{"data":"Demon Form","floor":53,"key":"SMITH"}],"circlet_count":0,"master_deck":["AscendersBane","Defend_R","Defend_R","Defend_R","Defend_R","Bash","Clothesline","Uppercut+1","Pommel Strike","Corruption","Whirlwind","Shockwave","True Grit+1","Burning Pact","Impervious","Battle Trance","Juggernaut+1","Hemokinesis","Reaper","Feed+1","Pommel Strike+1","Impervious+1","True Grit","Feel No Pain+1","Second Wind","Body Slam","Demon Form+1","Seeing Red","Corruption","Impervious","Shrug It Off","Shrug It Off","Parasite"],"relics":["Snecko Eye","Smiling Mask","Oddly Smooth Stone","Dead Branch","Strawberry","Orrery","Astrolabe","StoneCalendar","Pear","Gambling Chip","Art of War","Philosopher\u0027s Stone","DollysMirror","HornCleat","Magic Flower","Bronze Scales","Centennial Puzzle","Boot"],"acts_visited":["Exordium","TheCity","TheBeyond","TheEnding"],"potions_floor_usage":[48,51,56,56],"damage_taken":[{"damage":0.0,"enemies":"Cultist","floor":1.0,"turns":3.0},{"damage":2.0,"enemies":"Small Slimes","floor":2.0,"turns":3.0},{"damage":0.0,"enemies":"2 Louse","floor":4.0,"turns":1.0},{"damage":20.0,"enemies":"3 Sentries","floor":7.0,"turns":6.0},{"damage":12.0,"enemies":"Lagavulin","floor":10.0,"turns":4.0},{"damage":13.0,"enemies":"Blue Slaver","floor":11.0,"turns":2.0},{"damage":0.0,"enemies":"Gremlin Nob","floor":13.0,"turns":2.0},{"damage":7.0,"enemies":"Slime Boss","floor":16.0,"turns":2.0},{"damage":2.0,"enemies":"Chosen","floor":18.0,"turns":3.0},{"damage":2.0,"enemies":"2 Thieves","floor":21.0,"turns":3.0},{"damage":0.0,"enemies":"Cultist and Chosen","floor":22.0,"turns":3.0},{"damage":6.0,"enemies":"Book of Stabbing","floor":23.0,"turns":3.0},{"damage":0.0,"enemies":"Gremlin Leader","floor":25.0,"turns":2.0},{"damage":20.0,"enemies":"Slavers","floor":27.0,"turns":4.0},{"damage":3.0,"enemies":"Chosen and Byrds","floor":31.0,"turns":3.0},{"damage":3.0,"enemies":"Automaton","floor":33.0,"turns":2.0},{"damage":2,"enemies":"3 Darklings","floor":35,"turns":4},{"damage":0,"enemies":"3 Shapes","floor":37,"turns":3},{"damage":0,"enemies":"Maw","floor":38,"turns":3},{"damage":2,"enemies":"Giant Head","floor":40,"turns":2},{"damage":3,"enemies":"Sphere and 2 Shapes","floor":41,"turns":4},{"damage":8,"enemies":"Reptomancer","floor":42,"turns":3},{"damage":6,"enemies":"Writhing Mass","floor":44,"turns":2},{"damage":22,"enemies":"Nemesis","floor":48,"turns":3},{"damage":10,"enemies":"Donu and Deca","floor":50,"turns":3},{"damage":12,"enemies":"Awakened One","floor":51,"turns":5},{"damage":6,"enemies":"Shield and Spear","floor":55,"turns":2},{"damage":41,"enemies":"The Heart","floor":56,"turns":6}],"seed_played":"3964129783152709183","potions_obtained":[{"floor":7.0,"key":"LiquidMemories"},{"floor":13.0,"key":"Block Potion"},{"floor":16.0,"key":"BlessingOfTheForge"},{"floor":35,"key":"SneckoOil"},{"floor":40,"key":"Weak Potion"},{"floor":48,"key":"AttackPotion"}],"is_trial":false,"path_per_floor":["M","M","?","M","?","R","E","?","T","E","M","?","E","$","R","B",null,"M","?","$","M","M","E","R","E","T","E","R","?","R","M","R","B",null,"M","$","M","M","?","E","M","E","T","M","$","?","R","E","R","B","B",null,"R","$","E","B",null],"character_chosen":"IRONCLAD","items_purchased":["Orrery","Juggernaut","Hemokinesis","Feel No Pain","DollysMirror","Centennial Puzzle","SkillPotion"],"campfire_rested":3,"item_purchase_floors":[14,14,14,20,36,54,54],"current_hp_per_floor":[68,66,71,71,71,71,51,40,40,28,15,15,22,22,48,41,76,74,74,74,78,86,81,81,91,91,71,97,97,97,94,94,91,96,96,96,96,96,96,94,94,86,86,86,86,86,86,64,93,83,85,94,94,94,88,76],"gold":92,"neow_bonus":"BOSS_RELIC","is_daily":false,"chose_seed":false,"campfire_upgraded":5,"win_rate":0.0,"timestamp":1613983022,"path_taken":["M","M","?","M","?","R","E","?","T","E","M","?","E","$","R","BOSS","M","?","$","M","M","E","R","E","T","E","R","?","R","M","R","BOSS","M","$","M","?","?","E","M","E","T","?","$","?","R","E","R","BOSS","BOSS","R","$","E","BOSS"],"items_purchased_type":["Relic","Card","Card","Card","Relic","Relic","Potion"],"build_version":"2020-12-22","purchased_purges":2,"victory":true,"max_hp_per_floor":[75,75,80,80,80,80,80,80,80,80,80,80,87,87,87,87,87,87,87,87,87,87,87,87,97,97,97,97,97,97,97,97,97,97,97,97,97,97,97,97,97,97,97,97,97,97,97,97,97,97,97,97,97,97,97,97],"relic_stats":{"counters":[28,86],"Dead Branch":[522],"Astrolabe":["Feed","Pommel Strike","Impervious"],"Magic Flower":[14],"StoneCalendar":[0],"Smiling Mask":75,"Boot":[0],"Centennial Puzzle":[3],"Gambling Chip":[68],"Bronze Scales":[110],"Snecko Eye":[213,180,184,187],"Art of War":[3],"obtain_stats":[{"Pear":25,"Dead Branch":10,"Astrolabe":17,"Oddly Smooth Stone":9,"Magic Flower":42,"StoneCalendar":23,"Smiling Mask":7,"Boot":55,"Burning Blood":0,"Centennial Puzzle":54,"HornCleat":40,"DollysMirror":36,"Strawberry":13,"Gambling Chip":26,"Bronze Scales":48,"Snecko Eye":0,"Orrery":14,"Philosopher\u0027s Stone":34,"Art of War":27},{"Pear":13,"Dead Branch":5,"Astrolabe":8,"Oddly Smooth Stone":4,"Magic Flower":22,"StoneCalendar":12,"Smiling Mask":4,"Boot":27,"Burning Blood":0,"Centennial Puzzle":26,"HornCleat":20,"DollysMirror":17,"Strawberry":7,"Gambling Chip":13,"Bronze Scales":24,"Snecko Eye":0,"Orrery":7,"Philosopher\u0027s Stone":16,"Art of War":14},{"Pear":37,"Dead Branch":17,"Astrolabe":23,"Oddly Smooth Stone":13,"Magic Flower":65,"StoneCalendar":35,"Smiling Mask":13,"Boot":80,"Burning Blood":0,"Centennial Puzzle":78,"HornCleat":58,"DollysMirror":50,"Strawberry":21,"Gambling Chip":37,"Bronze Scales":70,"Snecko Eye":0,"Orrery":21,"Philosopher\u0027s Stone":46,"Art of War":41}]},"card_choices":[{"not_picked":["Heavy Blade","Twin Strike"],"picked":"Clothesline","floor":1.0},{"not_picked":["Warcry","Thunderclap"],"picked":"Uppercut","floor":2.0},{"not_picked":["Body Slam","Clash"],"picked":"Pommel Strike","floor":4.0},{"not_picked":["Anger","Iron Wave"],"picked":"Corruption","floor":7.0},{"not_picked":["Clash","Cleave"],"picked":"Whirlwind","floor":10.0},{"not_picked":["Warcry","Hemokinesis"],"picked":"Shockwave","floor":11.0},{"not_picked":["Havoc","Perfected Strike"],"picked":"True Grit","floor":13.0},{"not_picked":["Brutality","Flex"],"picked":"Burning Pact","floor":14.0},{"not_picked":["Pommel Strike","Perfected Strike"],"picked":"Impervious","floor":14.0},{"not_picked":["Infernal Blade","Sever Soul"],"picked":"Battle Trance","floor":14.0},{"not_picked":["Immolate","Juggernaut"],"picked":"Reaper","floor":16.0},{"not_picked":["Power Through","Sword Boomerang"],"picked":"True Grit","floor":18.0},{"not_picked":["Flex","Headbutt","Twin Strike"],"picked":"SKIP","floor":21.0},{"not_picked":["Cleave","Armaments","Havoc"],"picked":"SKIP","floor":22.0},{"not_picked":["Iron Wave","Shrug It Off","Warcry+1"],"picked":"SKIP","floor":23.0},{"not_picked":["Limit Break","Clothesline","Perfected Strike"],"picked":"SKIP","floor":25.0},{"not_picked":["Uppercut","Sword Boomerang"],"picked":"Second Wind","floor":27.0},{"not_picked":["Brutality","Shrug It Off+1"],"picked":"Body Slam","floor":31.0},{"not_picked":["Bludgeon","Fiend Fire"],"picked":"Demon Form","floor":33.0},{"not_picked":["Clash","Anger","Seeing Red"],"picked":"SKIP","floor":35},{"not_picked":["Clash","Anger"],"picked":"Seeing Red","floor":35},{"not_picked":["Flex","Havoc","Intimidate+1"],"picked":"SKIP","floor":37},{"not_picked":["Wild Strike","Fire Breathing"],"picked":"Impervious","floor":38},{"not_picked":["Heavy Blade","Warcry","Havoc"],"picked":"SKIP","floor":40},{"not_picked":["Heavy Blade","Warcry","Havoc"],"picked":"SKIP","floor":40},{"not_picked":["Heavy Blade","Warcry","Havoc"],"picked":"SKIP","floor":40},{"not_picked":["Headbutt","Twin Strike"],"picked":"Shrug It Off","floor":41},{"not_picked":["Clothesline","Infernal Blade","Flex"],"picked":"SKIP","floor":42},{"not_picked":["Pommel Strike","Rage","Clash"],"picked":"SKIP","floor":44},{"not_picked":["True Grit","Double Tap","Whirlwind"],"picked":"SKIP","floor":48},{"not_picked":["Headbutt+1","Perfected Strike+1","True Grit"],"picked":"SKIP","floor":55}],"player_experience":1264036,"relics_obtained":[{"floor":7.0,"key":"Smiling Mask"},{"floor":9.0,"key":"Oddly Smooth Stone"},{"floor":10.0,"key":"Dead Branch"},{"floor":13.0,"key":"Strawberry"},{"floor":23.0,"key":"StoneCalendar"},{"floor":25.0,"key":"Pear"},{"floor":26.0,"key":"Gambling Chip"},{"floor":27.0,"key":"Art of War"},{"floor":40,"key":"HornCleat"},{"floor":42,"key":"Magic Flower"},{"floor":48,"key":"Bronze Scales"},{"floor":55,"key":"Boot"}],"event_choices":[{"damage_healed":0.0,"max_hp_gain":5.0,"max_hp_loss":0.0,"gold_gain":0.0,"event_name":"Big Fish","player_choice":"Donut","floor":3.0,"gold_loss":0.0,"damage_taken":0.0},{"damage_healed":0.0,"max_hp_gain":0.0,"max_hp_loss":0.0,"gold_gain":0.0,"event_name":"The Cleric","player_choice":"Leave","floor":5.0,"gold_loss":0.0,"damage_taken":0.0},{"damage_healed":0.0,"max_hp_gain":0.0,"max_hp_loss":0.0,"gold_gain":75.0,"event_name":"World of Goop","player_choice":"Gather Gold","floor":8.0,"gold_loss":0.0,"damage_taken":11.0},{"damage_healed":0.0,"max_hp_gain":0.0,"max_hp_loss":0.0,"gold_gain":150.0,"event_name":"Liars Game","player_choice":"AGREE","floor":12.0,"gold_loss":0.0,"damage_taken":0.0,"cards_obtained":["Doubt"]},{"damage_healed":0.0,"max_hp_gain":0.0,"max_hp_loss":0.0,"gold_gain":50.0,"event_name":"Nest","player_choice":"Stole From Cult","floor":19.0,"gold_loss":0.0,"damage_taken":0.0},{"cards_removed":["Strike_R"],"damage_healed":0.0,"max_hp_gain":0.0,"max_hp_loss":0.0,"gold_gain":0.0,"event_name":"Bonfire Elementals","player_choice":"Offered Basic","floor":29.0,"gold_loss":0.0,"damage_taken":0.0},{"damage_healed":0,"gold_gain":0,"player_choice":"1 cards matched","damage_taken":0,"max_hp_gain":0,"max_hp_loss":0,"event_name":"Match and Keep!","floor":39,"gold_loss":0,"cards_obtained":["Shrug It Off"]},{"damage_healed":0,"gold_gain":0,"player_choice":"Ignored","damage_taken":0,"max_hp_gain":0,"max_hp_loss":0,"event_name":"SecretPortal","floor":46,"gold_loss":0}],"is_beta":false,"boss_relics":[{"not_picked":["SlaversCollar","Runic Pyramid"],"picked":"Astrolabe"},{"not_picked":["Pandora\u0027s Box","Calling Bell"],"picked":"Philosopher\u0027s Stone"}],"items_purged_floors":[14,20],"is_endless":false,"potions_floor_spawned":[7,13,16,18,22,25,35,40,41,44,48],"ascension_level":20}}