{"host":"lnfs5t5iydkm2lft","time":1613965429,"event":{"mods":["AchievementEnabler","Aspiration","BaseMod","Better Third Choice","BetterRewards","Colored Powertips","Downfall","Hermit","Hubris","Infinite Spire","Marisa????????","Minty Spire (QoL Compilation)","Quick Restart","Reliquary","Replay The Spire","StSLib","The Runesmith","TheBandit","everything is the same but u backflip on backflip"],"gold_per_floor":[112,125,140,67,82,82,108,108,108,108,118,118,147,159,159,262,262,280,280,280,280,57,57,89,89,89,102,102,102,102,102],"floor_reached":30,"language":"ENG","playtime":1751,"items_purged":["Strike_R"],"score":445,"play_id":"13133f6f-9ace-47ab-beda-8be66ad889b7","local_time":"20210221214349","is_ascension_mode":true,"campfire_choices":[{"data":"Limit Break","floor":6,"key":"SMITH"},{"floor":8,"key":"REST"},{"data":"Demon Form","floor":23,"key":"SMITH"},{"floor":25,"key":"REST"},{"floor":29,"key":"REST"}],"circlet_count":0,"master_deck":["Strike_R","Strike_R","Strike_R+1","Strike_R","Defend_R","Defend_R","Defend_R","Defend_R","Bash","Anger+1","Cleave+1","Limit Break+1","Battle Trance+1","Demon Form+1","Pommel Strike+1","downfall:Malfunctioning"],"relics":["Burning Blood","hubris:MedicalManual","reliquary:Crutches","Whetstone","hubris:GlazedTorus","aspiration:TomeofQuesting","aspiration:SeaSaltIceCream","Ring of Chaos","aspiration:MarisaSkillbook","hubris:Icosahedron","Blue Candle","Lantern","Girya","TungstenRod"],"acts_visited":["Exordium","TheCity"],"potions_floor_usage":[13,13,24,24],"damage_taken":[{"damage":1,"enemies":"2 Louse","floor":1,"turns":4},{"damage":1,"enemies":"Cultist","floor":2,"turns":3},{"damage":0,"enemies":"Small Slimes","floor":3,"turns":2},{"damage":6,"enemies":"Blue Slaver","floor":5,"turns":3},{"damage":56,"enemies":"Lagavulin","floor":7,"turns":6},{"damage":0,"enemies":"3 Louse","floor":11,"turns":2},{"damage":16,"enemies":"3 Sentries","floor":13,"turns":5},{"damage":2,"enemies":"Looter","floor":14,"turns":3},{"damage":15,"enemies":"Slime Boss","floor":16,"turns":8},{"damage":0,"enemies":"Chosen","floor":18,"turns":4},{"damage":34,"enemies":"Replay:Snechameleon","floor":24,"turns":7},{"damage":41,"enemies":"2 Thieves","floor":27,"turns":4},{"damage":9,"enemies":"Chosen and Byrds","floor":30,"turns":1}],"seed_played":"-756977651612508188","potions_obtained":[{"floor":3,"key":"Elixir"},{"floor":5,"key":"Explosive Potion"},{"floor":7,"key":"ColorlessPotion"},{"floor":24,"key":"Elixir"}],"is_trial":false,"path_per_floor":["M","M","M","$","M","R","E","R","T","?","M","?","E","M","R","B",null,"M","?","?","?","$","R","E","R","T","M","?","R","M"],"character_chosen":"IRONCLAD","items_purchased":["reliquary:Crutches","Battle Trance","infinitespire:BlackPotion"],"campfire_rested":3,"item_purchase_floors":[0,4,22],"current_hp_per_floor":[80,80,80,80,80,80,30,54,54,54,60,60,50,54,78,69,77,80,80,80,75,75,75,47,71,71,36,36,60,51,51],"gold":102,"neow_bonus":"","is_daily":false,"chose_seed":false,"campfire_upgraded":2,"win_rate":0.0,"timestamp":1613965429,"path_taken":["M","M","M","$","M","R","E","R","T","?","?","?","E","M","R","BOSS","M","?","?","?","$","R","E","R","T","M","?","R","M"],"items_purchased_type":["Relic","Card","Potion"],"build_version":"2020-12-22","purchased_purges":1,"victory":false,"max_hp_per_floor":[80,80,80,80,80,80,80,80,80,80,80,80,80,80,80,80,80,80,80,80,80,80,80,80,80,80,80,80,80,80,80],"card_choices":[{"not_picked":["Blood for Blood","Headbutt"],"picked":"Anger","floor":1},{"not_picked":["Replay:Undeath\u0027s Touch","Flame Barrier"],"picked":"Cleave","floor":2},{"not_picked":["Replay:Undeath\u0027s Touch","Perfected Strike"],"picked":"Limit Break","floor":3},{"not_picked":["Thunderclap","Replay:Undeath\u0027s Touch","ReplayTheSpireMod:Strike From Hell"],"picked":"SKIP","floor":5},{"not_picked":["ReplayTheSpireMod:LeadingStrike","Pummel","Fire Breathing"],"picked":"SKIP","floor":7},{"not_picked":["Evolve","hubris:CleavingFinish","Wild Strike"],"picked":"SKIP","floor":11},{"not_picked":["Clash","hubris:ReadiedAction","Replay:Undeath\u0027s Touch"],"picked":"SKIP","floor":13},{"not_picked":["Pummel","Blood for Blood","Second Wind"],"picked":"SKIP","floor":14},{"not_picked":["Double Tap","Limit Break"],"picked":"Demon Form","floor":16},{"not_picked":["DC","Sword Boomerang","DragonMeteor","Perfected Strike"],"picked":"SKIP","floor":18},{"not_picked":["Armaments","StarBarrage","SporeBomb+1"],"picked":"Pommel Strike+1","floor":24},{"not_picked":["Cleave","Body Slam+1","Rupture","6A+1"],"picked":"SKIP","floor":27}],"player_experience":424209,"relics_obtained":[{"floor":7,"key":"Whetstone"},{"floor":9,"key":"hubris:GlazedTorus"},{"floor":10,"key":"aspiration:TomeofQuesting"},{"floor":13,"key":"aspiration:SeaSaltIceCream"},{"floor":24,"key":"Lantern"},{"floor":26,"key":"Girya"}],"event_choices":[{"damage_healed":0,"gold_gain":0,"player_choice":"Relic","damage_taken":0,"max_hp_gain":0,"max_hp_loss":0,"event_name":"Wheel of Change","floor":10,"gold_loss":0},{"damage_healed":0,"gold_gain":0,"player_choice":"Grow","damage_taken":0,"max_hp_gain":0,"max_hp_loss":0,"event_name":"Living Wall","floor":12,"gold_loss":0,"cards_upgraded":["Battle Trance"]}],"is_beta":false,"boss_relics":[{"not_picked":["aspiration:SilentSkillbook","Pandora\u0027s Box"],"picked":"aspiration:MarisaSkillbook"}],"items_purged_floors":[22],"is_endless":false,"potions_floor_spawned":[3,5,7,11,24],"killed_by":"Chosen and Byrds","ascension_level":5}}