{"host":"arn2jcql7xd3a3xg","time":1613959500,"event":{"mods":["AchievementEnabler","Act Like it!","AlwaysNeverKeys","BaseMod","Better Third Choice","Colored Map","Colored Powertips","Downfall","GifTheSpireLib","Hallownest","Highlight Path","Infinite Spire","Minty Spire (QoL Compilation)","Permanent Neow","Quick Restart","Rare Cards Sparkle","Replay The Spire","StSLib","SuperFastMode","The Bug Knight"],"gold_per_floor":[199,212,225,238,249,279,304,322,335,335,435,445,445,470,486,581,581,581,597,617,617,617,617,668,699,713,713,713,713,725,688,703,734,734,734,734],"floor_reached":34,"language":"ENG","playtime":1404,"items_purged":[],"score":406,"play_id":"1a066911-b8c8-481c-abbf-1b85e2736e72","local_time":"20210221180500","is_ascension_mode":true,"campfire_choices":[{"data":"champ:Taunt","floor":1.0,"key":"SMITH"},{"floor":13.0,"key":"REST"},{"data":"champ:Improvising","floor":18.0,"key":"SMITH"},{"data":"champ:FaceSlap","floor":23.0,"key":"SMITH"}],"circlet_count":0,"master_deck":["champ:Defend","champ:Defend","champ:Defend","champ:Defend","champ:Execute","champ:Taunt+1","champ:AdrenalArmor","champ:EnGarde","champ:HeartStrike","champ:FaceSlap+1","champ:TripleStrike","Pot Of Greed","Pot Of Greed","champ:FaceSlap","champ:FanOfKnives","champ:FaceSlap","champ:FocusedBerserking","champ:EnGarde","champ:Improvising+1","Bite","Bite","Bite","Bite","Bite","Pot Of Greed","champ:EnGarde+1","champ:ShieldWall","champ:FocusedBerserking","champ:FanOfKnives","champ:AdrenalArmor"],"relics":["Replay:Wanted Poster","HollowMod:PaleOreRelic","Grinning Jar","Odd Mushroom","Painkiller Herb","Nunchaku","Nloth\u0027s Gift","Pet Ghost"],"acts_visited":["Exordium","TheCity"],"potions_floor_usage":[26],"damage_taken":[{"damage":15.0,"enemies":"2 Louse","floor":2.0,"turns":3.0},{"damage":10.0,"enemies":"Small Slimes","floor":3.0,"turns":4.0},{"damage":26.0,"enemies":"Jaw Worm","floor":4.0,"turns":5.0},{"damage":5.0,"enemies":"3 Louse","floor":5.0,"turns":2.0},{"damage":80.0,"enemies":"Gremlin Nob","floor":6.0,"turns":7.0},{"damage":23.0,"enemies":"Large Slime","floor":8.0,"turns":2.0},{"damage":12.0,"enemies":"Red Slaver","floor":9.0,"turns":3.0},{"damage":10.0,"enemies":"downfall:LooterAlt","floor":12.0,"turns":2.0},{"damage":0.0,"enemies":"The Mushroom Lair","floor":14.0,"turns":2.0},{"damage":28.0,"enemies":"Blue Slaver","floor":15.0,"turns":2.0},{"damage":30.0,"enemies":"WA_ARCHETYPE_RETAIN","floor":16.0,"turns":4.0},{"damage":42.0,"enemies":"Shell Parasite","floor":19.0,"turns":3.0},{"damage":36.0,"enemies":"downfall:LooterAlt2","floor":20.0,"turns":2.0},{"damage":65.0,"enemies":"Replay:Snechameleon","floor":25.0,"turns":4.0},{"damage":40,"enemies":"Chosen and Byrds","floor":26,"turns":3},{"damage":48,"enemies":"Snake Plant","floor":30,"turns":3},{"damage":60,"enemies":"downfall:FleeingMerchant","floor":31,"turns":4},{"damage":41,"enemies":"Shelled Parasite and Fungi","floor":32,"turns":3},{"damage":31,"enemies":"Book of Stabbing","floor":33,"turns":3},{"damage":35,"enemies":"Centurion and Healer","floor":34,"turns":4}],"seed_played":"5014656982194833621","potions_obtained":[{"floor":2.0,"key":"Explosive Potion"},{"floor":3.0,"key":"Doom Potion"},{"floor":5.0,"key":"Guardian:BlockOnCardUsePotion"},{"floor":9.0,"key":"champ:OpenerPotion"},{"floor":25.0,"key":"DuplicationPotion"},{"floor":26,"key":"sneckomod:MuddlingPotion"}],"is_trial":false,"path_per_floor":["R","M","M","M","M","E","T","M","M","?","?","M","R","?","M","B",null,"T","?","?","?","?","T","T","E","?","PTL","PTL","?","?","T","?","E","?"],"character_chosen":"THE_CHAMP","items_purchased":["champ:FanOfKnives"],"campfire_rested":1,"item_purchase_floors":[31],"current_hp_per_floor":[90,85,85,84,79,24,24,24,22,22,22,22,49,49,41,41,90,90,88,82,62,62,62,62,61,62,62,62,62,38,43,31,26,0,0,0],"gold":734,"neow_bonus":"BOSS_RELIC","is_daily":false,"chose_seed":false,"campfire_upgraded":3,"win_rate":0.0,"timestamp":1613959500,"path_taken":["R","M","M","M","M","E","T","M","M","?","?","M","R","?","M","BOSS","T","?","?","?","?","T","T","E","?","PTL","PTL","?","?","T","?","E","?"],"items_purchased_type":["Card"],"build_version":"2020-12-22","purchased_purges":0,"victory":false,"max_hp_per_floor":[90,90,90,90,90,90,90,90,90,90,90,90,90,90,90,90,90,90,90,90,62,62,62,62,62,62,62,62,62,62,62,62,62,62,62,62],"card_choices":[{"not_picked":["champ:StanceDance","champ:ArenaPreparation"],"picked":"champ:AdrenalArmor","floor":2.0},{"not_picked":["champ:ViciousMockery","champ:GutPunch"],"picked":"champ:EnGarde","floor":3.0},{"not_picked":["champ:PerfectedStrike","champ:PreciseThrust"],"picked":"champ:HeartStrike","floor":4.0},{"not_picked":["champ:BladeFlurry","champ:CrownThrow"],"picked":"champ:FaceSlap","floor":5.0},{"not_picked":["champ:TornadoPunch","champ:BladeFlurry"],"picked":"champ:TripleStrike","floor":6.0},{"not_picked":["champ:FanOfKnives","champ:StanceDance"],"picked":"champ:FaceSlap","floor":8.0},{"not_picked":["champ:PreemptiveStrike","champ:GutPunch"],"picked":"champ:FanOfKnives","floor":9.0},{"not_picked":["champ:ShieldSlam","champ:BladeFlurry"],"picked":"champ:FaceSlap","floor":12.0},{"not_picked":["champ:CalledShot","champ:ShieldSigil"],"picked":"champ:FocusedBerserking","floor":14.0},{"not_picked":["champ:FocusedDefense","champ:FlashCut"],"picked":"champ:EnGarde","floor":15.0},{"not_picked":["champ:VampiricStrike","champ:DancingMaster"],"picked":"champ:Improvising","floor":16.0},{"not_picked":["champ:Shatter","champ:SkillfulDodge","champ:PerfectedStrike"],"picked":"SKIP","floor":19.0},{"not_picked":["champ:PreciseThrust","champ:FlashCut","champ:GutPunch"],"picked":"SKIP","floor":20.0},{"not_picked":["champ:SwordThrow","champ:PerfectedStrike+1"],"picked":"champ:EnGarde+1","floor":25.0},{"not_picked":["champ:BerserkersShout","champ:Circumvent","champ:DefensiveShout"],"picked":"SKIP","floor":26},{"not_picked":["champ:DeathBlow","champ:DefensiveShout+1"],"picked":"champ:ShieldWall","floor":30},{"not_picked":["champ:BringItOn","champ:GladiatorForm"],"picked":"champ:FocusedBerserking","floor":31},{"not_picked":["champ:CrownThrow","champ:IronFortress","champ:BerserkersShout"],"picked":"SKIP","floor":32},{"not_picked":["champ:FaceSlap","champ:EnchantCrown"],"picked":"champ:AdrenalArmor","floor":33}],"player_experience":101684,"relics_obtained":[{"floor":6.0,"key":"HollowMod:PaleOreRelic"},{"floor":7.0,"key":"Grinning Jar"},{"floor":14.0,"key":"Odd Mushroom"},{"floor":24.0,"key":"Nunchaku"},{"floor":25.0,"key":"infinitespire:Beetle Shell"},{"floor":33,"key":"Pet Ghost"}],"event_choices":[{"damage_healed":0.0,"max_hp_gain":0.0,"max_hp_loss":0.0,"gold_gain":0.0,"event_name":"Mushrooms","player_choice":"Fought Mushrooms","floor":14.0,"gold_loss":0.0,"damage_taken":0.0},{"damage_healed":0.0,"max_hp_gain":0.0,"max_hp_loss":28.0,"gold_gain":0.0,"event_name":"Vampires","player_choice":"Became a vampire","floor":21.0,"gold_loss":0.0,"damage_taken":0.0,"cards_obtained":["Bite","Bite","Bite","Bite","Bite"]}],"is_beta":false,"boss_relics":[{"not_picked":["Astrolabe","Tiny House"],"picked":"Painkiller Herb"}],"items_purged_floors":[],"is_endless":false,"potions_floor_spawned":[2,3,5,9,12,19,25,26,32],"killed_by":"Centurion and Healer","ascension_level":2}}