{"host":"en4narc5947t7k9n","time":1613999376,"event":{"mods":["AchievementEnabler","BaseMod","Colored Map","Minty Spire (QoL Compilation)","SuperFastMode"],"gold_per_floor":[214,239,239,249,211,211,230,230,230,242,242,262,29,41,41,139,139,155,7,7,21,36,36,36,36,36],"floor_reached":25,"language":"KOR","playtime":1134,"items_purged":[],"score":193,"play_id":"b098bbae-9484-4726-a4e4-8595f62bb926","local_time":"20210222220936","is_ascension_mode":false,"campfire_choices":[{"floor":6,"key":"RECALL"},{"data":"Catalyst","floor":11,"key":"SMITH"},{"data":"A Thousand Cuts","floor":15,"key":"SMITH"},{"data":"Malaise","floor":23,"key":"SMITH"}],"circlet_count":0,"master_deck":["Strike_G","Strike_G","Strike_G","Strike_G","Strike_G","Defend_G","Defend_G","Defend_G","Defend_G","Defend_G+1","Survivor","Neutralize+1","Flechettes","Catalyst+1","Backstab","PiercingWail","Leg Sweep","A Thousand Cuts+1","Noxious Fumes","Expertise","Malaise+1","CurseOfTheBell","Acrobatics","Acrobatics+1","Masterful Stab+1"],"relics":["Ring of the Snake","Potion Belt","Meat on the Bone","TwistedFunnel","Calling Bell","Strawberry","Sundial","Torii","Happy Flower","MutagenicStrength"],"acts_visited":["Exordium","TheCity"],"potions_floor_usage":[12,16,16],"damage_taken":[{"damage":2,"enemies":"Cultist","floor":1,"turns":5},{"damage":0,"enemies":"2 Louse","floor":4,"turns":3},{"damage":0,"enemies":"Jaw Worm","floor":7,"turns":3},{"damage":0,"enemies":"Blue Slaver","floor":10,"turns":4},{"damage":0,"enemies":"2 Fungi Beasts","floor":12,"turns":4},{"damage":4,"enemies":"Exordium Thugs","floor":14,"turns":4},{"damage":15,"enemies":"Hexaghost","floor":16,"turns":7},{"damage":14,"enemies":"Spheric Guardian","floor":18,"turns":7},{"damage":11,"enemies":"3 Byrds","floor":21,"turns":6},{"damage":26,"enemies":"Cultist and Chosen","floor":22,"turns":5},{"damage":49,"enemies":"Gremlin Leader","floor":25,"turns":4}],"seed_played":"7841481485264671","potions_obtained":[{"floor":1,"key":"Dexterity Potion"},{"floor":10,"key":"LiquidBronze"},{"floor":12,"key":"Fruit Juice"},{"floor":18,"key":"FearPotion"}],"is_trial":false,"path_per_floor":["M","T","?","M","$","R","M","T","T","M","R","M","$","M","R","B",null,"M","$","?","M","M","R","$","E"],"character_chosen":"THE_SILENT","items_purchased":["Backstab","TwistedFunnel","Noxious Fumes","Happy Flower"],"campfire_rested":0,"item_purchase_floors":[5,13,13,19],"current_hp_per_floor":[68,68,54,54,54,54,54,54,54,54,54,59,59,55,55,40,82,68,68,68,57,43,43,43,0,0],"gold":36,"neow_bonus":"HUNDRED_GOLD","is_daily":false,"chose_seed":false,"campfire_upgraded":3,"win_rate":0.0,"timestamp":1613999376,"path_taken":["M","?","?","M","$","R","M","?","T","M","R","M","?","M","R","BOSS","M","$","?","M","M","R","$","E"],"items_purchased_type":["Card","Relic","Card","Relic"],"build_version":"2020-12-22","purchased_purges":0,"victory":false,"max_hp_per_floor":[70,70,70,70,70,70,70,70,70,70,70,75,75,75,75,75,82,82,82,82,82,82,82,82,82,82],"card_choices":[{"not_picked":["Finisher","Underhanded Strike"],"picked":"Flechettes","floor":1},{"not_picked":["Acrobatics","Outmaneuver"],"picked":"Catalyst","floor":4},{"not_picked":["Slice","Outmaneuver"],"picked":"PiercingWail","floor":7},{"not_picked":["Poisoned Stab","Outmaneuver"],"picked":"Leg Sweep","floor":10},{"not_picked":["Calculated Gamble","Dagger Throw"],"picked":"A Thousand Cuts","floor":12},{"not_picked":["Choke","PiercingWail"],"picked":"Expertise","floor":14},{"not_picked":["Phantasmal Killer","Night Terror"],"picked":"Malaise","floor":16},{"not_picked":["Flying Knee","Flechettes"],"picked":"Acrobatics","floor":18},{"not_picked":["Backflip","Dagger Spray"],"picked":"Acrobatics+1","floor":21},{"not_picked":["Riddle With Holes","Cloak And Dagger+1"],"picked":"Masterful Stab+1","floor":22}],"player_experience":157317,"relics_obtained":[{"floor":8,"key":"Potion Belt"},{"floor":9,"key":"Meat on the Bone"},{"floor":17,"key":"Strawberry"},{"floor":17,"key":"Sundial"},{"floor":17,"key":"Torii"}],"event_choices":[{"damage_healed":0,"gold_gain":0,"player_choice":"Entered Light","damage_taken":14,"max_hp_gain":0,"max_hp_loss":0,"event_name":"Shining Light","floor":3,"gold_loss":0,"cards_upgraded":["Neutralize","Defend_G"]},{"damage_healed":0,"gold_gain":0,"player_choice":"Inject Mutagens","damage_taken":0,"relics_obtained":["MutagenicStrength"],"max_hp_gain":0,"max_hp_loss":0,"event_name":"Drug Dealer","floor":20,"gold_loss":0}],"is_beta":false,"boss_relics":[{"not_picked":["Snecko Eye","Sozu"],"picked":"Calling Bell"}],"items_purged_floors":[],"is_endless":false,"potions_floor_spawned":[1,10,12,18],"killed_by":"Gremlin Leader","ascension_level":0}}