{"host":"f5gffvlv6a66yqkd","time":1613984021,"event":{"mods":["2.2 Compatiblity","BaseMod","Colored Map","Custom Start","DeckTracker","Keyboard Shortcuts","Minty Spire (QoL Compilation)","Permanent Neow","Quick Restart","Relic Stats","StSLib","SuperFastMode"],"gold_per_floor":[111,186,197,197,216,216,248,262,289,289,66,82,47,62,62,140,140,150,22,39,39,59,59,109,109,136,136,136,36,36,55,55,55,55],"floor_reached":33,"language":"KOR","playtime":803,"items_purged":["Defend_B","Writhe"],"score":490,"play_id":"9cd8df38-8ae6-4479-a96e-11a9d7d444c4","local_time":"20210222175341","is_ascension_mode":true,"campfire_choices":[{"data":"Defragment","floor":6.0,"key":"SMITH"},{"floor":10.0,"key":"REST"},{"data":"Zap","floor":15.0,"key":"SMITH"},{"data":"Defragment","floor":23.0,"key":"SMITH"},{"data":"Buffer","floor":27,"key":"SMITH"},{"data":"Dualcast","floor":30,"key":"SMITH"},{"data":"Darkness","floor":32,"key":"SMITH"}],"circlet_count":0,"master_deck":["AscendersBane","Defend_B","Defend_B","Zap+1","Dualcast+1","Streamline+1","Compile Driver","Defragment+1","Rebound","Hologram","Turbo","Coolheaded","Coolheaded","Buffer+1","Auto Shields+1","Undo+1","Steam Power+1","Defragment+1","Beam Cell","Coolheaded+1","Darkness+1"],"relics":["Cracked Core","CultistMask","Whetstone","Juzu Bracelet","Bag of Preparation","Astrolabe","PreservedInsect","Akabeko"],"acts_visited":["Exordium","TheCity"],"potions_floor_usage":[33,33],"damage_taken":[{"damage":2.0,"enemies":"Jaw Worm","floor":1.0,"turns":3.0},{"damage":0.0,"enemies":"Small Slimes","floor":3.0,"turns":3.0},{"damage":0.0,"enemies":"Cultist","floor":5.0,"turns":2.0},{"damage":30.0,"enemies":"Lagavulin","floor":7.0,"turns":5.0},{"damage":1.0,"enemies":"Lots of Slimes","floor":8.0,"turns":3.0},{"damage":7.0,"enemies":"Large Slime","floor":12.0,"turns":4.0},{"damage":10.0,"enemies":"3 Louse","floor":14.0,"turns":3.0},{"damage":1.0,"enemies":"The Guardian","floor":16.0,"turns":10.0},{"damage":0.0,"enemies":"Spheric Guardian","floor":18.0,"turns":5.0},{"damage":1.0,"enemies":"Chosen","floor":20.0,"turns":9.0},{"damage":26.0,"enemies":"3 Cultists","floor":22.0,"turns":5.0},{"damage":6,"enemies":"Cultist and Chosen","floor":31,"turns":8},{"damage":59,"enemies":"Champ","floor":33,"turns":15}],"seed_played":"6832292075261038483","potions_obtained":[{"floor":1.0,"key":"GamblersBrew"},{"floor":3.0,"key":"Swift Potion"},{"floor":7.0,"key":"Fire Potion"},{"floor":18.0,"key":"Regen Potion"}],"is_trial":false,"path_per_floor":["M","?","M","?","M","R","E","M","T","R","$","M","?","M","R","B",null,"M","$","M","?","M","R","?","?","T","R","?","$","R","M","R","B"],"character_chosen":"DEFECT","items_purchased":["Bag of Preparation","Turbo","SkillPotion"],"campfire_rested":1,"item_purchase_floors":[11,11,19],"current_hp_per_floor":[44,33,33,33,33,33,3,2,2,23,23,16,33,23,23,22,59,59,59,58,58,32,32,32,32,32,32,32,32,32,26,26,0,0],"gold":55,"neow_bonus":"REMOVE_TWO","is_daily":false,"chose_seed":false,"campfire_upgraded":6,"win_rate":0.0,"timestamp":1613984021,"path_taken":["M","?","M","?","M","R","E","M","T","R","?","M","?","M","R","BOSS","M","$","M","?","M","R","?","?","T","R","?","$","R","M","R","BOSS"],"items_purchased_type":["Relic","Card","Potion"],"build_version":"2020-12-22","purchased_purges":2,"victory":false,"max_hp_per_floor":[71,71,71,71,71,71,71,71,71,71,71,71,71,71,71,71,71,71,71,71,71,71,71,71,71,71,71,71,71,71,71,71,71,71],"relic_stats":{"counters":[13,75],"Astrolabe":["Auto Shields","Undo","Steam Power"],"PreservedInsect":0,"Juzu Bracelet":1,"Bag of Preparation":[16],"Whetstone":["Streamline","Strike_B"],"obtain_stats":[{"Astrolabe":17,"CultistMask":4,"PreservedInsect":26,"Juzu Bracelet":9,"Bag of Preparation":11,"Whetstone":7,"Cracked Core":0,"Akabeko":28},{"Astrolabe":8,"CultistMask":2,"PreservedInsect":11,"Juzu Bracelet":5,"Bag of Preparation":5,"Whetstone":4,"Cracked Core":0,"Akabeko":11},{"Astrolabe":33,"CultistMask":6,"PreservedInsect":52,"Juzu Bracelet":16,"Bag of Preparation":16,"Whetstone":13,"Cracked Core":0,"Akabeko":52}]},"card_choices":[{"not_picked":["BootSequence","Coolheaded"],"picked":"Streamline","floor":1.0},{"not_picked":["Tempest","Capacitor"],"picked":"Compile Driver","floor":3.0},{"not_picked":["Skim","White Noise"],"picked":"Defragment","floor":5.0},{"not_picked":["Barrage","Stack"],"picked":"Rebound","floor":7.0},{"not_picked":["Stack","Force Field"],"picked":"Hologram","floor":8.0},{"not_picked":["Cold Snap","Streamline"],"picked":"Coolheaded","floor":12.0},{"not_picked":["Meteor Strike","FTL"],"picked":"Coolheaded","floor":14.0},{"not_picked":["Multi-Cast","Machine Learning"],"picked":"Buffer","floor":16.0},{"not_picked":["Beam Cell","Gash"],"picked":"Defragment","floor":18.0},{"not_picked":["Go for the Eyes","Streamline"],"picked":"Beam Cell","floor":20.0},{"not_picked":["Compile Driver","Skim"],"picked":"Coolheaded+1","floor":22.0},{"not_picked":["Buffer","Chaos"],"picked":"Darkness","floor":31}],"player_experience":1551037,"relics_obtained":[{"floor":7.0,"key":"Whetstone"},{"floor":9.0,"key":"Juzu Bracelet"},{"floor":26,"key":"PreservedInsect"}],"event_choices":[{"damage_healed":0.0,"max_hp_gain":0.0,"max_hp_loss":0.0,"gold_gain":75.0,"event_name":"World of Goop","player_choice":"Gather Gold","floor":2.0,"gold_loss":0.0,"damage_taken":11.0},{"damage_healed":0.0,"max_hp_gain":0.0,"max_hp_loss":0.0,"gold_gain":0.0,"event_name":"FaceTrader","player_choice":"Trade","floor":4.0,"gold_loss":0.0,"damage_taken":0.0,"relics_obtained":["CultistMask"]},{"damage_healed":17.0,"max_hp_gain":0.0,"max_hp_loss":0.0,"gold_gain":0.0,"event_name":"The Cleric","player_choice":"Healed","floor":13.0,"gold_loss":35.0,"damage_taken":0.0},{"damage_healed":0.0,"max_hp_gain":0.0,"max_hp_loss":0.0,"gold_gain":0.0,"event_name":"Ghosts","player_choice":"Ignored","floor":21.0,"gold_loss":0.0,"damage_taken":0.0},{"damage_healed":0.0,"max_hp_gain":0.0,"max_hp_loss":0.0,"gold_gain":50.0,"event_name":"Nest","player_choice":"Stole From Cult","floor":24.0,"gold_loss":0.0,"damage_taken":0.0},{"damage_healed":0,"gold_gain":0,"player_choice":"Ignored","damage_taken":0,"max_hp_gain":0,"max_hp_loss":0,"event_name":"Cursed Tome","floor":25,"gold_loss":0},{"damage_healed":0,"gold_gain":0,"player_choice":"Opened","damage_taken":0,"relics_obtained":["Akabeko"],"max_hp_gain":0,"max_hp_loss":0,"event_name":"The Mausoleum","floor":28,"gold_loss":0,"cards_obtained":["Writhe"]}],"is_beta":false,"boss_relics":[{"not_picked":["Runic Dome","Velvet Choker"],"picked":"Astrolabe"}],"items_purged_floors":[19,29],"is_endless":false,"potions_floor_spawned":[1,3,7,18,22],"killed_by":"Champ","ascension_level":20}}