{"host":"rbccvrvdyhsypb23","time":1613988549,"event":{"mods":["2.2 Compatiblity","AchievementEnabler","Act Like it!","Arknights","Aspiration","BaseMod","Beaked The Cultist","Better Third Choice","BetterRewards","Defuse TimeMaze Blight","Fox Events","Friendly Minions","GungeonMod","Hubris","Infinite Spire","Ironclad Rager","KomeijiMod","Marisa????????","Minty Spire (QoL Compilation)","Random Character Button","Reimu??????","Reliquary","Replay The Spire","Shade Mod","StSLib","The Animator","The Blackbeard","The Cursed","The Disciple","The Hierophant","The Jungle","The Marked","The Mystic","The Necromancer","Wandering Minibosses"],"gold_per_floor":[115,0,15,15,35,35,68,68,68,79,91,116,116,133,133,230,230,170,170,26,26,26,26,26],"floor_reached":23,"language":"ENG","playtime":976,"items_purged":[],"score":197,"play_id":"da610261-ab09-4c9b-a282-be44e4b2e5a0","local_time":"20210222130909","is_ascension_mode":false,"campfire_choices":[{"data":"BiteCommand","floor":6.0,"key":"SMITH"},{"data":"TickedOff","floor":13.0,"key":"SMITH"},{"floor":15.0,"key":"REST"}],"circlet_count":0,"master_deck":["Strike_Br","Strike_Br","Strike_Br","Strike_Br","Defend_Br","Defend_Br+1","Defend_Br","SecondHand","PatternShift+1","WakeUpCall","Goo","BiteCommand+1","SlimeSpray","TickedOff+1","EscortCommand","DaylightSavings","Chronoelasticity","ExoVibe"],"relics":["Chronometer","DemoMod:GnawedKey","War Paint","DemoMod:WeirdEgg","Painkiller Herb","DemoMod:GlassGuonStoneRelic","Oddly Smooth Stone"],"acts_visited":["Exordium","TheCity"],"potions_floor_usage":[],"damage_taken":[{"damage":2.0,"enemies":"Small Slimes","floor":1.0,"turns":5.0},{"damage":2.0,"enemies":"ats:Genji","floor":3.0,"turns":5.0},{"damage":5.0,"enemies":"Jaw Worm","floor":5.0,"turns":4.0},{"damage":11.0,"enemies":"Lagavulin","floor":7.0,"turns":6.0},{"damage":2.0,"enemies":"Looter","floor":10.0,"turns":3.0},{"damage":0.0,"enemies":"2 Fungi Beasts","floor":11.0,"turns":3.0},{"damage":9.0,"enemies":"Replay:BlueRogue","floor":12.0,"turns":5.0},{"damage":16.0,"enemies":"Exordium Wildlife","floor":14.0,"turns":7.0},{"damage":54.0,"enemies":"Fading Forest","floor":16.0,"turns":11.0},{"damage":11.0,"enemies":"2 Thieves","floor":18.0,"turns":4.0},{"damage":0,"enemies":"Book of Stabbing","floor":23,"turns":1}],"seed_played":"8644898263660370695","potions_obtained":[{"floor":3.0,"key":"ColorlessPotion"},{"floor":7.0,"key":"Swift Potion"},{"floor":11.0,"key":"SmokeBomb"},{"floor":12.0,"key":"FearPotion"}],"is_trial":false,"path_per_floor":["M","$","M","?","M","R","E","?","T","M","M","E","R","M","R","B",null,"?","?","T","?","T","E"],"character_chosen":"CHRONO_CLASS","items_purchased":["DemoMod:GnawedKey","Oddly Smooth Stone"],"campfire_rested":1,"item_purchase_floors":[2,20],"current_hp_per_floor":[69,69,67,67,62,62,51,51,51,49,49,40,40,24,45,1,71,60,60,60,60,60,60,60],"gold":26,"neow_bonus":"TEN_PERCENT_HP_BONUS","is_daily":false,"chose_seed":false,"campfire_upgraded":2,"win_rate":0.0,"timestamp":1613988549,"path_taken":["M","$","M","?","M","R","E","?","T","?","M","E","R","M","R","BOSS","?","?","T","?","T","E"],"items_purchased_type":["Relic","Relic"],"build_version":"2020-12-22","purchased_purges":0,"victory":false,"max_hp_per_floor":[71,71,71,71,71,71,71,71,71,71,71,71,71,71,71,71,71,71,71,71,71,71,71,71],"card_choices":[{"not_picked":["LockedMedicine","Parity"],"picked":"WakeUpCall","floor":1.0},{"not_picked":["LockedTurtyl","LockedScales"],"picked":"Goo","floor":3.0},{"not_picked":["LockedThread","Tempo"],"picked":"BiteCommand","floor":5.0},{"not_picked":["Facsimile","LockedScales"],"picked":"SlimeSpray","floor":7.0},{"not_picked":["LockedWhetstone","PrimeTime"],"picked":"TickedOff","floor":10.0},{"not_picked":["BiteCommand","LockedMedicine"],"picked":"EscortCommand","floor":11.0},{"not_picked":["BiteCommand","HandsUpB"],"picked":"DaylightSavings","floor":12.0},{"not_picked":["Tempo","Break","ResonantCall"],"picked":"SKIP","floor":14.0},{"not_picked":["LockedCalendar","LockedBell"],"picked":"Chronoelasticity","floor":16.0},{"not_picked":["WindUp","BiteCommand"],"picked":"ExoVibe","floor":18.0}],"player_experience":678738,"relics_obtained":[{"floor":9.0,"key":"War Paint"},{"floor":12.0,"key":"DemoMod:WeirdEgg"}],"event_choices":[{"damage_healed":0.0,"max_hp_gain":0.0,"max_hp_loss":0.0,"gold_gain":0.0,"event_name":"betterThird:BetterSerpent","player_choice":"Ignored","floor":4.0,"gold_loss":0.0,"damage_taken":15.0},{"cards_removed":["Defend_Br"],"damage_healed":0.0,"max_hp_gain":0.0,"max_hp_loss":0.0,"gold_gain":0.0,"event_name":"Wheel of Change","player_choice":"Card Removal","floor":8.0,"gold_loss":0.0,"damage_taken":0.0},{"damage_healed":0.0,"max_hp_gain":0.0,"max_hp_loss":0.0,"gold_gain":0.0,"event_name":"The Mausoleum","player_choice":"Ignored","floor":19.0,"gold_loss":0.0,"damage_taken":0.0}],"is_beta":false,"boss_relics":[{"not_picked":["Replay:Bronze Core","Fusion Hammer"],"picked":"Painkiller Herb"}],"items_purged_floors":[],"is_endless":false,"potions_floor_spawned":[3,7,11,12],"killed_by":"Book of Stabbing","ascension_level":0}}