{"host":"or8fr2mp0k3eluj8","time":1613976365,"event":{"mods":["AchievementEnabler","BaseMod","Colored Map","DeckTracker","Keyboard Shortcuts","Minty Spire (QoL Compilation)","StSLib","SuperFastMode","everything is the same but u backflip on backflip"],"gold_per_floor":[20,20,35,48,68,68,68,68,68,68,68,99,112,125,125,221,221,234,234,253,178,194,194,194],"floor_reached":23,"language":"KOR","playtime":737,"items_purged":["Defend_G"],"score":232,"play_id":"308cabfa-2fe5-4a2b-aeb3-7c078a9d7db2","local_time":"20210222154605","is_ascension_mode":true,"campfire_choices":[{"data":"Glass Knife","floor":6,"key":"SMITH"},{"data":"Neutralize","floor":8,"key":"SMITH"},{"data":"PiercingWail","floor":10,"key":"SMITH"},{"floor":15,"key":"REST"}],"circlet_count":0,"master_deck":["Strike_G+1","Strike_G+1","Strike_G+1","Defend_G","Defend_G","Defend_G","Defend_G","Survivor","Neutralize+1","Glass Knife+1","Poisoned Stab","PiercingWail+1","Sucker Punch+1","Crippling Poison","Blur","Dagger Spray","Deflect","Unload","Escape Plan","Backflip","Cloak And Dagger+1","Cloak And Dagger"],"relics":["Ring of the Snake","Mummified Hand","Pear","Whetstone","Empty Cage"],"acts_visited":["Exordium","TheCity"],"potions_floor_usage":[16,16,23],"damage_taken":[{"damage":1,"enemies":"Cultist","floor":1,"turns":3},{"damage":0,"enemies":"Small Slimes","floor":3,"turns":3},{"damage":7,"enemies":"Jaw Worm","floor":4,"turns":4},{"damage":14,"enemies":"Exordium Wildlife","floor":5,"turns":5},{"damage":16,"enemies":"Gremlin Nob","floor":12,"turns":4},{"damage":2,"enemies":"3 Louse","floor":13,"turns":4},{"damage":0,"enemies":"Large Slime","floor":14,"turns":6},{"damage":16,"enemies":"The Guardian","floor":16,"turns":15},{"damage":33,"enemies":"Spheric Guardian","floor":18,"turns":8},{"damage":21,"enemies":"Shell Parasite","floor":20,"turns":5},{"damage":33,"enemies":"Centurion and Healer","floor":22,"turns":6},{"damage":18,"enemies":"Book of Stabbing","floor":23,"turns":5}],"seed_played":"-1638013789304206771","potions_obtained":[{"floor":1,"key":"AttackPotion"},{"floor":3,"key":"Block Potion"},{"floor":12,"key":"Regen Potion"},{"floor":13,"key":"FairyPotion"},{"floor":20,"key":"Strength Potion"}],"is_trial":false,"path_per_floor":["M","$","M","M","M","R","?","R","T","R","?","E","M","M","R","B",null,"M","?","M","$","M","E"],"character_chosen":"THE_SILENT","items_purchased":[],"campfire_rested":1,"item_purchase_floors":[],"current_hp_per_floor":[69,69,69,62,48,48,34,34,34,34,37,21,19,19,43,39,80,47,47,26,26,19,1,1],"gold":194,"neow_bonus":"THREE_RARE_CARDS","is_daily":false,"chose_seed":false,"campfire_upgraded":3,"win_rate":0.0,"timestamp":1613976365,"path_taken":["M","?","M","M","M","R","?","R","T","R","?","E","?","M","R","BOSS","M","?","M","$","M","E"],"items_purchased_type":[],"build_version":"2020-12-22","purchased_purges":1,"victory":false,"max_hp_per_floor":[70,70,70,70,70,70,70,70,70,70,80,80,80,80,80,80,80,80,80,80,80,80,80,80],"card_choices":[{"not_picked":["Doppelganger","Tools of the Trade"],"picked":"Glass Knife","floor":0},{"not_picked":["Choke","Bane"],"picked":"Poisoned Stab","floor":1},{"not_picked":["Quick Slash","Dagger Throw"],"picked":"PiercingWail","floor":3},{"not_picked":["Deflect","PiercingWail"],"picked":"Sucker Punch","floor":4},{"not_picked":["Caltrops","Slice"],"picked":"Crippling Poison","floor":5},{"not_picked":["Bane","Reflex"],"picked":"Blur","floor":12},{"not_picked":["Slice","Backflip"],"picked":"Dagger Spray","floor":13},{"not_picked":["Bane","Sucker Punch"],"picked":"Deflect","floor":14},{"not_picked":["Bullet Time","Glass Knife"],"picked":"Unload","floor":16},{"not_picked":["Dodge and Roll","Setup+1"],"picked":"Escape Plan","floor":18},{"not_picked":["Expertise","Leg Sweep"],"picked":"Cloak And Dagger+1","floor":20},{"not_picked":["Prepared+1","Underhanded Strike"],"picked":"Cloak And Dagger","floor":22}],"player_experience":437655,"relics_obtained":[{"floor":9,"key":"Mummified Hand"},{"floor":12,"key":"Whetstone"}],"event_choices":[{"damage_healed":0,"gold_gain":0,"player_choice":"Entered Light","damage_taken":14,"max_hp_gain":0,"max_hp_loss":0,"event_name":"Shining Light","floor":7,"gold_loss":0,"cards_upgraded":["Strike_G","Sucker Punch"]},{"damage_healed":0,"gold_gain":0,"player_choice":"Success","damage_taken":7,"relics_obtained":["Pear"],"max_hp_gain":0,"max_hp_loss":0,"event_name":"Scrap Ooze","floor":11,"gold_loss":0},{"damage_healed":0,"gold_gain":0,"player_choice":"Read","damage_taken":0,"max_hp_gain":0,"max_hp_loss":0,"event_name":"The Library","floor":19,"gold_loss":0,"cards_obtained":["Backflip"]}],"is_beta":false,"boss_relics":[{"not_picked":["Busted Crown","Cursed Key"],"picked":"Empty Cage"}],"items_purged_floors":[21],"is_endless":false,"potions_floor_spawned":[1,3,12,13,20],"killed_by":"Book of Stabbing","ascension_level":4}}