{"host":"v54ek091sdz7ha6h","time":1613987611,"event":{"mods":["BaseMod","Colored Map","Colored Powertips","Custom Start","DeckTracker","Highlight Path","KOR Keyword Fix","Minty Spire (QoL Compilation)","Random Character Button","Rare Cards Sparkle","Relic Stats","StSLib","SuperFastMode","everything is the same but u backflip on backflip"],"gold_per_floor":[19,19,45,59,83,83,158,158,207,247,269,349,349,349,349,481,508,541,466,131,150,159,159,258,302,302,332,385,130,177,200,200,340,340,364,394,418,442,92,92,114,114,184,233,247,247,580,599,599,599,599,599,0,39,39],"floor_reached":56,"language":"KOR","playtime":1574,"items_purged":["BowlingBash","Writhe","Defend_P"],"score":1410,"play_id":"4663474b-2858-491a-80ae-0b8794c86e5f","local_time":"20210222185331","is_ascension_mode":false,"campfire_choices":[{"data":"Eruption","floor":6.0,"key":"SMITH"},{"data":"JustLucky","floor":8.0,"key":"SMITH"},{"data":"ConjureBlade","floor":13.0,"key":"SMITH"},{"data":"CutThroughFate","floor":15.0,"key":"SMITH"},{"data":"Adaptation","floor":23.0,"key":"SMITH"},{"data":"Prostrate","floor":32.0,"key":"SMITH"},{"data":"TalkToTheHand","floor":40.0,"key":"SMITH"},{"data":"Nirvana","floor":42.0,"key":"SMITH"},{"data":"Adaptation","floor":46.0,"key":"SMITH"},{"floor":49.0,"key":"RECALL"},{"data":"DeusExMachina","floor":52.0,"key":"SMITH"}],"circlet_count":0,"master_deck":["Defend_P+1","Eruption+1","Vigilance","CutThroughFate+1","JustLucky+1","ThirdEye","ConjureBlade+1","Vault+1","Ragnarok+1","SignatureMove+1","CutThroughFate+1","ClearTheMind+1","Adaptation+1","Prostrate+1","FollowUp+1","EmptyBody+1","Nirvana+1","FlurryOfBlows","Prostrate+1","DeusExMachina+1","FearNoEvil+1","TalkToTheHand+1","Adaptation+1","EmptyMind+1","DevaForm","Crescendo+1"],"relics":["PureWater","PreservedInsect","Smiling Mask","CeramicFish","Question Card","Astrolabe","Matryoshka","War Paint","Bronze Scales","Ancient Tea Set","Pantograph","HornCleat","Akabeko","StrikeDummy","Black Star","Mummified Hand","Centennial Puzzle","Ornamental Fan","Pen Nib","Medical Kit","Bottled Tornado","Happy Flower","Eternal Feather","Oddly Smooth Stone"],"acts_visited":["Exordium","TheCity","TheBeyond","TheEnding"],"potions_floor_usage":[55,55],"damage_taken":[{"damage":0.0,"enemies":"Jaw Worm","floor":1.0,"turns":4.0},{"damage":4.0,"enemies":"Small Slimes","floor":4.0,"turns":3.0},{"damage":0.0,"enemies":"2 Louse","floor":5.0,"turns":1.0},{"damage":0.0,"enemies":"Lagavulin","floor":10.0,"turns":3.0},{"damage":0.0,"enemies":"Large Slime","floor":11.0,"turns":3.0},{"damage":3.0,"enemies":"3 Sentries","floor":12.0,"turns":6.0},{"damage":20.0,"enemies":"Hexaghost","floor":16.0,"turns":7.0},{"damage":8.0,"enemies":"2 Thieves","floor":18.0,"turns":2.0},{"damage":0.0,"enemies":"Shell Parasite","floor":21.0,"turns":1.0},{"damage":0.0,"enemies":"Book of Stabbing","floor":25.0,"turns":3.0},{"damage":14.0,"enemies":"Snecko","floor":27.0,"turns":5.0},{"damage":16.0,"enemies":"Slavers","floor":28.0,"turns":4.0},{"damage":0.0,"enemies":"Gremlin Leader","floor":30.0,"turns":4.0},{"damage":0.0,"enemies":"Sentry and Sphere","floor":31.0,"turns":2.0},{"damage":0.0,"enemies":"Automaton","floor":33.0,"turns":5.0},{"damage":0.0,"enemies":"3 Shapes","floor":35.0,"turns":1.0},{"damage":0.0,"enemies":"Orb Walker","floor":36.0,"turns":4.0},{"damage":7.0,"enemies":"4 Shapes","floor":37.0,"turns":3.0},{"damage":4.0,"enemies":"Writhing Mass","floor":38.0,"turns":6.0},{"damage":0.0,"enemies":"Transient","floor":41.0,"turns":6.0},{"damage":0.0,"enemies":"Giant Head","floor":44.0,"turns":5.0},{"damage":11.0,"enemies":"4 Shapes","floor":45.0,"turns":5.0},{"damage":2.0,"enemies":"Spire Growth","floor":48.0,"turns":4.0},{"damage":29.0,"enemies":"Time Eater","floor":50.0,"turns":7.0},{"damage":22,"enemies":"Shield and Spear","floor":54,"turns":5},{"damage":69,"enemies":"The Heart","floor":55,"turns":6}],"seed_played":"1911354518014092792","potions_obtained":[{"floor":4.0,"key":"SteroidPotion"},{"floor":10.0,"key":"EssenceOfSteel"},{"floor":11.0,"key":"FearPotion"},{"floor":21.0,"key":"BottledMiracle"},{"floor":27.0,"key":"Ancient Potion"},{"floor":30.0,"key":"AttackPotion"},{"floor":31.0,"key":"DistilledChaos"},{"floor":33.0,"key":"Fire Potion"},{"floor":35.0,"key":"PowerPotion"},{"floor":41.0,"key":"Ambrosia"},{"floor":54,"key":"StancePotion"}],"is_trial":false,"path_per_floor":["M","?","T","M","M","R","?","R","T","E","M","?","R","?","R","B",null,"M","?","$","M","?","R","?","E","T","M","E","$","E","M","R","B",null,"M","M","M","M","$","R","M","R","T","E","M","R","?","M","R","B",null,"R","$","E","B",null],"character_chosen":"WATCHER","items_purchased":["Adaptation","Matryoshka","Akabeko","Nirvana","Mummified Hand","Adaptation","Medical Kit","Bottled Tornado","Happy Flower","Explosive Potion"],"campfire_rested":0,"item_purchase_floors":[20,20,29,29,39,39,53,53,53,53],"current_hp_per_floor":[72,54,54,50,50,50,39,39,39,39,39,36,36,41,41,21,77,69,69,69,69,69,69,69,69,69,55,39,39,39,39,39,64,77,77,77,70,66,66,66,66,66,66,66,55,55,55,53,53,48,77,77,77,55,8],"gold":39,"neow_bonus":"REMOVE_TWO","is_daily":false,"chose_seed":false,"campfire_upgraded":10,"win_rate":0.0,"timestamp":1613987611,"path_taken":["M","?","?","M","M","R","?","R","T","E","M","?","R","?","R","BOSS","M","?","$","M","?","R","?","E","T","M","E","$","E","M","R","BOSS","M","M","M","M","$","R","M","R","T","E","M","R","?","M","R","BOSS","R","$","E","BOSS"],"items_purchased_type":["Card","Relic","Relic","Card","Relic","Card","Relic","Relic","Relic","Potion"],"build_version":"2020-12-22","purchased_purges":3,"victory":true,"max_hp_per_floor":[72,72,72,72,72,72,72,72,72,72,72,72,72,77,77,77,77,77,77,77,77,77,77,77,77,77,77,77,77,77,77,77,77,77,77,77,77,77,77,77,77,77,77,77,77,77,77,77,77,77,77,77,77,77,77],"relic_stats":{"Happy Flower":[3],"counters":[26,105],"CeramicFish":198,"Astrolabe":["Ragnarok","SignatureMove","CutThroughFate"],"Eternal Feather":0,"PreservedInsect":379,"Pen Nib":[6],"War Paint":["Defend_P","Vault"],"Smiling Mask":150,"Question Card":19,"Medical Kit":[5],"Centennial Puzzle":[16],"Mummified Hand":[39],"Ornamental Fan":[60],"Bronze Scales":[156],"Pantograph":71,"Black Star":2,"obtain_stats":[{"CeramicFish":10,"Bottled Tornado":53,"Smiling Mask":9,"Ancient Tea Set":26,"Centennial Puzzle":43,"Matryoshka":20,"HornCleat":28,"Mummified Hand":39,"Pantograph":26,"Happy Flower":53,"Golden Idol":2,"Astrolabe":17,"Oddly Smooth Stone":54,"Eternal Feather":54,"PreservedInsect":3,"Pen Nib":44,"War Paint":22,"Question Card":12,"Medical Kit":53,"Akabeko":29,"Ornamental Fan":44,"Bronze Scales":25,"Black Star":34,"PureWater":0,"StrikeDummy":30},{"CeramicFish":4,"Bottled Tornado":24,"Smiling Mask":3,"Ancient Tea Set":10,"Centennial Puzzle":20,"Matryoshka":8,"HornCleat":12,"Mummified Hand":19,"Pantograph":10,"Happy Flower":24,"Golden Idol":1,"Astrolabe":7,"Oddly Smooth Stone":25,"Eternal Feather":25,"PreservedInsect":1,"Pen Nib":21,"War Paint":9,"Question Card":5,"Medical Kit":24,"Akabeko":12,"Ornamental Fan":21,"Bronze Scales":10,"Black Star":15,"PureWater":0,"StrikeDummy":13},{"CeramicFish":11,"Bottled Tornado":94,"Smiling Mask":8,"Ancient Tea Set":33,"Centennial Puzzle":73,"Matryoshka":29,"HornCleat":42,"Mummified Hand":67,"Pantograph":33,"Happy Flower":94,"Golden Idol":4,"Astrolabe":27,"Oddly Smooth Stone":99,"Eternal Feather":99,"PreservedInsect":4,"Pen Nib":78,"War Paint":30,"Question Card":14,"Medical Kit":94,"Akabeko":42,"Ornamental Fan":78,"Bronze Scales":33,"Black Star":53,"PureWater":0,"StrikeDummy":46}]},"card_choices":[{"not_picked":["Meditate","FlyingSleeves"],"picked":"CutThroughFate","floor":1.0},{"not_picked":["ClearTheMind","Halt"],"picked":"JustLucky","floor":4.0},{"not_picked":["EmptyBody","Evaluate"],"picked":"ThirdEye","floor":5.0},{"not_picked":["EmptyFist","ClearTheMind"],"picked":"BowlingBash","floor":10.0},{"not_picked":["DeceiveReality","SashWhip"],"picked":"ConjureBlade","floor":11.0},{"not_picked":["Establishment","Wish","Ragnarok"],"picked":"Vault","floor":16.0},{"not_picked":["Evaluate","Protect","SashWhip"],"picked":"ClearTheMind+1","floor":18.0},{"not_picked":["SashWhip+1","WaveOfTheHand","Consecrate","Wish"],"picked":"SKIP","floor":21.0},{"not_picked":["ThirdEye","Establishment","CrushJoints"],"picked":"Prostrate","floor":25.0},{"not_picked":["Perseverance","Evaluate","ReachHeaven"],"picked":"FollowUp+1","floor":27.0},{"not_picked":["Wallop","DevaForm","Halt+1"],"picked":"EmptyBody+1","floor":28.0},{"not_picked":["CutThroughFate","JustLucky","ThirdEye"],"picked":"FlurryOfBlows","floor":30.0},{"not_picked":["Meditate","ClearTheMind","Crescendo"],"picked":"Prostrate+1","floor":31.0},{"not_picked":["Wish","SpiritShield","Judgement"],"picked":"DeusExMachina","floor":33.0},{"not_picked":["BowlingBash","SashWhip+1","PathToVictory","SignatureMove"],"picked":"SKIP","floor":35.0},{"not_picked":["Swivel","Crescendo","Evaluate"],"picked":"FearNoEvil+1","floor":36.0},{"not_picked":["FollowUp+1","ClearTheMind","Vengeance"],"picked":"TalkToTheHand","floor":37.0},{"not_picked":["SashWhip+1","Alpha","ForeignInfluence","PathToVictory"],"picked":"SKIP","floor":38.0},{"not_picked":["Conclude","BowlingBash","EmptyFist"],"picked":"EmptyMind+1","floor":41.0},{"not_picked":["JustLucky+1","Adaptation","FearNoEvil"],"picked":"DevaForm","floor":44.0},{"not_picked":["Worship","FollowUp","ReachHeaven","SashWhip"],"picked":"SKIP","floor":45.0},{"not_picked":["JustLucky","Study+1","FlyingSleeves+1","BattleHymn+1"],"picked":"SKIP","floor":48.0},{"not_picked":["Conclude","FlyingSleeves","WaveOfTheHand"],"picked":"Crescendo+1","floor":54}],"player_experience":1489017,"relics_obtained":[{"floor":3.0,"key":"PreservedInsect"},{"floor":9.0,"key":"Smiling Mask"},{"floor":10.0,"key":"CeramicFish"},{"floor":25.0,"key":"Bronze Scales"},{"floor":26.0,"key":"Ancient Tea Set"},{"floor":26.0,"key":"Pantograph"},{"floor":28.0,"key":"HornCleat"},{"floor":30.0,"key":"StrikeDummy"},{"floor":43.0,"key":"Centennial Puzzle"},{"floor":44.0,"key":"Ornamental Fan"},{"floor":44.0,"key":"Pen Nib"},{"floor":54,"key":"Eternal Feather"},{"floor":54,"key":"Oddly Smooth Stone"}],"event_choices":[{"damage_healed":0.0,"max_hp_gain":0.0,"max_hp_loss":0.0,"gold_gain":0.0,"event_name":"Golden Idol","player_choice":"Take Damage","floor":2.0,"gold_loss":0.0,"damage_taken":18.0,"relics_obtained":["Golden Idol"]},{"damage_healed":0.0,"max_hp_gain":0.0,"max_hp_loss":0.0,"gold_gain":75.0,"event_name":"World of Goop","player_choice":"Gather Gold","floor":7.0,"gold_loss":0.0,"damage_taken":11.0},{"damage_healed":0.0,"max_hp_gain":0.0,"max_hp_loss":0.0,"gold_gain":0.0,"event_name":"Dead Adventurer","player_choice":"Searched \u00272\u0027 times","floor":12.0,"gold_loss":0.0,"damage_taken":0.0,"relics_obtained":["Question Card"]},{"damage_healed":0.0,"max_hp_gain":5.0,"max_hp_loss":0.0,"gold_gain":0.0,"event_name":"Big Fish","player_choice":"Donut","floor":14.0,"gold_loss":0.0,"damage_taken":0.0},{"cards_removed":["Strike_P"],"damage_healed":0.0,"max_hp_gain":0.0,"max_hp_loss":0.0,"gold_gain":0.0,"event_name":"Beggar","player_choice":"Gave Gold","floor":19.0,"gold_loss":75.0,"damage_taken":0.0},{"damage_healed":0.0,"max_hp_gain":0.0,"max_hp_loss":0.0,"gold_gain":0.0,"event_name":"The Mausoleum","player_choice":"Opened","floor":22.0,"gold_loss":0.0,"damage_taken":0.0,"relics_obtained":["War Paint"],"cards_obtained":["Writhe"]},{"damage_healed":0.0,"max_hp_gain":0.0,"max_hp_loss":0.0,"gold_gain":99.0,"event_name":"Nest","player_choice":"Stole From Cult","floor":24.0,"gold_loss":0.0,"damage_taken":0.0},{"damage_healed":0.0,"max_hp_gain":0.0,"max_hp_loss":0.0,"gold_gain":333.0,"event_name":"The Moai Head","player_choice":"Gave Idol","floor":47.0,"relics_lost":["Golden Idol"],"gold_loss":0.0,"damage_taken":0.0}],"is_beta":false,"boss_relics":[{"not_picked":["VioletLotus","Snecko Eye"],"picked":"Astrolabe"},{"not_picked":["Pandora\u0027s Box","SlaversCollar"],"picked":"Black Star"}],"items_purged_floors":[20,29,39],"is_endless":false,"potions_floor_spawned":[4,10,11,21,27,30,31,33,35,37,41,54],"ascension_level":0}}