{"host":"sxaoifcprvg3ww0o","time":1613974680,"event":{"mods":["ATMod(∞¢Ë™Mod)","Act Like it!","Arknights","BaseMod","Downfall","Gensokyo","GifTheSpireLib","Hermit","KinomotoSakuraMod(ƒæ÷Æ±æ”£)","Marisa£®ÏF”Í°°ƒß¿Ì…≥£©","Minty Spire (QoL Compilation)","Prisma Mod","Quick Restart","Reimu£®≤©¿ˆ¡È√Œ£©","Reliquary","Remilia£®¿Ÿ√◊¿Ú—«£©","Replay The Spire","StSLib","The Alterego","The Senshi","Waifu the Spire","Yakumo Yukari mod","Youmu£®ªÍ∆«—˝√Œ£©","Yuyuko","°æ“≈ŒÔø®≈∆°øREMEMod"],"gold_per_floor":[113,130,130,144,16,16,16,16],"floor_reached":7,"language":"ZHS","playtime":812,"items_purged":[],"score":82,"play_id":"d89d1e9c-73de-4ca9-8ff1-d5374cfc689f","local_time":"20210222141800","is_ascension_mode":true,"campfire_choices":[{"floor":6.0,"key":"REST"}],"circlet_count":0,"master_deck":["AscendersBane","Strike_P","Strike_P","Strike_P","Defend_P","Defend_P","Defend_P","Eruption","Vigilance","AT_WomanClash","PrismaMod:IllyaInstallAssassin","Replay:AtTheReady","Replay:ManipulateFuture","Gensokyo:Shovel","Gensokyo:BlemishedSteel"],"relics":["PureWater","REME_ComplimentaryCards","AT_ATBox"],"acts_visited":["Exordium"],"potions_floor_usage":[],"damage_taken":[{"damage":7.0,"enemies":"Gensokyo:Gryphon","floor":1.0,"turns":4.0},{"damage":8.0,"enemies":"Gensokyo:2_Kodama","floor":2.0,"turns":4.0},{"damage":23.0,"enemies":"Gensokyo:Python","floor":4.0,"turns":4.0},{"damage":26,"enemies":"Gensokyo:Aya","floor":7,"turns":5}],"seed_played":"-7046749441869060571","potions_obtained":[{"floor":2.0,"key":"SpeedPotion"}],"is_trial":false,"path_per_floor":["M","M","?","M","COS","R","E"],"character_chosen":"WATCHER","items_purchased":[],"campfire_rested":1,"item_purchase_floors":[],"current_hp_per_floor":[36,28,28,5,5,25,0,0],"gold":16,"neow_bonus":"REMOVE_TWO","is_daily":false,"chose_seed":false,"campfire_upgraded":0,"win_rate":0.0,"timestamp":1613974680,"path_taken":["M","M","?","M","COS","R","E"],"items_purchased_type":[],"build_version":"2020-12-22","purchased_purges":0,"victory":false,"max_hp_per_floor":[68,68,68,68,68,68,68,68],"card_choices":[{"not_picked":["Evaluate","JustLucky"],"picked":"Replay:AtTheReady","floor":1.0},{"not_picked":["Protect","Replay:AllIn"],"picked":"Replay:ManipulateFuture","floor":2.0},{"not_picked":["Evaluate","Crescendo","ClearTheMind"],"picked":"SKIP","floor":4.0}],"player_experience":601191,"relics_obtained":[],"event_choices":[],"is_beta":false,"boss_relics":[],"items_purged_floors":[],"is_endless":false,"potions_floor_spawned":[2],"killed_by":"Gensokyo:Aya","ascension_level":20}}