{"host":"cfv8orgc8997ql4r","time":1613962512,"event":{"mods":["AchievementEnabler","BaseMod","DeckTracker","Keyboard Shortcuts","Minty Spire (QoL Compilation)"],"gold_per_floor":[118,118,118,118,118,151,151,192,216,216,143,143,143,10,10,10,10],"floor_reached":16,"language":"KOR","playtime":193,"items_purged":["Strike_B"],"score":175,"play_id":"20838d2b-288c-4f96-bc4f-469ab29f5d13","local_time":"20210222115512","is_ascension_mode":true,"campfire_choices":[{"data":"Zap","floor":7,"key":"SMITH"},{"data":"Gash","floor":10,"key":"SMITH"},{"data":"Chill","floor":13,"key":"SMITH"},{"data":"Chill","floor":15,"key":"SMITH"}],"circlet_count":0,"master_deck":["Strike_B+1","Strike_B+1","Strike_B","Defend_B","Defend_B","Defend_B","Defend_B","Zap+1","Dualcast","Turbo","Sweeping Beam","Gash+1","Gash+1","Chill+1","Chill+1"],"relics":["Cracked Core","NeowsBlessing","Golden Idol","Bottled Lightning","Bag of Marbles","CeramicFish"],"acts_visited":["Exordium"],"potions_floor_usage":[],"damage_taken":[{"damage":0.0,"enemies":"Jaw Worm","floor":1.0,"turns":1.0},{"damage":0.0,"enemies":"Gremlin Nob","floor":6.0,"turns":1.0},{"damage":0,"enemies":"Lagavulin","floor":8,"turns":1},{"damage":53,"enemies":"Hexaghost","floor":16,"turns":10}],"seed_played":"4958482726843198887","potions_obtained":[{"floor":8,"key":"DuplicationPotion"}],"is_trial":false,"path_per_floor":["M","$","?","?","?","E","R","E","T","R","$","?","R","$","R","B"],"character_chosen":"DEFECT","items_purchased":["Gash","Chill","Chill"],"campfire_rested":0,"item_purchase_floors":[11,11,14],"current_hp_per_floor":[75,75,60,60,53,53,53,53,53,53,53,53,53,53,53,0,0],"gold":10,"neow_bonus":"THREE_ENEMY_KILL","is_daily":false,"chose_seed":false,"campfire_upgraded":4,"win_rate":0.0,"timestamp":1613962512,"path_taken":["M","$","?","?","?","E","R","E","T","R","$","?","R","$","R","BOSS"],"items_purchased_type":["Card","Card","Card"],"build_version":"2020-12-22","purchased_purges":1,"victory":false,"max_hp_per_floor":[75,75,75,75,75,75,75,75,75,75,75,75,75,75,75,75,75],"card_choices":[{"not_picked":["Redo","Blizzard"],"picked":"Turbo","floor":1.0},{"not_picked":["Compile Driver","Scrape"],"picked":"Sweeping Beam","floor":6},{"not_picked":["Turbo","Fusion"],"picked":"Gash","floor":8}],"player_experience":209283,"relics_obtained":[{"floor":6,"key":"Bottled Lightning"},{"floor":8,"key":"Bag of Marbles"},{"floor":9,"key":"CeramicFish"}],"event_choices":[{"damage_healed":0.0,"max_hp_gain":0.0,"max_hp_loss":0.0,"gold_gain":0.0,"event_name":"Shining Light","player_choice":"Entered Light","floor":3.0,"gold_loss":0.0,"damage_taken":15.0,"cards_upgraded":["Strike_B","Strike_B"]},{"damage_healed":0.0,"max_hp_gain":0.0,"max_hp_loss":0.0,"gold_gain":0.0,"event_name":"Golden Idol","player_choice":"Take Wound","floor":4.0,"gold_loss":0.0,"damage_taken":0.0,"relics_obtained":["Golden Idol"],"cards_obtained":["Injury"]},{"cards_removed":["Injury"],"damage_healed":0.0,"max_hp_gain":0.0,"max_hp_loss":0.0,"gold_gain":0.0,"event_name":"Golden Wing","player_choice":"Card Removal","floor":5.0,"gold_loss":0.0,"damage_taken":7.0},{"damage_healed":0,"gold_gain":0,"player_choice":"Grow","damage_taken":0,"max_hp_gain":0,"max_hp_loss":0,"event_name":"Living Wall","floor":12,"gold_loss":0,"cards_upgraded":["Gash"]}],"is_beta":false,"boss_relics":[],"items_purged_floors":[14],"is_endless":false,"potions_floor_spawned":[8],"killed_by":"Hexaghost","ascension_level":3}}