{"host":"BK","time":1613960356,"event":{"mods":["BaseMod","Highlight Path","Minty Spire (QoL Compilation)","StSLib"],"gold_per_floor":[117,134,209,222,103,103,137,137,163,163,21,44,44,57,57,152,215,230,255,280,15,28,28,51,51,51],"floor_reached":25,"language":"ENG","playtime":941,"items_purged":["Strike_G","Strike_G"],"score":410,"play_id":"0913c0c5-3abc-4b0a-b34b-8bc9fde5e5a7","local_time":"20210221191916","is_ascension_mode":true,"campfire_choices":[{"data":"Glass Knife","floor":6.0,"key":"SMITH"},{"floor":13.0,"key":"REST"},{"floor":15.0,"key":"REST"},{"floor":23,"key":"REST"}],"circlet_count":0,"master_deck":["AscendersBane","Strike_G","Defend_G","Defend_G","Defend_G","Defend_G+1","Defend_G","Survivor","Neutralize","Glass Knife+1","Die Die Die","Acrobatics","Bouncing Flask","Leg Sweep","Calculated Gamble","Adrenaline","Heel Hook","Predator","PiercingWail","Crippling Poison","Die Die Die"],"relics":["Ring of the Snake","Bag of Preparation","Golden Idol","Lantern","Tiny House","Shuriken"],"acts_visited":["Exordium","TheCity"],"potions_floor_usage":[19,20,25,25],"damage_taken":[{"damage":0.0,"enemies":"2 Louse","floor":1.0,"turns":1.0},{"damage":0.0,"enemies":"Small Slimes","floor":2.0,"turns":2.0},{"damage":1.0,"enemies":"Jaw Worm","floor":4.0,"turns":3.0},{"damage":17.0,"enemies":"Lagavulin","floor":7.0,"turns":5.0},{"damage":7.0,"enemies":"Gremlin Gang","floor":12.0,"turns":3.0},{"damage":0.0,"enemies":"Large Slime","floor":14.0,"turns":3.0},{"damage":15.0,"enemies":"The Guardian","floor":16.0,"turns":10.0},{"damage":11.0,"enemies":"Shell Parasite","floor":18.0,"turns":4.0},{"damage":1,"enemies":"3 Byrds","floor":19,"turns":3},{"damage":9,"enemies":"Centurion and Healer","floor":20,"turns":10},{"damage":6,"enemies":"Snake Plant","floor":22,"turns":4},{"damage":15,"enemies":"Snecko","floor":24,"turns":4},{"damage":43,"enemies":"Book of Stabbing","floor":25,"turns":7}],"seed_played":"6935570829009348860","potions_obtained":[{"floor":2.0,"key":"FearPotion"},{"floor":7.0,"key":"SteroidPotion"},{"floor":17.0,"key":"Explosive Potion"},{"floor":22,"key":"Fruit Juice"},{"floor":24,"key":"SkillPotion"}],"is_trial":false,"path_per_floor":["M","M","?","M","$","R","E","?","T","?","$","M","R","M","R","B",null,"M","M","M","$","M","R","M","E"],"character_chosen":"THE_SILENT","items_purchased":["Leg Sweep","Calculated Gamble","Shuriken"],"campfire_rested":3,"item_purchase_floors":[5,11,21],"current_hp_per_floor":[44,44,33,32,32,32,15,15,15,15,15,8,26,26,44,29,57,46,45,36,36,30,49,34,0,0],"gold":51,"neow_bonus":"TRANSFORM_TWO_CARDS","is_daily":false,"chose_seed":false,"campfire_upgraded":1,"win_rate":0.0,"timestamp":1613960356,"path_taken":["M","M","?","M","$","R","E","?","T","?","?","M","R","M","R","BOSS","M","M","M","$","M","R","M","E"],"items_purchased_type":["Card","Card","Relic"],"build_version":"2020-12-18","purchased_purges":2,"victory":false,"max_hp_per_floor":[66,66,66,66,66,66,66,60,60,60,60,60,60,60,60,60,65,65,65,65,65,65,65,65,70,70],"card_choices":[{"not_picked":["Prepared","Reflex","Accuracy"],"picked":"SKIP","floor":1.0},{"not_picked":["Deflect","Prepared"],"picked":"Acrobatics","floor":2.0},{"not_picked":["Deflect","Riddle With Holes"],"picked":"Bouncing Flask","floor":4.0},{"not_picked":["Backflip","Masterful Stab","Deflect"],"picked":"SKIP","floor":7.0},{"not_picked":["Deadly Poison","Escape Plan","Riddle With Holes"],"picked":"SKIP","floor":12.0},{"not_picked":["Quick Slash","Sucker Punch","Deflect"],"picked":"SKIP","floor":14.0},{"not_picked":["Malaise","Grand Finale"],"picked":"Adrenaline","floor":16.0},{"not_picked":["Skewer","Bouncing Flask"],"picked":"Heel Hook","floor":17.0},{"not_picked":["Deflect","Poisoned Stab"],"picked":"Predator","floor":18.0},{"not_picked":["Riddle With Holes+1","Slice"],"picked":"PiercingWail","floor":19},{"not_picked":["Well Laid Plans","Poisoned Stab","Slice+1"],"picked":"SKIP","floor":20},{"not_picked":["Quick Slash","Infinite Blades"],"picked":"Crippling Poison","floor":22},{"not_picked":["Quick Slash","Slice"],"picked":"Die Die Die","floor":24}],"player_experience":2608240,"relics_obtained":[{"floor":7.0,"key":"Bag of Preparation"},{"floor":9.0,"key":"Lantern"}],"event_choices":[{"damage_healed":0.0,"max_hp_gain":0.0,"max_hp_loss":0.0,"gold_gain":75.0,"event_name":"World of Goop","player_choice":"Gather Gold","floor":3.0,"gold_loss":0.0,"damage_taken":11.0},{"damage_healed":0.0,"max_hp_gain":0.0,"max_hp_loss":6.0,"gold_gain":0.0,"event_name":"Golden Idol","player_choice":"Lose Max HP","floor":8.0,"gold_loss":0.0,"damage_taken":0.0,"relics_obtained":["Golden Idol"]},{"damage_healed":0.0,"max_hp_gain":0.0,"max_hp_loss":0.0,"gold_gain":0.0,"event_name":"Shining Light","player_choice":"Ignored","floor":10.0,"gold_loss":0.0,"damage_taken":0.0}],"is_beta":true,"boss_relics":[{"not_picked":["Coffee Dripper","Empty Cage"],"picked":"Tiny House"}],"items_purged_floors":[5,11],"is_endless":false,"potions_floor_spawned":[2,7,18,22,24],"killed_by":"Book of Stabbing","ascension_level":20}}