{"host":"91blwi3hgehj6ch9","time":1613956264,"event":{"mods":["2.2 Compatiblity","AchievementEnabler","BaseMod","Colored Map","DeckTracker","Keyboard Shortcuts","Minty Spire (QoL Compilation)","Permanent Neow","Relic Stats","StSLib","SuperFastMode","everything is the same but u backflip on backflip"],"gold_per_floor":[114,131,146,162,162,188,188,203,256,273,273,286,300,314,314,314,314],"floor_reached":16,"language":"KOR","playtime":293,"items_purged":[],"score":108,"play_id":"1b322a4b-62fb-433d-83a2-d5d5840c1831","local_time":"20210222101104","is_ascension_mode":false,"campfire_choices":[{"data":"Sword Boomerang","floor":7,"key":"SMITH"},{"data":"Perfected Strike","floor":11,"key":"SMITH"},{"floor":15,"key":"REST"}],"circlet_count":0,"master_deck":["Strike_R","Strike_R","Strike_R","Strike_R","Strike_R","Defend_R","Defend_R","Defend_R","Defend_R","Bash","Cleave","Sword Boomerang+1","Thunderclap","Perfected Strike+1","Shrug It Off","Twin Strike"],"relics":["Burning Blood","Art of War","Blue Candle","Smiling Mask"],"acts_visited":["Exordium"],"potions_floor_usage":[6,12],"damage_taken":[{"damage":6,"enemies":"Jaw Worm","floor":1,"turns":3},{"damage":1,"enemies":"Cultist","floor":2,"turns":3},{"damage":0,"enemies":"2 Louse","floor":3,"turns":3},{"damage":26,"enemies":"Exordium Wildlife","floor":4,"turns":4},{"damage":30,"enemies":"Gremlin Nob","floor":6,"turns":4},{"damage":11,"enemies":"3 Louse","floor":8,"turns":3},{"damage":9,"enemies":"2 Fungi Beasts","floor":10,"turns":2},{"damage":7,"enemies":"Gremlin Gang","floor":12,"turns":2},{"damage":6,"enemies":"Large Slime","floor":13,"turns":4},{"damage":7,"enemies":"2 Fungi Beasts","floor":14,"turns":3},{"damage":50,"enemies":"Hexaghost","floor":16,"turns":9}],"seed_played":"-1036142636230554111","potions_obtained":[{"floor":1,"key":"Energy Potion"},{"floor":2,"key":"PowerPotion"},{"floor":4,"key":"LiquidMemories"}],"is_trial":false,"path_per_floor":["M","M","M","M","?","E","R","M","T","M","R","M","M","M","R","B"],"character_chosen":"IRONCLAD","items_purchased":[],"campfire_rested":1,"item_purchase_floors":[],"current_hp_per_floor":[80,80,80,60,60,36,36,31,31,28,28,27,27,26,50,0,0],"gold":314,"neow_bonus":"RANDOM_COMMON_RELIC","is_daily":false,"chose_seed":false,"campfire_upgraded":2,"win_rate":0.0,"timestamp":1613956264,"path_taken":["M","M","M","M","?","E","R","M","T","M","R","?","M","M","R","BOSS"],"items_purchased_type":[],"build_version":"2020-12-22","purchased_purges":0,"victory":false,"max_hp_per_floor":[80,80,80,80,80,80,80,80,80,80,80,80,80,80,80,80,80],"relic_stats":{"counters":[11,40],"Blue Candle":[0],"Art of War":[2],"Smiling Mask":0,"obtain_stats":[{"Blue Candle":6,"Art of War":0,"Smiling Mask":9,"Burning Blood":0},{"Blue Candle":5,"Art of War":0,"Smiling Mask":6,"Burning Blood":0},{"Blue Candle":17,"Art of War":0,"Smiling Mask":20,"Burning Blood":0}],"Burning Blood":49},"card_choices":[{"not_picked":["Feel No Pain","Battle Trance","Armaments"],"picked":"SKIP","floor":1},{"not_picked":["Evolve","Power Through","Flex"],"picked":"SKIP","floor":2},{"not_picked":["Flex","Armaments"],"picked":"Cleave","floor":3},{"not_picked":["True Grit","Combust"],"picked":"Sword Boomerang","floor":4},{"not_picked":["Warcry","Cleave"],"picked":"Thunderclap","floor":6},{"not_picked":["Searing Blow","Anger"],"picked":"Perfected Strike","floor":8},{"not_picked":["Dual Wield","Warcry","Fire Breathing"],"picked":"SKIP","floor":10},{"not_picked":["Dark Embrace","Intimidate"],"picked":"Shrug It Off","floor":12},{"not_picked":["Heavy Blade","Body Slam","Intimidate"],"picked":"SKIP","floor":13},{"not_picked":["Anger","Body Slam"],"picked":"Twin Strike","floor":14}],"player_experience":302864,"relics_obtained":[{"floor":6,"key":"Blue Candle"},{"floor":9,"key":"Smiling Mask"}],"event_choices":[{"damage_healed":0,"gold_gain":0,"player_choice":"Bought 0 Potions","damage_taken":0,"max_hp_gain":0,"max_hp_loss":0,"event_name":"The Woman in Blue","floor":5,"gold_loss":0}],"is_beta":false,"boss_relics":[],"items_purged_floors":[],"is_endless":false,"potions_floor_spawned":[1,2,4],"killed_by":"Hexaghost","ascension_level":0}}