{"host":"jxmsv4d84jcvxth5","time":1613953458,"event":{"mods":["AchievementEnabler","BaseMod","Colored Map","Minty Spire (QoL Compilation)","Relic Stats","StSLib"],"gold_per_floor":[117,130,130,144,144,144,172,172,172,172,190,208,239,254,254,330,330,346,365,365,380,399,399,431,443,524,524,524,124,124,224,224,224,224],"floor_reached":33,"language":"ENG","playtime":1935,"items_purged":["Strike_G"],"score":554,"play_id":"08cd0877-9eb2-4f8d-9ed8-45bde8e348dc","local_time":"20210221192418","is_ascension_mode":true,"campfire_choices":[{"data":"Skewer","floor":6,"key":"SMITH"},{"data":"1","floor":8,"key":"LIFT"},{"data":"2","floor":10,"key":"LIFT"},{"data":"3","floor":15,"key":"LIFT"},{"floor":23,"key":"REST"},{"floor":27,"key":"REST"},{"data":"Blade Dance","floor":30,"key":"SMITH"},{"data":"Footwork","floor":32,"key":"SMITH"}],"circlet_count":0,"master_deck":["AscendersBane","Strike_G","Strike_G","Strike_G","Defend_G","Defend_G","Defend_G","Defend_G","Defend_G","Survivor","Neutralize+1","Skewer+1","Poisoned Stab","Riddle With Holes","Leg Sweep","Deflect","Blade Dance+1","Envenom","PiercingWail","Poisoned Stab","Dash","Cloak And Dagger+1","Noxious Fumes","Footwork+1"],"relics":["Ring of the Snake","Girya","Singing Bowl","Eternal Feather","Incense Burner","Philosopher\u0027s Stone","Question Card","HornCleat","Mercury Hourglass","Ginger","Meat on the Bone"],"acts_visited":["Exordium","TheCity"],"potions_floor_usage":[7,13,13,14,21,31],"damage_taken":[{"damage":3.0,"enemies":"2 Louse","floor":1.0,"turns":4.0},{"damage":0.0,"enemies":"Jaw Worm","floor":2.0,"turns":5.0},{"damage":0.0,"enemies":"Cultist","floor":4.0,"turns":4.0},{"damage":6,"enemies":"Gremlin Nob","floor":7,"turns":3},{"damage":6,"enemies":"Looter","floor":11,"turns":2},{"damage":1,"enemies":"Red Slaver","floor":12,"turns":3},{"damage":6,"enemies":"Lagavulin","floor":13,"turns":5},{"damage":0,"enemies":"Exordium Thugs","floor":14,"turns":4},{"damage":15,"enemies":"Slime Boss","floor":16,"turns":8},{"damage":7,"enemies":"Spheric Guardian","floor":18,"turns":3},{"damage":4,"enemies":"Chosen","floor":19,"turns":4},{"damage":11,"enemies":"Centurion and Healer","floor":21,"turns":7},{"damage":29,"enemies":"Sentry and Sphere","floor":22,"turns":5},{"damage":31,"enemies":"Book of Stabbing","floor":24,"turns":6},{"damage":11,"enemies":"Chosen and Byrds","floor":25,"turns":5},{"damage":3,"enemies":"Colosseum Slavers","floor":31,"turns":4},{"damage":8,"enemies":"Colosseum Nobs","floor":31,"turns":3},{"damage":49,"enemies":"Champ","floor":33,"turns":10}],"seed_played":"-3627410368747159434","potions_obtained":[{"floor":2.0,"key":"PowerPotion"},{"floor":4.0,"key":"DuplicationPotion"},{"floor":11,"key":"Swift Potion"},{"floor":13,"key":"AttackPotion"},{"floor":18,"key":"CunningPotion"},{"floor":19,"key":"SpeedPotion"},{"floor":22,"key":"Weak Potion"}],"is_trial":false,"path_per_floor":["M","M","?","M","?","R","E","R","T","R","M","M","E","M","R","B",null,"M","M","?","M","M","R","E","M","T","R","?","$","R","?","R","B"],"character_chosen":"THE_SILENT","items_purchased":["Mercury Hourglass","Footwork"],"campfire_rested":2,"item_purchase_floors":[29,29],"current_hp_per_floor":[56,56,38,38,38,38,32,32,32,41,35,36,30,30,39,24,57,52,48,48,39,10,43,12,1,1,34,34,34,46,37,49,0,0],"gold":224,"neow_bonus":"UPGRADE_CARD","is_daily":false,"chose_seed":false,"campfire_upgraded":3,"win_rate":0.0,"timestamp":1613953458,"path_taken":["M","M","?","M","?","R","E","R","T","R","M","M","E","?","R","BOSS","M","M","?","M","?","R","E","M","T","R","?","?","R","?","R","BOSS"],"items_purchased_type":["Relic","Card"],"build_version":"2020-12-22","purchased_purges":1,"victory":false,"max_hp_per_floor":[66,66,66,66,66,66,66,66,66,66,66,68,68,68,68,68,68,70,70,70,72,72,72,72,72,72,72,72,72,72,74,74,74,74],"relic_stats":{"Singing Bowl":8,"counters":[18,85],"Eternal Feather":66,"Ginger":[2],"Question Card":2,"obtain_stats":[{"Girya":3,"HornCleat":26,"Singing Bowl":7,"Eternal Feather":9,"Philosopher\u0027s Stone":17,"Incense Burner":13,"Ginger":31,"Question Card":24,"Ring of the Snake":0,"Mercury Hourglass":29,"Meat on the Bone":31},{"Girya":2,"HornCleat":15,"Singing Bowl":4,"Eternal Feather":4,"Philosopher\u0027s Stone":9,"Incense Burner":7,"Ginger":17,"Question Card":14,"Ring of the Snake":0,"Mercury Hourglass":15,"Meat on the Bone":17},{"Girya":9,"HornCleat":68,"Singing Bowl":16,"Eternal Feather":16,"Philosopher\u0027s Stone":38,"Incense Burner":26,"Ginger":75,"Question Card":63,"Ring of the Snake":0,"Mercury Hourglass":68,"Meat on the Bone":75}],"Ring of the Snake":[36],"Mercury Hourglass":[42],"Meat on the Bone":0},"card_choices":[{"not_picked":["Slice","Finisher"],"picked":"Skewer","floor":1.0},{"not_picked":["Underhanded Strike","Footwork"],"picked":"Poisoned Stab","floor":2.0},{"not_picked":["Outmaneuver","Acrobatics","Blade Dance"],"picked":"SKIP","floor":4.0},{"not_picked":["Outmaneuver","All Out Attack"],"picked":"Riddle With Holes","floor":7},{"not_picked":["Tactician","Blade Dance"],"picked":"Leg Sweep","floor":11},{"not_picked":["Leg Sweep","Blade Dance","Bullet Time"],"picked":"Singing Bowl","floor":12},{"not_picked":["Eviscerate","Crippling Poison"],"picked":"Deflect","floor":13},{"not_picked":["Dodge and Roll","Deadly Poison"],"picked":"Blade Dance","floor":14},{"not_picked":["After Image","A Thousand Cuts"],"picked":"Envenom","floor":16},{"not_picked":["Finisher","Dagger Throw","Poisoned Stab"],"picked":"Singing Bowl","floor":18},{"not_picked":["Poisoned Stab","Acrobatics"],"picked":"PiercingWail","floor":19},{"not_picked":["Sucker Punch","PiercingWail","Dagger Spray"],"picked":"Singing Bowl","floor":21},{"not_picked":["Noxious Fumes","Concentrate"],"picked":"Dash","floor":22},{"not_picked":["Calculated Gamble","Dash"],"picked":"Cloak And Dagger+1","floor":24},{"not_picked":["Backflip","Deadly Poison","Cloak And Dagger"],"picked":"Noxious Fumes","floor":25},{"not_picked":["Flying Knee","Quick Slash","Underhanded Strike","Deflect"],"picked":"Singing Bowl","floor":31}],"player_experience":1589189,"relics_obtained":[{"floor":7,"key":"Singing Bowl"},{"floor":9,"key":"Eternal Feather"},{"floor":13,"key":"Incense Burner"},{"floor":24,"key":"Question Card"},{"floor":26,"key":"HornCleat"},{"floor":31,"key":"Ginger"},{"floor":31,"key":"Meat on the Bone"}],"event_choices":[{"damage_healed":0.0,"max_hp_gain":0.0,"max_hp_loss":0.0,"gold_gain":0.0,"event_name":"Scrap Ooze","player_choice":"Success","floor":3.0,"gold_loss":0.0,"damage_taken":18.0,"relics_obtained":["Girya"]},{"damage_healed":0,"gold_gain":0,"player_choice":"Leave","damage_taken":0,"max_hp_gain":0,"max_hp_loss":0,"event_name":"FaceTrader","floor":5,"gold_loss":0},{"damage_healed":0,"gold_gain":0,"cards_transformed":["Strike_G"],"player_choice":"Transformed","damage_taken":0,"max_hp_gain":0,"max_hp_loss":0,"event_name":"Transmorgrifier","floor":20,"gold_loss":0,"cards_obtained":["Poisoned Stab"]},{"damage_healed":0,"gold_gain":0,"player_choice":"Ignored","damage_taken":0,"max_hp_gain":0,"max_hp_loss":0,"event_name":"Vampires","floor":28,"gold_loss":0},{"damage_healed":0,"gold_gain":0,"player_choice":"Fight","damage_taken":0,"max_hp_gain":0,"max_hp_loss":0,"event_name":"Colosseum","floor":31,"gold_loss":0},{"damage_healed":0,"gold_gain":0,"player_choice":"Fought Nobs","damage_taken":0,"max_hp_gain":0,"max_hp_loss":0,"event_name":"Colosseum","floor":31,"gold_loss":0}],"is_beta":false,"boss_relics":[{"not_picked":["Ring of the Serpent","HoveringKite"],"picked":"Philosopher\u0027s Stone"}],"items_purged_floors":[29],"is_endless":false,"potions_floor_spawned":[2,4,11,13,18,19,22,25],"killed_by":"Champ","ascension_level":20}}