{"host":"yassvrowvc2yfwp2","time":1613970697,"event":{"mods":["2.2 Compatiblity","Act Like it!","BaseMod","Better Note","Curses Come First","Dota2Spire","Downfall","HololiveMod","Jorbs\u0027s Wanderer Trilogy","Minty Spire (QoL Compilation)","Prisma Mod","Rare Cards Sparkle","Reimu£®≤©¿ˆ¡È√Œ£©","Replay The Spire","Say the Spire","Spicy Shops","StSLib","The Bug Knight","The Cursed","The Servant 0.9.4"],"gold_per_floor":[88,88,110,129,148,200,200,405,405,405,454,454,454,493,493,609,609,640,600,600,650,356,387,387,420,420,335,370,437,362,380,380,485,485,503,503,518,205,255,255,319,332,357,112,146,0,0,13,13,36,36,36,20,57,71],"floor_reached":56,"language":"ZHS","playtime":2049,"items_purged":["Voices"],"score":2110,"play_id":"9c9d3ca1-dd53-4c4d-99d5-97c0bba396be","local_time":"20210222131137","is_ascension_mode":true,"campfire_choices":[{"data":"Hololive_CallHoshimachiSuisei","floor":7,"key":"SMITH"},{"floor":10,"key":"REST"},{"data":"Hololive_StarCraft","floor":12,"key":"SMITH"},{"floor":15,"key":"DIG"},{"data":"Apotheosis","floor":24,"key":"SMITH"},{"data":"ZunPunch:ReiMu","floor":32,"key":"SMITH"},{"floor":49,"key":"RECALL"},{"data":"Hololive_DurableLive","floor":52,"key":"SMITH"}],"circlet_count":0,"master_deck":["Hololive_Trident","Hololive_CallKiryuuCoco","Hololive_CallMurasakiShion","Hololive_CallYozoraMel","Hololive_CallSakuraMiko","Hololive_CallTsunomakiWatame","Hololive_CallTokinoSora","Hololive_CallShirakamiFubuki","Hololive_CallDoris","Hololive_CallHoshimachiSuisei+1","Hololive_CallYukihanaLamy","Hololive_CallTokoyamiTowa","Hololive_StarCraft+1","Hololive_CallRoboco","Hololive_MaximGun+1","Hololive_LuckPotion+1","ZunPunch:ReiMu+1","Hololive_Psychosis+1","Hololive_MaximGun+1","Hololive_CallAZKi","Panache","Apotheosis+1","Magnetism","Hololive_IdolExercise+1","Hololive_IdolExercise+1","Hololive_CallOzoraSubaru","Hololive_CallShiranuiFlare+1","Hololive_CallYuzukiChoco","Hololive_CallYuzukiChoco","Hololive_CallArtia+1","Hololive_AWSL","Hololive_Watashimo+1","Hololive_CallHimemoriLuna+1","Hololive_CallFriendA+1","Hololive_CallUsadaPekora+1","Hololive_CallManoAloe","Hololive_DurableLive+1","Hololive_DevilCharm+1","Hololive_CallFriendA+1","Specialist","Poisoned Strike+1","Hololive_CallAyundaRisu+1","Hololive_CallUruhaRushia+1","Hololive_Nanodesu+1","Hololive_CallCivia+1"],"relics":["Hololive_TheStar","Regal Pillow","Molten Egg 2","Juzu Bracelet","Dota2Spire:ArcaneBoots","Snecko Heart","Blue Doll","ReplayTheSpireMod:CursedCoin","ReplayTheSpireMod:ShopPack","Mastiff:ReiMu","Bag of Preparation","Bird Faced Urn","HollowMod:QueensCombRelic","Peace Pipe","Astrolabe","Hololive_LightStick","FossilizedHelix","InkBottle","Dota2Spire:DrumOfEndurance","Replay:PocketPolymizer","Red Mask","Replay:Bottled Eggs","Vajra"],"acts_visited":["Exordium","TheCity","TheBeyond","TheEnding"],"potions_floor_usage":[55],"damage_taken":[{"damage":0,"enemies":"Jaw Worm","floor":1,"turns":3},{"damage":0,"enemies":"Cultist","floor":3,"turns":3},{"damage":0,"enemies":"Small Slimes","floor":4,"turns":2},{"damage":0,"enemies":"Blue Slaver","floor":5,"turns":3},{"damage":0,"enemies":"HollowMod:MossKnight","floor":6,"turns":4},{"damage":0,"enemies":"Lagavulin","floor":11,"turns":5},{"damage":0,"enemies":"Gremlin Nob","floor":14,"turns":3},{"damage":0,"enemies":"Hexaghost","floor":16,"turns":5},{"damage":0,"enemies":"3 Byrds","floor":18,"turns":2},{"damage":0,"enemies":"Cultist and Chosen","floor":21,"turns":5},{"damage":0,"enemies":"Replay:Snechameleon","floor":23,"turns":3},{"damage":10,"enemies":"Gremlin Leader","floor":25,"turns":3},{"damage":0,"enemies":"Slavers","floor":28,"turns":2},{"damage":0,"enemies":"Centurion and Healer","floor":29,"turns":3},{"damage":0,"enemies":"3 Cultists","floor":31,"turns":1},{"damage":0,"enemies":"Champ","floor":33,"turns":7},{"damage":0,"enemies":"3 Shapes","floor":35,"turns":1},{"damage":0,"enemies":"Orb Walker","floor":37,"turns":1},{"damage":0,"enemies":"Mind Bloom Boss Battle","floor":39,"turns":2},{"damage":0,"enemies":"Nemesis","floor":41,"turns":3},{"damage":0,"enemies":"Jaw Worm Horde","floor":42,"turns":2},{"damage":0,"enemies":"Giant Head","floor":45,"turns":5},{"damage":0,"enemies":"Sphere and 2 Shapes","floor":48,"turns":3},{"damage":0,"enemies":"Time Eater","floor":50,"turns":7},{"damage":0,"enemies":"Shield and Spear","floor":54,"turns":5},{"damage":0,"enemies":"The Heart","floor":55,"turns":7}],"seed_played":"708711983109685959","potions_obtained":[{"floor":1,"key":"Strength Potion"},{"floor":5,"key":"AttackPotion"},{"floor":6,"key":"Death Potion"}],"is_trial":false,"path_per_floor":["M","?","M","M","M","E","R","?","T","R","E","R","?","E","R","B",null,"M","?","$","M","$","E","R","E","T","?","E","M","$","M","R","B",null,"M","?","M","$","?","?","E","M","T","$","E","?","T","M","R","B",null,"R","$","E","B",null],"character_chosen":"Hololive_HololiveCharacter","items_purchased":["Blue Doll","ReplayTheSpireMod:CursedCoin","ReplayTheSpireMod:ShopPack","Hololive_MaximGun+1","Hololive_CallAZKi","Hololive_CallYuzukiChoco","Hololive_LightStick","Hololive_DurableLive","Specialist","Poisoned Strike+1","Hololive_Nanodesu+1"],"campfire_rested":1,"item_purchase_floors":[20,20,22,22,22,30,38,38,44,44,53],"current_hp_per_floor":[35,35,35,35,35,35,35,20,20,38,38,38,38,38,38,38,38,38,38,38,38,38,38,38,28,28,24,24,24,24,24,24,24,24,25,24,25,25,26,26,27,28,28,28,29,29,29,30,30,31,31,31,31,32,33],"gold":71,"neow_bonus":"TEN_PERCENT_HP_BONUS","is_daily":false,"chose_seed":false,"campfire_upgraded":5,"win_rate":0.0,"timestamp":1613970697,"path_taken":["M","?","?","M","M","E","R","?","T","R","E","R","?","E","R","BOSS","M","?","$","M","$","E","R","E","T","?","E","M","$","M","R","BOSS","M","?","M","$","?","?","E","M","T","?","E","?","?","M","R","BOSS","R","$","E","BOSS"],"items_purchased_type":["Relic","Relic","Relic","Card","Card","Card","Relic","Card","Card","Card","Card"],"build_version":"2020-12-22","purchased_purges":1,"victory":true,"max_hp_per_floor":[38,38,38,38,38,38,38,38,38,38,38,38,38,38,38,38,38,38,38,38,38,38,38,38,38,38,24,24,24,24,24,24,24,24,25,24,25,25,26,26,27,28,28,28,29,29,29,30,30,31,31,31,31,32,33],"card_choices":[{"not_picked":["Hololive_CallInugamiKorone","Hololive_StrengthChampion","Hololive_CallNakiriAyame"],"picked":"Hololive_CallTokinoSora","floor":1},{"not_picked":["Hololive_FlyingPonyTail","Hololive_CallAyundaRisu","Hololive_OvertimeWork"],"picked":"Hololive_CallShirakamiFubuki","floor":3},{"not_picked":["Hololive_CallSpadeEcho","Hololive_CallShiranuiFlare","Hololive_Drill"],"picked":"Hololive_CallDoris","floor":4},{"not_picked":["Hololive_CallNekomataOkayu","Hololive_CocoNews","Hololive_CallShiranuiFlare"],"picked":"Hololive_CallHoshimachiSuisei","floor":5},{"not_picked":["Hololive_OvertimeWork","Hololive_Psychosis","Hololive_Rebound"],"picked":"Hololive_CallYukihanaLamy","floor":6},{"not_picked":["Hololive_Breathe","Hololive_CocoNews","Hololive_CallSakuraMiko"],"picked":"Hololive_CallTokoyamiTowa","floor":8},{"not_picked":["Hololive_CallRosalyn","Hololive_CallAyundaRisu","Hololive_FlyingPonyTail"],"picked":"Hololive_StarCraft","floor":11},{"not_picked":["Hololive_CallYuzukiChoco","Hololive_Rebound","Hololive_ILoveYou"],"picked":"Hololive_CallRoboco","floor":14},{"not_picked":["Hololive_DDD","Hololive_Rebirth","Hololive_BeCareful"],"picked":"Hololive_MaximGun+1","floor":16},{"not_picked":["Hololive_CocoNews+1","Hololive_Spy","Hololive_Drill+1"],"picked":"Hololive_LuckPotion+1","floor":18},{"not_picked":["Hololive_Sequa+1","Hololive_CallMurasakiShion+1","Hololive_CocoNews+1"],"picked":"Hololive_Psychosis+1","floor":21},{"not_picked":["Magnetism","HandOfGreed","Secret Weapon"],"picked":"Panache","floor":22},{"not_picked":["Blind","Replay:Sssssssssshield","Flash of Steel"],"picked":"Apotheosis","floor":22},{"not_picked":["Survey Options","ReplayTheSpireMod:Uncanny Aura","Trip"],"picked":"Magnetism","floor":22},{"not_picked":["Hololive_CallTokinoSora","Hololive_Sequa+1","Hololive_StrengthChampion+1"],"picked":"Hololive_IdolExercise","floor":23},{"not_picked":["Hololive_Yoholoon+1","Hololive_CandyCastle","Hololive_CallSpadeEcho"],"picked":"Hololive_IdolExercise","floor":25},{"not_picked":["Hololive_CallDoris","Hololive_CallAkiRosenthal","Hololive_Breathe"],"picked":"Hololive_CallOzoraSubaru","floor":28},{"not_picked":["Hololive_Sequa+1","Hololive_HuntDinosaur","Hololive_StrengthChampion+1"],"picked":"Hololive_CallShiranuiFlare+1","floor":29},{"not_picked":["Hololive_FlyingPonyTail","Hololive_CallYukihanaLamy","Hololive_CallYuzukiChoco"],"picked":"Hololive_CallArtia+1","floor":31},{"not_picked":["Hololive_IdolExercise","Hololive_Nanodesu+1","Hololive_FlareMind"],"picked":"Hololive_AWSL","floor":33},{"not_picked":["Hololive_FlyingPonyTail","Hololive_Sequa+1","Hololive_Rebound"],"picked":"Hololive_CallUsadaPekora+1","floor":35},{"not_picked":["Hololive_Psychosis+1","Hololive_LuckPotion+1","Hololive_HuntDinosaur"],"picked":"Hololive_CallManoAloe","floor":37},{"not_picked":["Hololive_Yoholoon+1","Hololive_Breathe","Hololive_HuntDinosaur+1"],"picked":"Hololive_DevilCharm+1","floor":39},{"not_picked":["Hololive_CallYukihanaLamy","Hololive_CallKiryuuCoco","Hololive_OvertimeWork+1"],"picked":"Hololive_CallFriendA+1","floor":41},{"not_picked":["Hololive_LuckPotion","Hololive_SoulCatcher+1","Hololive_Drill+1","Hololive_DevilCharm"],"picked":"SKIP","floor":42},{"not_picked":["Hololive_FlyingPonyTail","Hololive_RevenueBasedLive","Hololive_DevilCharm+1"],"picked":"Hololive_CallAyundaRisu+1","floor":45},{"not_picked":["Hololive_CallOkamiMio","Hololive_FlyingPonyTail","Hololive_RevenueBasedLive+1"],"picked":"Hololive_CallUruhaRushia+1","floor":48},{"not_picked":["Hololive_CallNekomataOkayu","Hololive_CallYogiri","Hololive_CallArtia"],"picked":"Hololive_CallCivia+1","floor":54}],"player_experience":2190037,"relics_obtained":[{"floor":6,"key":"Regal Pillow"},{"floor":11,"key":"Molten Egg 2"},{"floor":14,"key":"Juzu Bracelet"},{"floor":15,"key":"Dota2Spire:ArcaneBoots"},{"floor":23,"key":"Mastiff:ReiMu"},{"floor":25,"key":"Bag of Preparation"},{"floor":26,"key":"Bird Faced Urn"},{"floor":28,"key":"Peace Pipe"},{"floor":39,"key":"FossilizedHelix"},{"floor":41,"key":"InkBottle"},{"floor":43,"key":"Dota2Spire:DrumOfEndurance"},{"floor":45,"key":"Replay:PocketPolymizer"},{"floor":47,"key":"Replay:Bottled Eggs"},{"floor":54,"key":"Vajra"}],"event_choices":[{"cards_removed":["Hololive_Strike"],"damage_healed":0,"gold_gain":0,"player_choice":"Purged","damage_taken":0,"max_hp_gain":0,"max_hp_loss":0,"event_name":"Purifier","floor":2,"gold_loss":0},{"damage_healed":0,"gold_gain":0,"player_choice":"Leave","damage_taken":0,"max_hp_gain":0,"max_hp_loss":0,"event_name":"The Cleric","floor":13,"gold_loss":0},{"damage_healed":0,"gold_gain":0,"player_choice":"Ωª≥ˆ…Òæ∆","damage_taken":0,"max_hp_gain":0,"max_hp_loss":0,"event_name":"ZunEvent","floor":19,"relics_lost":["ZunR:ReiMu"],"gold_loss":0,"cards_obtained":["ZunPunch:ReiMu"]},{"damage_healed":0,"gold_gain":0,"player_choice":"Obtained Relic","damage_taken":0,"relics_obtained":["HollowMod:QueensCombRelic"],"max_hp_gain":0,"max_hp_loss":0,"event_name":"Addict","floor":27,"gold_loss":85},{"damage_healed":0,"gold_gain":0,"player_choice":"Max HP","damage_taken":0,"max_hp_gain":0,"max_hp_loss":1,"event_name":"Winding Halls","floor":36,"gold_loss":0},{"damage_healed":0,"gold_gain":0,"player_choice":"Fight","damage_taken":0,"max_hp_gain":0,"max_hp_loss":0,"event_name":"MindBloom","floor":39,"gold_loss":0},{"damage_healed":0,"gold_gain":0,"player_choice":"Paid","damage_taken":0,"relics_obtained":["Red Mask"],"max_hp_gain":0,"max_hp_loss":0,"event_name":"Tomb of Lord Red Mask","floor":46,"gold_loss":146}],"is_beta":false,"boss_relics":[{"not_picked":["SacredBark","Snecko Eye"],"picked":"Snecko Heart"},{"not_picked":["Hololive_ChaosS","Replay:Drink Me"],"picked":"Astrolabe"}],"items_purged_floors":[20],"is_endless":false,"potions_floor_spawned":[1,5,6,16,21,23,25,29,37,41],"ascension_level":6}}