{"host":"7j2n82b2zha9fuyn","time":1613982122,"event":{"mods":["BaseMod","Block Reminder","Minty Spire (QoL Compilation)","StSLib"],"gold_per_floor":[118,43,59,59,59,59,80,101,101,101,144,144,185,210,210,306,306,329,329,154,172,191,230,277,289,301,357,36,36,36,61,61,61,61],"floor_reached":33,"language":"ENG","playtime":2673,"items_purged":[],"score":586,"play_id":"be0abac7-90a2-4b9a-8998-b8389ff67c0c","local_time":"20210222012202","is_ascension_mode":true,"campfire_choices":[{"data":"Deadly Poison","floor":6.0,"key":"SMITH"},{"data":"Neutralize","floor":10.0,"key":"SMITH"},{"data":"All Out Attack","floor":12.0,"key":"SMITH"},{"data":"Tools of the Trade","floor":15.0,"key":"SMITH"},{"floor":29.0,"key":"REST"},{"data":"Malaise","floor":32.0,"key":"SMITH"}],"circlet_count":0,"master_deck":["AscendersBane","Strike_G","Strike_G","Defend_G","Defend_G","Defend_G","Defend_G","Defend_G","Survivor","Neutralize+1","Blade Dance","Deadly Poison+1","Backflip","Dagger Throw","Reflex","All Out Attack+1","Tools of the Trade+1","Escape Plan","Unload","Malaise+1","Underhanded Strike","Backflip","Acrobatics","PiercingWail","Expertise+1","Slice"],"relics":["Ring of the Snake","Omamori","Golden Idol","Paper Crane","Orichalcum","HornCleat","Philosopher\u0027s Stone","MawBank","Red Mask","Singing Bowl","Meat on the Bone","Shuriken"],"acts_visited":["Exordium","TheCity"],"potions_floor_usage":[33],"damage_taken":[{"damage":1.0,"enemies":"2 Louse","floor":1.0,"turns":4.0},{"damage":3.0,"enemies":"Small Slimes","floor":3.0,"turns":4.0},{"damage":0.0,"enemies":"Cultist","floor":7.0,"turns":3.0},{"damage":1.0,"enemies":"Blue Slaver","floor":8.0,"turns":4.0},{"damage":6.0,"enemies":"Gremlin Nob","floor":11.0,"turns":4.0},{"damage":2.0,"enemies":"Lagavulin","floor":13.0,"turns":7.0},{"damage":2.0,"enemies":"2 Fungi Beasts","floor":14.0,"turns":3.0},{"damage":4.0,"enemies":"Slime Boss","floor":16.0,"turns":6.0},{"damage":7.0,"enemies":"Shell Parasite","floor":18.0,"turns":3.0},{"damage":3.0,"enemies":"Spheric Guardian","floor":21.0,"turns":4.0},{"damage":21.0,"enemies":"Shelled Parasite and Fungi","floor":22.0,"turns":6.0},{"damage":17.0,"enemies":"Slavers","floor":23.0,"turns":6.0},{"damage":0.0,"enemies":"Masked Bandits","floor":24.0,"turns":2.0},{"damage":3.0,"enemies":"Book of Stabbing","floor":27.0,"turns":7.0},{"damage":0.0,"enemies":"Snake Plant","floor":31.0,"turns":5.0},{"damage":36,"enemies":"Collector","floor":33,"turns":6}],"seed_played":"-3377478831023945330","potions_obtained":[{"floor":8.0,"key":"ColorlessPotion"},{"floor":11.0,"key":"CunningPotion"},{"floor":14.0,"key":"LiquidMemories"},{"floor":16.0,"key":"GamblersBrew"},{"floor":18.0,"key":"AttackPotion"},{"floor":24.0,"key":"SkillPotion"}],"is_trial":false,"path_per_floor":["M","?","M","?","?","R","M","M","T","R","E","R","E","M","R","B",null,"M","?","$","M","M","E","?","$","T","E","$","R","?","M","R","B"],"character_chosen":"THE_SILENT","items_purchased":["Malaise","Shuriken","SteroidPotion"],"campfire_rested":1,"item_purchase_floors":[20,28,28],"current_hp_per_floor":[58,58,55,55,55,55,55,54,54,54,48,48,46,44,44,40,55,48,48,48,45,24,7,7,7,7,4,4,22,22,34,34,0,0],"gold":61,"neow_bonus":"RANDOM_COMMON_RELIC","is_daily":false,"chose_seed":false,"campfire_upgraded":5,"win_rate":0.0,"timestamp":1613982122,"path_taken":["M","?","M","?","?","R","M","M","T","R","E","R","E","M","R","BOSS","M","?","$","M","?","E","?","$","T","E","$","R","?","M","R","BOSS"],"items_purchased_type":["Card","Relic","Potion"],"build_version":"2020-12-22","purchased_purges":0,"victory":false,"max_hp_per_floor":[66,66,66,66,60,60,60,60,60,60,60,60,60,60,60,60,60,60,60,60,60,60,60,60,60,60,60,60,60,60,60,60,60,60],"card_choices":[{"not_picked":["Deadly Poison","Dagger Spray"],"picked":"Blade Dance","floor":1.0},{"not_picked":["PiercingWail","Cloak And Dagger"],"picked":"Deadly Poison","floor":3.0},{"not_picked":["Slice","Bane"],"picked":"Dagger Throw","floor":7.0},{"not_picked":["Heel Hook","Concentrate"],"picked":"Reflex","floor":8.0},{"not_picked":["Concentrate","Slice"],"picked":"All Out Attack","floor":11.0},{"not_picked":["Masterful Stab","Underhanded Strike"],"picked":"Tools of the Trade","floor":13.0},{"not_picked":["Cloak And Dagger","Backflip"],"picked":"Escape Plan","floor":14.0},{"not_picked":["Night Terror","Venomology"],"picked":"Unload","floor":16.0},{"not_picked":["Accuracy","Escape Plan","Flechettes"],"picked":"SKIP","floor":18.0},{"not_picked":["Reflex+1","Distraction"],"picked":"Underhanded Strike","floor":21.0},{"not_picked":["Flechettes","Dodge and Roll"],"picked":"Backflip","floor":22.0},{"not_picked":["Outmaneuver","Setup"],"picked":"Acrobatics","floor":23.0},{"not_picked":["Backflip","Blade Dance"],"picked":"PiercingWail","floor":24.0},{"not_picked":["Slice","Outmaneuver+1"],"picked":"Expertise+1","floor":27.0},{"not_picked":["Masterful Stab","Deadly Poison"],"picked":"Slice","floor":31.0}],"player_experience":2098205,"relics_obtained":[{"floor":9.0,"key":"Paper Crane"},{"floor":11.0,"key":"Orichalcum"},{"floor":13.0,"key":"HornCleat"},{"floor":23.0,"key":"MawBank"},{"floor":24.0,"key":"Red Mask"},{"floor":26.0,"key":"Singing Bowl"},{"floor":27.0,"key":"Meat on the Bone"}],"event_choices":[{"cards_removed":["Strike_G"],"damage_healed":0.0,"max_hp_gain":0.0,"max_hp_loss":0.0,"gold_gain":0.0,"event_name":"The Cleric","player_choice":"Card Removal","floor":2.0,"gold_loss":75.0,"damage_taken":0.0},{"damage_healed":0.0,"max_hp_gain":0.0,"max_hp_loss":0.0,"gold_gain":0.0,"cards_transformed":["Strike_G"],"event_name":"Living Wall","player_choice":"Change","floor":4.0,"gold_loss":0.0,"damage_taken":0.0,"cards_obtained":["Backflip"]},{"damage_healed":0.0,"max_hp_gain":0.0,"max_hp_loss":6.0,"gold_gain":0.0,"event_name":"Golden Idol","player_choice":"Lose Max HP","floor":5.0,"gold_loss":0.0,"damage_taken":0.0,"relics_obtained":["Golden Idol"]},{"cards_removed":["Strike_G"],"damage_healed":0.0,"max_hp_gain":0.0,"max_hp_loss":0.0,"gold_gain":0.0,"event_name":"Purifier","player_choice":"Purged","floor":19.0,"gold_loss":0.0,"damage_taken":0.0},{"damage_healed":0.0,"max_hp_gain":0.0,"max_hp_loss":0.0,"gold_gain":0.0,"event_name":"Masked Bandits","player_choice":"Fought Bandits","floor":24.0,"gold_loss":0.0,"damage_taken":0.0},{"damage_healed":0.0,"max_hp_gain":0.0,"max_hp_loss":0.0,"gold_gain":0.0,"event_name":"Vampires","player_choice":"Ignored","floor":30.0,"gold_loss":0.0,"damage_taken":0.0}],"is_beta":false,"boss_relics":[{"not_picked":["Velvet Choker","Fusion Hammer"],"picked":"Philosopher\u0027s Stone"}],"items_purged_floors":[],"is_endless":false,"potions_floor_spawned":[8,11,14,16,18,21,24,31],"killed_by":"Collector","ascension_level":20}}