{"host":"wbn3xdfsa5pc2kse","time":1613998502,"event":{"mods":["AchievementEnabler","BaseMod","Bestiary","Colored Map","Colored Powertips","Curses Come First","Highlight Path","Minty Spire (QoL Compilation)","Permanent Neow","Rare Cards Sparkle","Relic Stats","StSLib"],"gold_per_floor":[109,121,7,57,68,68,84,100,125,150,150,166,194,214,214,214,214],"floor_reached":16,"language":"ZHT","playtime":594,"items_purged":["Strike_P"],"score":228,"play_id":"b700d497-d6e1-4d17-8b3a-a634b90f8bdd","local_time":"20210222205502","is_ascension_mode":true,"campfire_choices":[{"data":"Wallop","floor":6.0,"key":"SMITH"},{"data":"Tantrum","floor":11,"key":"SMITH"},{"data":"Eruption","floor":15,"key":"SMITH"}],"circlet_count":0,"master_deck":["AscendersBane","Strike_P","Strike_P","Strike_P","Defend_P","Defend_P","Defend_P","Defend_P","Eruption+1","Vigilance","Brilliance","ReachHeaven","FlyingSleeves","Wallop+1","DeceiveReality","Tantrum+1","MentalFortress","ClearTheMind","Wireheading","EmptyBody","EmptyMind"],"relics":["PureWater","Nunchaku","Lantern","Toy Ornithopter"],"acts_visited":["Exordium"],"potions_floor_usage":[10,12,16],"damage_taken":[{"damage":0.0,"enemies":"Small Slimes","floor":1.0,"turns":3.0},{"damage":0.0,"enemies":"Cultist","floor":2.0,"turns":2.0},{"damage":3.0,"enemies":"2 Louse","floor":5.0,"turns":3.0},{"damage":4.0,"enemies":"Exordium Thugs","floor":7.0,"turns":4.0},{"damage":0,"enemies":"Large Slime","floor":8,"turns":4},{"damage":19,"enemies":"3 Sentries","floor":10,"turns":8},{"damage":0,"enemies":"Blue Slaver","floor":12,"turns":1},{"damage":8,"enemies":"Lagavulin","floor":13,"turns":6},{"damage":6,"enemies":"Lots of Slimes","floor":14,"turns":4},{"damage":10,"enemies":"The Guardian","floor":16,"turns":8}],"seed_played":"2199635489010858390","potions_obtained":[{"floor":2.0,"key":"Explosive Potion"},{"floor":5.0,"key":"FearPotion"},{"floor":8,"key":"Dexterity Potion"},{"floor":10,"key":"Energy Potion"}],"is_trial":false,"path_per_floor":["M","M","$","?","M","R","M","M","T","E","R","M","E","M","R","B"],"character_chosen":"WATCHER","items_purchased":["Wallop"],"campfire_rested":0,"item_purchase_floors":[3],"current_hp_per_floor":[61,61,61,61,58,58,54,54,54,35,35,35,27,21,21,16,16],"gold":214,"neow_bonus":"ONE_RANDOM_RARE_CARD","is_daily":false,"chose_seed":false,"campfire_upgraded":3,"win_rate":0.0,"timestamp":1613998502,"path_taken":["M","M","$","?","M","R","M","M","T","E","R","M","E","?","R","BOSS"],"items_purchased_type":["Card"],"build_version":"2020-12-22","purchased_purges":1,"victory":false,"max_hp_per_floor":[68,68,68,68,68,68,68,68,68,68,68,68,68,68,68,68,68],"relic_stats":{"Nunchaku":[4],"counters":[10,43],"obtain_stats":[{"Nunchaku":9,"Lantern":10,"PureWater":0,"Toy Ornithopter":13},{"Nunchaku":5,"Lantern":6,"PureWater":0,"Toy Ornithopter":8},{"Nunchaku":16,"Lantern":24,"PureWater":0,"Toy Ornithopter":31}],"Toy Ornithopter":5},"card_choices":[{"not_picked":["PathToVictory","Halt"],"picked":"ReachHeaven","floor":1.0},{"not_picked":["Nirvana","Halt"],"picked":"FlyingSleeves","floor":2.0},{"not_picked":["EmptyFist","Fasting2"],"picked":"DeceiveReality","floor":5.0},{"not_picked":["Perseverance","SignatureMove"],"picked":"Tantrum","floor":7.0},{"not_picked":["SashWhip","ClearTheMind"],"picked":"MentalFortress","floor":8},{"not_picked":["BowlingBash","WindmillStrike"],"picked":"ClearTheMind","floor":10},{"not_picked":["FlyingSleeves","EmptyFist"],"picked":"Wireheading","floor":12},{"not_picked":["ThirdEye","ClearTheMind"],"picked":"EmptyBody","floor":13},{"not_picked":["PathToVictory","FollowUp"],"picked":"EmptyMind","floor":14}],"player_experience":855259,"relics_obtained":[{"floor":9,"key":"Nunchaku"},{"floor":10,"key":"Lantern"},{"floor":13,"key":"Toy Ornithopter"}],"event_choices":[{"damage_healed":0.0,"max_hp_gain":0.0,"max_hp_loss":0.0,"gold_gain":50.0,"event_name":"Golden Shrine","player_choice":"Pray","floor":4.0,"gold_loss":0.0,"damage_taken":0.0}],"is_beta":false,"boss_relics":[],"items_purged_floors":[3],"is_endless":false,"potions_floor_spawned":[2,5,8,10],"killed_by":"The Guardian","ascension_level":20}}