{"host":"gf8hyl7jhl0is674","time":1613953001,"event":{"mods":["2.2 Compatiblity","Act Like it!","BaseMod","CapriCore","Chen","Colored Map","Gensokyo","Hallownest","KinomotoSakuraMod(????)","Koishi","Marisa????????","Minty Spire (QoL Compilation)","Permanent Neow","Reimu??????","StSLib","The Administrix","The Blue Laboratory","The Immortal","The Servant 0.9.4","Waifu the Spire"],"gold_per_floor":[119,130,141,141,159,159,186,186,186,219,219,219,239,267,267,367,367,377,292,292,292,309,309,344,356,368,408,433,464,490,518,530,639,651,673,685,697,729,283,317,317,317,343,343,45,76,125,140,140,244,244,256,256,256,272,272,298,318,343,343,183,183,202,3,23,23,123,123,143,143,143,2,252,252,264,275,304,404,404,418,446,446,446,551,551,571,134,74,90,90,115,115,115,143,143,143,160,160,178,178,275,275,292,292,292],"floor_reached":104,"language":"ENG","playtime":8081,"items_purged":["SpellCardRelease"],"score":2751,"play_id":"8ace2444-4140-4f3e-8b8b-1bd4841732de","local_time":"20210221171641","is_ascension_mode":false,"campfire_choices":[{"data":"ClowCardThePower","floor":6.0,"key":"SMITH"},{"data":"SpellCardSeal","floor":11.0,"key":"SMITH"},{"data":"ClowCardTheWood","floor":15.0,"key":"SMITH"},{"data":"ClowCardTheMaze","floor":23.0,"key":"SMITH"},{"data":"ClowCardTheLoop","floor":25.0,"key":"SMITH"},{"data":"ClowCardTheBubbles","floor":32.0,"key":"SMITH"},{"floor":42.0,"key":"REST"},{"data":"ClowCardTheFlower","floor":44.0,"key":"SMITH"},{"data":"ClowCardTheJump","floor":49.0,"key":"SMITH"},{"data":"ClowCardTheDash","floor":62.0,"key":"SMITH"},{"data":"ClowCardTheGlow","floor":66.0,"key":"SMITH"},{"data":"ClowCardTheLight","floor":74.0,"key":"SMITH"},{"data":"ClowCardTheFloat","floor":79.0,"key":"SMITH"},{"data":"ClowCardTheDark","floor":83.0,"key":"SMITH"},{"data":"1","floor":93.0,"key":"LIFT"},{"data":"2","floor":95.0,"key":"LIFT"},{"floor":100.0,"key":"REST"}],"circlet_count":0,"master_deck":["SakuraCardTheFloat+","SakuraCardTheLoop+","SakuraCardTheWood+","SakuraCardTheShield+","ClowCardTheShield+1","SpellCardSeal+1","ClowCardThePower+1","ClowCardTheFlower+1","ClowCardTheDark+1","ClowCardTheJump+1","ClowCardTheFly","ClowCardTheMaze+1","ClowCardTheBubbles+1","ClowCardTheDash+1","Mayhem+1","ClowCardTheArrow+1","ClowCardTheFight+1","ClowCardTheGlow+1","ClowCardTheLight+1","ManaRampage+1","ClowCardTheTwin","ClowCardTheShadow+1","ClowCardTheSweet","CurseOfTheBell"],"relics":["KSMOD_SealedBook","KSMOD_StarWand","Torii","KSMOD_TaoistSuit","CrazyTorch:ReiMu","Gambling Chip","Ornamental Fan","Busted Crown","White Beast Statue","Potion Belt","MawBank","KSMOD_RollerSkates","Regal Pillow","Happy Flower","PreservedInsect","KSMOD_TomoyosHeart","KSMOD_TouyasBicycle","Juzu Bracelet","Medical Kit","Molten Egg 2","FossilizedHelix","SlaversCollar","Mango","Tea:ReiMu","Mercury Hourglass","Enchiridion","Chemical X","SacredBark","Tiny Chest","KSMOD_GemBrooch","Prayer Wheel","Thread and Needle","Smiling Mask","Girya","Unceasing Top","Calling Bell","Mastiff:ReiMu","Eternal Feather","Ginger"],"acts_visited":["Exordium","TheCity","TheBeyond","Gensokyo:Gensokyo","Gensokyo:Gensokyoer","Gensokyo:Gensokyoest","Hallownest:Greenpath"],"potions_floor_usage":[],"damage_taken":[{"damage":1.0,"enemies":"Cultist","floor":1.0,"turns":3.0},{"damage":3.0,"enemies":"Small Slimes","floor":2.0,"turns":2.0},{"damage":0.0,"enemies":"2 Louse","floor":3.0,"turns":2.0},{"damage":0.0,"enemies":"Exordium Thugs","floor":5.0,"turns":1.0},{"damage":3.0,"enemies":"Gremlin Nob","floor":7.0,"turns":3.0},{"damage":11.0,"enemies":"3 Sentries","floor":10.0,"turns":5.0},{"damage":0.0,"enemies":"Large Slime","floor":13.0,"turns":1.0},{"damage":0.0,"enemies":"Gremlin Nob","floor":14.0,"turns":3.0},{"damage":0.0,"enemies":"Hexaghost","floor":16.0,"turns":8.0},{"damage":0.0,"enemies":"Spheric Guardian","floor":18.0,"turns":1.0},{"damage":0.0,"enemies":"Shell Parasite","floor":22.0,"turns":4.0},{"damage":8.0,"enemies":"Slavers","floor":24.0,"turns":4.0},{"damage":8.0,"enemies":"Gremlin Leader","floor":27.0,"turns":4.0},{"damage":0.0,"enemies":"Shelled Parasite and Fungi","floor":28.0,"turns":5.0},{"damage":0.0,"enemies":"Centurion and Healer","floor":29.0,"turns":4.0},{"damage":1.0,"enemies":"Sentry and Sphere","floor":30.0,"turns":8.0},{"damage":0.0,"enemies":"Snake Plant","floor":31.0,"turns":3.0},{"damage":40.0,"enemies":"Automaton","floor":33.0,"turns":11.0},{"damage":0.0,"enemies":"Orb Walker","floor":35.0,"turns":1.0},{"damage":37.0,"enemies":"3 Darklings","floor":38.0,"turns":9.0},{"damage":10.0,"enemies":"Reptomancer","floor":40.0,"turns":6.0},{"damage":1.0,"enemies":"Nemesis","floor":46.0,"turns":3.0},{"damage":21.0,"enemies":"2 Orb Walkers","floor":47.0,"turns":5.0},{"damage":0.0,"enemies":"Sphere and 2 Shapes","floor":48.0,"turns":4.0},{"damage":26.0,"enemies":"Awakened One","floor":50.0,"turns":19.0},{"damage":1.0,"enemies":"Gensokyo:2_Kodama","floor":52.0,"turns":2.0},{"damage":0.0,"enemies":"Gensokyo:Gryphon","floor":55.0,"turns":2.0},{"damage":0.0,"enemies":"Gensokyo:Aya","floor":57.0,"turns":3.0},{"damage":0.0,"enemies":"Gensokyo:3_Fairies","floor":58.0,"turns":2.0},{"damage":0.0,"enemies":"Gensokyo:Mamizou","floor":59.0,"turns":5.0},{"damage":0.0,"enemies":"Gensokyo:VengefulSpirit","floor":63.0,"turns":2.0},{"damage":0.0,"enemies":"Gensokyo:3_Kodama","floor":65.0,"turns":1.0},{"damage":0.0,"enemies":"Gensokyo:Reimu","floor":67.0,"turns":5.0},{"damage":0.0,"enemies":"Gensokyo:2_Gloops","floor":69.0,"turns":4.0},{"damage":0.0,"enemies":"Gensokyo:CosmicMonolith","floor":75.0,"turns":2.0},{"damage":0.0,"enemies":"Gensokyo:Swordslinger","floor":76.0,"turns":3.0},{"damage":0.0,"enemies":"Gensokyo:Koishi","floor":77.0,"turns":1.0},{"damage":0.0,"enemies":"Gensokyo:Koishi","floor":78.0,"turns":4.0},{"damage":0.0,"enemies":"Gensokyo:Wraith","floor":80.0,"turns":2.0},{"damage":0.0,"enemies":"Gensokyo:Tenshi","floor":81.0,"turns":3.0},{"damage":0.0,"enemies":"Gensokyo:Kaguya","floor":84.0,"turns":5.0},{"damage":0.0,"enemies":"Gensokyo:3_Boulders","floor":86.0,"turns":2.0},{"damage":0.0,"enemies":"Gensokyo:AncientGuardian","floor":89.0,"turns":2.0},{"damage":28.0,"enemies":"Gensokyo:Doremy","floor":91.0,"turns":3.0},{"damage":83.0,"enemies":"Gensokyo:Doremy","floor":92.0,"turns":7.0},{"damage":0.0,"enemies":"Gensokyo:Marisa","floor":94.0,"turns":2.0},{"damage":0.0,"enemies":"Gensokyo:AtlasGolem","floor":97.0,"turns":3.0},{"damage":0.0,"enemies":"Gensokyo:3_Boulders","floor":99.0,"turns":2.0},{"damage":0.0,"enemies":"Gensokyo:Yuyuko","floor":101.0,"turns":6.0},{"damage":0.0,"enemies":"2_ Uuma","floor":103.0,"turns":2.0}],"seed_played":"4190357282558308402","potions_obtained":[{"floor":1.0,"key":"FearPotion"},{"floor":7.0,"key":"blueLaboratory:BottleOfRum"},{"floor":10.0,"key":"Swift Potion"},{"floor":14.0,"key":"blueLaboratory:FruitPunch"},{"floor":22.0,"key":"Explosive Potion"},{"floor":24.0,"key":"Weak Potion"},{"floor":27.0,"key":"LiquidMemories"},{"floor":28.0,"key":"SpeedPotion"},{"floor":29.0,"key":"DuplicationPotion"},{"floor":30.0,"key":"Strength Potion"},{"floor":31.0,"key":"SpeedPotion"},{"floor":38.0,"key":"blueLaboratory:SavagePotion"},{"floor":46.0,"key":"KSMOD_MagickBottle"},{"floor":47.0,"key":"SkillPotion"},{"floor":48.0,"key":"Weak Potion"},{"floor":50.0,"key":"blueLaboratory:FrostheartPotion"},{"floor":52.0,"key":"ZuzhouPotion:ReiMu"},{"floor":55.0,"key":"BlessingOfTheForge"},{"floor":57.0,"key":"blueLaboratory:ArtificerPotion"},{"floor":67.0,"key":"blueLaboratory:ImpenetrablePotion"},{"floor":75.0,"key":"blueLaboratory:FruitPunch"},{"floor":76.0,"key":"PowerPotion"},{"floor":77.0,"key":"blueLaboratory:StoneskinPotion"},{"floor":78.0,"key":"DistilledChaos"},{"floor":86.0,"key":"blueLaboratory:FruitPreserves"},{"floor":89.0,"key":"blueLaboratory:EmptyBottle"},{"floor":91.0,"key":"blueLaboratory:ForbiddenFruitJuice"},{"floor":94.0,"key":"LiquidMemories"},{"floor":97.0,"key":"blueLaboratory:Moonshine"},{"floor":99.0,"key":"Explosive Potion"},{"floor":103.0,"key":"ZuzhouPotion:ReiMu"}],"is_trial":true,"path_per_floor":["M","M","M","?","M","R","E","$","T","E","R","?","M","E","R","B",null,"M","?","T","?","M","R","E","R","T","E","M","M","M","M","R","B",null,"M","?","?","M","$","E","?","R","T","R","$","E","?","M","R","B",null,"M","?","?","M","?","E","M","E","T","?","R","M","COS","M","R","B",null,"M","?","?","COS","?","R","M","M","E","?","R","M","E","?","R","B",null,"M","$","?","M","?","E","?","R","E","R","?","M","?","M","R","B",null,"M","?"],"character_chosen":"KINOMOTOSAKURA","items_purchased":["Happy Flower","PreservedInsect","Mayhem","Juzu Bracelet","Medical Kit","Girya","blueLaboratory:EmptyBottle"],"campfire_rested":2,"item_purchase_floors":[39,39,39,45,45,87,87],"current_hp_per_floor":[69,66,66,66,66,66,63,63,63,52,52,40,40,40,40,40,70,70,70,70,70,70,70,64,64,64,56,56,56,55,55,55,15,72,72,72,68,31,31,21,21,56,56,56,56,55,34,34,34,8,68,67,60,60,60,60,60,60,60,60,60,60,60,60,60,82,82,82,82,82,82,82,82,82,82,86,86,86,86,86,86,80,80,80,80,80,80,80,80,80,52,52,52,52,52,40,40,8,8,47,47,80,80,80,80],"gold":292,"neow_bonus":"","is_daily":false,"chose_seed":false,"campfire_upgraded":13,"win_rate":0.0,"timestamp":1613953001,"path_taken":["M","M","M","?","M","R","E","$","T","E","R","?","M","E","R","BOSS","M","?","?","?","?","R","E","R","T","E","M","M","?","M","R","BOSS","M","?","?","M","$","E","?","R","T","R","$","E","?","M","R","BOSS","M","?","?","M","?","E","M","E","T","?","R","M","COS","M","R","BOSS","M","?","?","COS","?","R","M","M","E","?","R","M","E","?","R","BOSS","M","?","?","M","?","E","?","R","E","R","?","M","?","M","R","BOSS","M","?"],"items_purchased_type":["Relic","Relic","Card","Relic","Relic","Relic","Potion"],"build_version":"2020-12-22","purchased_purges":1,"victory":false,"max_hp_per_floor":[70,70,70,70,70,70,70,70,70,70,70,70,70,70,70,70,70,70,70,70,70,70,70,72,72,72,72,72,72,72,72,72,72,72,72,72,68,68,68,68,68,68,68,68,68,68,68,68,68,68,68,68,82,82,82,82,82,82,82,82,82,82,82,82,82,82,82,82,82,82,82,82,82,82,82,86,86,86,86,86,86,80,80,80,80,80,80,80,80,80,80,80,80,80,80,80,80,80,80,80,80,80,80,80,80],"card_choices":[{"not_picked":["ClowCardTheCloud","ClowCardTheLittle"],"picked":"ClowCardThePower","floor":1.0},{"not_picked":["ClowCardTheVoice","ClowCardTheWood"],"picked":"ClowCardTheFlower","floor":2.0},{"not_picked":["ClowCardTheRain","ClowCardTheFirey"],"picked":"ClowCardTheWood","floor":3.0},{"not_picked":["ClowCardTheRain","ClowCardTheSnow","ClowCardTheErase"],"picked":"SKIP","floor":5.0},{"not_picked":["ClowCardTheMove","ClowCardTheShot"],"picked":"ClowCardTheDark","floor":7.0},{"not_picked":["ClowCardTheFirey","ClowCardTheBubbles"],"picked":"ClowCardTheJump","floor":10.0},{"not_picked":["ClowCardTheLittle","ClowCardTheSweet"],"picked":"ClowCardTheFly","floor":13.0},{"not_picked":["ClowCardTheSand","ClowCardTheEarthy"],"picked":"ClowCardTheLoop","floor":14.0},{"not_picked":["ClowCardTheFight","ClowCardTheThunder"],"picked":"ClowCardTheCreate","floor":16.0},{"not_picked":["ClowCardTheWindy"],"picked":"SKIP","floor":18.0},{"not_picked":[],"picked":"ClowCardTheMaze","floor":22.0},{"not_picked":["ClowCardTheDream+1"],"picked":"SKIP","floor":24.0},{"not_picked":["ClowCardTheBubbles"],"picked":"SKIP","floor":27.0},{"not_picked":["ClowCardTheErase"],"picked":"SKIP","floor":28.0},{"not_picked":["ClowCardTheLock"],"picked":"SKIP","floor":29.0},{"not_picked":[],"picked":"ClowCardTheBubbles","floor":30.0},{"not_picked":["ClowCardTheCloud"],"picked":"SKIP","floor":31.0},{"not_picked":[],"picked":"ClowCardTheDash","floor":33.0},{"not_picked":["ClowCardTheMaze"],"picked":"SKIP","floor":35.0},{"not_picked":["ClowCardTheRain+1"],"picked":"SKIP","floor":38.0},{"not_picked":["ClowCardTheSnow"],"picked":"SKIP","floor":40.0},{"not_picked":["ClowCardTheLibra"],"picked":"SKIP","floor":46.0},{"not_picked":[],"picked":"ClowCardTheArrow+1","floor":48.0},{"not_picked":[],"picked":"ClowCardTheFight+1","floor":50.0},{"not_picked":["ClowCardTheVoice"],"picked":"SKIP","floor":52.0},{"not_picked":["ClowCardTheJump"],"picked":"SKIP","floor":55.0},{"not_picked":["ClowCardTheJump"],"picked":"SKIP","floor":57.0},{"not_picked":[],"picked":"ClowCardTheFloat","floor":58.0},{"not_picked":["ClowCardTheSnow+1"],"picked":"SKIP","floor":59.0},{"not_picked":[],"picked":"ClowCardTheGlow","floor":63.0},{"not_picked":["ClowCardTheSilent"],"picked":"SKIP","floor":65.0},{"not_picked":[],"picked":"ClowCardTheLight","floor":67.0},{"not_picked":["ClowCardTheArrow+1"],"picked":"SKIP","floor":69.0},{"not_picked":["ClowCardTheSnow+1"],"picked":"SKIP","floor":75.0},{"not_picked":["ClowCardTheVoice"],"picked":"SKIP","floor":76.0},{"not_picked":["ClowCardTheMist"],"picked":"SKIP","floor":77.0},{"not_picked":["ClowCardTheSand+1"],"picked":"SKIP","floor":80.0},{"not_picked":["ClowCardTheWood"],"picked":"SKIP","floor":80.0},{"not_picked":["ClowCardTheSilent"],"picked":"SKIP","floor":81.0},{"not_picked":[],"picked":"ClowCardTheTwin","floor":84.0},{"not_picked":["ClowCardTheFreeze+1"],"picked":"SKIP","floor":86.0},{"not_picked":["ClowCardTheLock+1"],"picked":"SKIP","floor":86.0},{"not_picked":[],"picked":"ClowCardTheShadow+1","floor":89.0},{"not_picked":["ClowCardTheWindy+1"],"picked":"SKIP","floor":89.0},{"not_picked":["ClowCardTheFirey+1"],"picked":"SKIP","floor":91.0},{"not_picked":["ClowCardTheWatery"],"picked":"SKIP","floor":94.0},{"not_picked":[],"picked":"ClowCardTheSweet","floor":97.0},{"not_picked":["ClowCardTheLoop+1"],"picked":"SKIP","floor":97.0},{"not_picked":["ClowCardTheMirror"],"picked":"SKIP","floor":99.0},{"not_picked":["ClowCardTheDream+1"],"picked":"SKIP","floor":99.0},{"not_picked":["ClowCardTheArrow+1"],"picked":"SKIP","floor":103.0},{"not_picked":["ClowCardTheRain"],"picked":"SKIP","floor":103.0}],"player_experience":466670,"relics_obtained":[{"floor":7.0,"key":"Torii"},{"floor":9.0,"key":"KSMOD_TaoistSuit"},{"floor":10.0,"key":"CrazyTorch:ReiMu"},{"floor":14.0,"key":"Ornamental Fan"},{"floor":20.0,"key":"Potion Belt"},{"floor":24.0,"key":"MawBank"},{"floor":24.0,"key":"KSMOD_RollerSkates"},{"floor":26.0,"key":"KSMOD_SwordJade"},{"floor":27.0,"key":"Regal Pillow"},{"floor":40.0,"key":"KSMOD_TomoyosHeart"},{"floor":43.0,"key":"KSMOD_TouyasBicycle"},{"floor":46.0,"key":"Molten Egg 2"},{"floor":47.0,"key":"FossilizedHelix"},{"floor":60.0,"key":"Mercury Hourglass"},{"floor":78.0,"key":"Prayer Wheel"},{"floor":78.0,"key":"Thread and Needle"},{"floor":102.0,"key":"Mastiff:ReiMu"},{"floor":102.0,"key":"Eternal Feather"},{"floor":102.0,"key":"Ginger"}],"event_choices":[{"damage_healed":0.0,"max_hp_gain":0.0,"max_hp_loss":0.0,"gold_gain":0.0,"event_name":"Liars Game","player_choice":"Ignored","floor":4.0,"gold_loss":0.0,"damage_taken":0.0},{"damage_healed":0.0,"max_hp_gain":0.0,"max_hp_loss":0.0,"gold_gain":0.0,"event_name":"Scrap Ooze","player_choice":"Success","floor":12.0,"gold_loss":0.0,"damage_taken":12.0,"relics_obtained":["Gambling Chip"]},{"damage_healed":0.0,"max_hp_gain":0.0,"max_hp_loss":0.0,"gold_gain":0.0,"event_name":"Addict","player_choice":"Obtained Relic","floor":19.0,"gold_loss":85.0,"damage_taken":0.0,"relics_obtained":["White Beast Statue"]},{"damage_healed":0.0,"max_hp_gain":0.0,"max_hp_loss":0.0,"gold_gain":0.0,"event_name":"Vampires","player_choice":"Ignored","floor":21.0,"gold_loss":0.0,"damage_taken":0.0},{"damage_healed":0.0,"max_hp_gain":0.0,"max_hp_loss":0.0,"gold_gain":0.0,"event_name":"Tomb of Lord Red Mask","player_choice":"Ignored","floor":36.0,"gold_loss":0.0,"damage_taken":0.0},{"damage_healed":0.0,"max_hp_gain":0.0,"max_hp_loss":4.0,"gold_gain":0.0,"event_name":"Winding Halls","player_choice":"Max HP","floor":37.0,"gold_loss":0.0,"damage_taken":0.0},{"cards_removed":["ClowCardTheSword"],"damage_healed":0.0,"max_hp_gain":0.0,"max_hp_loss":0.0,"gold_gain":0.0,"event_name":"Falling","player_choice":"Removed Attack","floor":41.0,"gold_loss":0.0,"damage_taken":0.0},{"damage_healed":0.0,"max_hp_gain":0.0,"max_hp_loss":0.0,"gold_gain":0.0,"event_name":"Mysterious Sphere","player_choice":"Fight","floor":47.0,"gold_loss":0.0,"damage_taken":0.0}],"is_beta":false,"boss_relics":[{"not_picked":["Pandora\u0027s Box","RedLine:ReiMu"],"picked":"Busted Crown"},{"not_picked":["Cursed Key","Snecko Eye","Runic Dome"]},{"not_picked":["Runic Pyramid","Velvet Choker"],"picked":"SlaversCollar"},{"not_picked":["Fusion Hammer","Black Star"],"picked":"SacredBark"},{"not_picked":["Philosopher\u0027s Stone","Astrolabe"],"picked":"KSMOD_StarWand"},{"not_picked":["Empty Cage","Coffee Dripper"],"picked":"Calling Bell"}],"items_purged_floors":[87],"is_endless":true,"potions_floor_spawned":[1,7,10,14,16,22,24,27,28,29,30,31,33,35,38,40,46,47,48,50,52,55,57,58,59,63,65,67,69,75,76,77,78,80,81,84,86,89,91,94,97,99,101,103],"ascension_level":0}}