{"host":"pifa3o3uv2a0m12r","time":1613952963,"event":{"mods":["AchievementEnabler","BaseMod","Colored Map","Minty Spire (QoL Compilation)","StSLib","SuperFastMode"],"gold_per_floor":[116,116,116,131,96,96,134,134,160,160,160,185,201,201,201,201,201],"floor_reached":16,"language":"FRA","playtime":389,"items_purged":[],"score":98,"play_id":"bb0668e2-a38e-4be4-b3ae-f474996431f1","local_time":"20210221141603","is_ascension_mode":false,"campfire_choices":[{"data":"Power Through","floor":6,"key":"SMITH"},{"floor":8,"key":"REST"},{"data":"Cleave","floor":11,"key":"SMITH"},{"data":"Entrench","floor":15,"key":"SMITH"}],"circlet_count":0,"master_deck":["Strike_R","Strike_R","Strike_R","Strike_R+1","Strike_R","Defend_R","Defend_R+1","Defend_R","Defend_R","Bash","Power Through+1","Entrench+1","Cleave+1","Bash","Body Slam+1"],"relics":["Burning Blood","Golden Idol","Bird Faced Urn","Tiny Chest"],"acts_visited":["Exordium"],"potions_floor_usage":[],"damage_taken":[{"damage":6,"enemies":"Jaw Worm","floor":1,"turns":5},{"damage":4,"enemies":"Small Slimes","floor":4,"turns":5},{"damage":52,"enemies":"Lagavulin","floor":7,"turns":12},{"damage":0,"enemies":"2 Louse","floor":12,"turns":2},{"damage":2,"enemies":"Large Slime","floor":13,"turns":6},{"damage":65,"enemies":"The Guardian","floor":16,"turns":11}],"seed_played":"7366076878024878402","potions_obtained":[{"floor":7,"key":"BlessingOfTheForge"},{"floor":13,"key":"ElixirPotion"}],"is_trial":false,"path_per_floor":["M","?","?","M","?","R","E","R","T","?","R","M","M","?","R","B"],"character_chosen":"IRONCLAD","items_purchased":[],"campfire_rested":1,"item_purchase_floors":[],"current_hp_per_floor":[88,70,48,50,72,72,26,52,52,52,52,58,62,62,62,0,0],"gold":201,"neow_bonus":"TEN_PERCENT_HP_BONUS","is_daily":false,"chose_seed":false,"campfire_upgraded":3,"win_rate":0.0,"timestamp":1613952963,"path_taken":["M","?","?","M","?","R","E","R","T","?","R","M","?","?","R","BOSS"],"items_purchased_type":[],"build_version":"2020-12-22","purchased_purges":0,"victory":false,"max_hp_per_floor":[88,88,88,88,88,88,88,88,88,88,88,88,88,88,88,88,88],"card_choices":[{"not_picked":["Heavy Blade","Feel No Pain"],"picked":"Power Through","floor":1},{"not_picked":["Havoc","Intimidate"],"picked":"Entrench","floor":4},{"not_picked":["Power Through","Sword Boomerang"],"picked":"Cleave","floor":7},{"not_picked":["Heavy Blade","Wild Strike"],"picked":"Body Slam","floor":12},{"not_picked":["Hemokinesis","Dual Wield","Thunderclap"],"picked":"SKIP","floor":13}],"player_experience":139971,"relics_obtained":[{"floor":7,"key":"Bird Faced Urn"},{"floor":9,"key":"Tiny Chest"}],"event_choices":[{"damage_healed":0,"gold_gain":0,"player_choice":"Entered Light","damage_taken":18,"max_hp_gain":0,"max_hp_loss":0,"event_name":"Shining Light","floor":2,"gold_loss":0,"cards_upgraded":["Strike_R","Defend_R"]},{"damage_healed":0,"gold_gain":0,"player_choice":"Take Damage","damage_taken":22,"relics_obtained":["Golden Idol"],"max_hp_gain":0,"max_hp_loss":0,"event_name":"Golden Idol","floor":3,"gold_loss":0},{"damage_healed":22,"gold_gain":0,"player_choice":"Healed","damage_taken":0,"max_hp_gain":0,"max_hp_loss":0,"event_name":"The Cleric","floor":5,"gold_loss":35},{"damage_healed":0,"gold_gain":0,"player_choice":"1 cards matched","damage_taken":0,"max_hp_gain":0,"max_hp_loss":0,"event_name":"Match and Keep!","floor":10,"gold_loss":0,"cards_obtained":["Bash"]},{"damage_healed":0,"gold_gain":0,"player_choice":"Grow","damage_taken":0,"max_hp_gain":0,"max_hp_loss":0,"event_name":"Living Wall","floor":14,"gold_loss":0,"cards_upgraded":["Body Slam"]}],"is_beta":false,"boss_relics":[],"items_purged_floors":[],"is_endless":false,"potions_floor_spawned":[7,13],"killed_by":"The Guardian","ascension_level":0}}