{"host":"df48i9djcn92c5sx","time":1613970683,"event":{"mods":["Act Like it!","Arknights","BaseMod","Decade(王小明)","Downfall","Gensokyo","Marisa（F雨　魔理沙）","Minty Spire (QoL Compilation)","READ ME - Guardian Mod","READ ME - Snecko Mod","Reimu（博丽灵梦）","Remilia（蕾米莉亚）","Shop Mod","StSLib","The Jungle","The Servant 0.9.4"],"gold_per_floor":[115,115,115,139,154,154,68,68,93,93,140,140,140,140],"floor_reached":13,"language":"ZHS","playtime":167,"items_purged":[],"score":146,"play_id":"2d0a9fa8-1412-4b41-82b6-752d09d11871","local_time":"20210222131123","is_ascension_mode":true,"campfire_choices":[{"data":"Fusion","floor":6,"key":"SMITH"},{"data":"Reinforced Body","floor":8,"key":"SMITH"},{"data":"All For One","floor":10,"key":"SMITH"},{"data":"Seek","floor":12,"key":"SMITH"}],"circlet_count":0,"master_deck":["AscendersBane","Strike_B","Strike_B","Strike_B","Defend_B","Defend_B","Defend_B","Defend_B","Zap","Dualcast","Fusion+1","Reinforced Body+1","Force Field","All For One+1","Seek+1"],"relics":["Cracked Core","NeowsBlessing","Golden Idol","Bronze Scales","CeramicFish"],"acts_visited":["Exordium"],"potions_floor_usage":[11,11],"damage_taken":[{"damage":0,"enemies":"Small Slimes","floor":1,"turns":1},{"damage":0,"enemies":"2 Louse","floor":4,"turns":1},{"damage":0,"enemies":"Cultist","floor":5,"turns":1},{"damage":26,"enemies":"Gremlin Nob","floor":11,"turns":4},{"damage":0,"enemies":"3 Sentries","floor":13,"turns":1}],"seed_played":"1454373825931161516","potions_obtained":[{"floor":1,"key":"FocusPotion"},{"floor":4,"key":"Dexterity Potion"}],"is_trial":false,"path_per_floor":["M","?","?","M","M","R","$","R","T","R","E","R","E"],"character_chosen":"DEFECT","items_purchased":["All For One"],"campfire_rested":0,"item_purchase_floors":[7],"current_hp_per_floor":[64,64,64,64,64,64,64,64,64,64,38,38,38,38],"gold":140,"neow_bonus":"THREE_ENEMY_KILL","is_daily":false,"chose_seed":false,"campfire_upgraded":4,"win_rate":0.0,"timestamp":1613970683,"path_taken":["M","?","?","M","?","R","?","R","T","R","E","R","E"],"items_purchased_type":["Card"],"build_version":"2020-12-22","purchased_purges":0,"victory":false,"max_hp_per_floor":[71,64,64,64,64,64,64,64,64,64,64,64,64,64],"card_choices":[{"not_picked":["Darkness","Hologram"],"picked":"Fusion","floor":1},{"not_picked":["Go for the Eyes","Beam Cell"],"picked":"Reinforced Body","floor":4},{"not_picked":["Beam Cell","Turbo"],"picked":"Force Field","floor":5},{"not_picked":["Sweeping Beam","Core Surge"],"picked":"Seek","floor":11}],"player_experience":1608543,"relics_obtained":[{"floor":9,"key":"Bronze Scales"},{"floor":11,"key":"CeramicFish"}],"event_choices":[{"damage_healed":0,"gold_gain":0,"player_choice":"Lose Max HP","damage_taken":0,"relics_obtained":["Golden Idol"],"max_hp_gain":0,"max_hp_loss":7,"event_name":"Golden Idol","floor":2,"gold_loss":0},{"cards_removed":["Strike_B"],"damage_healed":0,"gold_gain":0,"player_choice":"Offered Basic","damage_taken":0,"max_hp_gain":0,"max_hp_loss":0,"event_name":"Bonfire Elementals","floor":3,"gold_loss":0}],"is_beta":false,"boss_relics":[],"items_purged_floors":[],"is_endless":false,"potions_floor_spawned":[1,4,5],"killed_by":"3 Sentries","ascension_level":16}}