{"host":"zc0hgfo9wozyb2ss","time":1613995328,"event":{"mods":["BaseMod","Downfall","Minty Spire (QoL Compilation)","StSLib"],"gold_per_floor":[99,114,129,149,169,169,196,196,214,225,253,265,65,92,105,209,209,109,122,122,222,242,309,309,327,377,390,440,490,490,307,318,414,414,414,425,436,554,50,50,50,149,199,217,217,77,77,140,153,153,153,184,34,34,34,34],"floor_reached":57,"language":"ENG","playtime":24795,"items_purged":["champ:Strike","downfall:Aged","downfall:Bewildered","Decay"],"score":1268,"play_id":"966bfdf2-6c6e-41a5-8d64-f08813f6fef3","local_time":"20210222230208","is_ascension_mode":false,"campfire_choices":[{"data":"champ:Taunt","floor":1,"key":"SMITH"},{"data":"champ:IronFortress","floor":8,"key":"SMITH"},{"floor":13,"key":"RECALL"},{"data":"champ:GladiatorForm","floor":18,"key":"SMITH"},{"floor":30,"key":"REST"},{"data":"champ:DancingMaster","floor":35,"key":"SMITH"},{"data":"expansioncontent:DashGenerateEvil","floor":40,"key":"SMITH"},{"data":"champ:FancyFootwork","floor":45,"key":"SMITH"},{"floor":47,"key":"REST"},{"data":"champ:FancyFootwork","floor":54,"key":"SMITH"}],"circlet_count":0,"master_deck":["champ:Defend","champ:Defend","champ:Defend","champ:Defend","champ:Execute","champ:Taunt+1","champ:PreemptiveStrike","champ:IronFortress+1","champ:FanOfKnives","champ:IronFortress","champ:FancyFootwork+1","champ:ShieldWall","champ:Lariat+1","champ:EnGarde","champ:Circumvent","champ:GladiatorForm+1","champ:Shatter+1","champ:EndlessRage+1","champ:LastStand+1","champ:ShieldWall+1","Necronomicurse","champ:Parry","champ:FalseCounter","champ:Backstep+1","champ:Backstep+1","champ:FlashCut","champ:DancingMaster+1","champ:GladiatorForm","champ:DefensiveShout+1","champ:DancingMaster","champ:BerserkersShout","champ:IronFortress","champ:FancyFootwork+1","champ:FocusedDefense","expansioncontent:DashGenerateEvil+1","Finesse","champ:FancyFootwork+1","expansioncontent:Hexaburn","expansioncontent:GuardianWhirl","expansioncontent:Chronoboost","champ:HoldFirm","champ:DefensiveShout+1","champ:Duel","champ:FocusedBerserking"],"relics":["champ:ChampionCrown","champ:LiftRelic","Dream Catcher","downfall:HeartBlessingGreen","downfall:HeartBlessingBlue","Lantern","Astrolabe","downfall:HeartBlessingRed","Necronomicon","downfall:CloakOfManyFaces","CultistMask","FaceOfCleric","NlothsMask","GremlinMask","SsserpentHead","sneckomod:BabySnecko","champ:BerserkersGuideToSlaughter","Cursed Key","Mummified Hand","War Paint","TungstenRod","Toy Ornithopter"],"acts_visited":["Exordium","TheCity","TheBeyond","TheEnding"],"potions_floor_usage":[5,12,14,16,16,21,23,33,49,56,56,56],"damage_taken":[{"damage":10,"enemies":"Small Slimes","floor":2,"turns":4},{"damage":20,"enemies":"Jaw Worm","floor":3,"turns":5},{"damage":0,"enemies":"2 Louse","floor":4,"turns":4},{"damage":21,"enemies":"Red Slaver","floor":5,"turns":6},{"damage":6,"enemies":"2 Fungi Beasts","floor":9,"turns":4},{"damage":10,"enemies":"downfall:LooterAlt","floor":10,"turns":4},{"damage":47,"enemies":"Gremlin Nob","floor":11,"turns":6},{"damage":0,"enemies":"Exordium Wildlife","floor":12,"turns":2},{"damage":17,"enemies":"3 Sentries","floor":14,"turns":6},{"damage":9,"enemies":"Blue Slaver","floor":15,"turns":3},{"damage":47,"enemies":"IC_STATUS_ARCHETYPE","floor":16,"turns":8},{"damage":51,"enemies":"3 Byrds","floor":19,"turns":7},{"damage":2,"enemies":"downfall:FaceTrader","floor":21,"turns":9},{"damage":44,"enemies":"Chosen","floor":22,"turns":6},{"damage":35,"enemies":"Snecko","floor":23,"turns":4},{"damage":11,"enemies":"Centurion and Healer","floor":25,"turns":7},{"damage":16,"enemies":"Snake Plant","floor":27,"turns":5},{"damage":10,"enemies":"downfall:FleeingMerchant","floor":31,"turns":4},{"damage":20,"enemies":"Chosen and Byrds","floor":32,"turns":6},{"damage":56,"enemies":"WA_ARCHETYPE_CALM","floor":33,"turns":11},{"damage":41,"enemies":"3 Darklings","floor":36,"turns":7},{"damage":18,"enemies":"3 Shapes","floor":37,"turns":6},{"damage":23,"enemies":"downfall:FleeingMerchant","floor":39,"turns":4},{"damage":37,"enemies":"2 Orb Walkers","floor":42,"turns":5},{"damage":18,"enemies":"Maw","floor":44,"turns":8},{"damage":18,"enemies":"downfall:FleeingMerchant","floor":46,"turns":4},{"damage":0,"enemies":"4 Shapes","floor":48,"turns":2},{"damage":20,"enemies":"Transient","floor":49,"turns":5},{"damage":40,"enemies":"SI_POISON_ARCHETYPE","floor":50,"turns":9},{"damage":53,"enemies":"downfall:CharBossMerchant","floor":52,"turns":7},{"damage":114,"enemies":"downfall:NeowBoss","floor":55,"turns":16},{"damage":81,"enemies":"downfall:NeowBossFinal","floor":56,"turns":11}],"seed_played":"-7349482601260761488","potions_obtained":[{"floor":3,"key":"Ancient Potion"},{"floor":4,"key":"SkillPotion"},{"floor":5,"key":"champ:OpenerPotion"},{"floor":10,"key":"Block Potion"},{"floor":12,"key":"Slimebound:ThreeZeroPotion"},{"floor":15,"key":"bronze:BurnAndBuffPotion"},{"floor":19,"key":"Guardian:BlockOnCardUsePotion"},{"floor":22,"key":"SneckoOil"},{"floor":27,"key":"Regen Potion"},{"floor":28,"key":"CultistPotion"},{"floor":42,"key":"SteroidPotion"},{"floor":44,"key":"GamblersBrew"},{"floor":49,"key":"AttackPotion"}],"is_trial":false,"path_per_floor":["R","M","M","M","M","?","T","R","M","M","E","M","R","E","M","B",null,"R","M","?","?","M","M","T","M","?","M","?","?","R","$","M","B",null,"R","M","M","?","$","R","T","?","?","M","R","$","R","M","M","B",null,"E","$","R","B","B",null],"character_chosen":"THE_CHAMP","items_purchased":["champ:GladiatorForm","champ:FancyFootwork","champ:FocusedDefense","expansioncontent:DashGenerateEvil","Finesse"],"campfire_rested":2,"item_purchase_floors":[31,39,39,39,39],"current_hp_per_floor":[99,99,99,99,88,88,88,88,82,77,55,55,65,63,59,57,109,109,98,82,80,52,38,38,28,28,13,13,13,46,57,48,3,116,116,81,89,89,92,92,92,71,62,65,65,78,114,123,124,116,125,108,108,108,100,95],"gold":34,"neow_bonus":"TEN_PERCENT_HP_BONUS","is_daily":false,"chose_seed":false,"campfire_upgraded":7,"win_rate":0.0,"timestamp":1613995328,"path_taken":["R","M","M","M","M","?","T","R","M","M","E","M","R","E","M","BOSS","R","M","?","?","M","?","T","M","?","M","?","?","R","?","M","BOSS","R","M","M","?","$","R","T","?","?","M","R","$","R","?","M","BOSS","E","$","R","BOSS","BOSS"],"items_purchased_type":["Card","Card","Card","Card","Card"],"build_version":"2020-12-22","purchased_purges":4,"victory":true,"max_hp_per_floor":[99,99,99,99,99,99,99,99,99,99,99,99,109,109,109,109,109,109,109,109,109,110,111,111,112,112,113,113,113,113,114,115,116,116,116,117,118,118,119,119,119,120,120,121,121,122,122,123,124,125,125,126,126,126,127,128],"card_choices":[{"not_picked":["champ:BerserkersShout","champ:FocusedBerserking"],"picked":"champ:PreemptiveStrike","floor":2},{"not_picked":["champ:FaceSlap","champ:Haymaker","champ:EnragedBash"],"picked":"SKIP","floor":3},{"not_picked":["champ:Shatter","champ:EndlessRage"],"picked":"champ:IronFortress","floor":4},{"not_picked":["champ:BladeFlurry","champ:Shatter"],"picked":"champ:FanOfKnives","floor":5},{"not_picked":["champ:SkillfulDodge","champ:ShieldSlam"],"picked":"champ:IronFortress","floor":9},{"not_picked":["champ:Circumvent","champ:RisingSlash"],"picked":"champ:FancyFootwork","floor":10},{"not_picked":["champ:Duel","champ:Shatter"],"picked":"champ:ShieldWall","floor":11},{"not_picked":["champ:EnGarde","champ:CrownThrow"],"picked":"champ:Lariat","floor":12},{"not_picked":["champ:GladiatorStyle","champ:SwordThrow"],"picked":"champ:EnGarde","floor":14},{"not_picked":["champ:DefensiveShout","champ:EnragedBash"],"picked":"champ:Circumvent","floor":15},{"not_picked":["champ:StrikeOfGenius","champ:MurderStrike"],"picked":"champ:GladiatorForm","floor":16},{"not_picked":["champ:Lariat","champ:DefensiveShout+1"],"picked":"champ:ShieldWall+1","floor":19},{"not_picked":["champ:BladeFlurry","champ:PreciseThrust"],"picked":"champ:Parry","floor":21},{"not_picked":["champ:DeathBlow","champ:BerserkersShout"],"picked":"champ:FalseCounter","floor":22},{"not_picked":["champ:TornadoPunch","champ:BringItOn"],"picked":"champ:Backstep+1","floor":23},{"not_picked":["champ:Shatter","champ:CrownThrow","champ:CrookedStrike"],"picked":"SKIP","floor":25},{"not_picked":["champ:MurderStrike","champ:EnGarde"],"picked":"champ:Backstep+1","floor":27},{"not_picked":["champ:BringItOn","champ:BerserkersShout"],"picked":"champ:FlashCut","floor":30},{"not_picked":["champ:ArenaPreparation","champ:PreemptiveStrike"],"picked":"champ:DancingMaster","floor":31},{"not_picked":["champ:BladeFlurry","champ:BerserkersShout"],"picked":"champ:DefensiveShout+1","floor":32},{"not_picked":["champ:IgnorePain","champ:TripleStrike"],"picked":"champ:DancingMaster","floor":33},{"not_picked":["champ:EnGarde","champ:EndlessRage+1","champ:Parry+1"],"picked":"SKIP","floor":36},{"not_picked":["champ:DefensiveShout+1","champ:BringItOn+1"],"picked":"champ:BerserkersShout","floor":37},{"not_picked":["champ:CrownThrow+1","champ:TornadoPunch+1"],"picked":"champ:IronFortress","floor":39},{"not_picked":["champ:Backstep","champ:AdrenalArmor+1"],"picked":"champ:FancyFootwork","floor":42},{"not_picked":["expansioncontent:InvincibleStrength","expansioncontent:PolyBeam"],"picked":"expansioncontent:Hexaburn","floor":43},{"not_picked":["expansioncontent:PolyBeam","expansioncontent:PrepareCrush"],"picked":"expansioncontent:GuardianWhirl","floor":43},{"not_picked":["expansioncontent:Hexaburn","expansioncontent:InvincibleStrength"],"picked":"expansioncontent:Chronoboost","floor":43},{"not_picked":["champ:AdrenalArmor","champ:CrownThrow","champ:EnGarde+1"],"picked":"SKIP","floor":44},{"not_picked":["champ:BladeFlurry+1","champ:RecklessLeap"],"picked":"champ:HoldFirm","floor":46},{"not_picked":["champ:FanOfKnives+1","champ:HeartStrike"],"picked":"champ:DefensiveShout+1","floor":47},{"not_picked":["champ:Endure","champ:DeathBlow"],"picked":"champ:Duel","floor":48},{"not_picked":["champ:Encircle","champ:Circumvent","champ:FalseCounter+1"],"picked":"SKIP","floor":49},{"not_picked":["champ:FaceSlap+1","champ:Shatter"],"picked":"champ:FocusedBerserking","floor":52}],"player_experience":37136,"relics_obtained":[{"floor":11,"key":"Dream Catcher"},{"floor":14,"key":"Lantern"},{"floor":20,"key":"Necronomicon"},{"floor":21,"key":"downfall:CloakOfManyFaces"},{"floor":38,"key":"Mummified Hand"},{"floor":41,"key":"War Paint"},{"floor":42,"key":"TungstenRod"},{"floor":52,"key":"Toy Ornithopter"}],"event_choices":[{"damage_healed":0,"gold_gain":0,"player_choice":"Fight","damage_taken":0,"max_hp_gain":0,"max_hp_loss":0,"event_name":"Mysterious Sphere","floor":42,"gold_loss":0}],"is_beta":false,"boss_relics":[{"not_picked":["Velvet Choker","Black Star"],"picked":"Astrolabe"},{"not_picked":["Tiny House","Coffee Dripper"],"picked":"Cursed Key"}],"items_purged_floors":[31,39,46,53],"is_endless":false,"potions_floor_spawned":[3,4,5,10,12,15,19,22,27,32,42,44,49,52],"ascension_level":0}}