{"host":"8ztb9kwpjc2zof9s","time":1613975071,"event":{"mods":["BaseMod","Block Reminder","Curses Come First","Minty Spire (QoL Compilation)","Relic Stats","StSLib"],"gold_per_floor":[114,114,114,114,114,158,183,183,183,203,224,63,63,121,121,121,121],"floor_reached":16,"language":"ENG","playtime":421,"items_purged":["Strike_G"],"score":172,"play_id":"1bd1f0fb-9af5-4b3a-99a4-dddaecae6b4f","local_time":"20210221222431","is_ascension_mode":true,"campfire_choices":[{"floor":8,"key":"REST"},{"data":"Accuracy","floor":15,"key":"SMITH"}],"circlet_count":0,"master_deck":["AscendersBane","Strike_G","Strike_G","Strike_G","Defend_G","Defend_G","Defend_G","Defend_G","Defend_G","Survivor","Neutralize","PiercingWail","Prepared","Dash","Catalyst","Well Laid Plans","Accuracy+1","Cloak And Dagger","Parasite"],"relics":["SlaversCollar","Golden Idol","StrikeDummy","Toy Ornithopter","InkBottle"],"acts_visited":["Exordium"],"potions_floor_usage":[6,16],"damage_taken":[{"damage":0,"enemies":"Small Slimes","floor":1,"turns":5},{"damage":42,"enemies":"Gremlin Nob","floor":6,"turns":6},{"damage":0,"enemies":"Jaw Worm","floor":7,"turns":4},{"damage":0,"enemies":"2 Louse","floor":10,"turns":2},{"damage":12,"enemies":"Exordium Wildlife","floor":11,"turns":4},{"damage":54,"enemies":"Hexaghost","floor":16,"turns":16}],"seed_played":"-3020523905039660626","potions_obtained":[{"floor":1,"key":"Energy Potion"},{"floor":11,"key":"LiquidBronze"}],"is_trial":false,"path_per_floor":["M","?","?","?","T","E","M","R","T","M","M","$","?","?","R","B"],"character_chosen":"THE_SILENT","items_purchased":["Accuracy","Cloak And Dagger"],"campfire_rested":1,"item_purchase_floors":[12,12],"current_hp_per_floor":[59,59,64,64,64,22,22,41,41,41,29,29,45,45,45,0,0],"gold":121,"neow_bonus":"BOSS_RELIC","is_daily":false,"chose_seed":false,"campfire_upgraded":1,"win_rate":0.0,"timestamp":1613975071,"path_taken":["M","?","?","?","?","E","?","R","T","M","?","$","?","?","R","BOSS"],"items_purchased_type":["Card","Card"],"build_version":"2020-12-22","purchased_purges":1,"victory":false,"max_hp_per_floor":[66,60,65,65,65,65,65,65,65,65,65,65,65,65,65,65,65],"relic_stats":{"counters":[6,37],"Golden Idol":22,"obtain_stats":[{"SlaversCollar":0,"Golden Idol":2,"StrikeDummy":5,"Toy Ornithopter":6,"InkBottle":9,"Ring of the Snake":0},{"SlaversCollar":0,"Golden Idol":1,"StrikeDummy":1,"Toy Ornithopter":2,"InkBottle":3,"Ring of the Snake":0},{"SlaversCollar":0,"Golden Idol":5,"StrikeDummy":5,"Toy Ornithopter":11,"InkBottle":15,"Ring of the Snake":0}],"Toy Ornithopter":5,"InkBottle":[7]},"card_choices":[{"not_picked":["Bouncing Flask","Underhanded Strike"],"picked":"PiercingWail","floor":1},{"not_picked":["Heel Hook","Flechettes"],"picked":"Prepared","floor":6},{"not_picked":["Sucker Punch","Dagger Throw"],"picked":"Dash","floor":7},{"not_picked":["Sucker Punch","Crippling Poison"],"picked":"Catalyst","floor":10},{"not_picked":["Deadly Poison","Deflect"],"picked":"Well Laid Plans","floor":11}],"player_experience":375526,"relics_obtained":[{"floor":5,"key":"StrikeDummy"},{"floor":6,"key":"Toy Ornithopter"},{"floor":9,"key":"InkBottle"}],"event_choices":[{"damage_healed":0,"gold_gain":0,"player_choice":"Lose Max HP","damage_taken":0,"relics_obtained":["Golden Idol"],"max_hp_gain":0,"max_hp_loss":6,"event_name":"Golden Idol","floor":2,"gold_loss":0},{"damage_healed":0,"gold_gain":0,"player_choice":"Donut","damage_taken":0,"max_hp_gain":5,"max_hp_loss":0,"event_name":"Big Fish","floor":3,"gold_loss":0},{"cards_removed":["Strike_G"],"damage_healed":0,"gold_gain":0,"player_choice":"Forget","damage_taken":0,"max_hp_gain":0,"max_hp_loss":0,"event_name":"Living Wall","floor":4,"gold_loss":0},{"damage_healed":16,"gold_gain":0,"player_choice":"Healed and dodged fight","damage_taken":0,"max_hp_gain":0,"max_hp_loss":0,"event_name":"Mushrooms","floor":13,"gold_loss":0,"cards_obtained":["Parasite"]},{"damage_healed":0,"gold_gain":58,"player_choice":"Gained Gold","damage_taken":0,"max_hp_gain":0,"max_hp_loss":0,"event_name":"Golden Wing","floor":14,"gold_loss":0}],"is_beta":false,"boss_relics":[],"items_purged_floors":[12],"is_endless":false,"potions_floor_spawned":[1,11],"killed_by":"Hexaghost","ascension_level":15}}