{"host":"wshey5htrz8rni6u","time":1613990395,"event":{"mods":["2.2 Compatiblity","BaseMod","Block Reminder","Colored Map","Colored Powertips","Current Relic Mod","Curses Come First","Dark Map","Key Reminder","Keyboard Shortcuts","Minty Spire (QoL Compilation)","Potion Indicator Mod","Quick Restart","Random Character Button","Relic Sorter","Relic Stats","StSLib","SuperFastMode","Unceasing Turn Reminder","UnlockEverythingMod","Weighted Paths"],"gold_per_floor":[117,133,145,220,78,78,78,108,132,132,208,7,33,45,45,119,119,89,89,39,39,39,39,39,39,39,39,39,39,39,39,39,39,39,39,39,39,39,39,39,39],"floor_reached":40,"language":"ENG","playtime":2964,"items_purged":["Decay","Strike_G","Strike_G"],"score":796,"play_id":"b4075db3-61e3-4365-b677-f2d33c38c9a0","local_time":"20210222023955","is_ascension_mode":true,"campfire_choices":[{"data":"Neutralize","floor":6.0,"key":"SMITH"},{"floor":10.0,"key":"REST"},{"data":"Crippling Poison","floor":15,"key":"SMITH"},{"data":"Well Laid Plans","floor":30,"key":"SMITH"},{"floor":32,"key":"REST"}],"circlet_count":0,"master_deck":["AscendersBane","Defend_G","Defend_G","Defend_G","Defend_G","Defend_G","Survivor","Neutralize+1","Blade Dance","Backflip","Cloak And Dagger","Dagger Throw","Choke","Dash","Slice","Distraction","Glass Knife","Well Laid Plans+1","Crippling Poison+1","Skewer","Phantasmal Killer","Endless Agony","Accuracy","Endless Agony","Ghostly","Ghostly","Ghostly","Ghostly","Ghostly","Deflect","A Thousand Cuts","Noxious Fumes","Endless Agony","Burst","CurseOfTheBell","Backflip+1","Madness","Madness","Discovery","Outmaneuver+1","Leg Sweep"],"relics":["Ring of the Snake","Nunchaku","keyreminder:keyreminder","Smiling Mask","Bottled Lightning","Ectoplasm","Red Mask","The Specimen","Blood Vial","White Beast Statue","TungstenRod","Calling Bell","Omamori","HornCleat","StoneCalendar"],"acts_visited":["Exordium","TheCity","TheBeyond"],"potions_floor_usage":[18,23,33,33,40],"damage_taken":[{"damage":1.0,"enemies":"Cultist","floor":1.0,"turns":4.0},{"damage":0.0,"enemies":"Jaw Worm","floor":2.0,"turns":4.0},{"damage":1.0,"enemies":"Small Slimes","floor":3.0,"turns":4.0},{"damage":21.0,"enemies":"Gremlin Nob","floor":8.0,"turns":5.0},{"damage":17.0,"enemies":"3 Sentries","floor":13.0,"turns":8.0},{"damage":3,"enemies":"Blue Slaver","floor":14,"turns":4},{"damage":9,"enemies":"The Guardian","floor":16,"turns":12},{"damage":16,"enemies":"2 Thieves","floor":18,"turns":2},{"damage":0,"enemies":"3 Byrds","floor":21,"turns":3},{"damage":9,"enemies":"Masked Bandits","floor":22,"turns":3},{"damage":10,"enemies":"Slavers","floor":23,"turns":5},{"damage":2,"enemies":"Gremlin Leader","floor":25,"turns":6},{"damage":0,"enemies":"Centurion and Healer","floor":28,"turns":5},{"damage":3,"enemies":"Book of Stabbing","floor":29,"turns":6},{"damage":5,"enemies":"Snake Plant","floor":31,"turns":6},{"damage":25,"enemies":"Champ","floor":33,"turns":11},{"damage":0,"enemies":"Orb Walker","floor":35,"turns":5},{"damage":5,"enemies":"3 Shapes","floor":38,"turns":4},{"damage":0,"enemies":"Jaw Worm Horde","floor":39,"turns":6},{"damage":36,"enemies":"Reptomancer","floor":40,"turns":6}],"seed_played":"5491592589784548191","potions_obtained":[{"floor":3.0,"key":"SkillPotion"},{"floor":13,"key":"SteroidPotion"},{"floor":21,"key":"GhostInAJar"},{"floor":23,"key":"SpeedPotion"},{"floor":28,"key":"SteroidPotion"},{"floor":33,"key":"Ancient Potion"},{"floor":35,"key":"SpeedPotion"},{"floor":39,"key":"CultistPotion"}],"is_trial":false,"path_per_floor":["M","M","M","?","$","R","?","E","T","R","T","$","E","M","R","B",null,"M","?","$","M","?","E","?","E","T","$","M","E","R","M","R","B",null,"M","?","?","M","M","E"],"character_chosen":"THE_SILENT","items_purchased":["Dash","Glass Knife","Well Laid Plans"],"campfire_rested":2,"item_purchase_floors":[5,12,12],"current_hp_per_floor":[62,62,61,50,50,50,50,29,29,50,50,50,33,30,30,21,58,42,42,42,42,33,23,23,21,21,21,23,22,22,19,29,6,28,30,27,27,24,26,0,0],"gold":39,"neow_bonus":"TRANSFORM_TWO_CARDS","is_daily":false,"chose_seed":false,"campfire_upgraded":3,"win_rate":0.0,"timestamp":1613990395,"path_taken":["M","M","?","?","$","R","?","E","T","R","?","?","E","M","R","BOSS","M","?","?","M","?","E","?","E","T","?","?","E","R","M","R","BOSS","M","?","?","M","?","E"],"items_purchased_type":["Card","Card","Card"],"build_version":"2020-12-13","purchased_purges":3,"victory":false,"max_hp_per_floor":[70,70,70,70,70,70,70,70,70,70,70,70,70,70,70,70,70,70,70,70,70,70,70,35,35,35,35,35,35,35,35,35,35,35,35,35,35,35,35,35,35],"relic_stats":{"Blood Vial":16,"Nunchaku":[22],"counters":[20,109],"StoneCalendar":[0],"Ectoplasm":442,"Smiling Mask":125,"obtain_stats":[{"The Specimen":23,"StoneCalendar":34,"Omamori":34,"Smiling Mask":9,"White Beast Statue":26,"keyreminder:keyreminder":8,"Blood Vial":25,"Calling Bell":34,"Nunchaku":8,"HornCleat":34,"Ectoplasm":17,"Red Mask":22,"Bottled Lightning":13,"TungstenRod":29,"Ring of the Snake":0},{"The Specimen":11,"StoneCalendar":16,"Omamori":16,"Smiling Mask":4,"White Beast Statue":12,"keyreminder:keyreminder":4,"Blood Vial":12,"Calling Bell":16,"Nunchaku":4,"HornCleat":16,"Ectoplasm":7,"Red Mask":10,"Bottled Lightning":5,"TungstenRod":14,"Ring of the Snake":0},{"The Specimen":54,"StoneCalendar":88,"Omamori":88,"Smiling Mask":17,"White Beast Statue":60,"keyreminder:keyreminder":17,"Blood Vial":60,"Calling Bell":88,"Nunchaku":17,"HornCleat":88,"Ectoplasm":41,"Red Mask":49,"Bottled Lightning":25,"TungstenRod":71,"Ring of the Snake":0}],"TungstenRod":18,"Ring of the Snake":[44]},"card_choices":[{"not_picked":["Escape Plan","Outmaneuver"],"picked":"Cloak And Dagger","floor":1.0},{"not_picked":["Prepared","Acrobatics"],"picked":"Dagger Throw","floor":2.0},{"not_picked":["Cloak And Dagger","Quick Slash"],"picked":"Choke","floor":3.0},{"not_picked":["Bane","Dodge and Roll"],"picked":"Distraction","floor":8.0},{"not_picked":["Slice","Dodge and Roll"],"picked":"Crippling Poison","floor":13},{"not_picked":["Acrobatics","Dagger Spray"],"picked":"Skewer","floor":14},{"not_picked":["Wraith Form v2","Glass Knife"],"picked":"Phantasmal Killer","floor":16},{"not_picked":["Deflect+1","Acrobatics"],"picked":"Endless Agony","floor":18},{"not_picked":["Heel Hook","Skewer"],"picked":"Accuracy","floor":21},{"not_picked":["Flechettes+1","Flying Knee"],"picked":"Endless Agony","floor":22},{"not_picked":["Flechettes","Dagger Throw","Choke"],"picked":"SKIP","floor":23},{"not_picked":["Flying Knee","Acrobatics"],"picked":"Deflect","floor":25},{"not_picked":["Endless Agony","PiercingWail"],"picked":"A Thousand Cuts","floor":28},{"not_picked":["Underhanded Strike","Bane"],"picked":"Noxious Fumes","floor":29},{"not_picked":["Dodge and Roll","Flechettes"],"picked":"Endless Agony","floor":31},{"not_picked":["A Thousand Cuts","Grand Finale"],"picked":"Burst","floor":33},{"not_picked":["Underhanded Strike","Flying Knee+1"],"picked":"Backflip+1","floor":35},{"not_picked":["Violence","PanicButton"],"picked":"Discovery","floor":37},{"not_picked":["Riddle With Holes","Cloak And Dagger"],"picked":"Outmaneuver+1","floor":38},{"not_picked":["Prepared","Deadly Poison"],"picked":"Leg Sweep","floor":39}],"player_experience":182192,"relics_obtained":[{"floor":8.0,"key":"Nunchaku"},{"floor":9.0,"key":"Smiling Mask"},{"floor":13,"key":"Bottled Lightning"},{"floor":22,"key":"Red Mask"},{"floor":23,"key":"The Specimen"},{"floor":25,"key":"Blood Vial"},{"floor":26,"key":"White Beast Statue"},{"floor":29,"key":"TungstenRod"},{"floor":34,"key":"Omamori"},{"floor":34,"key":"HornCleat"},{"floor":34,"key":"StoneCalendar"}],"event_choices":[{"damage_healed":0.0,"max_hp_gain":0.0,"max_hp_loss":0.0,"gold_gain":75.0,"event_name":"World of Goop","player_choice":"Gather Gold","floor":4.0,"gold_loss":0.0,"damage_taken":11.0},{"damage_healed":0.0,"max_hp_gain":0.0,"max_hp_loss":0.0,"gold_gain":0.0,"cards_transformed":["Strike_G"],"event_name":"Living Wall","player_choice":"Change","floor":7.0,"gold_loss":0.0,"damage_taken":0.0,"cards_obtained":["Slice"]},{"damage_healed":0,"gold_gain":100,"player_choice":"Pray","damage_taken":0,"max_hp_gain":0,"max_hp_loss":0,"event_name":"Golden Shrine","floor":19,"gold_loss":0},{"damage_healed":0,"gold_gain":0,"player_choice":"Fought Bandits","damage_taken":0,"max_hp_gain":0,"max_hp_loss":0,"event_name":"Masked Bandits","floor":22,"gold_loss":0},{"damage_healed":0,"gold_gain":0,"player_choice":"Became a Ghost","damage_taken":0,"max_hp_gain":0,"max_hp_loss":35,"event_name":"Ghosts","floor":24,"gold_loss":0,"cards_obtained":["Ghostly","Ghostly","Ghostly","Ghostly","Ghostly"]},{"damage_healed":0,"gold_gain":0,"player_choice":"Embrace Madness","damage_taken":4,"max_hp_gain":0,"max_hp_loss":0,"event_name":"Winding Halls","floor":36,"gold_loss":0,"cards_obtained":["Madness","Madness"]},{"damage_healed":0,"gold_gain":0,"player_choice":"Memory 1","damage_taken":0,"max_hp_gain":0,"max_hp_loss":0,"event_name":"SensoryStone","floor":37,"gold_loss":0}],"is_beta":false,"boss_relics":[{"not_picked":["Philosopher\u0027s Stone","Velvet Choker"],"picked":"Ectoplasm"},{"not_picked":["Empty Cage","Tiny House"],"picked":"Calling Bell"}],"items_purged_floors":[5,12,20],"is_endless":false,"potions_floor_spawned":[3,13,14,21,22,23,28,29,31,33,35,38,39],"killed_by":"Reptomancer","ascension_level":13}}