{"host":"ztzf20fs6w35ztzf","time":1613993143,"event":{"mods":["AchievementEnabler","AlwaysNeverKeys","BaseMod","BetterRewards","Colored Powertips","DeckTracker","Downfall","Grow up Mod","Lobotomy","Minty Spire (QoL Compilation)","Rare Cards Sparkle","Remove Card Discount Mod","Replay The Spire","StSLib","SuperFastMode"],"gold_per_floor":[115,135,153,172,186,211,229,248,248,248,248,248,248,248,248,351,351,363,363,378,397,414,439,354,354,381,381,381,376,358,370,370,472,472,490,505,586,604,604,596,628,628,628,639,666,666,666,683,683,683],"floor_reached":51,"language":"ENG","playtime":2042,"items_purged":["Alriune","TodaysExpression+1","Freischutz","MeatLantern"],"score":853,"play_id":"a35c0927-f861-42b9-b526-e9cddc99b87d","local_time":"20210222192543","is_ascension_mode":false,"campfire_choices":[],"circlet_count":0,"master_deck":["SpecialBullet","SpecialBullet","SpecialBullet","SpecialBullet","SpecialBullet","SpecialBullet","InformationCode","ExtractionCode","TrainingCode","OldLady","Hornet","Bloodbath","Wellcheers","Heaven","Logging+1","UniverseFragment","Noise+1","BigBadWolf","Mimicry","Rudolta","LaLuna","Ecstasy","Twilight","Gaze","Woodsman","Wingbeat+1","DreamingCurrent","GreedKing","Soda+1","GoldRush","GoldRush","Scarecrow","GrinderMk4+1","Soda+1","FourthMatchFlame","HeroicMonk","Harvest","QueenOfHatred","Horn+1","DisciplinaryCode"],"relics":["CogitoBucket","StoneCalendar","AdjustmentMirror","bronze:MakeshiftBattery","BackwardClock","Replay:Bottled Eggs","Omamori","Happy Flower","MutagenicStrength","Centennial Puzzle","AtMidnight","Theresia","Black Star","War Paint","Ring of Panic","Ring of Chaos","Kunai","Lantern","Golden Egg","Toy Ornithopter","ReplayTheSpireMod:TigerMarble"],"acts_visited":["Exordium","TheCity","TheBeyond"],"potions_floor_usage":[50,51],"damage_taken":[{"damage":11,"enemies":"Jaw Worm","floor":1,"turns":3},{"damage":0,"enemies":"2 Louse","floor":2,"turns":1},{"damage":0,"enemies":"Small Slimes","floor":3,"turns":1},{"damage":11,"enemies":"Exordium Wildlife","floor":4,"turns":3},{"damage":6,"enemies":"3 Louse","floor":5,"turns":2},{"damage":27,"enemies":"3 Sentries","floor":6,"turns":5},{"damage":5,"enemies":"Large Slime","floor":7,"turns":2},{"damage":0,"enemies":"Exordium Wildlife","floor":8,"turns":4},{"damage":10,"enemies":"Looter","floor":13,"turns":2},{"damage":2,"enemies":"Slime Boss","floor":16,"turns":5},{"damage":10,"enemies":"Spheric Guardian","floor":18,"turns":3},{"damage":119,"enemies":"2 Thieves","floor":20,"turns":7},{"damage":11,"enemies":"Snecko","floor":21,"turns":4},{"damage":6,"enemies":"Snake Plant","floor":22,"turns":3},{"damage":20,"enemies":"Gremlin Leader","floor":23,"turns":3},{"damage":94,"enemies":"Slavers","floor":29,"turns":5},{"damage":92,"enemies":"Shelled Parasite and Fungi","floor":30,"turns":9},{"damage":26,"enemies":"Chosen and Byrds","floor":31,"turns":4},{"damage":66,"enemies":"Collector","floor":33,"turns":5},{"damage":0,"enemies":"3 Shapes","floor":35,"turns":2},{"damage":0,"enemies":"Orb Walker","floor":36,"turns":2},{"damage":74,"enemies":"Maw","floor":38,"turns":5},{"damage":6,"enemies":"Nemesis","floor":41,"turns":3},{"damage":0,"enemies":"Sphere and 2 Shapes","floor":44,"turns":2},{"damage":21,"enemies":"Reptomancer","floor":45,"turns":3},{"damage":17,"enemies":"4 Shapes","floor":48,"turns":2},{"damage":210,"enemies":"Donu and Deca","floor":50,"turns":12},{"damage":137,"enemies":"Malkuth","floor":51,"turns":6},{"damage":99,"enemies":"Yesod","floor":51,"turns":6},{"damage":365,"enemies":"Chesed","floor":51,"turns":7}],"seed_played":"8477108625710545625","potions_obtained":[{"floor":2,"key":"Adrenaline Potion"},{"floor":6,"key":"SpeedPotion"},{"floor":7,"key":"Elixir"},{"floor":8,"key":"PowerPotion"},{"floor":16,"key":"FairyPotion"},{"floor":35,"key":"DuplicationPotion"}],"is_trial":false,"path_per_floor":["M","M","M","M","M","E","M","M","T","R","?","R","M","?","R","B",null,"M","?","M","M","M","E","?","R","T","R","?","E","M","M","R","B",null,"M","M","?","M","?","$","E","$","T","M","E","R","?","M","R","B",null],"character_chosen":"Angela","items_purchased":[],"campfire_rested":0,"item_purchase_floors":[],"current_hp_per_floor":[86,96,106,106,110,94,99,110,120,130,103,113,114,124,134,150,261,265,275,170,173,182,176,186,196,206,216,226,175,162,196,206,195,459,473,487,497,458,468,478,522,532,542,571,577,587,597,619,629,554],"gold":683,"neow_bonus":"TEN_PERCENT_HP_BONUS","is_daily":false,"chose_seed":false,"campfire_upgraded":0,"win_rate":0.0,"timestamp":1613993143,"path_taken":["M","M","M","M","M","E","M","M","T","R","?","R","M","?","R","BOSS","M","?","M","M","?","E","?","R","T","R","?","E","M","M","R","BOSS","M","M","?","M","?","$","E","?","T","M","E","R","?","M","R","BOSS"],"items_purchased_type":[],"build_version":"2020-12-22","purchased_purges":4,"victory":true,"max_hp_per_floor":[97,107,117,127,137,147,157,167,177,187,197,207,217,227,237,251,261,275,285,295,309,323,337,347,357,367,377,387,401,415,429,439,449,459,473,487,497,507,517,527,541,551,561,571,585,595,605,619,629,639],"card_choices":[{"not_picked":["CherryBlossoms","UniverseFragment"],"picked":"Scorched","floor":1},{"not_picked":["Noise"],"picked":"RapturousDream","floor":1},{"not_picked":["Tough","CUTE"],"picked":"SKIP","floor":1},{"not_picked":["BeautyBeast","GalaxyChild"],"picked":"OldLady","floor":2},{"not_picked":["RedEyes"],"picked":"Hornet","floor":2},{"not_picked":["PunishingBird","CherryBlossoms"],"picked":"Bloodbath","floor":3},{"not_picked":["Noise"],"picked":"Pinks","floor":3},{"not_picked":["BeautyBeast","OSAHOGD"],"picked":"Wellcheers","floor":4},{"not_picked":["Wingbeat","Beak"],"picked":"SKIP","floor":4},{"not_picked":["CrumblingArmor","WallGazer"],"picked":"OSAHOGD","floor":5},{"not_picked":["BlackSwan_ego"],"picked":"Heaven","floor":5},{"not_picked":["Murderer","CrumblingArmor"],"picked":"LongBird","floor":6},{"not_picked":["Harmony"],"picked":"Logging","floor":6},{"not_picked":["Murderer","Porccubus"],"picked":"UniverseFragment","floor":7},{"not_picked":["Adoration"],"picked":"Noise","floor":7},{"not_picked":["VoidDream","MHz"],"picked":"BigBadWolf","floor":8},{"not_picked":["Beak"],"picked":"Laetitia_ego","floor":8},{"not_picked":["Horn","Hornet"],"picked":"SKIP","floor":13},{"not_picked":["CENSORED_ego"],"picked":"Mimicry","floor":16},{"not_picked":["CrumblingArmor","SnowQueen"],"picked":"Rudolta","floor":16},{"not_picked":["LittleHelper","WallGazer"],"picked":"LaLuna","floor":18},{"not_picked":["CUTE"],"picked":"Ecstasy","floor":18},{"not_picked":["SolemnVow"],"picked":"TodaysExpression+1","floor":18},{"not_picked":["InTheNameOfLoveAndHate+1"],"picked":"Twilight","floor":20},{"not_picked":["Noise","BearPaw"],"picked":"SKIP","floor":20},{"not_picked":["FairyFestival","WallGazer"],"picked":"MeatLantern","floor":21},{"not_picked":["Loneliness"],"picked":"Gaze","floor":21},{"not_picked":["Lantern+1","GreenStem"],"picked":"SKIP","floor":21},{"not_picked":["WhitesApple","FairyFestival"],"picked":"Freischutz","floor":22},{"not_picked":["Beak"],"picked":"Horn+1","floor":22},{"not_picked":["Murderer","MHz"],"picked":"Woodsman","floor":23},{"not_picked":["LifeForTheDareDevil","MagicBullet"],"picked":"SKIP","floor":23},{"not_picked":["ShyLook","Porccubus"],"picked":"Mercenary","floor":29},{"not_picked":["CherryBlossom+1"],"picked":"Wingbeat","floor":29},{"not_picked":["CherryBlossom+1","Twilight"],"picked":"SKIP","floor":29},{"not_picked":["Yin","BodiesMountain"],"picked":"DreamingCurrent","floor":30},{"not_picked":["Horn"],"picked":"RedEyes+1","floor":30},{"not_picked":["GreenStem+1","RapturousDream"],"picked":"SKIP","floor":30},{"not_picked":["WallGazer","Scarecrow"],"picked":"GreedKing","floor":31},{"not_picked":["RedEyes"],"picked":"Soda+1","floor":31},{"not_picked":["RapturousDream+1","Moonlight+1"],"picked":"SKIP","floor":31},{"not_picked":["CENSORED_ego"],"picked":"GoldRush","floor":33},{"not_picked":["Adoration"],"picked":"GoldRush","floor":33},{"not_picked":["OSAHOGD","RedShoes"],"picked":"Alriune","floor":35},{"not_picked":["TodaysExpression","LifeForTheDareDevil"],"picked":"SKIP","floor":35},{"not_picked":["TodaysExpression","LifeForTheDareDevil"],"picked":"SKIP","floor":35},{"not_picked":["MHz","NakedNest"],"picked":"Scarecrow","floor":36},{"not_picked":["FourthMatchFlame"],"picked":"GrinderMk4+1","floor":36},{"not_picked":["Tough"],"picked":"Horn+1","floor":37},{"not_picked":["Beak"],"picked":"Soda+1","floor":38},{"not_picked":["Pinks"],"picked":"FourthMatchFlame","floor":38},{"not_picked":["Alriune","Freischutz"],"picked":"HeroicMonk","floor":41},{"not_picked":["Harmony+1"],"picked":"Harvest","floor":41},{"not_picked":["Laetitia_ego","CrimsonScar+1"],"picked":"SKIP","floor":44},{"not_picked":["SingingMachine","LittleHelper"],"picked":"SilentOrchestra","floor":45},{"not_picked":["Christmas+1","Lantern"],"picked":"SKIP","floor":45},{"not_picked":["Freischutz","CENSORED"],"picked":"QueenOfHatred","floor":48},{"not_picked":["TodaysExpression","RapturousDream"],"picked":"Horn+1","floor":48}],"player_experience":154442,"relics_obtained":[{"floor":6,"key":"StoneCalendar"},{"floor":23,"key":"Replay:Bottled Eggs"},{"floor":26,"key":"Happy Flower"},{"floor":29,"key":"Centennial Puzzle"},{"floor":30,"key":"AtMidnight"},{"floor":37,"key":"War Paint"},{"floor":39,"key":"Ring of Panic"},{"floor":39,"key":"Ring of Chaos"},{"floor":41,"key":"Kunai"},{"floor":41,"key":"Lantern"},{"floor":43,"key":"Golden Egg"},{"floor":45,"key":"Toy Ornithopter"},{"floor":45,"key":"ReplayTheSpireMod:TigerMarble"}],"event_choices":[{"damage_healed":0,"gold_gain":0,"player_choice":"Entered Light","damage_taken":37,"max_hp_gain":0,"max_hp_loss":0,"event_name":"Shining Light","floor":11,"gold_loss":0,"cards_upgraded":["Noise","Logging"]},{"damage_healed":0,"gold_gain":0,"player_choice":"Ignored","damage_taken":0,"max_hp_gain":0,"max_hp_loss":0,"event_name":"Liars Game","floor":14,"gold_loss":0},{"damage_healed":0,"gold_gain":0,"player_choice":"Ignored","damage_taken":0,"max_hp_gain":0,"max_hp_loss":0,"event_name":"Vampires","floor":19,"gold_loss":0},{"damage_healed":0,"gold_gain":0,"player_choice":"Obtained Relic","damage_taken":0,"relics_obtained":["Omamori"],"max_hp_gain":0,"max_hp_loss":0,"event_name":"Addict","floor":24,"gold_loss":85},{"damage_healed":0,"gold_gain":0,"player_choice":"Inject Mutagens","damage_taken":0,"relics_obtained":["MutagenicStrength"],"max_hp_gain":0,"max_hp_loss":0,"event_name":"Drug Dealer","floor":28,"gold_loss":0},{"damage_healed":0,"gold_gain":0,"player_choice":"Ignored","damage_taken":0,"max_hp_gain":0,"max_hp_loss":0,"event_name":"Tomb of Lord Red Mask","floor":47,"gold_loss":0}],"is_beta":false,"boss_relics":[{"not_picked":["Snecko Eye","Painkiller Herb"],"picked":"bronze:MakeshiftBattery"},{"not_picked":["Replay:Drink Me","Replay:Wanted Poster"],"picked":"Black Star"}],"items_purged_floors":[40,40,40,40],"is_endless":false,"potions_floor_spawned":[2,6,7,8,16,23,29,30,35,36,44,45],"ascension_level":0}}