{"host":"dkr0dog13pegamnp","time":1613977807,"event":{"mods":["AchievementEnabler","BaseMod","Minty Spire (QoL Compilation)","Rare Cards Sparkle","StSLib","SuperFastMode","everything is the same but u backflip on backflip"],"gold_per_floor":[209,45,60,60,60,60,14,14,65,65,65,65],"floor_reached":11,"language":"KOR","playtime":183,"items_purged":[],"score":94,"play_id":"cbfe7963-38db-4521-b598-3e927d52573f","local_time":"20210222161007","is_ascension_mode":true,"campfire_choices":[{"data":"Master of Strategy","floor":6,"key":"SMITH"},{"data":"Cloak And Dagger","floor":8,"key":"SMITH"},{"data":"Tactician","floor":10,"key":"SMITH"}],"circlet_count":0,"master_deck":["AscendersBane","Strike_G","Strike_G","Strike_G","Strike_G","Defend_G","Defend_G","Defend_G","Defend_G","Defend_G","Survivor","Neutralize","Tactician+1","Master of Strategy+1","Cloak And Dagger+1"],"relics":["Ring of the Snake","Potion Belt"],"acts_visited":["Exordium"],"potions_floor_usage":[],"damage_taken":[{"damage":23.0,"enemies":"Cultist","floor":1.0,"turns":6.0},{"damage":6,"enemies":"Jaw Worm","floor":3,"turns":6},{"damage":60,"enemies":"Lagavulin","floor":11,"turns":12}],"seed_played":"5041132510945095203","potions_obtained":[],"is_trial":false,"path_per_floor":["M","$","M","?","?","R","$","R","T","R","E"],"character_chosen":"THE_SILENT","items_purchased":["Master of Strategy","Cloak And Dagger"],"campfire_rested":0,"item_purchase_floors":[2,7],"current_hp_per_floor":[40,40,34,57,50,50,50,50,50,50,0,0],"gold":65,"neow_bonus":"HUNDRED_GOLD","is_daily":false,"chose_seed":false,"campfire_upgraded":3,"win_rate":0.0,"timestamp":1613977807,"path_taken":["M","$","M","?","?","R","$","R","T","R","E"],"items_purchased_type":["Card","Card"],"build_version":"2020-12-22","purchased_purges":0,"victory":false,"max_hp_per_floor":[70,70,70,70,70,70,70,70,70,70,70,70],"card_choices":[{"not_picked":["PiercingWail","Quick Slash"],"picked":"Tactician","floor":1.0},{"not_picked":["Setup","Slice","Outmaneuver"],"picked":"SKIP","floor":3}],"player_experience":82213,"relics_obtained":[{"floor":9,"key":"Potion Belt"}],"event_choices":[{"damage_healed":23,"gold_gain":0,"player_choice":"Banana","damage_taken":0,"max_hp_gain":0,"max_hp_loss":0,"event_name":"Big Fish","floor":4,"gold_loss":0},{"cards_removed":["Strike_G"],"damage_healed":0,"gold_gain":0,"player_choice":"Card Removal","damage_taken":7,"max_hp_gain":0,"max_hp_loss":0,"event_name":"Golden Wing","floor":5,"gold_loss":0}],"is_beta":false,"boss_relics":[],"items_purged_floors":[],"is_endless":false,"potions_floor_spawned":[],"killed_by":"Lagavulin","ascension_level":12}}