{"host":"y9jgkjnf95sujozk","time":1613991664,"event":{"mods":["2.2 Compatiblity","AchievementEnabler","Act Like it!","BaseMod","BetterRewards","Block Reminder","Colored Map","Colored Powertips","Friendly Minions","Gensokyo","GifTheSpireLib","Hallownest","Hermit","Highlight Path","HololiveMod","Hubris","Infinite Spire","Jorbs\u0027s Wanderer Trilogy","Koishi","Marisa（霧雨　魔理沙）","Minty Spire (QoL Compilation)","Quick Restart","Random Character Button","Rare Cards Sparkle","Reimu（博??梦）","Remilia（蕾米莉?）","Replay The Spire","Shop Mod","StSLib","SuperFastMode","The Bug Knight","The Cursed","The Disciple","The Hierophant","The Jungle","The Runesmith","The Senshi","The Servant 0.9.4"],"gold_per_floor":[113,123,44,44,54,54,54,125,196,196,196,215,229,0,0,104,104,119,149,140,140,140,140,172,172,472,472,483,82,82,82,82,180,180,197,42,60,71,71,71,91,91,91,109,142,21,35,35,35,42],"floor_reached":51,"language":"ENG","playtime":1654,"items_purged":["Pain"],"score":1008,"play_id":"4b20d9a0-eb05-45ee-9eef-186a812417bb","local_time":"20210222120104","is_ascension_mode":false,"campfire_choices":[{"floor":6,"key":"REST"},{"floor":10,"key":"REST"},{"data":"Runesmith:ShiftingStrike","floor":15,"key":"SMITH"},{"floor":23,"key":"REST"},{"floor":25,"key":"REST"},{"floor":27,"key":"RECALL"},{"floor":30,"key":"REST"},{"floor":32,"key":"REST"},{"floor":42,"key":"REST"},{"floor":49,"key":"REST"}],"circlet_count":0,"master_deck":["Runesmith:Strike_RS","Runesmith:Strike_RS","Runesmith:Strike_RS","Runesmith:Defend_RS","Runesmith:Defend_RS+1","Runesmith:Defend_RS","Runesmith:Defend_RS","Runesmith:CraftFirestone","Runesmith:Fortify+1","Runesmith:DoubleUp","Runesmith:BackupBattery","Runesmith:HammerTime+1","Runesmith:Grindstone","Runesmith:Prism","Runesmith:MakeshiftArmor","Runesmith:FieryHammer","Runesmith:Malloc","Runesmith:ShiftingStrike","Runesmith:ShiftingStrike","Runesmith:MetallurgicalResearch","Runesmith:ShiftingStrike+1","Runesmith:FissionHammer","Runesmith:ShiftingStrike","Runesmith:PerfectChisel","Runesmith:MakeshiftArmor+1","ReplayTheSpireMod:Black Plague","Replay:Fractal Strike","ReplayTheSpireMod:Chaos Vortex","Runesmith:DoubleUp+1","Runesmith:Refine","Runesmith:MetallurgicalResearch","Runesmith:Grindstone","Runesmith:HammerTime","Runesmith:HammerThrow","Runesmith:Grindstone","Runesmith:Overpower","Runesmith:BackupBattery","Runesmith:ShiftingStrike","Runesmith:HammerThrow+1","Runesmith:EarthShield+1","Runesmith:FieryHammer","Runesmith:ShiftingStrike","Runesmith:NegativeSpace"],"relics":["Runesmith:BrokenRuby","theSenshi:SpiralHeartMoonRodRelic","hubris:CrystalStatue","Orrery","Hololive_Finger","Red Mask","TheAbacus","Fusion Hammer","WarpedTongs","Boot","Old Coin","Replay:Lucky Slots","Oddly Smooth Stone","ReplayTheSpireMod:DimensionalGlitch","Ring of Fangs","Ring of Panic","infinitespire:Bottled Soul","hubris:64BitClover","Shovel","hubris:Icosahedron"],"acts_visited":["Exordium","TheCity","TheCity"],"potions_floor_usage":[16,18,19,19,19,33,44,45,45,45,47],"damage_taken":[{"damage":0,"enemies":"Jaw Worm","floor":1,"turns":4},{"damage":10,"enemies":"2 Louse","floor":2,"turns":5},{"damage":0,"enemies":"Cultist","floor":5,"turns":5},{"damage":0,"enemies":"Red Slaver","floor":12,"turns":4},{"damage":0,"enemies":"Looter","floor":13,"turns":4},{"damage":16,"enemies":"Fading Forest","floor":16,"turns":11},{"damage":3,"enemies":"Shell Parasite","floor":18,"turns":6},{"damage":35,"enemies":"Masked Bandits","floor":19,"turns":4},{"damage":17,"enemies":"3 Byrds","floor":20,"turns":7},{"damage":0,"enemies":"Book of Stabbing","floor":24,"turns":1},{"damage":9,"enemies":"Snake Plant","floor":28,"turns":3},{"damage":16,"enemies":"hubris:MusketHawk","floor":33,"turns":9},{"damage":0,"enemies":"Hallownest:2_Littles","floor":35,"turns":8},{"damage":0,"enemies":"Hallownest:Shield_Heavy","floor":37,"turns":5},{"damage":0,"enemies":"Hallownest:monsterPrimalAspid","floor":38,"turns":5},{"damage":46,"enemies":"Hallownest:2_Wing_and_1_Kings","floor":41,"turns":10},{"damage":22,"enemies":"Hallownest:2_Soldiers_and_1_Guardian","floor":44,"turns":8},{"damage":3,"enemies":"Nightmare","floor":45,"turns":8},{"damage":12,"enemies":"Hallownest:Xero_Hu_Marmu","floor":47,"turns":6},{"damage":30,"enemies":"Hallownest:Radiance","floor":50,"turns":16}],"seed_played":"-7402624543049533480","potions_obtained":[{"floor":1,"key":"Block Potion"},{"floor":5,"key":"SpeedPotion"},{"floor":12,"key":"LiquidMemories"},{"floor":16,"key":"Weak Potion"},{"floor":18,"key":"Strength Potion"},{"floor":24,"key":"Fire Potion"},{"floor":33,"key":"Strength Potion"},{"floor":37,"key":"BlessingOfTheForge"},{"floor":41,"key":"Adrenaline Potion"},{"floor":44,"key":"SkillPotion"},{"floor":45,"key":"infinitespire:BlackPotion"}],"is_trial":false,"path_per_floor":["M","M","$","?","M","R","?","?","T","R","?","M","M","$","R","B",null,"M","?","M","AVR","?","R","E","R","T","R","M","$","R","?","R","B",null,"M","$","M","M","?","AVR","M","R","T","M","NM","$","M","?","R","B",null],"character_chosen":"RUNESMITH_CLASS","items_purchased":["Runesmith:HammerTime","Runesmith:FieryHammer","Orrery","Replay:Lucky Slots","Oddly Smooth Stone","Runesmith:HammerTime","Runesmith:HammerThrow","Runesmith:Grindstone","Runesmith:FieryHammer","Runesmith:ShiftingStrike"],"campfire_rested":8,"item_purchase_floors":[3,14,14,29,29,36,36,36,46,46],"current_hp_per_floor":[70,64,64,64,66,70,56,56,56,70,70,70,70,70,70,60,70,69,39,28,28,28,49,49,70,70,70,63,63,70,70,70,56,70,70,70,70,70,70,70,27,48,48,29,27,27,18,18,39,10],"gold":42,"neow_bonus":"","is_daily":false,"chose_seed":false,"campfire_upgraded":1,"win_rate":0.0,"timestamp":1613991664,"path_taken":["M","M","$","?","M","R","?","?","T","R","?","M","?","$","R","BOSS","M","?","M","AVR","?","R","E","R","T","R","?","$","R","?","R","BOSS","M","$","M","M","?","AVR","M","R","T","M","NM","$","?","?","R","BOSS"],"items_purchased_type":["Card","Card","Relic","Relic","Relic","Card","Card","Card","Card","Card"],"build_version":"2020-12-22","purchased_purges":1,"victory":true,"max_hp_per_floor":[70,70,70,70,70,70,70,70,70,70,70,70,70,70,70,70,70,70,70,70,70,70,70,70,70,70,70,70,70,70,70,70,70,70,70,70,70,70,70,70,70,70,70,70,70,70,70,70,70,70],"card_choices":[{"not_picked":["Runesmith:Repurpose","Runesmith:BackupBattery"],"picked":"Runesmith:DoubleUp","floor":1},{"not_picked":["Runesmith:Discharge","Runesmith:ChaoticBlast"],"picked":"Runesmith:BackupBattery","floor":2},{"not_picked":["Runesmith:HammerAndChisel","Runesmith:ElementalConversion"],"picked":"Runesmith:Grindstone","floor":5},{"not_picked":["Runesmith:CraftProtectio","Runesmith:LastStand"],"picked":"Runesmith:Prism","floor":12},{"not_picked":["Runesmith:Accelerate","Runesmith:EnergizedChisel"],"picked":"Runesmith:MakeshiftArmor","floor":13},{"not_picked":["Runesmith:HammerAndChisel","Runesmith:WhiteBalance"],"picked":"Runesmith:Malloc","floor":14},{"not_picked":["Runesmith:Permafrost","Runesmith:CraftVitae"],"picked":"Runesmith:ShiftingStrike","floor":14},{"not_picked":["Runesmith:ChiselStab","Runesmith:CraftMagma"],"picked":"Runesmith:ShiftingStrike","floor":14},{"not_picked":["Runesmith:HeatExchange","Runesmith:CraftReservo"],"picked":"Runesmith:MetallurgicalResearch","floor":14},{"not_picked":["Runesmith:Electrocute","Runesmith:EnergizedChisel"],"picked":"Runesmith:ShiftingStrike","floor":14},{"not_picked":["Runesmith:Supernova","Runesmith:GenerateForcefield"],"picked":"Runesmith:FissionHammer","floor":16},{"not_picked":["Runesmith:CraftMagma","Runesmith:RuneHurl"],"picked":"Runesmith:ShiftingStrike","floor":18},{"not_picked":["Runesmith:ChargedHammer","Runesmith:LithiumIon+1"],"picked":"Runesmith:PerfectChisel","floor":19},{"not_picked":["Runesmith:Terraform","Runesmith:RuneHurl"],"picked":"Runesmith:MakeshiftArmor+1","floor":20},{"not_picked":["Runesmith:CraftMedicinae","Runesmith:FieryHammer"],"picked":"Runesmith:DoubleUp+1","floor":24},{"not_picked":["Runesmith:Repurpose","Runesmith:CraftMagma"],"picked":"Runesmith:Refine","floor":28},{"not_picked":["Runesmith:ArcReactor","Runesmith:ReplicatingBarrier"],"picked":"Runesmith:MetallurgicalResearch","floor":33},{"not_picked":["Runesmith:Repurpose","Runesmith:FrozenChisel+1"],"picked":"Runesmith:Grindstone","floor":35},{"not_picked":["Runesmith:RuneHurl","Runesmith:RunicBlueprint"],"picked":"Runesmith:Overpower","floor":37},{"not_picked":["Runesmith:NegativeSpace","Runesmith:ChargedHammer"],"picked":"Runesmith:BackupBattery","floor":38},{"not_picked":["Runesmith:Duplicate","Runesmith:ChiselStab+1"],"picked":"Runesmith:ShiftingStrike","floor":41},{"not_picked":["Runesmith:HeatedChisel","Runesmith:HeatExchange+1"],"picked":"Runesmith:HammerThrow+1","floor":44},{"not_picked":["Runesmith:Empowerment+1","Runesmith:Accelerate"],"picked":"Runesmith:EarthShield+1","floor":45},{"not_picked":["Runesmith:StaticCage+1","Runesmith:CraftSpiculum+1"],"picked":"Runesmith:NegativeSpace","floor":47}],"player_experience":146852,"relics_obtained":[{"floor":9,"key":"hubris:CrystalStatue"},{"floor":19,"key":"Red Mask"},{"floor":24,"key":"Boot"},{"floor":26,"key":"Old Coin"},{"floor":39,"key":"Ring of Fangs"},{"floor":39,"key":"Ring of Panic"},{"floor":43,"key":"hubris:64BitClover"},{"floor":45,"key":"Shovel"}],"event_choices":[{"damage_healed":0,"gold_gain":0,"player_choice":"Entered Light","damage_taken":14,"max_hp_gain":0,"max_hp_loss":0,"event_name":"Shining Light","floor":7,"gold_loss":0,"cards_upgraded":["Runesmith:HammerTime","Runesmith:Defend_RS"]},{"damage_healed":0,"gold_gain":71,"player_choice":"Gained Gold","damage_taken":0,"max_hp_gain":0,"max_hp_loss":0,"event_name":"Golden Wing","floor":8,"gold_loss":0},{"cards_removed":["Runesmith:Strike_RS"],"damage_healed":0,"gold_gain":0,"player_choice":"Offered Basic","damage_taken":0,"max_hp_gain":0,"max_hp_loss":0,"event_name":"Bonfire Elementals","floor":11,"gold_loss":0},{"damage_healed":0,"gold_gain":0,"player_choice":"Fought Bandits","damage_taken":0,"max_hp_gain":0,"max_hp_loss":0,"event_name":"Masked Bandits","floor":19,"gold_loss":0},{"damage_healed":0,"gold_gain":0,"player_choice":"Rummage","damage_taken":0,"relics_obtained":["WarpedTongs"],"max_hp_gain":0,"max_hp_loss":0,"event_name":"Accursed Blacksmith","floor":22,"gold_loss":0,"cards_obtained":["Pain"]},{"damage_healed":0,"gold_gain":0,"player_choice":"Ignored","damage_taken":0,"max_hp_gain":0,"max_hp_loss":0,"event_name":"Purifier","floor":31,"gold_loss":0}],"is_beta":false,"boss_relics":[{"not_picked":["ReplayTheSpireMod:SealedPack","Pandora\u0027s Box"],"picked":"Hololive_Finger"},{"not_picked":["Replay:Ancient Bell","hubris:GrandSneckoEye"],"picked":"ReplayTheSpireMod:DimensionalGlitch"}],"items_purged_floors":[29],"is_endless":false,"potions_floor_spawned":[1,5,12,16,18,24,33,37,41,44,45],"ascension_level":0}}