{"host":"qc1sjgtdjonvdsd8","time":1613973313,"event":{"mods":["BaseMod","Colored Map","Colored Powertips","Curses Come First","Minty Spire (QoL Compilation)","Replay The Spire","StSLib"],"gold_per_floor":[111,129,204,215,215,244,23,23,23,23,50,70,82,7,7,112,112,130,149,163,163,24,24,55,55,55,85,105,105,105,124,124,224,224,238,264,219,65,65,91,172,172,221,221,234,234,247,261,261,261],"floor_reached":51,"language":"ENG","playtime":4014,"items_purged":["Strike_R","Defend_R"],"score":866,"play_id":"a0fea383-0471-4b3c-8b9c-5912f92ed4a4","local_time":"20210221215513","is_ascension_mode":true,"campfire_choices":[{"data":"Mayhem","floor":8,"key":"SMITH"},{"data":"Seeing Red","floor":10,"key":"SMITH"},{"floor":15,"key":"DIG"},{"data":"Corruption","floor":23,"key":"SMITH"},{"data":"True Grit","floor":25,"key":"SMITH"},{"floor":30,"key":"REST"},{"floor":32,"key":"REST"},{"data":"Impervious","floor":42,"key":"SMITH"},{"data":"Shrug It Off","floor":42,"key":"SMITH"},{"floor":49,"key":"REST"}],"circlet_count":0,"master_deck":["Strike_R","Defend_R","Defend_R","Defend_R","Bash","Seeing Red+1","Twin Strike","Cleave","Evolve","Cleave","Mayhem+1","Dark Embrace+1","Defy Death","Carnage","Replay:Undeath\u0027s Touch","Corruption+1","CurseOfTheBell","True Grit+1","Fire Breathing","Metallicize+1","Fire Breathing","Feel No Pain+1","Armaments","Havoc+1","ReplayTheSpireMod:Stacked","Wild Strike","Ghostly Armor+1","Impervious+1","Flame Barrier","Pommel Strike+1","Shrug It Off+1","Normality","ReplayTheSpireMod:Muscle Training","Body Slam+1","Shockwave+1","Sentinel"],"relics":["Burning Blood","ReplayTheSpireMod:Shallot","Question Card","Prayer Wheel","Replay:Accelerometer","Calling Bell","Replay:Rubber Ducky","Chameleon Ring","WingedGreaves","Tiny Chest","Replay:Arrowhead","Snecko Eye","Oddly Smooth Stone","ReplayTheSpireMod:CursedCoin","Gambling Chip","StoneCalendar","Art of War","Pen Nib","Letter Opener"],"acts_visited":["Exordium","TheCity","TheBeyond"],"potions_floor_usage":[6,16,18,27,33,33,40,40],"damage_taken":[{"damage":9,"enemies":"Jaw Worm","floor":1,"turns":3},{"damage":1,"enemies":"Cultist","floor":2,"turns":3},{"damage":0,"enemies":"2 Louse","floor":4,"turns":2},{"damage":25,"enemies":"3 Sentries","floor":6,"turns":4},{"damage":26,"enemies":"Gremlin Nob","floor":11,"turns":4},{"damage":3,"enemies":"Red Slaver","floor":12,"turns":6},{"damage":5,"enemies":"Exordium Wildlife","floor":13,"turns":4},{"damage":12,"enemies":"Slime Boss","floor":16,"turns":6},{"damage":3,"enemies":"3 Byrds","floor":18,"turns":6},{"damage":10,"enemies":"Spheric Guardian","floor":19,"turns":6},{"damage":5,"enemies":"Centurion and Healer","floor":20,"turns":8},{"damage":63,"enemies":"Book of Stabbing","floor":24,"turns":6},{"damage":54,"enemies":"Gremlin Leader","floor":27,"turns":8},{"damage":9,"enemies":"Snake Plant","floor":28,"turns":7},{"damage":0,"enemies":"Snecko","floor":31,"turns":8},{"damage":33,"enemies":"Automaton","floor":33,"turns":8},{"damage":10,"enemies":"Orb Walker","floor":35,"turns":6},{"damage":24,"enemies":"Reptomancer","floor":40,"turns":7},{"damage":0,"enemies":"3 Shapes","floor":45,"turns":3},{"damage":21,"enemies":"Spire Growth","floor":47,"turns":5},{"damage":1,"enemies":"Jaw Worm Horde","floor":48,"turns":4},{"damage":31,"enemies":"Donu and Deca","floor":50,"turns":8}],"seed_played":"6166212331276111478","potions_obtained":[{"floor":2,"key":"ColorlessPotion"},{"floor":12,"key":"CultistPotion"},{"floor":16,"key":"Fire Potion"},{"floor":19,"key":"BloodPotion"},{"floor":24,"key":"Venom Potion"},{"floor":31,"key":"AttackPotion"},{"floor":33,"key":"Explosive Potion"},{"floor":35,"key":"Regen Potion"},{"floor":48,"key":"BloodPotion"}],"is_trial":false,"path_per_floor":["M","M","?","M","?","E","$","R","T","R","E","M","M","$","R_BF","B",null,"M","M","M","?","$","R","E","R","T","E","M","?","R","M","R","B",null,"M","T","$","$","?","E","?","R","T","?","M","T","M","M","R","B",null],"character_chosen":"IRONCLAD","items_purchased":["Mayhem","Dark Embrace+1","Havoc+1","Shrug It Off","ReplayTheSpireMod:CursedCoin","Gambling Chip"],"campfire_rested":3,"item_purchase_floors":[7,7,22,37,38,38],"current_hp_per_floor":[77,80,72,78,78,59,59,59,59,59,39,42,43,43,43,37,69,72,68,69,90,90,90,33,33,33,12,9,9,36,42,69,42,78,74,74,74,74,74,81,59,59,59,59,65,65,50,55,82,57],"gold":261,"neow_bonus":"TRANSFORM_CARD","is_daily":false,"chose_seed":false,"campfire_upgraded":6,"win_rate":0.0,"timestamp":1613973313,"path_taken":["M","M","?","?","?","E","$","R","T","R","E","?","M","$","R_BF","BOSS","M","M","M","?","?","R","E","R","T","E","?","?","R","?","R","BOSS","M","?","$","$","?","E","?","R","T","?","M","?","M","M","R","BOSS"],"items_purchased_type":["Card","Card","Card","Card","Relic","Relic"],"build_version":"2020-12-22","purchased_purges":2,"victory":true,"max_hp_per_floor":[80,80,80,80,80,80,80,80,80,80,80,80,80,80,80,80,80,80,80,80,90,90,90,90,90,90,90,90,90,90,90,90,90,90,90,90,90,90,90,90,90,90,90,90,90,90,90,90,90,90],"card_choices":[{"not_picked":["Flex","Heavy Blade"],"picked":"Twin Strike","floor":1},{"not_picked":["Clothesline","Iron Wave"],"picked":"Cleave","floor":2},{"not_picked":["Run Through","Reckless Charge","Warcry"],"picked":"SKIP","floor":4},{"not_picked":["Anger","Infernal Blade"],"picked":"Cleave","floor":6},{"not_picked":["Blood for Blood","Cleave","Hemogenesis"],"picked":"Defy Death","floor":11},{"not_picked":["Body Slam","Havoc","Perfected Strike"],"picked":"Carnage","floor":12},{"not_picked":["Sword Boomerang","Run Through","Twin Strike","Havoc"],"picked":"SKIP","floor":12},{"not_picked":["ReplayTheSpireMod:Strike From Hell","Headbutt","Sword Boomerang"],"picked":"Eclipse","floor":13},{"not_picked":["Pommel Strike","Thunderclap","Perfected Strike"],"picked":"Replay:Undeath\u0027s Touch","floor":13},{"not_picked":["Brutality","Feed","Offering"],"picked":"Corruption","floor":16},{"not_picked":["Reckless Charge+1","Headbutt","Metallicize"],"picked":"True Grit","floor":18},{"not_picked":["Warcry","Immolate","Burning Pact"],"picked":"Fire Breathing","floor":18},{"not_picked":["True Grit","Cleave","Havoc"],"picked":"Metallicize+1","floor":19},{"not_picked":["Headbutt","Havoc","Replay:Undeath\u0027s Touch"],"picked":"Fire Breathing","floor":19},{"not_picked":["Rage","Flex","ReplayTheSpireMod:Muscle Training"],"picked":"Feel No Pain+1","floor":20},{"not_picked":["ReplayTheSpireMod:Corrosion Curse+1","Clash","Body Slam"],"picked":"Armaments","floor":20},{"not_picked":["Body Slam","Replay:Many Hands","Heavy Blade"],"picked":"Warcry","floor":24},{"not_picked":["Cleave","Iron Wave+1","True Grit","Combust"],"picked":"SKIP","floor":27},{"not_picked":["True Grit","Run Through+1","Sever Soul+1"],"picked":"ReplayTheSpireMod:Stacked","floor":28},{"not_picked":["True Grit","Hemokinesis","Iron Wave","Twin Strike"],"picked":"SKIP","floor":28},{"not_picked":["Replay:Undeath\u0027s Touch","Metallicize+1","Headbutt"],"picked":"Wild Strike","floor":31},{"not_picked":["Combust+1","Pommel Strike","Iron Wave"],"picked":"Ghostly Armor+1","floor":31},{"not_picked":["Eclipse","Hemogenesis","Corruption"],"picked":"Impervious","floor":33},{"not_picked":["Havoc+1","Rage","Warcry+1"],"picked":"Flame Barrier","floor":35},{"not_picked":["Intimidate+1","Wild Strike","Havoc"],"picked":"Pommel Strike+1","floor":35},{"not_picked":["Thunderclap+1","Run Through+1","Replay:Undeath\u0027s Touch"],"picked":"ReplayTheSpireMod:Muscle Training","floor":40},{"not_picked":["True Grit+1","Run Through","ReplayTheSpireMod:Strike From Hell"],"picked":"Body Slam+1","floor":41},{"not_picked":["Hemogenesis","Hemokinesis","Blood for Blood","Dual Wield+1"],"picked":"SKIP","floor":45},{"not_picked":["Dual Wield+1","Body Slam","Headbutt+1","Clothesline"],"picked":"SKIP","floor":45},{"not_picked":["ReplayTheSpireMod:Stacked+1","Sword Boomerang+1","Warcry"],"picked":"Shockwave+1","floor":47},{"not_picked":["Twin Strike","Flex","Body Slam+1","Infernal Blade+1"],"picked":"SKIP","floor":47},{"not_picked":["Rupture","Clash","Intimidate+1"],"picked":"Sentinel","floor":48},{"not_picked":["ReplayTheSpireMod:Strike From Hell+1","Headbutt","Flame Barrier","Sword Boomerang"],"picked":"SKIP","floor":48}],"player_experience":357432,"relics_obtained":[{"floor":6,"key":"ReplayTheSpireMod:Shallot"},{"floor":9,"key":"Question Card"},{"floor":11,"key":"Prayer Wheel"},{"floor":15,"key":"Replay:Accelerometer"},{"floor":17,"key":"Replay:Rubber Ducky"},{"floor":17,"key":"Chameleon Ring"},{"floor":17,"key":"WingedGreaves"},{"floor":24,"key":"Tiny Chest"},{"floor":27,"key":"Replay:Arrowhead"},{"floor":36,"key":"Oddly Smooth Stone"},{"floor":40,"key":"StoneCalendar"},{"floor":41,"key":"Art of War"},{"floor":43,"key":"Pen Nib"},{"floor":46,"key":"Letter Opener"}],"event_choices":[{"damage_healed":0,"gold_gain":75,"player_choice":"Touch","damage_taken":8,"max_hp_gain":0,"max_hp_loss":0,"event_name":"FaceTrader","floor":3,"gold_loss":0},{"damage_healed":0,"gold_gain":0,"cards_transformed":["Strike_R"],"player_choice":"Transformed","damage_taken":0,"max_hp_gain":0,"max_hp_loss":0,"event_name":"Transmorgrifier","floor":5,"gold_loss":0,"cards_obtained":["Evolve"]},{"cards_removed":["Eclipse"],"damage_healed":11,"gold_gain":0,"player_choice":"Offered Rare","damage_taken":0,"max_hp_gain":10,"max_hp_loss":0,"event_name":"Bonfire Elementals","floor":21,"gold_loss":0},{"cards_removed":["Strike_R"],"damage_healed":0,"gold_gain":0,"player_choice":"Purged","damage_taken":0,"max_hp_gain":0,"max_hp_loss":0,"event_name":"Purifier","floor":29,"gold_loss":0},{"cards_removed":["Warcry"],"damage_healed":0,"gold_gain":0,"player_choice":"Removed Skill","damage_taken":0,"max_hp_gain":0,"max_hp_loss":0,"event_name":"Falling","floor":39,"gold_loss":0},{"damage_healed":0,"gold_gain":0,"player_choice":"Ignored","damage_taken":0,"max_hp_gain":0,"max_hp_loss":0,"event_name":"Mysterious Sphere","floor":44,"gold_loss":0}],"is_beta":false,"boss_relics":[{"not_picked":["Pandora\u0027s Box","Kintsugi"],"picked":"Calling Bell"},{"not_picked":["Painkiller Herb","Busted Crown"],"picked":"Snecko Eye"}],"items_purged_floors":[14,22],"is_endless":false,"potions_floor_spawned":[2,12,16,19,24,31,33,35,48],"ascension_level":5}}