{"host":"kmq7aw60w430zvtx","time":1613996043,"event":{"mods":["Aspiration","BaseMod","Downfall","GifTheSpireLib","Hermit","Hubris","Infinite Spire","Minty Spire (QoL Compilation)","Reliquary","Replay The Spire","Spire Arcade","StSLib","The Construct","The Cursed","The Hierophant","The Jungle","The Necromancer","The Runesmith"],"gold_per_floor":[115,80,129,129,90,90,105,137,137,147,147,174,0,17,17,113,113,129,129,51,66,66,66,66,66,66,66,66,80,80,80],"floor_reached":30,"language":"ENG","playtime":1015,"items_purged":[],"score":351,"play_id":"ff6de7b9-60d7-462a-878a-ce286d8868bd","local_time":"20210222131403","is_ascension_mode":true,"campfire_choices":[{"floor":6,"key":"RECALL"},{"floor":11,"key":"REST"},{"floor":15,"key":"REST"},{"data":"Venomology","floor":23,"key":"SMITH"},{"data":"Mayhem","floor":25,"key":"SMITH"},{"data":"Poison Darts","floor":27,"key":"SMITH"}],"circlet_count":0,"master_deck":["AscendersBane","Strike_G","Strike_G","Strike_G","Strike_G","Defend_G","Defend_G","Defend_G","Defend_G","Survivor","Neutralize","Deadly Poison","Pot Of Greed","Pot Of Greed","Flying Knee","Poisoned Stab","Deadly Poison","ReplayTheSpireMod:Tripwire","Toxin Wave","Slice","Mayhem+1","Deadly Poison","Venomology+1","Leg Sweep","Pot Of Greed","Poison Darts+1","Draining Mist"],"relics":["Ring of the Snake","aspiration:Nostalgia","Grinning Jar","MawBank","Replay:Bottled Flurry","reliquary:RosewoodLute","Empty Cage","Nloth\u0027s Gift","hubris:BottledHeart","hubris:FunFungus","Pen Nib"],"acts_visited":["Exordium","TheCity"],"potions_floor_usage":[8,8,14,16,18,29,30,30],"damage_taken":[{"damage":1,"enemies":"2 Louse","floor":1,"turns":3},{"damage":7,"enemies":"Jaw Worm","floor":7,"turns":4},{"damage":10,"enemies":"Gremlin Nob","floor":8,"turns":3},{"damage":0,"enemies":"Cultist","floor":10,"turns":4},{"damage":38,"enemies":"Lagavulin","floor":12,"turns":5},{"damage":7,"enemies":"Looter","floor":14,"turns":4},{"damage":24,"enemies":"The Guardian","floor":16,"turns":8},{"damage":31,"enemies":"3 Byrds","floor":18,"turns":6},{"damage":1,"enemies":"Chosen","floor":21,"turns":7},{"damage":0,"enemies":"Snecko","floor":29,"turns":4},{"damage":9,"enemies":"Gremlin Leader","floor":30,"turns":6}],"seed_played":"-4842050343074059859","potions_obtained":[{"floor":3,"key":"CultistPotion"},{"floor":3,"key":"infinitespire:BlackPotion"},{"floor":7,"key":"champ:CounterPotion"},{"floor":12,"key":"Swift Potion"},{"floor":14,"key":"BlessingOfTheForge"},{"floor":21,"key":"LifebloodPotion"},{"floor":28,"key":"AttackPotion"}],"is_trial":false,"path_per_floor":["M","?","?","?","$","R","M","E","T","M","R","E","$","M","R","B",null,"M","?","$","M","?","R","AVR","R","T","R","?","M","E"],"character_chosen":"THE_SILENT","items_purchased":["Poisoned Stab","Mayhem","Guardian:BlockOnCardUsePotion"],"campfire_rested":2,"item_purchase_floors":[5,13,20],"current_hp_per_floor":[62,70,53,46,46,46,39,29,29,29,50,12,12,5,26,2,53,22,22,22,21,1,1,1,1,1,1,1,1,0,0],"gold":80,"neow_bonus":"NOSTALGIA","is_daily":false,"chose_seed":false,"campfire_upgraded":3,"win_rate":0.0,"timestamp":1613996043,"path_taken":["M","?","?","?","?","R","M","E","T","M","R","E","?","M","R","BOSS","M","?","$","?","?","R","AVR","R","T","R","?","M","E"],"items_purchased_type":["Card","Card","Potion"],"build_version":"2020-12-22","purchased_purges":0,"victory":false,"max_hp_per_floor":[70,70,70,70,70,70,70,70,70,70,70,70,70,70,70,70,70,70,70,70,70,1,1,1,1,1,1,1,1,1,1],"card_choices":[{"not_picked":["Underhanded Strike","Slice"],"picked":"Deadly Poison","floor":1},{"not_picked":["Blade Dance","hubris:Sniper"],"picked":"Flying Knee","floor":3},{"not_picked":["Dagger Throw","Outmaneuver"],"picked":"Deadly Poison","floor":7},{"not_picked":["Finisher","Quick Slash"],"picked":"ReplayTheSpireMod:Tripwire","floor":8},{"not_picked":["Sucker Punch","Dagger Throw"],"picked":"Toxin Wave","floor":10},{"not_picked":["Acrobatics","hubris:Sniper"],"picked":"Slice","floor":12},{"not_picked":["Eviscerate","PiercingWail"],"picked":"Deadly Poison","floor":14},{"not_picked":["A Thousand Cuts","Wraith Form v2"],"picked":"Venomology","floor":16},{"not_picked":["Backflip","Cloak And Dagger+1"],"picked":"Leg Sweep","floor":18},{"not_picked":["Dagger Throw","Flying Knee"],"picked":"Poison Darts","floor":21},{"not_picked":["Dagger Throw","Dodge and Roll+1"],"picked":"Draining Mist","floor":29}],"player_experience":406156,"relics_obtained":[{"floor":3,"key":"Grinning Jar"},{"floor":8,"key":"Replay:Bottled Flurry"},{"floor":12,"key":"reliquary:RosewoodLute"},{"floor":26,"key":"Pen Nib"}],"event_choices":[{"damage_healed":17,"gold_gain":0,"player_choice":"Healed","damage_taken":0,"max_hp_gain":0,"max_hp_loss":0,"event_name":"The Cleric","floor":2,"gold_loss":35},{"damage_healed":0,"gold_gain":0,"player_choice":"Success","damage_taken":7,"relics_obtained":["MawBank"],"max_hp_gain":0,"max_hp_loss":0,"event_name":"Scrap Ooze","floor":4,"gold_loss":0},{"damage_healed":0,"gold_gain":0,"player_choice":"Traded Relic","damage_taken":0,"relics_obtained":["Nloth\u0027s Gift"],"max_hp_gain":0,"max_hp_loss":0,"event_name":"N\u0027loth","floor":19,"relics_lost":["Guardian:ModeShifter"],"gold_loss":0},{"damage_healed":0,"gold_gain":0,"player_choice":"Got Potions","damage_taken":0,"max_hp_gain":0,"max_hp_loss":0,"event_name":"Lab","floor":28,"gold_loss":0}],"is_beta":false,"boss_relics":[{"not_picked":["Ectoplasm","ChewingGum"],"picked":"Empty Cage"}],"items_purged_floors":[],"is_endless":false,"potions_floor_spawned":[7,12,14,21],"killed_by":"Gremlin Leader","ascension_level":10}}