{"host":"2se5dq1do2gp0x9k","time":1613976925,"event":{"mods":["AchievementEnabler","BaseMod","Block Reminder","Colored Map","Colored Powertips","Minty Spire (QoL Compilation)","Relic Stats","StSLib","SuperFastMode"],"gold_per_floor":[119,132,146,60,60,60,91,91,116,143,70,70,84,95,95,167,167,177,190,190,29,48,48,10,10,10],"floor_reached":25,"language":"ENG","playtime":761,"items_purged":["Strike_P"],"score":401,"play_id":"95f18791-a557-46db-abd5-30dc2a91cfe0","local_time":"20210221225525","is_ascension_mode":true,"campfire_choices":[{"data":"FollowUp","floor":6.0,"key":"SMITH"},{"data":"Meditate","floor":8.0,"key":"SMITH"},{"data":"CrushJoints","floor":12.0,"key":"SMITH"},{"floor":15,"key":"REST"},{"floor":23,"key":"REST"}],"circlet_count":0,"master_deck":["AscendersBane","Strike_P","Strike_P","Strike_P","Defend_P","Defend_P","Defend_P","Defend_P","Eruption","Vigilance","Meditate+1","FollowUp+1","Wallop","CrushJoints+1","MentalFortress","FlyingSleeves","Evaluate","Vault","FollowUp","Meditate","Evaluate"],"relics":["SlaversCollar","Centennial Puzzle","Bag of Marbles","Nunchaku","Bottled Lightning","Philosopher\u0027s Stone","Membership Card"],"acts_visited":["Exordium","TheCity"],"potions_floor_usage":[16,18,18],"damage_taken":[{"damage":0.0,"enemies":"2 Louse","floor":1.0,"turns":2.0},{"damage":6.0,"enemies":"Small Slimes","floor":2.0,"turns":3.0},{"damage":0.0,"enemies":"Jaw Worm","floor":3.0,"turns":5.0},{"damage":27.0,"enemies":"3 Sentries","floor":7.0,"turns":6.0},{"damage":6.0,"enemies":"Gremlin Nob","floor":10.0,"turns":3.0},{"damage":7.0,"enemies":"3 Louse","floor":13.0,"turns":4.0},{"damage":6,"enemies":"Looter","floor":14,"turns":2},{"damage":5,"enemies":"Slime Boss","floor":16,"turns":6},{"damage":2,"enemies":"2 Thieves","floor":18,"turns":3},{"damage":23,"enemies":"Spheric Guardian","floor":19,"turns":5},{"damage":16,"enemies":"Cultist and Chosen","floor":22,"turns":6},{"damage":47,"enemies":"Book of Stabbing","floor":25,"turns":6}],"seed_played":"-5352364660184661348","potions_obtained":[{"floor":2.0,"key":"Fruit Juice"},{"floor":3.0,"key":"Strength Potion"},{"floor":7.0,"key":"Ancient Potion"},{"floor":13.0,"key":"FearPotion"},{"floor":16,"key":"EssenceOfSteel"},{"floor":19,"key":"SpeedPotion"},{"floor":22,"key":"Ancient Potion"}],"is_trial":false,"path_per_floor":["M","M","M","$","?","R","E","R","T","E","?","R","M","M","R","B",null,"M","M","?","$","M","R","$","E"],"character_chosen":"WATCHER","items_purchased":["Wallop","Membership Card"],"campfire_rested":2,"item_purchase_floors":[4,21],"current_hp_per_floor":[61,55,55,55,50,50,28,28,28,22,22,22,15,9,30,25,61,59,36,36,36,20,41,41,0,0],"gold":10,"neow_bonus":"BOSS_RELIC","is_daily":false,"chose_seed":false,"campfire_upgraded":3,"win_rate":0.0,"timestamp":1613976925,"path_taken":["M","M","M","$","?","R","E","R","T","E","?","R","M","M","R","BOSS","M","M","?","$","M","R","$","E"],"items_purchased_type":["Card","Relic"],"build_version":"2020-12-22","purchased_purges":1,"victory":false,"max_hp_per_floor":[68,68,68,68,68,68,73,73,73,73,73,73,73,73,73,73,73,73,73,73,73,73,73,73,73,73],"relic_stats":{"Centennial Puzzle":[27],"Nunchaku":[7],"counters":[12,51],"obtain_stats":[{"SlaversCollar":0,"Centennial Puzzle":5,"Nunchaku":9,"Philosopher\u0027s Stone":17,"Bag of Marbles":7,"Bottled Lightning":10,"Membership Card":21,"PureWater":0},{"SlaversCollar":0,"Centennial Puzzle":3,"Nunchaku":4,"Philosopher\u0027s Stone":8,"Bag of Marbles":4,"Bottled Lightning":5,"Membership Card":10,"PureWater":0},{"SlaversCollar":0,"Centennial Puzzle":10,"Nunchaku":16,"Philosopher\u0027s Stone":31,"Bag of Marbles":16,"Bottled Lightning":19,"Membership Card":39,"PureWater":0}]},"card_choices":[{"not_picked":["Evaluate","EmptyBody"],"picked":"Meditate","floor":1.0},{"not_picked":["Halt","ClearTheMind","WaveOfTheHand"],"picked":"SKIP","floor":2.0},{"not_picked":["JustLucky","DevaForm"],"picked":"FollowUp","floor":3.0},{"not_picked":["Halt","WaveOfTheHand"],"picked":"CrushJoints","floor":7.0},{"not_picked":["SpiritShield","WreathOfFlame"],"picked":"MentalFortress","floor":10.0},{"not_picked":["Collect","CrushJoints"],"picked":"FlyingSleeves","floor":13.0},{"not_picked":["BowlingBash","Crescendo"],"picked":"Evaluate","floor":14},{"not_picked":["Brilliance","Judgement"],"picked":"Vault","floor":16},{"not_picked":["ForeignInfluence","CutThroughFate"],"picked":"FollowUp","floor":18},{"not_picked":["DeceiveReality","Worship"],"picked":"Meditate","floor":19},{"not_picked":["Swivel","DeceiveReality"],"picked":"Evaluate","floor":22}],"player_experience":4117466,"relics_obtained":[{"floor":7.0,"key":"Bag of Marbles"},{"floor":9.0,"key":"Nunchaku"},{"floor":10.0,"key":"Bottled Lightning"}],"event_choices":[{"damage_healed":0.0,"max_hp_gain":0.0,"max_hp_loss":0.0,"gold_gain":0.0,"event_name":"Scrap Ooze","player_choice":"Success","floor":5.0,"gold_loss":0.0,"damage_taken":5.0,"relics_obtained":["Centennial Puzzle"]},{"damage_healed":0.0,"max_hp_gain":0.0,"max_hp_loss":0.0,"gold_gain":0.0,"event_name":"World of Goop","player_choice":"Left Gold","floor":11.0,"gold_loss":73.0,"damage_taken":0.0},{"damage_healed":0,"gold_gain":0,"player_choice":"Ignored","damage_taken":0,"max_hp_gain":0,"max_hp_loss":0,"event_name":"Ghosts","floor":20,"gold_loss":0}],"is_beta":false,"boss_relics":[{"not_picked":["Runic Pyramid","Empty Cage"],"picked":"Philosopher\u0027s Stone"}],"items_purged_floors":[24],"is_endless":false,"potions_floor_spawned":[2,3,7,13,16,19,22],"killed_by":"Book of Stabbing","ascension_level":18}}