{"host":"c0rqchpxu0yjpthq","time":1613988767,"event":{"mods":["100% Spire Juice","ATMod(阿瑾Mod)","BaseMod","Challenge The Spire","Conspire","Downfall","HololiveMod","Minty Spire (QoL Compilation)","MostiFishMod","Prisma Mod","Reimu（博丽灵梦）","Relic Stats","Reliquary","Replay The Spire","Spicy Shops","StSLib","The Alterego","The Hierophant","WarShipGirlsR/战舰少女R mod","Wide Potions","Yakumo Yukari mod","[GremlinLeader]The Maniac","【功能Mod】聪明的最终Boss","【遗物卡牌】REMEMod"],"gold_per_floor":[117,135,8,25,35,70,70,103,103,113,124,149,149,166,166,264,264,283,294,244,278,296,352,352,52,97,97,140,192,253,306,318,460,472,498,510,522,834,885,944,1035,-1399,-1318,-1287,-1287,-1267,-1257,-1238,-1238,-1232,-1232,-1232,-1232,-1201,-1201],"floor_reached":56,"language":"ZHS","playtime":3002,"items_purged":["rmod:defend","rmod:strick"],"score":1266,"play_id":"e10052ff-13f6-40fc-963b-c825dd2b0a2c","local_time":"20210222181247","is_ascension_mode":false,"campfire_choices":[{"data":"Judgement","floor":15,"key":"SMITH"},{"data":"rmod:secretscript","floor":24,"key":"SMITH"},{"data":"rmod:ridicule","floor":27,"key":"SMITH"},{"floor":45,"key":"RECALL"},{"floor":49,"key":"DIG"},{"floor":52,"key":"DIG"}],"circlet_count":0,"master_deck":["rmod:strick","rmod:strick","rmod:defend","rmod:defend","rmod:defend","rmod:basicallowance","rmod:maingunfire","AT_FamilyPortrait","MostiFishMod:FrostNova+1","MostiFishMod:WinterMarkForm","Judgement+1","rmod:abidefaith+1","rmod:ridicule+1","rmod:secretscript+1","conspire:SpireCoStock","rmod:abidefaith","AT_EmpoweredMortalDraw","rmod:fletcherpendant"],"relics":["rmod:firstchargereward","AT_ATBox","DaveBox","REME_ComplimentaryCards","AT_Kusabimaru","FrostBlade","SynthV:TestCard","Tea:ReiMu","Replay:Multitool","Pear","REME_HourglassOfDeath","Replay:Bottled Flurry","ChiXiaoBlade","Toy Ornithopter","conspire:GlowingRock","MawBank","reliquary:GummyVitamins","AT_MortalBlade","Blue Candle","White Beast Statue","Pantograph","Civilization","MealTicket","Ornamental Fan","Shovel","SynthV:MejaisSoulstealer","Replay:Bottled Steam","Sundial","Replay:Rubber Ducky","Chameleon Ring","AT_ForceNature"],"acts_visited":["Exordium","TheCity","TheBeyond","TheEnding"],"potions_floor_usage":[8,8,12,19,22,29,30,30,31,33,55,55,55],"damage_taken":[{"damage":0,"enemies":"Cultist","floor":1,"turns":2},{"damage":1,"enemies":"conspire:RoseBush","floor":2,"turns":2},{"damage":0,"enemies":"2 Louse","floor":4,"turns":2},{"damage":1,"enemies":"Blue Slaver","floor":5,"turns":3},{"damage":0,"enemies":"Lagavulin","floor":6,"turns":4},{"damage":6,"enemies":"3 Sentries","floor":8,"turns":3},{"damage":4,"enemies":"conspire:2 RoseBushes","floor":10,"turns":3},{"damage":0,"enemies":"2 Fungi Beasts","floor":11,"turns":2},{"damage":2,"enemies":"Gremlin Nob","floor":12,"turns":3},{"damage":0,"enemies":"Exordium Thugs","floor":14,"turns":2},{"damage":28,"enemies":"Hexaghost","floor":16,"turns":5},{"damage":0,"enemies":"3 Byrds","floor":18,"turns":3},{"damage":0,"enemies":"2 Thieves","floor":19,"turns":1},{"damage":7,"enemies":"Cultist and Chosen","floor":21,"turns":4},{"damage":0,"enemies":"Centurion and Healer","floor":22,"turns":3},{"damage":0,"enemies":"Book of Stabbing","floor":23,"turns":4},{"damage":10,"enemies":"REME_1_Revenger","floor":28,"turns":5},{"damage":0,"enemies":"Chosen and Byrds","floor":29,"turns":3},{"damage":52,"enemies":"Book of Stabbing","floor":30,"turns":6},{"damage":0,"enemies":"Snake Plant","floor":31,"turns":2},{"damage":24,"enemies":"Pondfish","floor":33,"turns":7},{"damage":0,"enemies":"3 Darklings","floor":35,"turns":2},{"damage":0,"enemies":"Orb Walker","floor":39,"turns":1},{"damage":3,"enemies":"Giant Head","floor":40,"turns":5},{"damage":0,"enemies":"R_Hoarder","floor":44,"turns":3},{"damage":0,"enemies":"3 Darklings","floor":46,"turns":2},{"damage":3,"enemies":"Sphere and 2 Shapes","floor":47,"turns":1},{"damage":5,"enemies":"4 Shapes","floor":48,"turns":3},{"damage":1,"enemies":"Replay:Hell Engine","floor":50,"turns":5},{"damage":0,"enemies":"Shield and Spear","floor":54,"turns":3},{"damage":67,"enemies":"The Heart","floor":55,"turns":6}],"seed_played":"-1791932845477088803","potions_obtained":[{"floor":4,"key":"LifebloodPotion"},{"floor":5,"key":"EntropicBrew"},{"floor":12,"key":"SmokeBomb"},{"floor":18,"key":"Block Potion"},{"floor":19,"key":"SpeedPotion"},{"floor":22,"key":"Block Potion"},{"floor":23,"key":"Swift Potion"},{"floor":31,"key":"Fire Potion"},{"floor":39,"key":"Dexterity Potion"},{"floor":40,"key":"Venom Potion"},{"floor":44,"key":"CultistPotion"},{"floor":46,"key":"Dexterity Potion"},{"floor":47,"key":"FearPotion"},{"floor":54,"key":"CultistPotion"}],"is_trial":false,"path_per_floor":["M","M","$","M","M","E","R","E","T","M","M","E","?","M","R","B",null,"M","M","?","M","M","E","R","$","T","R","E","M","E","M","R","B",null,"M","?","?","?","M","E","R","$","T","E","R","M","M","M","R","B",null,"R","$","E","B",null],"character_chosen":"PRAEFECT","items_purchased":["Tea:ReiMu","conspire:GlowingRock","Pantograph","Civilization","MealTicket","Ornamental Fan","Shovel","SynthV:MejaisSoulstealer"],"campfire_rested":0,"item_purchase_floors":[3,25,42,42,42,42,42,42],"current_hp_per_floor":[54,53,53,53,52,52,74,78,78,74,74,72,72,72,72,44,85,85,85,85,78,78,78,78,78,78,78,68,78,36,41,66,52,85,85,80,80,80,80,151,151,151,151,152,160,162,164,164,172,176,177,177,177,182,120],"gold":-1201,"neow_bonus":"ONE_RARE_RELIC","is_daily":false,"chose_seed":false,"campfire_upgraded":3,"win_rate":0.0,"timestamp":1613988767,"path_taken":["M","?","$","M","M","E","R","E","T","M","?","E","?","M","R","BOSS","M","M","?","M","M","E","R","$","T","R","E","M","E","M","R","BOSS","M","?","?","?","M","E","R","$","T","E","R","?","M","M","R","BOSS","R","$","E","BOSS"],"items_purchased_type":["Relic","Relic","Relic","Relic","Relic","Relic","Relic","Relic"],"build_version":"2020-12-22","purchased_purges":2,"victory":true,"max_hp_per_floor":[75,75,75,75,75,75,75,85,85,85,85,85,85,85,85,85,85,85,85,85,85,85,85,85,85,85,85,85,85,85,85,85,85,85,85,85,85,85,85,159,159,159,159,160,160,162,167,172,172,177,177,177,177,182,187],"relic_stats":{"Shovel":2,"counters":[31,99],"Ornamental Fan":[36],"Sundial":[4],"Blue Candle":[0],"Pantograph":0,"MealTicket":0,"MawBank":168,"obtain_stats":[{"AT_ATBox":0,"DaveBox":0,"Tea:ReiMu":3,"Replay:Multitool":6,"Replay:Rubber Ducky":49,"Civilization":42,"conspire:GlowingRock":25,"AT_Kusabimaru":0,"Shovel":42,"Chameleon Ring":52,"Sundial":44,"Pantograph":42,"MealTicket":42,"Replay:Bottled Flurry":12,"Replay:Bottled Steam":43,"AT_ForceNature":54,"Pear":8,"SynthV:MejaisSoulstealer":42,"Blue Candle":36,"AT_MortalBlade":34,"MawBank":28,"White Beast Statue":40,"FrostBlade":0,"SynthV:TestCard":1,"REME_HourglassOfDeath":9,"Ornamental Fan":42,"ChiXiaoBlade":17,"reliquary:GummyVitamins":30,"rmod:firstchargereward":0,"Toy Ornithopter":23,"REME_ComplimentaryCards":0},{"AT_ATBox":0,"DaveBox":0,"Tea:ReiMu":2,"Replay:Multitool":5,"Replay:Rubber Ducky":28,"Civilization":24,"conspire:GlowingRock":16,"AT_Kusabimaru":0,"Shovel":24,"Chameleon Ring":29,"Sundial":25,"Pantograph":24,"MealTicket":24,"Replay:Bottled Flurry":9,"Replay:Bottled Steam":24,"AT_ForceNature":30,"Pear":6,"SynthV:MejaisSoulstealer":24,"Blue Candle":22,"AT_MortalBlade":21,"MawBank":17,"White Beast Statue":24,"FrostBlade":0,"SynthV:TestCard":1,"REME_HourglassOfDeath":6,"Ornamental Fan":24,"ChiXiaoBlade":11,"reliquary:GummyVitamins":19,"rmod:firstchargereward":0,"Toy Ornithopter":16,"REME_ComplimentaryCards":0},{"AT_ATBox":0,"DaveBox":0,"Tea:ReiMu":4,"Replay:Multitool":13,"Replay:Rubber Ducky":85,"Civilization":76,"conspire:GlowingRock":46,"AT_Kusabimaru":0,"Shovel":76,"Chameleon Ring":90,"Sundial":79,"Pantograph":76,"MealTicket":76,"Replay:Bottled Flurry":24,"Replay:Bottled Steam":76,"AT_ForceNature":93,"Pear":16,"SynthV:MejaisSoulstealer":76,"Blue Candle":70,"AT_MortalBlade":68,"MawBank":51,"White Beast Statue":76,"FrostBlade":0,"SynthV:TestCard":2,"REME_HourglassOfDeath":16,"Ornamental Fan":76,"ChiXiaoBlade":31,"reliquary:GummyVitamins":59,"rmod:firstchargereward":0,"Toy Ornithopter":46,"REME_ComplimentaryCards":0}],"Toy Ornithopter":0},"card_choices":[{"not_picked":["rmod:circuitoustactics","rmod:fletcherpendant","rmod:aluminumsupply"],"picked":"SKIP","floor":1},{"not_picked":["rmod:steelsupply","rmod:advancebysurprise","rmod:firesupport","rmod:rockthrower","rmod:victimresponsibility"],"picked":"SKIP","floor":2},{"not_picked":["rmod:aluminumsupply","rmod:supportescort","rmod:diamondstrike","rmod:intelligenceanalysis","rmod:punchline"],"picked":"SKIP","floor":4},{"not_picked":["rmod:firesupport","rmod:fletcherpendant","rmod:slowdown","rmod:generalist"],"picked":"rmod:abidefaith","floor":5},{"not_picked":["rmod:ammunitionsupply","rmod:luckystar","rmod:aviationdawn","rmod:rockthrower","rmod:selfconfidence"],"picked":"SKIP","floor":6},{"not_picked":["rmod:sl","rmod:unsinkable","rmod:ammunitionsupply","rmod:diamondstrike","rmod:steelsupply"],"picked":"SKIP","floor":8},{"not_picked":["rmod:supportescort","rmod:ammunitionsupply","rmod:tearstotiara","rmod:diamondstrike","rmod:gendarmerie"],"picked":"SKIP","floor":10},{"not_picked":["rmod:launchingtorpedo","rmod:aviationdawn","rmod:chargemoney","rmod:steelsupply","rmod:fuelsupply"],"picked":"SKIP","floor":11},{"not_picked":["rmod:aviationdawn","rmod:advancebysurprise","rmod:openingtorpedo","rmod:intelligenceanalysis"],"picked":"rmod:ridicule","floor":12},{"not_picked":["rmod:supportaircraftcarrier","rmod:fletcherpendant","rmod:fuelsupply","rmod:intelligenceanalysis","rmod:robin"],"picked":"SKIP","floor":14},{"not_picked":["rmod:fletcher","rmod:desperatesituation","rmod:abidefaith","rmod:timeschanged"],"picked":"rmod:secretscript","floor":16},{"not_picked":["rmod:intelligenceanalysis","rmod:circuitoustactics","rmod:fletcherpendant+1","rmod:goodfighter+1","rmod:luckystar+1"],"picked":"SKIP","floor":18},{"not_picked":["rmod:luckystar","rmod:steelsupply","rmod:bulid","rmod:wolves","rmod:firesupport"],"picked":"SKIP","floor":19},{"not_picked":["rmod:aviationdawn","rmod:tearstotiara","rmod:diamondstrike","rmod:ammunitionsupply","rmod:wife"],"picked":"SKIP","floor":21},{"not_picked":["rmod:highspeedmaneuver","rmod:garrisonisland","rmod:capitalist","rmod:firesupport","rmod:diamondstrike+1"],"picked":"SKIP","floor":22},{"not_picked":["rmod:luckystar+1","rmod:unsinkable","rmod:fletcherpendant","rmod:spoils","rmod:aviationdawn+1"],"picked":"SKIP","floor":23},{"not_picked":["rmod:heivgo","rmod:unsinkable","rmod:punchline","rmod:expeditionaryescort","rmod:fuelsupply"],"picked":"SKIP","floor":28},{"not_picked":["rmod:intelligenceanalysis+1","rmod:supportescort+1","rmod:diamondstrike","rmod:aviationdawn","rmod:victimresponsibility"],"picked":"SKIP","floor":29},{"not_picked":["rmod:windflower","rmod:diamondstrike","rmod:victimresponsibility+1","rmod:bulid","rmod:expeditionaryescort"],"picked":"SKIP","floor":30},{"not_picked":["rmod:aluminumsupply","rmod:circuitoustactics","rmod:capitalist","rmod:luckystar","rmod:ammunitionsupply"],"picked":"SKIP","floor":31},{"not_picked":["rmod:seals","rmod:acesubmarine","rmod:timeschanged","rmod:fletcher"],"picked":"rmod:abidefaith","floor":33},{"not_picked":["rmod:firesupport","rmod:victimresponsibility+1","rmod:capitalist+1","rmod:ring","rmod:tearstotiara"],"picked":"SKIP","floor":35},{"not_picked":["rmod:tearstotiara","rmod:fletcherpendant","rmod:ammunitionsupply","rmod:luckystar","rmod:aluminumsupply+1"],"picked":"SKIP","floor":39},{"not_picked":["rmod:advancebysurprise","rmod:rockthrower+1","rmod:diaomin+1","rmod:supportaircraftcarrier","rmod:intelligenceanalysis"],"picked":"SKIP","floor":40},{"not_picked":["rmod:tearstotiara+1","rmod:fletcherpendant+1","rmod:diamondstrike+1","rmod:aluminumsupply+1","rmod:fletcher"],"picked":"SKIP","floor":44},{"not_picked":["rmod:diamondstrike","rmod:supportaircraftcarrier+1","rmod:ammunitionsupply","rmod:intelligenceanalysis+1","rmod:fletcherpendant+1"],"picked":"SKIP","floor":46},{"not_picked":["rmod:victimresponsibility","rmod:gendarmerie+1","rmod:diamondstrike","rmod:fletcherpendant","rmod:generalist"],"picked":"SKIP","floor":47},{"not_picked":["rmod:steelsupply","rmod:victimresponsibility","rmod:ammunitionsupply","rmod:fletcherpendant+1","rmod:wife"],"picked":"SKIP","floor":48},{"not_picked":["rmod:tearstotiara+1","rmod:aluminumsupply","rmod:seals","rmod:aggressivemary+1","rmod:stealaluminum"],"picked":"SKIP","floor":54}],"player_experience":107299,"relics_obtained":[{"floor":1,"key":"SynthV:TestCard"},{"floor":6,"key":"Replay:Multitool"},{"floor":8,"key":"Pear"},{"floor":9,"key":"REME_HourglassOfDeath"},{"floor":12,"key":"Replay:Bottled Flurry"},{"floor":23,"key":"Toy Ornithopter"},{"floor":28,"key":"MawBank"},{"floor":30,"key":"reliquary:GummyVitamins"},{"floor":40,"key":"White Beast Statue"},{"floor":43,"key":"Replay:Bottled Steam"},{"floor":44,"key":"Sundial"},{"floor":49,"key":"Replay:Rubber Ducky"},{"floor":52,"key":"Chameleon Ring"},{"floor":54,"key":"AT_ForceNature"}],"event_choices":[{"cards_removed":["rmod:strick"],"damage_healed":0,"gold_gain":0,"player_choice":"Forget","damage_taken":0,"max_hp_gain":0,"max_hp_loss":0,"event_name":"Living Wall","floor":13,"gold_loss":0},{"damage_healed":0,"gold_gain":0,"player_choice":"Invest 1","damage_taken":0,"max_hp_gain":0,"max_hp_loss":0,"event_name":"conspire:Investor","floor":20,"gold_loss":0},{"damage_healed":0,"gold_gain":0,"player_choice":"Ignored","damage_taken":0,"max_hp_gain":0,"max_hp_loss":0,"event_name":"Tomb of Lord Red Mask","floor":37,"gold_loss":0},{"damage_healed":0,"gold_gain":300,"player_choice":"Gold","damage_taken":0,"max_hp_gain":0,"max_hp_loss":0,"event_name":"Wheel of Change","floor":38,"gold_loss":0}],"is_beta":false,"boss_relics":[{"not_picked":["ReplayTheSpireMod:DimensionalGlitch","ChewingGum"],"picked":"ChiXiaoBlade"},{"not_picked":["Snecko Eye","Replay:Drink Me"],"picked":"AT_MortalBlade"}],"items_purged_floors":[42,42],"is_endless":false,"potions_floor_spawned":[1,4,5,12,14,16,18,19,22,23,31,39,40,44,46,47,48,54],"ascension_level":0}}