{"host":"7jbuhzz8yy5cuou7","time":1613962583,"event":{"mods":["AchievementEnabler","Act Like it!","BaseMod","Better Third Choice","Bossed Relics","Colored Map","Colored Powertips","Dark Map","DeckTracker","Minty Spire (QoL Compilation)","Permanent Neow","Quick Restart","Ruina","StSLib","The Cursed","The Hierophant","Weighted Paths"],"gold_per_floor":[109,109,128,128,139,166,179,179,251,271,271,288,305,40,40,117,117,135,135,135,135,135,135],"floor_reached":22,"language":"ENG","playtime":757,"items_purged":[],"score":335,"play_id":"cf52cc31-67f9-437c-a428-a25993cb0231","local_time":"20210221195623","is_ascension_mode":true,"campfire_choices":[{"floor":8,"key":"REST"},{"data":"Rip and Tear","floor":11,"key":"SMITH"},{"floor":15,"key":"REST"}],"circlet_count":0,"master_deck":["AscendersBane","Strike_B","Strike_B","Defend_B","Defend_B","Defend_B","Defend_B","Zap","Dualcast","Coolheaded+1","Sweeping Beam","Sweeping Beam","Streamline","Rip and Tear+1","Chill","Multi-Cast","Conserve Battery","Writhe"],"relics":["Cracked Core","NeowsBlessing","Turnip","Pantograph","Cables","Sozu","ruina:Goodbye"],"acts_visited":["Exordium","Exordium"],"potions_floor_usage":[6,6,12],"damage_taken":[{"damage":0,"enemies":"2 Louse","floor":1,"turns":1},{"damage":0,"enemies":"Cultist","floor":3,"turns":1},{"damage":0,"enemies":"Small Slimes","floor":5,"turns":1},{"damage":31,"enemies":"Lagavulin","floor":6,"turns":7},{"damage":13,"enemies":"Red Slaver","floor":7,"turns":3},{"damage":18,"enemies":"Gremlin Gang","floor":10,"turns":4},{"damage":0,"enemies":"2 Fungi Beasts","floor":12,"turns":2},{"damage":11,"enemies":"3 Louse","floor":13,"turns":2},{"damage":42,"enemies":"The Guardian","floor":16,"turns":11},{"damage":25,"enemies":"ruina:Nosferatu","floor":18,"turns":7},{"damage":34,"enemies":"ruina:BadWolf","floor":22,"turns":4}],"seed_played":"6963029208558892016","potions_obtained":[{"floor":1,"key":"Block Potion"},{"floor":5,"key":"BlessingOfTheForge"},{"floor":10,"key":"DuplicationPotion"},{"floor":16,"key":"SteroidPotion"}],"is_trial":false,"path_per_floor":["M","?","M","?","M","E","M","R","T","M","R","M","M","$","R","B",null,"M","?","?","?","M"],"character_chosen":"DEFECT","items_purchased":["Cables"],"campfire_rested":2,"item_purchase_floors":[14],"current_hp_per_floor":[64,64,64,64,64,33,20,41,41,23,23,23,12,12,33,16,57,32,32,32,32,0,0],"gold":135,"neow_bonus":"THREE_ENEMY_KILL","is_daily":false,"chose_seed":false,"campfire_upgraded":1,"win_rate":0.0,"timestamp":1613962583,"path_taken":["M","?","?","?","?","E","M","R","T","M","R","?","M","$","R","BOSS","M","?","?","?","M"],"items_purchased_type":["Relic"],"build_version":"2020-12-22","purchased_purges":0,"victory":false,"max_hp_per_floor":[71,71,71,71,71,71,71,71,71,71,71,71,71,71,71,71,71,71,71,71,71,71,71],"card_choices":[{"not_picked":["Melter","Conserve Battery"],"picked":"Coolheaded","floor":1},{"not_picked":["Barrage","Hologram"],"picked":"Sweeping Beam","floor":3},{"not_picked":["Cold Snap","Turbo"],"picked":"Sweeping Beam","floor":5},{"not_picked":["Core Surge","Go for the Eyes"],"picked":"Streamline","floor":6},{"not_picked":["Leap","Go for the Eyes","Compile Driver"],"picked":"SKIP","floor":7},{"not_picked":["Stack","Force Field"],"picked":"Rip and Tear","floor":10},{"not_picked":["FTL","Barrage","Reinforced Body"],"picked":"SKIP","floor":12},{"not_picked":["Doom and Gloom","Leap"],"picked":"Chill","floor":13},{"not_picked":["Hyperbeam","Seek"],"picked":"Multi-Cast","floor":16},{"not_picked":["Undo","Gash"],"picked":"Conserve Battery","floor":18}],"player_experience":430769,"relics_obtained":[{"floor":6,"key":"Turnip"},{"floor":9,"key":"Pantograph"}],"event_choices":[{"damage_healed":0,"gold_gain":0,"player_choice":"Upgraded","damage_taken":0,"max_hp_gain":0,"max_hp_loss":0,"event_name":"Upgrade Shrine","floor":2,"gold_loss":0,"cards_upgraded":["Coolheaded"]},{"cards_removed":["Strike_B"],"damage_healed":0,"gold_gain":0,"player_choice":"Purged","damage_taken":0,"max_hp_gain":0,"max_hp_loss":0,"event_name":"Purifier","floor":4,"gold_loss":0}],"is_beta":false,"boss_relics":[{"not_picked":["Astrolabe","Tiny House"],"picked":"Sozu"}],"items_purged_floors":[],"is_endless":false,"potions_floor_spawned":[1,5,10,16,18],"killed_by":"ruina:BadWolf","ascension_level":16}}