{"host":"u4xl3cfa8ez93srb","time":1613993175,"event":{"mods":["BaseMod","Colored Map","Minty Spire (QoL Compilation)","StSLib"],"gold_per_floor":[113,36,36,111,130,159,159,192,246,246,263,281,356,381,381,481,481,498,64,64,163,42,42,62,62,62],"floor_reached":25,"language":"ENG","playtime":690,"items_purged":["Strike_B"],"score":453,"play_id":"561bbd55-4ed0-45ae-bcf3-9d8f5c2d1c5c","local_time":"20210222222615","is_ascension_mode":true,"campfire_choices":[{"data":"Defragment","floor":7,"key":"SMITH"},{"data":"Zap","floor":10,"key":"SMITH"},{"floor":15,"key":"REST"},{"data":"Fission","floor":23,"key":"SMITH"}],"circlet_count":0,"master_deck":["AscendersBane","Strike_B","Strike_B","Strike_B","Defend_B","Defend_B","Defend_B","Defend_B","Zap+1","Dualcast","Beam Cell","Defragment+1","Sweeping Beam","Darkness","Ball Lightning","Fission+1","Loop","Tempest+1","Seek+1","Static Discharge","BootSequence+1","Consume+1","Redo+1","Loop"],"relics":["Cracked Core","NeowsBlessing","Ancient Tea Set","Mercury Hourglass","Toxic Egg 2","Sozu","Mummified Hand"],"acts_visited":["Exordium","TheCity"],"potions_floor_usage":[8],"damage_taken":[{"damage":0,"enemies":"Cultist","floor":1,"turns":1},{"damage":0,"enemies":"2 Louse","floor":5,"turns":1},{"damage":0,"enemies":"3 Sentries","floor":6,"turns":1},{"damage":10,"enemies":"Gremlin Nob","floor":8,"turns":3},{"damage":2,"enemies":"Jaw Worm","floor":11,"turns":2},{"damage":15,"enemies":"Large Slime","floor":12,"turns":4},{"damage":20,"enemies":"3 Sentries","floor":14,"turns":6},{"damage":0,"enemies":"Slime Boss","floor":16,"turns":5},{"damage":6,"enemies":"Spheric Guardian","floor":18,"turns":3},{"damage":31,"enemies":"2 Thieves","floor":24,"turns":3},{"damage":27,"enemies":"Book of Stabbing","floor":25,"turns":3}],"seed_played":"-8077766319186122667","potions_obtained":[{"floor":5,"key":"Explosive Potion"},{"floor":12,"key":"FearPotion"}],"is_trial":false,"path_per_floor":["M","$","?","?","M","E","R","E","T","R","M","M","?","E","R","B",null,"M","$","?","?","$","R","M","E"],"character_chosen":"DEFECT","items_purchased":["Defragment","Mummified Hand","Static Discharge","BootSequence+1","Consume+1","Redo+1"],"campfire_rested":1,"item_purchase_floors":[2,19,19,19,19,22],"current_hp_per_floor":[68,68,68,61,61,61,61,51,51,51,49,34,23,3,25,25,63,57,57,57,57,57,57,26,0,0],"gold":62,"neow_bonus":"THREE_ENEMY_KILL","is_daily":false,"chose_seed":false,"campfire_upgraded":3,"win_rate":0.0,"timestamp":1613993175,"path_taken":["M","$","?","?","M","E","R","E","T","R","?","M","?","E","R","BOSS","M","$","?","?","$","R","M","E"],"items_purchased_type":["Card","Relic","Card","Card","Card","Card"],"build_version":"2020-12-22","purchased_purges":1,"victory":false,"max_hp_per_floor":[75,75,75,75,75,75,75,75,75,75,75,75,75,75,75,75,75,75,75,75,75,75,75,75,75,75],"card_choices":[{"not_picked":["Turbo","Rebound"],"picked":"Beam Cell","floor":1},{"not_picked":["Leap","Compile Driver"],"picked":"Sweeping Beam","floor":5},{"not_picked":["Steam","Rip and Tear"],"picked":"Darkness","floor":6},{"not_picked":["Go for the Eyes","Scrape"],"picked":"Ball Lightning","floor":8},{"not_picked":["Conserve Battery","Leap"],"picked":"Fission","floor":11},{"not_picked":["Leap","FTL"],"picked":"Loop","floor":12},{"not_picked":["Gash","Compile Driver"],"picked":"Tempest+1","floor":14},{"not_picked":["Biased Cognition","Core Surge"],"picked":"Seek+1","floor":16},{"not_picked":["Streamline","Rebound","Cold Snap"],"picked":"SKIP","floor":18},{"not_picked":["Coolheaded+1","Sweeping Beam+1"],"picked":"Loop","floor":24}],"player_experience":965039,"relics_obtained":[{"floor":6,"key":"Ancient Tea Set"},{"floor":8,"key":"Mercury Hourglass"},{"floor":14,"key":"Toxic Egg 2"}],"event_choices":[{"damage_healed":0,"gold_gain":0,"player_choice":"Leave","damage_taken":0,"max_hp_gain":0,"max_hp_loss":0,"event_name":"The Cleric","floor":3,"gold_loss":0},{"damage_healed":0,"gold_gain":75,"player_choice":"Touch","damage_taken":7,"max_hp_gain":0,"max_hp_loss":0,"event_name":"FaceTrader","floor":4,"gold_loss":0},{"damage_healed":0,"gold_gain":75,"player_choice":"Gather Gold","damage_taken":11,"max_hp_gain":0,"max_hp_loss":0,"event_name":"World of Goop","floor":13,"gold_loss":0},{"damage_healed":0,"gold_gain":0,"player_choice":"Ignored","damage_taken":0,"max_hp_gain":0,"max_hp_loss":0,"event_name":"Cursed Tome","floor":20,"gold_loss":0},{"damage_healed":0,"gold_gain":99,"player_choice":"Stole From Cult","damage_taken":0,"max_hp_gain":0,"max_hp_loss":0,"event_name":"Nest","floor":21,"gold_loss":0}],"is_beta":false,"boss_relics":[{"not_picked":["Cursed Key","Runic Pyramid"],"picked":"Sozu"}],"items_purged_floors":[22],"is_endless":false,"potions_floor_spawned":[5,12],"killed_by":"Book of Stabbing","ascension_level":11}}