{"host":"d8rriawq55pp7qsq","time":1613956311,"event":{"mods":["AchievementEnabler","BaseMod","Minty Spire (QoL Compilation)"],"gold_per_floor":[363,377,234,249,6,34,34,66,66,78,104,104,104,124,124,244,244,265,265,280,305,305,319,361,385,460,25,39,63,101,126,126,258,258,282,307,307,330,358,358,386,386,410,410,51,69,83,117,117,117,117],"floor_reached":50,"language":"ENG","playtime":5506,"items_purged":["Injury","Strike_P","Defend_P","Parasite"],"score":748,"play_id":"4b442700-566f-4142-83ff-e55b8b418cb3","local_time":"20210221201151","is_ascension_mode":true,"campfire_choices":[{"data":"Eruption","floor":7,"key":"SMITH"},{"floor":13,"key":"REST"},{"data":"ThirdEye","floor":15,"key":"SMITH"},{"data":"Ghostly","floor":32,"key":"SMITH"},{"floor":40,"key":"REST"},{"data":"Ghostly","floor":42,"key":"SMITH"},{"data":"Omniscience","floor":44,"key":"SMITH"},{"floor":49,"key":"REST"}],"circlet_count":0,"master_deck":["Strike_P+1","Strike_P+1","Strike_P+1","Defend_P","Defend_P+1","Defend_P","Eruption+1","Vigilance+1","EmptyFist+1","FollowUp+1","LessonLearned+1","ThirdEye+1","BowlingBash+1","InnerPeace","Consecrate","CutThroughFate","MentalFortress+1","FollowUp+1","Ghostly+1","Ghostly","Ghostly","Ghostly+1","Ghostly","FlurryOfBlows+1","EmptyMind+1","Omniscience+1","Tantrum","ReachHeaven+1","ThirdEye+1"],"relics":["PureWater","Whetstone","Bronze Scales","Mercury Hourglass","Yang","MealTicket","Golden Idol","Sozu","CeramicFish","Matryoshka","StoneCalendar","HornCleat","VioletLotus","Oddly Smooth Stone","Smiling Mask","Ginger"],"acts_visited":["Exordium","TheCity","TheBeyond"],"potions_floor_usage":[16,38],"damage_taken":[{"damage":0,"enemies":"Cultist","floor":1,"turns":2},{"damage":3,"enemies":"2 Louse","floor":2,"turns":2},{"damage":0,"enemies":"Small Slimes","floor":4,"turns":2},{"damage":8,"enemies":"Gremlin Nob","floor":6,"turns":3},{"damage":21,"enemies":"Lagavulin","floor":8,"turns":6},{"damage":7,"enemies":"Exordium Thugs","floor":10,"turns":3},{"damage":16,"enemies":"Gremlin Nob","floor":11,"turns":4},{"damage":0,"enemies":"2 Fungi Beasts","floor":14,"turns":1},{"damage":11,"enemies":"The Guardian","floor":16,"turns":10},{"damage":11,"enemies":"2 Thieves","floor":18,"turns":4},{"damage":0,"enemies":"Shell Parasite","floor":20,"turns":2},{"damage":4,"enemies":"Centurion and Healer","floor":21,"turns":4},{"damage":2,"enemies":"Sentry and Sphere","floor":23,"turns":5},{"damage":0,"enemies":"Gremlin Leader","floor":24,"turns":4},{"damage":2,"enemies":"Cultist and Chosen","floor":25,"turns":3},{"damage":0,"enemies":"Snake Plant","floor":28,"turns":3},{"damage":0,"enemies":"Centurion and Healer","floor":29,"turns":3},{"damage":3,"enemies":"Book of Stabbing","floor":30,"turns":4},{"damage":0,"enemies":"Chosen and Byrds","floor":31,"turns":3},{"damage":5,"enemies":"Automaton","floor":33,"turns":7},{"damage":1,"enemies":"Orb Walker","floor":35,"turns":2},{"damage":2,"enemies":"3 Shapes","floor":36,"turns":4},{"damage":10,"enemies":"Maw","floor":38,"turns":7},{"damage":0,"enemies":"Transient","floor":39,"turns":5},{"damage":0,"enemies":"Writhing Mass","floor":41,"turns":5},{"damage":9,"enemies":"4 Shapes","floor":46,"turns":4},{"damage":0,"enemies":"Maw","floor":47,"turns":6},{"damage":3,"enemies":"Sphere and 2 Shapes","floor":48,"turns":5},{"damage":73,"enemies":"Awakened One","floor":50,"turns":9}],"seed_played":"-943836927665416359","potions_obtained":[{"floor":2,"key":"Block Potion"},{"floor":4,"key":"SteroidPotion"},{"floor":6,"key":"SmokeBomb"},{"floor":10,"key":"StancePotion"}],"is_trial":false,"path_per_floor":["M","M","$","M","$","E","R","E","T","M","E","?","R","M","R","B",null,"M","?","M","M","?","M","E","M","T","$","M","M","E","M","R","B",null,"M","M","?","M","M","R","M","R","T","R","$","M","M","M","R","B"],"character_chosen":"WATCHER","items_purchased":["LessonLearned","Whetstone","StoneCalendar","Ginger"],"campfire_rested":3,"item_purchase_floors":[3,5,27,45],"current_hp_per_floor":[65,62,62,62,62,54,54,33,33,26,10,10,30,30,30,19,55,44,44,44,40,33,31,31,29,29,33,33,33,30,30,30,25,31,30,28,28,18,18,27,27,27,27,27,30,21,21,18,27,0,0],"gold":117,"neow_bonus":"TWO_FIFTY_GOLD","is_daily":false,"chose_seed":false,"campfire_upgraded":5,"win_rate":0.0,"timestamp":1613956311,"path_taken":["M","?","$","M","$","E","R","E","T","M","E","?","R","M","R","BOSS","M","?","M","?","?","M","E","M","T","$","M","M","E","M","R","BOSS","M","M","?","M","?","R","M","R","T","R","$","M","M","M","R","BOSS"],"items_purchased_type":["Card","Relic","Relic","Relic"],"build_version":"2020-12-22","purchased_purges":4,"victory":false,"max_hp_per_floor":[72,72,72,72,72,72,72,72,72,72,72,67,67,67,67,67,67,67,67,67,67,33,33,33,33,33,33,33,33,33,33,33,33,33,33,33,33,33,33,33,33,33,33,33,30,30,30,30,30,30,30],"card_choices":[{"not_picked":["Halt","CutThroughFate"],"picked":"EmptyFist","floor":1},{"not_picked":["BowlingBash","Evaluate"],"picked":"FollowUp","floor":2},{"not_picked":["SignatureMove","Indignation"],"picked":"ThirdEye","floor":4},{"not_picked":["Establishment","Weave","JustLucky"],"picked":"SKIP","floor":6},{"not_picked":["Perseverance","DeceiveReality"],"picked":"BowlingBash","floor":8},{"not_picked":["Pray","SignatureMove","Prostrate"],"picked":"SKIP","floor":10},{"not_picked":["Pray","SignatureMove","Prostrate"],"picked":"SKIP","floor":10},{"not_picked":["ThirdEye","ConjureBlade"],"picked":"InnerPeace","floor":11},{"not_picked":["Protect","Fasting2"],"picked":"Consecrate","floor":14},{"not_picked":["EmptyFist","Prostrate"],"picked":"CutThroughFate","floor":18},{"not_picked":["Evaluate","ThirdEye"],"picked":"MentalFortress","floor":20},{"not_picked":["BowlingBash","Halt"],"picked":"FollowUp+1","floor":21},{"not_picked":["WreathOfFlame","Indignation"],"picked":"FlurryOfBlows+1","floor":23},{"not_picked":["FlyingSleeves","WheelKick"],"picked":"EmptyMind+1","floor":24},{"not_picked":["SashWhip","Meditate+1","WaveOfTheHand"],"picked":"SKIP","floor":25},{"not_picked":["Halt","Swivel","Fasting2+1"],"picked":"SKIP","floor":28},{"not_picked":["Worship","Meditate","Swivel"],"picked":"SKIP","floor":29},{"not_picked":["SandsOfTime","SpiritShield","ForeignInfluence"],"picked":"SKIP","floor":30},{"not_picked":["DeceiveReality+1","EmptyBody","ClearTheMind"],"picked":"SKIP","floor":31},{"not_picked":["Judgement","ConjureBlade"],"picked":"Omniscience","floor":33},{"not_picked":["Protect","PathToVictory","SashWhip"],"picked":"SKIP","floor":35},{"not_picked":["CutThroughFate","Protect"],"picked":"Tantrum","floor":36},{"not_picked":["Halt","BowlingBash","SandsOfTime"],"picked":"SKIP","floor":38},{"not_picked":["EmptyBody+1","CutThroughFate+1"],"picked":"ReachHeaven+1","floor":39},{"not_picked":["ForeignInfluence","FollowUp","EmptyBody"],"picked":"SKIP","floor":41},{"not_picked":["ForeignInfluence","FollowUp","EmptyBody"],"picked":"SKIP","floor":41},{"not_picked":["Consecrate+1","FlurryOfBlows","Protect"],"picked":"SKIP","floor":46},{"not_picked":["Wireheading","CrushJoints+1","Evaluate+1"],"picked":"SKIP","floor":47},{"not_picked":["BowlingBash","ReachHeaven+1"],"picked":"ThirdEye+1","floor":48}],"player_experience":180497,"relics_obtained":[{"floor":6,"key":"Bronze Scales"},{"floor":8,"key":"Mercury Hourglass"},{"floor":9,"key":"Yang"},{"floor":11,"key":"MealTicket"},{"floor":24,"key":"CeramicFish"},{"floor":26,"key":"Matryoshka"},{"floor":30,"key":"HornCleat"},{"floor":43,"key":"Oddly Smooth Stone"},{"floor":43,"key":"Smiling Mask"}],"event_choices":[{"damage_healed":0,"gold_gain":0,"player_choice":"Lose Max HP","damage_taken":0,"relics_obtained":["Golden Idol"],"max_hp_gain":0,"max_hp_loss":5,"event_name":"Golden Idol","floor":12,"gold_loss":0},{"damage_healed":0,"gold_gain":0,"player_choice":"Bought 0 Potions","damage_taken":0,"max_hp_gain":0,"max_hp_loss":0,"event_name":"The Woman in Blue","floor":19,"gold_loss":0},{"damage_healed":0,"gold_gain":0,"player_choice":"Became a Ghost","damage_taken":0,"max_hp_gain":0,"max_hp_loss":34,"event_name":"Ghosts","floor":22,"gold_loss":0,"cards_obtained":["Ghostly","Ghostly","Ghostly","Ghostly","Ghostly"]},{"damage_healed":0,"gold_gain":0,"player_choice":"Got Potions","damage_taken":0,"max_hp_gain":0,"max_hp_loss":0,"event_name":"Lab","floor":37,"gold_loss":0}],"is_beta":false,"boss_relics":[{"not_picked":["Philosopher\u0027s Stone","Empty Cage"],"picked":"Sozu"},{"not_picked":["SacredBark","Tiny House"],"picked":"VioletLotus"}],"items_purged_floors":[3,5,27,45],"is_endless":false,"potions_floor_spawned":[2,4,6,10,11,20,21,25,28,29,31,35,38,41,47],"killed_by":"Awakened One","ascension_level":6}}