{"host":"uy3vg6glkp8m6iit","time":1613963018,"event":{"mods":["AchievementEnabler","BaseMod","Colored Map","DeckTracker","Highlight Path","Keyboard Shortcuts","Minty Spire (QoL Compilation)","Quick Restart","Random Character Button","Rare Cards Sparkle","Relic Stats","StSLib","everything is the same but u backflip on backflip"],"gold_per_floor":[113,124,142,142,142,142,167,167,194,204,204,204,220,236,236,236,236],"floor_reached":16,"language":"KOR","playtime":467,"items_purged":[],"score":204,"play_id":"810abc99-6998-4892-a4e6-f50eebc5fd10","local_time":"20210222120338","is_ascension_mode":true,"campfire_choices":[{"data":"Underhanded Strike","floor":6,"key":"SMITH"},{"data":"Neutralize","floor":8,"key":"SMITH"},{"floor":12,"key":"REST"},{"data":"Malaise","floor":15,"key":"SMITH"}],"circlet_count":0,"master_deck":["AscendersBane","Strike_G","Strike_G","Strike_G","Strike_G","Strike_G","Defend_G","Defend_G","Defend_G","Defend_G","Defend_G","Survivor","Neutralize+1","Underhanded Strike+1","Acrobatics","Malaise+1","PiercingWail","Dagger Throw","Die Die Die"],"relics":["Ring of the Snake","NeowsBlessing","Bag of Marbles","Happy Flower"],"acts_visited":["Exordium"],"potions_floor_usage":[7,16],"damage_taken":[{"damage":0,"enemies":"Cultist","floor":1,"turns":1},{"damage":0,"enemies":"Jaw Worm","floor":2,"turns":1},{"damage":0,"enemies":"Small Slimes","floor":3,"turns":1},{"damage":26,"enemies":"3 Sentries","floor":7,"turns":10},{"damage":11,"enemies":"Red Slaver","floor":10,"turns":5},{"damage":0,"enemies":"Blue Slaver","floor":13,"turns":3},{"damage":2,"enemies":"Looter","floor":14,"turns":3},{"damage":44,"enemies":"Slime Boss","floor":16,"turns":8}],"seed_played":"-8267752457008509077","potions_obtained":[{"floor":3,"key":"CunningPotion"},{"floor":10,"key":"Strength Potion"}],"is_trial":false,"path_per_floor":["M","M","M","?","?","R","E","R","T","M","?","R","M","M","R","B"],"character_chosen":"THE_SILENT","items_purchased":[],"campfire_rested":1,"item_purchase_floors":[],"current_hp_per_floor":[59,59,59,59,59,59,33,33,33,22,22,41,41,39,39,0,0],"gold":236,"neow_bonus":"THREE_ENEMY_KILL","is_daily":false,"chose_seed":false,"campfire_upgraded":3,"win_rate":0.0,"timestamp":1613963018,"path_taken":["M","?","M","?","?","R","E","R","T","?","?","R","M","M","R","BOSS"],"items_purchased_type":[],"build_version":"2020-12-22","purchased_purges":0,"victory":false,"max_hp_per_floor":[66,66,66,66,66,66,66,66,66,66,66,66,66,66,66,66,66],"relic_stats":{"Happy Flower":[6],"counters":[8,32],"obtain_stats":[{"NeowsBlessing":0,"Happy Flower":9,"Bag of Marbles":7,"Ring of the Snake":0},{"NeowsBlessing":0,"Happy Flower":4,"Bag of Marbles":4,"Ring of the Snake":0},{"NeowsBlessing":0,"Happy Flower":13,"Bag of Marbles":13,"Ring of the Snake":0}],"Ring of the Snake":[16]},"card_choices":[{"not_picked":["Slice","Accuracy"],"picked":"Underhanded Strike","floor":1},{"not_picked":["Prepared","Choke","Dodge and Roll"],"picked":"SKIP","floor":2},{"not_picked":["Prepared","Choke","Dodge and Roll"],"picked":"SKIP","floor":2},{"not_picked":["Concentrate","Poisoned Stab"],"picked":"Acrobatics","floor":3},{"not_picked":["Deflect","Predator"],"picked":"PiercingWail","floor":7},{"not_picked":["Well Laid Plans","Accuracy"],"picked":"Dagger Throw","floor":10},{"not_picked":["Setup","Flechettes","Bouncing Flask"],"picked":"SKIP","floor":13},{"not_picked":["Dash","PiercingWail"],"picked":"Die Die Die","floor":14}],"player_experience":1524939,"relics_obtained":[{"floor":7,"key":"Bag of Marbles"},{"floor":9,"key":"Happy Flower"}],"event_choices":[{"damage_healed":0,"gold_gain":0,"player_choice":"Ignored","damage_taken":0,"max_hp_gain":0,"max_hp_loss":0,"event_name":"Shining Light","floor":4,"gold_loss":0},{"damage_healed":0,"gold_gain":0,"player_choice":"1 cards matched","damage_taken":0,"max_hp_gain":0,"max_hp_loss":0,"event_name":"Match and Keep!","floor":5,"gold_loss":0,"cards_obtained":["Malaise"]},{"damage_healed":0,"gold_gain":0,"player_choice":"Ignored","damage_taken":0,"max_hp_gain":0,"max_hp_loss":0,"event_name":"Liars Game","floor":11,"gold_loss":0}],"is_beta":false,"boss_relics":[],"items_purged_floors":[],"is_endless":false,"potions_floor_spawned":[3,10],"killed_by":"Slime Boss","ascension_level":20}}