{"host":"fnlf8nl5agtxb8g8","time":1613961391,"event":{"mods":["Act Like it!","BaseMod","Better Altar","Better Match","Better Note","Better Sensory Stone","Better Skull","Better Third Choice","Better Vampires","Downfall","Minty Spire (QoL Compilation)","Quick Restart","Rare Cards Sparkle","StSLib"],"gold_per_floor":[99,99,99,178,192,217,266,266,285,17,17,30,30,46,66,163,163,163,179,179,179,195,71,120,120,155,167,167,85,99,133,152,255,255,255,272,272,292,306,340,340,340,340,2,2,13,13,45,64,64,64,64],"floor_reached":50,"language":"ENG","playtime":4257,"items_purged":["hexamod:Defend"],"score":642,"play_id":"d15cf3aa-1b1b-4fc3-a9fb-515bc1096715","local_time":"20210221203631","is_ascension_mode":false,"campfire_choices":[{"data":"hexamod:GhostflameInferno","floor":1,"key":"SMITH"},{"floor":8,"key":"REST"},{"data":"hexamod:Rewind","floor":11,"key":"SMITH"},{"data":"expansioncontent:LastStand","floor":13,"key":"SMITH"},{"data":"Panache","floor":18,"key":"SMITH"},{"data":"hexamod:GhostOfSpirePast","floor":25,"key":"SMITH"},{"floor":35,"key":"RECALL"},{"floor":43,"key":"REST"},{"data":"hexamod:GhostOfSpirePast","floor":45,"key":"SMITH"}],"circlet_count":0,"master_deck":["hexamod:Strike+1","hexamod:Strike+1","hexamod:Strike+1","hexamod:Strike+1","hexamod:Defend+1","hexamod:Defend+1","hexamod:Defend+1","hexamod:Sear+1","hexamod:Float+1","hexamod:GhostflameInferno+1","Panache+1","hexamod:Rewind+1","hexamod:FourthSeal","hexamod:RetreatToShadows+1","expansioncontent:LastStand+1","hexamod:SixthSeal","hexamod:GhostOfSpirePast+1","Pain","hexamod:HexaLevel+1","Panache+1","hexamod:SpectralSpark+1","hexamod:GhostOfSpirePast+1"],"relics":["hexamod:SpiritBrand","downfall:ShatteredFragment","Mercury Hourglass","InkBottle","Regal Pillow","Happy Flower","Philosopher\u0027s Stone","Bag of Marbles","Toy Ornithopter","Bottled Tornado","hexamod:MatchstickCase","Matryoshka","Kunai","SlaversCollar","Akabeko","Whetstone","hexamod:CandleOfCauterizing","Bottled Lightning"],"acts_visited":["Exordium","TheCity","TheBeyond"],"potions_floor_usage":[23,23,29,30,32,33,33,33,39,40,40,42,50,50,50],"damage_taken":[{"damage":0,"enemies":"2 Louse","floor":5,"turns":2},{"damage":13,"enemies":"Gremlin Nob","floor":6,"turns":4},{"damage":0,"enemies":"Small Slimes","floor":9,"turns":2},{"damage":0,"enemies":"downfall:FleeingMerchant","floor":10,"turns":4},{"damage":7,"enemies":"Jaw Worm","floor":12,"turns":2},{"damage":6,"enemies":"Exordium Thugs","floor":14,"turns":3},{"damage":0,"enemies":"downfall:LooterAlt","floor":15,"turns":3},{"damage":6,"enemies":"WA_ARCHETYPE_RETAIN","floor":16,"turns":4},{"damage":12,"enemies":"downfall:LooterAlt2","floor":19,"turns":3},{"damage":6,"enemies":"Spheric Guardian","floor":22,"turns":3},{"damage":6,"enemies":"downfall:FleeingMerchant","floor":23,"turns":4},{"damage":17,"enemies":"Slavers","floor":26,"turns":4},{"damage":6,"enemies":"Snecko","floor":27,"turns":4},{"damage":4,"enemies":"downfall:FleeingMerchant","floor":29,"turns":1},{"damage":18,"enemies":"Snake Plant","floor":30,"turns":3},{"damage":13,"enemies":"Book of Stabbing","floor":31,"turns":3},{"damage":5,"enemies":"Cultist and Chosen","floor":32,"turns":3},{"damage":53,"enemies":"SI_MIRROR_ARCHETYPE","floor":33,"turns":7},{"damage":1,"enemies":"3 Shapes","floor":36,"turns":3},{"damage":0,"enemies":"Orb Walker","floor":38,"turns":2},{"damage":24,"enemies":"Maw","floor":39,"turns":5},{"damage":56,"enemies":"Nemesis","floor":40,"turns":5},{"damage":3,"enemies":"4 Shapes","floor":42,"turns":1},{"damage":4,"enemies":"Sphere and 2 Shapes","floor":46,"turns":3},{"damage":37,"enemies":"Giant Head","floor":48,"turns":6},{"damage":2,"enemies":"Jaw Worm Horde","floor":49,"turns":2},{"damage":63,"enemies":"DF_ARCHETYPE_ORBS","floor":50,"turns":5}],"seed_played":"1990924949425638251","potions_obtained":[{"floor":6,"key":"DistilledChaos"},{"floor":10,"key":"hexamod:InfernoChargePotion"},{"floor":12,"key":"FearPotion"},{"floor":15,"key":"SkillPotion"},{"floor":15,"key":"SkillPotion"},{"floor":19,"key":"Guardian:BlockOnCardUsePotion"},{"floor":23,"key":"DuplicationPotion"},{"floor":26,"key":"SpeedPotion"},{"floor":27,"key":"AttackPotion"},{"floor":27,"key":"AttackPotion"},{"floor":31,"key":"Fruit Juice"},{"floor":31,"key":"Regen Potion"},{"floor":32,"key":"hexamod:SoulburnPotion"},{"floor":33,"key":"Regen Potion"},{"floor":36,"key":"SkillPotion"},{"floor":39,"key":"AttackPotion"},{"floor":40,"key":"SmokeBomb"},{"floor":46,"key":"Weak Potion"},{"floor":46,"key":"Strength Potion"},{"floor":48,"key":"champ:CounterPotion"},{"floor":48,"key":"Dexterity Potion"}],"is_trial":false,"path_per_floor":["R","?","?","T","M","E","T","R","M","$","R","M","R","M","M","B",null,"R","M","?","?","M","$","T","R","E","M","?","$","M","E","M","B",null,"R","M","?","M","M","E","T","M","R","$","R","M","?","E","M","B"],"character_chosen":"THE_SPIRIT","items_purchased":["expansioncontent:LastStand","Happy Flower","hexamod:GhostOfSpirePast","hexamod:MatchstickCase","Matryoshka","hexamod:CandleOfCauterizing","hexamod:GhostOfSpirePast"],"campfire_rested":2,"item_purchase_floors":[10,10,23,29,29,44,44],"current_hp_per_floor":[49,28,28,28,28,15,15,51,51,51,51,44,44,38,38,42,70,70,58,58,58,52,46,46,46,39,33,33,34,31,28,33,17,75,75,74,74,74,51,19,19,31,68,68,68,64,64,27,35,0,0,0],"gold":64,"neow_bonus":"THREE_RARE_CARDS","is_daily":false,"chose_seed":false,"campfire_upgraded":6,"win_rate":0.0,"timestamp":1613961391,"path_taken":["R","?","?","?","M","E","T","R","M","$","R","?","R","M","M","BOSS","R","M","?","?","M","$","T","R","E","M","?","$","M","E","M","BOSS","R","?","?","M","?","E","T","M","R","$","R","M","?","E","M","BOSS"],"items_purchased_type":["Card","Relic","Card","Relic","Relic","Relic","Card"],"build_version":"2020-12-22","purchased_purges":1,"victory":false,"max_hp_per_floor":[70,70,70,70,70,70,70,70,70,70,70,70,70,70,70,70,70,70,70,70,70,70,70,70,70,70,70,70,70,70,70,75,75,75,75,75,75,75,75,75,75,75,75,75,75,75,75,75,75,75,75,75],"card_choices":[{"not_picked":["hexamod:Toasty","hexamod:FlameSwitch"],"picked":"hexamod:GhostflameInferno","floor":0},{"not_picked":["Discovery","Swift Strike"],"picked":"Panache","floor":3},{"not_picked":["hexamod:HauntingEcho","hexamod:GhostLash"],"picked":"hexamod:Rewind","floor":5},{"not_picked":["hexamod:BacktrackSmack","hexamod:SpectersWail"],"picked":"hexamod:FourthSeal","floor":6},{"not_picked":["hexamod:PhantomCloak","hexamod:StepThrough"],"picked":"hexamod:RetreatToShadows","floor":9},{"not_picked":["hexamod:BurningTouch","hexamod:GhostLash","hexamod:ParanormalForm"],"picked":"SKIP","floor":10},{"not_picked":["hexamod:Hexaguard","hexamod:EtherealExpedition","hexamod:SwordOfDarkness"],"picked":"SKIP","floor":12},{"not_picked":["hexamod:FlamesFromBeyond","hexamod:ThermalTransfer","hexamod:Firestarter"],"picked":"SKIP","floor":14},{"not_picked":["hexamod:FastForward","hexamod:PowerFromBeyond","hexamod:ThermalTransfer"],"picked":"SKIP","floor":15},{"not_picked":["hexamod:TimeOfNeed","hexamod:GiftsFromTheDead"],"picked":"hexamod:SixthSeal","floor":16},{"not_picked":["hexamod:InspiringFlames","hexamod:SwordOfDarkness","hexamod:SpectersWail+1"],"picked":"SKIP","floor":19},{"not_picked":["hexamod:ThermalTransfer+1","hexamod:HauntingEcho","hexamod:SpectersWail"],"picked":"SKIP","floor":22},{"not_picked":["hexamod:ChargedBarrage","hexamod:ThermalTransfer","hexamod:EtherealExpedition"],"picked":"SKIP","floor":23},{"not_picked":["hexamod:HauntingEcho","hexamod:HeatMetal","hexamod:SixthSeal"],"picked":"SKIP","floor":26},{"not_picked":["hexamod:BurningTouch+1","hexamod:HauntingEcho+1","hexamod:NightmareStrike"],"picked":"SKIP","floor":27},{"not_picked":["hexamod:Firestarter+1","hexamod:CatchUp","hexamod:GhostShield"],"picked":"SKIP","floor":29},{"not_picked":["hexamod:SpectersWail","hexamod:NightmareGuise","hexamod:HeatMetal"],"picked":"SKIP","floor":30},{"not_picked":["hexamod:NightmareStrike","hexamod:ShieldOfDarkness","hexamod:SwordOfDarkness"],"picked":"SKIP","floor":31},{"not_picked":["hexamod:GhostLash","hexamod:HeatMetal","hexamod:GhostflameBarrier"],"picked":"SKIP","floor":32},{"not_picked":["hexamod:SixthSeal","hexamod:VolcanoVisage"],"picked":"hexamod:HexaLevel","floor":33},{"not_picked":["hexamod:GhostOfSpireFuture+1","hexamod:SpectersWail+1","hexamod:SoulSteal+1"],"picked":"SKIP","floor":36},{"not_picked":["hexamod:CatchUp","hexamod:ChargedBarrage","hexamod:SuperheatedStrike+1"],"picked":"SKIP","floor":38},{"not_picked":["hexamod:EtherealExpedition+1","hexamod:NightmareStrike","hexamod:ShieldOfDarkness"],"picked":"SKIP","floor":39},{"not_picked":["hexamod:PhantomCloak+1","hexamod:CatchUp"],"picked":"hexamod:SpectralSpark+1","floor":40},{"not_picked":["hexamod:HeatCrush+1","hexamod:NightmareGuise","hexamod:GhostShield+1"],"picked":"SKIP","floor":46},{"not_picked":["hexamod:NightmareStrike+1","hexamod:HeatMetal","hexamod:Hexaguard+1"],"picked":"SKIP","floor":48},{"not_picked":["hexamod:SpectralSpark+1","hexamod:SoulSteal","hexamod:Haunt"],"picked":"SKIP","floor":49}],"player_experience":882542,"relics_obtained":[{"floor":4,"key":"Mercury Hourglass"},{"floor":6,"key":"InkBottle"},{"floor":7,"key":"Regal Pillow"},{"floor":24,"key":"Bag of Marbles"},{"floor":26,"key":"Toy Ornithopter"},{"floor":31,"key":"Kunai"},{"floor":40,"key":"Akabeko"},{"floor":41,"key":"Whetstone"},{"floor":48,"key":"Bottled Lightning"}],"event_choices":[{"damage_healed":0,"gold_gain":1,"player_choice":"1","damage_taken":0,"max_hp_gain":0,"max_hp_loss":0,"event_name":"betterStone:BetterStone","floor":3,"gold_loss":0},{"cards_removed":["expansioncontent:LastStand"],"damage_healed":0,"gold_gain":0,"player_choice":"Give","damage_taken":0,"max_hp_gain":0,"max_hp_loss":0,"event_name":"betterNote:BetterNote","floor":20,"gold_loss":0,"cards_obtained":["None"]}],"is_beta":false,"boss_relics":[{"not_picked":["Tiny House","Snecko Eye"],"picked":"Philosopher\u0027s Stone"},{"not_picked":["Pandora\u0027s Box","Velvet Choker"],"picked":"SlaversCollar"}],"items_purged_floors":[23],"is_endless":false,"potions_floor_spawned":[6,12,15,27,31,32,36,46,48,49],"killed_by":"DF_ARCHETYPE_ORBS","ascension_level":0}}