{"host":"2uowsvn2ljd29942","time":1613977987,"event":{"mods":["BaseMod","Better Third Choice","Block Reminder","Colored Map","Colored Powertips","Dark Map","DeckTracker","Highlight Path","LagranYue(???·?)","Marisa????????","Minty Spire (QoL Compilation)","Permanent Neow","Quick Restart","Random Character Button","Rare Cards Sparkle","Relic Sorter","Relic Stats","StSLib","The Bug Knight","The Cursed","The Exalted","The Senshi","The Servant 0.9.4","WarShipGirlsR/????R mod","Yuri Mod","everything is the same but u backflip on backflip","slay the spire mod where everything is the same but ironclad has a cowboy hat"],"gold_per_floor":[113,133,133,143,162,193,211,211,211,222,234,234,251,262,262,262,262],"floor_reached":16,"language":"ENG","playtime":3311,"items_purged":[],"score":108,"play_id":"c05dca61-e721-40c9-ae3a-3842a92b9ba3","local_time":"20210222011307","is_ascension_mode":false,"campfire_choices":[{"data":"TheCursedMod:ManaBullet","floor":8.0,"key":"SMITH"},{"floor":12.0,"key":"REST"},{"data":"TheCursedMod:CircleOfFlame","floor":15.0,"key":"SMITH"}],"circlet_count":0,"master_deck":["TheCursedMod:Strike_TheCursed","TheCursedMod:Strike_TheCursed","TheCursedMod:Strike_TheCursed","TheCursedMod:Defend_TheCursed","TheCursedMod:Defend_TheCursed","TheCursedMod:CursedWand","TheCursedMod:CleanUpWorkshop","TheCursedMod:Dregs","Injury","TheCursedMod:BloodBarrier","TheCursedMod:AshesToAshes","TheCursedMod:CursedBoomerang","TheCursedMod:LuckyCharm","TheCursedMod:AbyssShockwave","TheCursedMod:SmokeScreen","TheCursedMod:CursedAmulet","TheCursedMod:CircleOfFlame+1","TheCursedMod:ManaBullet+1","TheCursedMod:CursedAmulet","TheCursedMod:Wield"],"relics":["TheCursedMod:BlackMagic101","LagranYue:RandomDrawCardRelic","Sundial"],"acts_visited":["Exordium"],"potions_floor_usage":[16],"damage_taken":[{"damage":0.0,"enemies":"Small Slimes","floor":1.0,"turns":3.0},{"damage":3.0,"enemies":"Cultist","floor":2.0,"turns":3.0},{"damage":6.0,"enemies":"Jaw Worm","floor":4.0,"turns":3.0},{"damage":0.0,"enemies":"3 Louse","floor":5.0,"turns":1.0},{"damage":17.0,"enemies":"3 Sentries","floor":6.0,"turns":9.0},{"damage":4.0,"enemies":"Gremlin Gang","floor":7.0,"turns":3.0},{"damage":4.0,"enemies":"Blue Slaver","floor":10.0,"turns":2.0},{"damage":0.0,"enemies":"3 Louse","floor":11.0,"turns":1.0},{"damage":1.0,"enemies":"2 Fungi Beasts","floor":13.0,"turns":3.0},{"damage":0.0,"enemies":"Red Slaver","floor":14.0,"turns":4.0},{"damage":24,"enemies":"The Guardian","floor":16,"turns":8}],"seed_played":"211248101645419422","potions_obtained":[{"floor":2.0,"key":"DuplicationPotion"},{"floor":4.0,"key":"Regen Potion"},{"floor":6.0,"key":"Dexterity Potion"},{"floor":10.0,"key":"ColorlessPotion"},{"floor":14.0,"key":"Explosive Potion"}],"is_trial":false,"path_per_floor":["M","M","?","M","M","E","M","R","T","M","M","R","M","M","R","B"],"character_chosen":"THE_CURSED","items_purchased":[],"campfire_rested":1,"item_purchase_floors":[],"current_hp_per_floor":[75,72,72,66,66,49,45,45,45,41,41,63,62,62,62,38,38],"gold":262,"neow_bonus":"TRANSFORM_TWO_CARDS","is_daily":false,"chose_seed":false,"campfire_upgraded":2,"win_rate":0.0,"timestamp":1613977987,"path_taken":["M","M","?","?","M","E","M","R","T","?","M","R","M","M","R","BOSS"],"items_purchased_type":[],"build_version":"2020-12-22","purchased_purges":0,"victory":false,"max_hp_per_floor":[75,75,75,75,75,75,75,75,75,75,75,75,75,75,75,75,75],"relic_stats":{"counters":[11,40],"Sundial":[2],"obtain_stats":[{"TheCursedMod:BlackMagic101":0,"LagranYue:RandomDrawCardRelic":0,"Sundial":6},{"TheCursedMod:BlackMagic101":0,"LagranYue:RandomDrawCardRelic":0,"Sundial":5},{"TheCursedMod:BlackMagic101":0,"LagranYue:RandomDrawCardRelic":0,"Sundial":19}]},"card_choices":[{"not_picked":["TheCursedMod:VitalStrike","TheCursedMod:RapidMovement"],"picked":"TheCursedMod:CursedBoomerang","floor":1.0},{"not_picked":["TheCursedMod:VitalStrike","TheCursedMod:CircleOfFocus"],"picked":"TheCursedMod:LuckyCharm","floor":2.0},{"not_picked":["TheCursedMod:CircleOfCorruption","TheCursedMod:CursedSpellbook"],"picked":"TheCursedMod:SmokeScreen","floor":4.0},{"not_picked":["TheCursedMod:DoubleShield","TheCursedMod:Obscuration"],"picked":"TheCursedMod:CursedAmulet","floor":5.0},{"not_picked":["TheCursedMod:CursedShiv","TheCursedMod:SurpriseAttack"],"picked":"TheCursedMod:CircleOfFlame","floor":6.0},{"not_picked":["TheCursedMod:RapidMovement","TheCursedMod:SmokeScreen"],"picked":"TheCursedMod:ManaBullet","floor":7.0},{"not_picked":["TheCursedMod:Wield","TheCursedMod:NeowsMight","TheCursedMod:Evocation"],"picked":"SKIP","floor":10.0},{"not_picked":["TheCursedMod:WearCloak","TheCursedMod:CircleOfCorruption"],"picked":"TheCursedMod:CursedAmulet","floor":11.0},{"not_picked":["TheCursedMod:ReleasedKnowledge","TheCursedMod:CircleOfFlame","TheCursedMod:FuryStrike"],"picked":"SKIP","floor":13.0},{"not_picked":["TheCursedMod:CursedShiv","TheCursedMod:Stretching"],"picked":"TheCursedMod:Wield","floor":14.0}],"player_experience":303561,"relics_obtained":[{"floor":6.0,"key":"Sundial"}],"event_choices":[{"damage_healed":0.0,"max_hp_gain":0.0,"max_hp_loss":0.0,"gold_gain":0.0,"cards_transformed":["TheCursedMod:Defend_TheCursed"],"event_name":"Transmorgrifier","player_choice":"Transformed","floor":3.0,"gold_loss":0.0,"damage_taken":0.0,"cards_obtained":["TheCursedMod:AbyssShockwave"]}],"is_beta":false,"boss_relics":[],"items_purged_floors":[],"is_endless":false,"potions_floor_spawned":[2,4,6,10,14],"killed_by":"The Guardian","ascension_level":0}}