{"host":"tp1hyvdwlciy3xbu","time":1613962411,"event":{"mods":["BaseMod","Marisa£®ÏF”Í°°ƒß¿Ì…≥£©","Minty Spire (QoL Compilation)","SIMod","StSLib","The Construct","The Servant 0.9.4"],"gold_per_floor":[212,137,137,137,150,183,183,223,223,223,223,223,223,75,75,196,196,212,230,244,2,2,2],"floor_reached":22,"language":"ZHS","playtime":729,"items_purged":["Strike_MRS","ShootingEcho"],"score":200,"play_id":"5576395f-b68a-476f-9edd-12f713797b2b","local_time":"20210222105331","is_ascension_mode":true,"campfire_choices":[{"data":"GrandCross","floor":10.0,"key":"SMITH"},{"floor":13.0,"key":"REST"},{"floor":15.0,"key":"REST"}],"circlet_count":0,"master_deck":["Strike_MRS","Defend_MRS","Defend_MRS+1","Defend_MRS","Defend_MRS","MasterSpark","UpSweep+1","DoubleSpark","MachineGunSpark","GrandCross+1","StarDustReverie","ShootTheMoon","GrandCross","AsteroidBelt","FinalSpark"],"relics":["MiniHakkero","MagicBroom","Golden Idol","Ornamental Fan","Prayer Wheel","Darkstone Periapt","PreservedInsect","Empty Cage"],"acts_visited":["Exordium","TheCity"],"potions_floor_usage":[16,18],"damage_taken":[{"damage":3.0,"enemies":"Small Slimes","floor":1.0,"turns":3.0},{"damage":6.0,"enemies":"Jaw Worm","floor":5.0,"turns":3.0},{"damage":23.0,"enemies":"Gremlin Nob","floor":6.0,"turns":4.0},{"damage":18.0,"enemies":"Lagavulin","floor":8.0,"turns":7.0},{"damage":33,"enemies":"Hexaghost","floor":16,"turns":9},{"damage":28,"enemies":"Shell Parasite","floor":18,"turns":6},{"damage":9,"enemies":"3 Byrds","floor":19,"turns":5},{"damage":12,"enemies":"Shelled Parasite and Fungi","floor":20,"turns":4},{"damage":26,"enemies":"Cultist and Chosen","floor":22,"turns":6}],"seed_played":"-438533866598934326","potions_obtained":[{"floor":6.0,"key":"LiquidBronze"},{"floor":16,"key":"construct:ShiftPotion"},{"floor":18,"key":"Fruit Juice"}],"is_trial":false,"path_per_floor":["M","$","?","?","M","E","?","E","T","R","?","?","R","$","R","B",null,"M","M","M","$","M"],"character_chosen":"MARISA","items_purchased":["PreservedInsect","FinalSpark"],"campfire_rested":2,"item_purchase_floors":[14,21],"current_hp_per_floor":[72,72,57,57,51,28,28,10,10,10,10,3,23,23,43,10,69,46,37,25,25,0,0],"gold":2,"neow_bonus":"HUNDRED_GOLD","is_daily":false,"chose_seed":false,"campfire_upgraded":1,"win_rate":0.0,"timestamp":1613962411,"path_taken":["M","$","?","?","?","E","?","E","T","R","?","?","R","$","R","BOSS","M","M","M","$","M"],"items_purchased_type":["Relic","Card"],"build_version":"2020-12-22","purchased_purges":2,"victory":false,"max_hp_per_floor":[75,75,75,75,75,75,69,69,69,69,69,69,69,69,69,69,69,74,74,74,74,74,74],"card_choices":[{"not_picked":["AsteroidBelt","PowerUp"],"picked":"DoubleSpark","floor":1.0},{"not_picked":["GalacticHalo","DeepEcoloBomb"],"picked":"MachineGunSpark","floor":5.0},{"not_picked":["MysteriousBeam","SporeBomb"],"picked":"GrandCross","floor":6.0},{"not_picked":["GalacticHalo","DeepEcoloBomb"],"picked":"ShootingEcho","floor":8.0},{"not_picked":["BlazingStar","CollectingQuirk"],"picked":"StarDustReverie","floor":16},{"not_picked":["PulseMagic","ChargingUp"],"picked":"ShootTheMoon","floor":18},{"not_picked":["ShootingEcho","WitchOfGreed","Acceleration"],"picked":"SKIP","floor":18},{"not_picked":["ShootingEcho+1","WitchOfGreed"],"picked":"GrandCross","floor":19},{"not_picked":["Acceleration","NonDirectionalLaser+1"],"picked":"AsteroidBelt","floor":19},{"not_picked":["Acceleration","SporeBomb","AsteroidBelt"],"picked":"SKIP","floor":20},{"not_picked":["WitchOfGreed+1","6A","StarlightTyphoon"],"picked":"SKIP","floor":20}],"player_experience":328824,"relics_obtained":[{"floor":6.0,"key":"MagicBroom"},{"floor":8.0,"key":"Ornamental Fan"},{"floor":9.0,"key":"Prayer Wheel"}],"event_choices":[{"damage_healed":0.0,"max_hp_gain":0.0,"max_hp_loss":0.0,"gold_gain":0.0,"event_name":"Shining Light","player_choice":"Entered Light","floor":3.0,"gold_loss":0.0,"damage_taken":15.0,"cards_upgraded":["UpSweep","Defend_MRS"]},{"damage_healed":0.0,"max_hp_gain":0.0,"max_hp_loss":0.0,"gold_gain":0.0,"event_name":"Golden Wing","player_choice":"Ignored","floor":4.0,"gold_loss":0.0,"damage_taken":0.0},{"damage_healed":0.0,"max_hp_gain":0.0,"max_hp_loss":6.0,"gold_gain":0.0,"event_name":"Golden Idol","player_choice":"Lose Max HP","floor":7.0,"gold_loss":0.0,"damage_taken":0.0,"relics_obtained":["Golden Idol"]},{"damage_healed":0.0,"max_hp_gain":0.0,"max_hp_loss":0.0,"gold_gain":0.0,"event_name":"Dead Adventurer","player_choice":"Searched \u00270\u0027 times","floor":11.0,"gold_loss":0.0,"damage_taken":0.0},{"damage_healed":0.0,"max_hp_gain":0.0,"max_hp_loss":0.0,"gold_gain":0.0,"event_name":"Scrap Ooze","player_choice":"Success","floor":12.0,"gold_loss":0.0,"damage_taken":7.0,"relics_obtained":["Darkstone Periapt"]}],"is_beta":false,"boss_relics":[{"not_picked":["Velvet Choker","Ectoplasm"],"picked":"Empty Cage"}],"items_purged_floors":[2,21],"is_endless":false,"potions_floor_spawned":[6,16,18],"killed_by":"Cultist and Chosen","ascension_level":1}}