{"host":"njcl8kinlkfw245p","time":1613959659,"event":{"mods":["BaseMod","Block Reminder","Colored Map","Googly Eyes","KinomotoSakuraMod(????)","Minty Spire (QoL Compilation)","StSLib","The Senshi","Unceasing Turn Reminder","everything is the same but u backflip on backflip"],"gold_per_floor":[110,185,185,195,17,17,342,342,367,387,422,438,450,466,466,466,466],"floor_reached":16,"language":"ENG","playtime":1058,"items_purged":[],"score":134,"play_id":"352bb678-39a7-4439-964d-f91798cbf8dc","local_time":"20210221180739","is_ascension_mode":true,"campfire_choices":[{"data":"Neutralize","floor":6,"key":"SMITH"},{"data":"All Out Attack","floor":8,"key":"SMITH"},{"floor":15,"key":"REST"}],"circlet_count":0,"master_deck":["Strike_G","Strike_G","Strike_G","Strike_G","Strike_G","Defend_G","Defend_G","Defend_G","Defend_G","Defend_G","Survivor","Neutralize+1","Well Laid Plans","All Out Attack+1","Cloak And Dagger","Masterful Stab+1","Dagger Spray+1","Sucker Punch+1","PiercingWail"],"relics":["SacredBark","Old Coin","Snake Skull","Molten Egg 2"],"acts_visited":["Exordium"],"potions_floor_usage":[11,14,16,16,16],"damage_taken":[{"damage":0,"enemies":"2 Louse","floor":1,"turns":4},{"damage":2,"enemies":"Cultist","floor":4,"turns":4},{"damage":32,"enemies":"3 Sentries","floor":7,"turns":9},{"damage":3,"enemies":"Jaw Worm","floor":10,"turns":4},{"damage":24,"enemies":"Gremlin Nob","floor":11,"turns":4},{"damage":0,"enemies":"Looter","floor":12,"turns":2},{"damage":0,"enemies":"Lots of Slimes","floor":13,"turns":1},{"damage":0,"enemies":"3 Louse","floor":14,"turns":2},{"damage":32,"enemies":"Hexaghost","floor":16,"turns":15}],"seed_played":"1227481322097493165","potions_obtained":[{"floor":4,"key":"CunningPotion"},{"floor":7,"key":"SkillPotion"},{"floor":10,"key":"Dexterity Potion"}],"is_trial":false,"path_per_floor":["M","?","?","M","$","R","E","R","T","M","E","M","M","M","R","B"],"character_chosen":"THE_SILENT","items_purchased":["All Out Attack","EntropicBrew"],"campfire_rested":1,"item_purchase_floors":[5,5],"current_hp_per_floor":[70,59,70,68,68,68,36,36,36,33,9,9,9,9,30,0,0],"gold":466,"neow_bonus":"BOSS_RELIC","is_daily":false,"chose_seed":false,"campfire_upgraded":2,"win_rate":0.0,"timestamp":1613959659,"path_taken":["M","?","?","M","$","R","E","R","T","M","E","M","?","M","R","BOSS"],"items_purchased_type":["Card","Potion"],"build_version":"2020-12-22","purchased_purges":0,"victory":false,"max_hp_per_floor":[70,70,70,70,70,70,70,70,70,70,70,70,70,70,70,70,70],"card_choices":[{"not_picked":["PiercingWail","Dagger Throw"],"picked":"Predator","floor":1},{"not_picked":["Infinite Blades","Choke"],"picked":"Well Laid Plans","floor":4},{"not_picked":["Underhanded Strike","All Out Attack","Accuracy"],"picked":"SKIP","floor":7},{"not_picked":["Slice","Prepared"],"picked":"Cloak And Dagger","floor":10},{"not_picked":["Deadly Poison","Unload+1"],"picked":"Masterful Stab+1","floor":11},{"not_picked":["Acrobatics","Catalyst"],"picked":"Dagger Spray+1","floor":12},{"not_picked":["PiercingWail","Poisoned Stab+1"],"picked":"Sucker Punch+1","floor":13},{"not_picked":["Outmaneuver","Acrobatics"],"picked":"PiercingWail","floor":14}],"player_experience":967333,"relics_obtained":[{"floor":7,"key":"Old Coin"},{"floor":9,"key":"Snake Skull"},{"floor":11,"key":"Molten Egg 2"}],"event_choices":[{"damage_healed":0,"gold_gain":75,"player_choice":"Gather Gold","damage_taken":11,"max_hp_gain":0,"max_hp_loss":0,"event_name":"World of Goop","floor":2,"gold_loss":0},{"cards_removed":["Predator"],"damage_healed":11,"gold_gain":0,"player_choice":"Offered Uncommon","damage_taken":0,"max_hp_gain":0,"max_hp_loss":0,"event_name":"Bonfire Elementals","floor":3,"gold_loss":0}],"is_beta":false,"boss_relics":[],"items_purged_floors":[],"is_endless":false,"potions_floor_spawned":[4,7,10],"killed_by":"Hexaghost","ascension_level":4}}