{"host":"Doisman","time":1613965223,"event":{"mods":["AchievementEnabler","BaseMod","Better Note","Curses Come First","Minty Spire (QoL Compilation)","Permanent Neow","Quick Restart","Relic Stats","Replay The Spire","StSLib","slay the spire mod where everything is the same but ironclad has a cowboy hat"],"gold_per_floor":[114,114,189,189,14,44,44,84,84,99,114,35,50,50,50,200,200,240,255,270,285,285,285,285,300,300,300,150,165,195,195,195],"floor_reached":31,"language":"ENG","playtime":1651,"items_purged":["Spreading Infection"],"score":382,"play_id":"97ce367e-b974-4fd1-b728-f042242e2cf3","local_time":"20210221214023","daily_mods":["Shiny","Diverse","Binary"],"is_ascension_mode":false,"campfire_choices":[{"data":"Sneak Up","floor":7.0,"key":"SMITH"},{"data":"Infinite Blades","floor":15.0,"key":"SMITH"},{"data":"After Image","floor":23,"key":"SMITH"},{"data":"BootSequence","floor":27,"key":"SMITH"}],"circlet_count":0,"master_deck":["Brilliance","Devotion","Replay:AllIn","LessonLearned","Vault","Alpha","Establishment","Replay:LoomingThreat","DeusExMachina","Judgement","ConjureBlade","MasterReality","Blasphemy","Ragnarok","Scrawl","Wish","Omniscience","SpiritShield","DevaForm","Hyperbeam","Machine Learning","Buffer","Mirror Shield","Seek","Echo Form","All For One","Reboot","Fission","Core Surge","Multi-Cast","Thunder Strike","Biased Cognition","Electrodynamics","ReplayRNGCard","ReplayTheSpireMod:Omega Cannon","Rainbow","Meteor Strike","Amplify","Creative AI","ReplayTheSpireMod:Necrosis","Corpse Explosion","Die Die Die","Atom Bomb","ReplayTheSpireMod:From All Sides","Adrenaline","Envenom","Doppelganger","Burst","Wraith Form v2","Tools of the Trade","After Image+1","Poison Darts","A Thousand Cuts","Venomology","Replay:Bag of Tricks","Malaise","Phantasmal Killer","Night Terror","Unload","Bullet Time","Storm of Steel","Glass Knife","Grand Finale","Double Tap","Demon Form","Fiend Fire","Eclipse","Berserk","Impervious","Juggernaut+1","Brutality","Exhume","Offering","Bludgeon","Feed","Replay:Many Hands","Limit Break","Corruption","Barricade","Hemogenesis","Reaper","Immolate","Sneak Up+1","Shrug It Off","Leap","Vault+1","Infinite Blades+1","BootSequence+1","Poisoned Stab","Electrodynamics","Coolheaded+1","Stack","White Noise","Stack","Replay:Bag of Tricks","Deflect"],"relics":["Cracked Core","ReplayTheSpireMod:CursedCoin","Replay:Accelerometer","Prayer Wheel","ReplayTheSpireMod:Ninjato","Cables","ChewingGum","Durian","OrangePellets","Lantern"],"acts_visited":["Exordium","TheCity"],"potions_floor_usage":[25,29,29,30],"damage_taken":[{"damage":9.0,"enemies":"2 Louse","floor":1.0,"turns":2.0},{"damage":0.0,"enemies":"Replay:BlueRogue","floor":6.0,"turns":7.0},{"damage":7.0,"enemies":"Small Slimes","floor":8.0,"turns":4.0},{"damage":0.0,"enemies":"Jaw Worm","floor":10.0,"turns":2.0},{"damage":6.0,"enemies":"2 Fungi Beasts","floor":11.0,"turns":2.0},{"damage":0.0,"enemies":"Gremlin Gang","floor":13.0,"turns":2.0},{"damage":9.0,"enemies":"The Guardian","floor":16.0,"turns":8.0},{"damage":0.0,"enemies":"Chosen","floor":18.0,"turns":3.0},{"damage":16.0,"enemies":"2 Thieves","floor":19.0,"turns":3.0},{"damage":3.0,"enemies":"Chosen and Byrds","floor":20.0,"turns":4.0},{"damage":24,"enemies":"Centurion and Healer","floor":21,"turns":7},{"damage":0,"enemies":"Snake Plant","floor":25,"turns":4},{"damage":0,"enemies":"Shelled Parasite and Fungi","floor":29,"turns":5},{"damage":0,"enemies":"Replay:Snechameleon","floor":30,"turns":4},{"damage":100000,"enemies":"Centurion and Healer","floor":31,"turns":7}],"seed_played":"-9004314451342404475","potions_obtained":[{"floor":6.0,"key":"FearPotion"},{"floor":10.0,"key":"Explosive Potion"},{"floor":11.0,"key":"Energy Potion"},{"floor":16.0,"key":"SteroidPotion"},{"floor":19.0,"key":"Dexterity Potion"},{"floor":21,"key":"PowerPotion"},{"floor":25,"key":"LiquidBronze"},{"floor":29,"key":"PowerPotion"}],"is_trial":false,"path_per_floor":["M","?","?","?","$","E","R","M","T","M","M","$","M","?","R","B",null,"M","M","M","M","?","R","?","M","T","R","$","M","E","M"],"character_chosen":"DEFECT","items_purchased":["ReplayTheSpireMod:CursedCoin","Replay:Accelerometer","BootSequence","OrangePellets"],"campfire_rested":0,"item_purchase_floors":[5,5,12,28],"current_hp_per_floor":[66,66,55,55,55,55,55,48,48,48,44,44,44,85,85,76,85,85,69,70,51,51,51,51,59,64,64,64,68,68,0,0],"gold":195,"neow_bonus":"","is_daily":true,"chose_seed":false,"campfire_upgraded":4,"win_rate":0.0,"timestamp":1613965223,"path_taken":["M","?","?","?","$","E","R","M","T","M","?","$","M","?","R","BOSS","M","M","?","M","?","R","?","M","T","R","$","M","E","M"],"items_purchased_type":["Relic","Relic","Card","Relic"],"build_version":"2020-12-18","purchased_purges":1,"victory":false,"max_hp_per_floor":[75,75,75,75,75,75,75,75,75,75,75,75,75,85,85,85,85,85,85,85,85,85,85,85,88,93,93,93,93,93,93,93],"relic_stats":{"OrangePellets":[3],"counters":[15,63],"Prayer Wheel":10,"obtain_stats":[{"Replay:Accelerometer":5,"OrangePellets":28,"Lantern":30,"ReplayTheSpireMod:Ninjato":6,"ReplayTheSpireMod:CursedCoin":5,"Prayer Wheel":6,"ChewingGum":17,"Durian":26,"Cracked Core":0,"Cables":9},{"Replay:Accelerometer":1,"OrangePellets":12,"Lantern":14,"ReplayTheSpireMod:Ninjato":2,"ReplayTheSpireMod:CursedCoin":1,"Prayer Wheel":2,"ChewingGum":7,"Durian":12,"Cracked Core":0,"Cables":3},{"Replay:Accelerometer":2,"OrangePellets":48,"Lantern":57,"ReplayTheSpireMod:Ninjato":9,"ReplayTheSpireMod:CursedCoin":2,"Prayer Wheel":7,"ChewingGum":27,"Durian":48,"Cracked Core":0,"Cables":13}],"Cables":[36,32,2,0,2]},"card_choices":[{"not_picked":["ThirdEye","FlurryOfBlows"],"picked":"SKIP","floor":1.0},{"not_picked":["Flame Barrier"],"picked":"Sneak Up","floor":6.0},{"not_picked":["Cleave"],"picked":"Shrug It Off","floor":8.0},{"not_picked":["Slice"],"picked":"Leap","floor":8.0},{"not_picked":["Dagger Spray","Bane"],"picked":"SKIP","floor":10.0},{"not_picked":["Reprogram","Pommel Strike"],"picked":"SKIP","floor":10.0},{"not_picked":["Finisher"],"picked":"Vault","floor":11.0},{"not_picked":["Run Through"],"picked":"Infinite Blades","floor":11.0},{"not_picked":["Expertise"],"picked":"Poisoned Stab","floor":13.0},{"not_picked":["Tactician","Replay:AtTheReady"],"picked":"SKIP","floor":13.0},{"not_picked":["Hyperbeam"],"picked":"Electrodynamics","floor":16.0},{"not_picked":["ClearTheMind"],"picked":"Coolheaded+1","floor":18.0},{"not_picked":["Rebound","Bloodletting+1"],"picked":"SKIP","floor":18.0},{"not_picked":["Run Through"],"picked":"Stack","floor":19.0},{"not_picked":["Replay:ManipulateFuture","Rip and Tear"],"picked":"SKIP","floor":19.0},{"not_picked":["SashWhip","Rebound+1"],"picked":"SKIP","floor":20.0},{"not_picked":["FollowUp","Heel Hook"],"picked":"SKIP","floor":20.0},{"not_picked":["Collect"],"picked":"White Noise","floor":21},{"not_picked":["ReplayGash+1"],"picked":"Stack","floor":21},{"not_picked":["Clothesline"],"picked":"Replay:Bag of Tricks","floor":25},{"not_picked":["Dagger Spray","Replay:ManipulateFuture"],"picked":"SKIP","floor":25},{"not_picked":["Masterful Stab"],"picked":"Deflect","floor":29},{"not_picked":["ReplayGash","PathToVictory"],"picked":"SKIP","floor":29},{"not_picked":["Replay:Cycle+1","Conclude+1"],"picked":"SKIP","floor":30}],"player_experience":777858,"relics_obtained":[{"floor":6.0,"key":"ReplayTheSpireMod:Ninjato"},{"floor":9.0,"key":"Cables"},{"floor":26,"key":"Durian"},{"floor":30,"key":"Lantern"}],"event_choices":[{"damage_healed":0.0,"max_hp_gain":0.0,"max_hp_loss":0.0,"gold_gain":0.0,"event_name":"Shining Light","player_choice":"Ignored","floor":2.0,"gold_loss":0.0,"damage_taken":0.0},{"damage_healed":0.0,"max_hp_gain":0.0,"max_hp_loss":0.0,"gold_gain":75.0,"event_name":"World of Goop","player_choice":"Gather Gold","floor":3.0,"gold_loss":0.0,"damage_taken":11.0},{"cards_removed":["Demonic Infusion"],"damage_healed":31.0,"max_hp_gain":10.0,"max_hp_loss":0.0,"gold_gain":0.0,"event_name":"Bonfire Elementals","player_choice":"Offered Rare","floor":14.0,"gold_loss":0.0,"damage_taken":0.0},{"damage_healed":0,"gold_gain":0,"player_choice":"Ignored","damage_taken":0,"max_hp_gain":0,"max_hp_loss":0,"event_name":"Ghosts","floor":22,"gold_loss":0}],"is_beta":true,"boss_relics":[{"not_picked":["Velvet Choker","Replay:Drink Me"],"picked":"ChewingGum"}],"items_purged_floors":[5],"is_endless":false,"potions_floor_spawned":[6,10,11,16,19,21,25,29],"killed_by":"Centurion and Healer","ascension_level":0}}