{"host":"yhhyog5h1q67ienp","time":1613955487,"event":{"mods":["AchievementEnabler","BaseMod","Block Reminder","Colored Map","Colored Powertips","Minty Spire (QoL Compilation)","Quick Restart","Relic Stats","StSLib","ojb\u0027s Better Paths Mod","ojb\u0027s Info Mod"],"gold_per_floor":[113,125,5,5,5,34,49,49,49,49,49],"floor_reached":10,"language":"ENG","playtime":795,"items_purged":[],"score":182,"play_id":"43c3028d-c95b-48c3-b0da-22f4a6ba67af","local_time":"20210221215807","is_ascension_mode":true,"campfire_choices":[{"data":"TalkToTheHand","floor":8,"key":"SMITH"}],"circlet_count":0,"master_deck":["AscendersBane","Strike_P","Strike_P","Strike_P","Strike_P","Defend_P+1","Defend_P","Defend_P+1","Defend_P","Eruption","Vigilance","EmptyMind","Protect","MentalFortress","Vengeance","Wallop","TalkToTheHand+1"],"relics":["PureWater","NeowsBlessing","Bird Faced Urn","Art of War","Gambling Chip"],"acts_visited":["Exordium"],"potions_floor_usage":[10],"damage_taken":[{"damage":0,"enemies":"Cultist","floor":1,"turns":1},{"damage":0,"enemies":"Jaw Worm","floor":2,"turns":1},{"damage":0,"enemies":"Gremlin Nob","floor":6,"turns":1},{"damage":3,"enemies":"Small Slimes","floor":7,"turns":4},{"damage":53,"enemies":"Lagavulin","floor":10,"turns":13}],"seed_played":"4427920448397928134","potions_obtained":[{"floor":1,"key":"Dexterity Potion"},{"floor":6,"key":"SpeedPotion"}],"is_trial":false,"path_per_floor":["M","M","$","?","?","E","M","R","T","E"],"character_chosen":"WATCHER","items_purchased":["MentalFortress","Vengeance"],"campfire_rested":0,"item_purchase_floors":[3,3],"current_hp_per_floor":[61,61,61,41,30,30,29,29,29,0,0],"gold":49,"neow_bonus":"THREE_ENEMY_KILL","is_daily":false,"chose_seed":false,"campfire_upgraded":1,"win_rate":0.0,"timestamp":1613955487,"path_taken":["M","M","?","?","?","E","M","R","T","E"],"items_purchased_type":["Card","Card"],"build_version":"2020-12-22","purchased_purges":0,"victory":false,"max_hp_per_floor":[68,68,68,68,68,68,68,68,68,68,68],"relic_stats":{"counters":[5,20],"Bird Faced Urn":[4],"Gambling Chip":[2],"Art of War":[2],"obtain_stats":[{"NeowsBlessing":0,"Bird Faced Urn":5,"Gambling Chip":9,"Art of War":6,"PureWater":0},{"NeowsBlessing":0,"Bird Faced Urn":2,"Gambling Chip":4,"Art of War":3,"PureWater":0},{"NeowsBlessing":0,"Bird Faced Urn":2,"Gambling Chip":7,"Art of War":3,"PureWater":0}]},"card_choices":[{"not_picked":["SashWhip","BowlingBash"],"picked":"EmptyMind","floor":1},{"not_picked":["Prostrate","ClearTheMind"],"picked":"Protect","floor":2},{"not_picked":["FollowUp","DeusExMachina"],"picked":"Wallop","floor":6},{"not_picked":["Perseverance","EmptyFist"],"picked":"TalkToTheHand","floor":7}],"player_experience":1513349,"relics_obtained":[{"floor":6,"key":"Art of War"},{"floor":9,"key":"Gambling Chip"}],"event_choices":[{"damage_healed":0,"gold_gain":0,"player_choice":"Entered Light","damage_taken":20,"max_hp_gain":0,"max_hp_loss":0,"event_name":"Shining Light","floor":4,"gold_loss":0,"cards_upgraded":["Defend_P","Defend_P"]},{"damage_healed":0,"gold_gain":0,"player_choice":"Success","damage_taken":11,"relics_obtained":["Bird Faced Urn"],"max_hp_gain":0,"max_hp_loss":0,"event_name":"Scrap Ooze","floor":5,"gold_loss":0}],"is_beta":false,"boss_relics":[],"items_purged_floors":[],"is_endless":false,"potions_floor_spawned":[1,6],"killed_by":"Lagavulin","ascension_level":20}}