{"host":"pboyrhtqteqd23la","time":1613974943,"event":{"mods":["Aspiration","BaseMod","Bestiary","Conspire","Downfall","Energized Spire","GungeonMod","Halation","Minty Spire (QoL Compilation)","Relic Stats","Reliquary","Shop Mod","StSLib","The Servant 0.9.4","Waifu the Spire"],"gold_per_floor":[109,109,109,120,120,154,154,154,232,90,110,110,285,302,302,400,400,416,416,449,449,467,491,507,533,533,533,545,593,607,617,637,637,637,637],"floor_reached":34,"language":"ENG","playtime":1917,"items_purged":[],"score":301,"play_id":"e35d4943-ff11-4832-86e9-620a540f45e9","local_time":"20210221232223","is_ascension_mode":false,"campfire_choices":[{"data":"DemoMod:AWP","floor":7.0,"key":"SMITH"},{"data":"DemoMod:HardPowerCard","floor":12.0,"key":"SMITH"},{"data":"DemoMod:TableSutra","floor":15,"key":"SMITH"},{"data":"sneckomod:WideSting","floor":27,"key":"SMITH"},{"floor":33,"key":"REST"}],"circlet_count":0,"master_deck":["DemoMod:Defend_Huntress","DemoMod:Defend_Huntress","DemoMod:Defend_Huntress","DemoMod:Defend_Huntress","DemoMod:Roll","DemoMod:ManualReload+1","DemoMod:RustySidearm","DemoMod:CrossBow","DemoMod:JK47","DemoMod:Unity","DemoMod:AWP+1","DemoMod:HardPowerCard+1","Doubt","DemoMod:TableSutra+1","DemoMod:ThirdPartyController","DemoMod:SniperShot","Slimebound:Tackle+1","Slimebound:Tackle+1","Slimebound:Tackle+1","DemoMod:SAA+1","Slimebound:SplitAcid+1","Wallop+1","bronze:Boost","sneckomod:WideSting+1","DemoMod:Unity+1","Transmutation","champ:BringItOn+1","champ:FanOfKnives+1","hexamod:SpectersWail+1"],"relics":["DemoMod:Dog","NeowsBlessing","halation:YellowSoulGem","Mummified Hand","reliquary:Firecrackers","aspiration:FutureDiary","Red Mask","PrismaticShard","aspiration:HatOfInfinitePower","Omamori"],"acts_visited":["Exordium","TheCity","DemoMod:Maze"],"potions_floor_usage":[34,34],"damage_taken":[{"damage":0.0,"enemies":"Small Slimes","floor":1.0,"turns":1.0},{"damage":0.0,"enemies":"2 Louse","floor":4.0,"turns":1.0},{"damage":0.0,"enemies":"3 Sentries","floor":6.0,"turns":1.0},{"damage":0.0,"enemies":"Jaw Worm","floor":11.0,"turns":3.0},{"damage":0.0,"enemies":"Large Slime","floor":14.0,"turns":5.0},{"damage":14,"enemies":"Hexaghost","floor":16,"turns":9},{"damage":0,"enemies":"conspire:FuzzyDice","floor":18,"turns":5},{"damage":12,"enemies":"Masked Bandits","floor":20,"turns":3},{"damage":6,"enemies":"3 Byrds","floor":22,"turns":4},{"damage":3,"enemies":"Cultist and Chosen","floor":23,"turns":4},{"damage":0,"enemies":"Shelled Parasite and Fungi","floor":24,"turns":3},{"damage":20,"enemies":"conspire:SneckoGhost","floor":25,"turns":5},{"damage":10,"enemies":"DemoMod:Veteran_shot_gun_kin_and_red_shotgun_kin","floor":28,"turns":2},{"damage":3,"enemies":"DemoMod:4_Bullet_Kins","floor":29,"turns":2},{"damage":21,"enemies":"DemoMod:Veteran_shot_gun_kin_and_blue_shotgun_kin_with_gunsinger","floor":30,"turns":3},{"damage":14,"enemies":"DemoMod:Veteran_shot_gun_kin_and_blue_shotgun_kin","floor":31,"turns":5},{"damage":0,"enemies":"DemoMod:Veteran_shot_gun_kin_and_red_shotgun_kin_with_gunsinger","floor":32,"turns":2},{"damage":61,"enemies":"DemoMod:ResourcefulRat","floor":34,"turns":5}],"seed_played":"5809184429956501931","potions_obtained":[{"floor":1.0,"key":"DemoMod:LeadSkinPotion"},{"floor":4.0,"key":"sneckomod:MuddlingPotion"},{"floor":11.0,"key":"SkillPotion"},{"floor":22,"key":"BlessingOfTheForge"}],"is_trial":false,"path_per_floor":["M","$","?","M","?","E","R","?","T","$","M","R","?","M","R","B",null,"M","?","?","?","M","M","M","E","T","R","M","M","M","M","M","R","B"],"character_chosen":"HUNTRESS","items_purchased":["DemoMod:GnawedKey","DemoMod:HardPowerCard"],"campfire_rested":1,"item_purchase_floors":[10,10],"current_hp_per_floor":[70,70,70,70,70,70,70,70,70,70,70,70,70,70,70,56,70,70,70,58,50,44,41,41,21,70,70,60,57,36,22,22,43,0,0],"gold":637,"neow_bonus":"THREE_ENEMY_KILL","is_daily":false,"chose_seed":false,"campfire_upgraded":4,"win_rate":0.0,"timestamp":1613974943,"path_taken":["M","$","?","M","?","E","R","?","T","$","M","R","?","M","R","BOSS","M","?","?","?","M","M","M","E","T","R","M","M","M","M","M","R","BOSS"],"items_purchased_type":["Relic","Card"],"build_version":"2020-12-22","purchased_purges":0,"victory":false,"max_hp_per_floor":[70,70,70,70,70,70,70,70,70,70,70,70,70,70,70,70,70,70,70,70,70,70,70,70,70,70,70,70,70,70,70,70,70,70,70],"relic_stats":{"counters":[18,63],"Mummified Hand":[11],"obtain_stats":[{"halation:YellowSoulGem":5,"DemoMod:Armor":3,"DemoMod:Dog":0,"NeowsBlessing":0,"reliquary:Firecrackers":9,"DemoMod:GlassGuonStoneRelic":1,"Omamori":25,"PrismaticShard":21,"Mummified Hand":6,"DemoMod:GnawedKey":10,"Red Mask":20,"aspiration:FutureDiary":17,"aspiration:HatOfInfinitePower":22},{"halation:YellowSoulGem":2,"DemoMod:Armor":1,"DemoMod:Dog":0,"NeowsBlessing":0,"reliquary:Firecrackers":3,"DemoMod:GlassGuonStoneRelic":1,"Omamori":12,"PrismaticShard":8,"Mummified Hand":3,"DemoMod:GnawedKey":3,"Red Mask":8,"aspiration:FutureDiary":6,"aspiration:HatOfInfinitePower":9},{"halation:YellowSoulGem":2,"DemoMod:Armor":1,"DemoMod:Dog":0,"NeowsBlessing":0,"reliquary:Firecrackers":3,"DemoMod:GlassGuonStoneRelic":1,"Omamori":44,"PrismaticShard":28,"Mummified Hand":3,"DemoMod:GnawedKey":3,"Red Mask":28,"aspiration:FutureDiary":20,"aspiration:HatOfInfinitePower":32}]},"card_choices":[{"not_picked":["DemoMod:FastSwitch","DemoMod:ChanceBullets"],"picked":"DemoMod:JK47","floor":1.0},{"not_picked":["DemoMod:AC15","DemoMod:SAA"],"picked":"DemoMod:Unity","floor":4.0},{"not_picked":["DemoMod:Unity","DemoMod:Purify"],"picked":"DemoMod:AWP","floor":6.0},{"not_picked":["DemoMod:Unity","DemoMod:BlackHoleGun","DemoMod:BoxingGlove"],"picked":"SKIP","floor":11.0},{"not_picked":["DemoMod:TeaPot","DemoMod:BattleInHaste"],"picked":"DemoMod:TableSutra","floor":14.0},{"not_picked":["DemoMod:Elimentaler","DemoMod:BlackHoleGun"],"picked":"DemoMod:ThirdPartyController","floor":16},{"not_picked":["DemoMod:Unmoved","DemoMod:JK47"],"picked":"DemoMod:SniperShot","floor":18},{"not_picked":["DemoMod:DoubleSwitch","DemoMod:JK47"],"picked":"DemoMod:SAA+1","floor":20},{"not_picked":["DemoMod:AC15+1","DemoMod:HardPowerCard"],"picked":"Slimebound:SplitAcid+1","floor":22},{"not_picked":["Dropkick","sneckomod:DiceCrush"],"picked":"Wallop+1","floor":23},{"not_picked":["champ:SetATrap","Compile Driver+1"],"picked":"bronze:Boost","floor":24},{"not_picked":["sneckomod:TrashToTreasure","hexamod:Hexaguard"],"picked":"sneckomod:WideSting","floor":25},{"not_picked":["Slimebound:FinishingTackle","hexamod:Hexaguard+1"],"picked":"DemoMod:Unity+1","floor":28},{"not_picked":["hexamod:RadiantFlame+1","sneckomod:UnknownCommonAttack"],"picked":"Transmutation","floor":29},{"not_picked":["Slimebound:SplitAcid","Warcry+1"],"picked":"champ:BringItOn+1","floor":30},{"not_picked":["Turbo+1","Shrug It Off+1"],"picked":"champ:FanOfKnives+1","floor":31},{"not_picked":["hexamod:ThermalTransfer+1","Slimebound:Prepare"],"picked":"hexamod:SpectersWail+1","floor":32}],"player_experience":671905,"relics_obtained":[{"floor":6.0,"key":"Mummified Hand"},{"floor":9.0,"key":"reliquary:Firecrackers"},{"floor":20,"key":"Red Mask"},{"floor":21,"key":"PrismaticShard"},{"floor":22,"key":"aspiration:HatOfInfinitePower"},{"floor":25,"key":"Omamori"}],"event_choices":[{"damage_healed":0.0,"max_hp_gain":0.0,"max_hp_loss":0.0,"gold_gain":0.0,"event_name":"Living Wall","player_choice":"Grow","floor":8.0,"gold_loss":0.0,"damage_taken":0.0,"cards_upgraded":["DemoMod:ManualReload"]},{"damage_healed":0.0,"max_hp_gain":0.0,"max_hp_loss":0.0,"gold_gain":175.0,"event_name":"Liars Game","player_choice":"AGREE","floor":13.0,"gold_loss":0.0,"damage_taken":0.0,"cards_obtained":["Doubt"]},{"damage_healed":0,"gold_gain":0,"player_choice":"Fought Bandits","damage_taken":0,"max_hp_gain":0,"max_hp_loss":0,"event_name":"Masked Bandits","floor":20,"gold_loss":0}],"is_beta":false,"boss_relics":[{"not_picked":["reliquary:Ember","halation:ForbiddenBikini"],"picked":"aspiration:FutureDiary"}],"items_purged_floors":[],"is_endless":false,"potions_floor_spawned":[1,4,11,22,24,28,32],"killed_by":"DemoMod:ResourcefulRat","ascension_level":0}}