{"host":"phy652c7lim9lcu2","time":1613962027,"event":{"mods":["BaseMod","Colored Powertips","Googly Eyes","Minty Spire (QoL Compilation)","Relic Stats","Spicy Shops","StSLib","everything is the same but u backflip on backflip"],"gold_per_floor":[115,125,143,154,164,196,215,215,239,7,7,7,7,20,20,94,94,113,113,113,124,176,202,202,213,213,223,223,233,247,1,1,73,73,88,103,119,119,133,167,167,197,197,197,197,214,214,248,248,248,248],"floor_reached":50,"language":"ENG","playtime":1953,"items_purged":["Strike_P","Writhe"],"score":1025,"play_id":"ba60ba46-e03f-427a-afdb-e9c458a79e7a","local_time":"20210222124707","is_ascension_mode":true,"campfire_choices":[{"data":"Eruption","floor":8.0,"key":"SMITH"},{"data":"SashWhip","floor":12.0,"key":"SMITH"},{"data":"Establishment","floor":15.0,"key":"SMITH"},{"floor":24.0,"key":"REST"},{"floor":32.0,"key":"REST"},{"floor":41,"key":"REST"},{"data":"WindmillStrike","floor":44,"key":"SMITH"},{"floor":47,"key":"REST"},{"floor":49,"key":"RECALL"}],"circlet_count":0,"master_deck":["AscendersBane","Strike_P+1","Strike_P+1","Strike_P+1","Defend_P+1","Defend_P+1","Defend_P+1","Defend_P+1","Eruption+1","Vigilance","FollowUp+1","Conclude","JustLucky+1","SandsOfTime+1","SashWhip+1","WindmillStrike+1","EmptyBody","Establishment+1","EmptyMind","LikeWater+1","LessonLearned","CrushJoints","BattleHymn+1","ClearTheMind+1","Adaptation","SandsOfTime+1","Protect","Vault+1","MentalFortress","Vengeance+1","ThirdEye","JustLucky+1","DeceiveReality","Evaluate+1","ThirdEye+1","Perseverance"],"relics":["PureWater","Toy Ornithopter","SlaversCollar","Dream Catcher","MealTicket","Regal Pillow","Bottled Flame","Pen Nib","Black Star","Bronze Scales","Mummified Hand","Pocketwatch","Art of War","Orichalcum","PreservedInsect","TeardropLocket"],"acts_visited":["Exordium","TheCity","TheBeyond"],"potions_floor_usage":[40,50],"damage_taken":[{"damage":2.0,"enemies":"Cultist","floor":1.0,"turns":3.0},{"damage":0.0,"enemies":"Small Slimes","floor":2.0,"turns":2.0},{"damage":0.0,"enemies":"2 Louse","floor":3.0,"turns":1.0},{"damage":14.0,"enemies":"Blue Slaver","floor":4.0,"turns":5.0},{"damage":0.0,"enemies":"2 Fungi Beasts","floor":5.0,"turns":2.0},{"damage":8.0,"enemies":"Gremlin Nob","floor":6.0,"turns":3.0},{"damage":16.0,"enemies":"Exordium Thugs","floor":7.0,"turns":4.0},{"damage":7.0,"enemies":"Large Slime","floor":14.0,"turns":4.0},{"damage":0.0,"enemies":"Slime Boss","floor":16.0,"turns":7.0},{"damage":28.0,"enemies":"2 Thieves","floor":18.0,"turns":4.0},{"damage":5.0,"enemies":"Chosen","floor":21.0,"turns":3.0},{"damage":26.0,"enemies":"Slavers","floor":23.0,"turns":4.0},{"damage":29.0,"enemies":"Centurion and Healer","floor":25.0,"turns":4.0},{"damage":0.0,"enemies":"Snecko","floor":27.0,"turns":2.0},{"damage":7.0,"enemies":"Snake Plant","floor":29.0,"turns":3.0},{"damage":22.0,"enemies":"Shelled Parasite and Fungi","floor":30.0,"turns":5.0},{"damage":25.0,"enemies":"Collector","floor":33.0,"turns":7.0},{"damage":14,"enemies":"3 Shapes","floor":35,"turns":8},{"damage":17,"enemies":"Orb Walker","floor":36,"turns":4},{"damage":34,"enemies":"Sphere and 2 Shapes","floor":37,"turns":8},{"damage":33,"enemies":"Transient","floor":39,"turns":6},{"damage":17,"enemies":"Nemesis","floor":40,"turns":6},{"damage":33,"enemies":"Giant Head","floor":42,"turns":8},{"damage":33,"enemies":"4 Shapes","floor":46,"turns":6},{"damage":9,"enemies":"Reptomancer","floor":48,"turns":6},{"damage":45,"enemies":"Donu and Deca","floor":50,"turns":8}],"seed_played":"-191701309423636089","potions_obtained":[{"floor":1.0,"key":"FearPotion"},{"floor":2.0,"key":"SpeedPotion"},{"floor":6.0,"key":"Block Potion"},{"floor":7.0,"key":"CultistPotion"},{"floor":18.0,"key":"AttackPotion"},{"floor":23.0,"key":"Fruit Juice"},{"floor":25.0,"key":"Ambrosia"},{"floor":27.0,"key":"StancePotion"},{"floor":33.0,"key":"SteroidPotion"},{"floor":36,"key":"Ancient Potion"}],"is_trial":false,"path_per_floor":["M","M","M","M","M","E","M","R","T","$","?","R","?","M","R","B",null,"M","?","?","M","T","E","R","M","T","M","?","M","M","$","R","B",null,"M","M","M","?","M","E","R","E","T","R","?","M","R","E","R","B"],"character_chosen":"WATCHER","items_purchased":["Establishment","EmptyMind","Pen Nib"],"campfire_rested":4,"item_purchase_floors":[10,10,31],"current_hp_per_floor":[70,70,70,56,56,48,37,37,37,37,42,42,25,18,18,18,68,40,24,24,19,19,3,44,15,15,30,30,28,6,21,64,39,80,66,49,15,82,49,37,76,43,43,43,43,10,49,40,40,0,0],"gold":248,"neow_bonus":"TEN_PERCENT_HP_BONUS","is_daily":false,"chose_seed":false,"campfire_upgraded":4,"win_rate":0.0,"timestamp":1613962027,"path_taken":["M","M","?","M","M","E","M","R","T","$","?","R","?","M","R","BOSS","M","?","?","M","?","E","R","?","T","M","?","M","M","$","R","BOSS","M","M","M","?","M","E","R","E","T","R","?","?","R","E","R","BOSS"],"items_purchased_type":["Card","Card","Relic"],"build_version":"2020-12-22","purchased_purges":2,"victory":false,"max_hp_per_floor":[79,79,79,79,79,79,79,79,79,79,84,84,84,84,84,84,84,84,89,89,89,89,89,89,89,89,94,94,94,94,94,94,94,94,94,94,94,82,82,82,82,82,82,82,82,82,82,82,82,82,82],"relic_stats":{"Regal Pillow":60,"counters":[26,123],"Pen Nib":[14],"PreservedInsect":0,"Orichalcum":[6],"Dream Catcher":4,"Mummified Hand":[28],"Bronze Scales":[66],"MealTicket":15,"Black Star":3,"Art of War":[2],"obtain_stats":[{"Regal Pillow":23,"Pen Nib":31,"PreservedInsect":48,"TeardropLocket":48,"Orichalcum":43,"SlaversCollar":17,"Dream Catcher":20,"Bottled Flame":26,"Mummified Hand":40,"Bronze Scales":40,"MealTicket":22,"Black Star":34,"Art of War":42,"PureWater":0,"Toy Ornithopter":6,"Pocketwatch":42},{"Regal Pillow":12,"Pen Nib":16,"PreservedInsect":25,"TeardropLocket":25,"Orichalcum":23,"SlaversCollar":9,"Dream Catcher":10,"Bottled Flame":13,"Mummified Hand":22,"Bronze Scales":22,"MealTicket":11,"Black Star":17,"Art of War":23,"PureWater":0,"Toy Ornithopter":6,"Pocketwatch":23},{"Regal Pillow":42,"Pen Nib":56,"PreservedInsect":115,"TeardropLocket":115,"Orichalcum":103,"SlaversCollar":31,"Dream Catcher":35,"Bottled Flame":46,"Mummified Hand":95,"Bronze Scales":95,"MealTicket":38,"Black Star":63,"Art of War":103,"PureWater":0,"Toy Ornithopter":16,"Pocketwatch":103}],"Toy Ornithopter":40,"Pocketwatch":[4]},"card_choices":[{"not_picked":["Swivel","Prostrate"],"picked":"FollowUp","floor":1.0},{"not_picked":["Evaluate","CutThroughFate"],"picked":"Conclude","floor":2.0},{"not_picked":["Evaluate","Prostrate"],"picked":"JustLucky","floor":3.0},{"not_picked":["Vault","Halt"],"picked":"SandsOfTime","floor":4.0},{"not_picked":["Collect","Pray"],"picked":"SashWhip","floor":5.0},{"not_picked":["CrushJoints","PathToVictory"],"picked":"WindmillStrike","floor":6.0},{"not_picked":["Consecrate","FearNoEvil"],"picked":"EmptyBody","floor":7.0},{"not_picked":["EmptyFist","Halt"],"picked":"LikeWater","floor":14.0},{"not_picked":["Brilliance","Wish"],"picked":"LessonLearned","floor":16.0},{"not_picked":["Adaptation+1","Consecrate"],"picked":"CrushJoints","floor":18.0},{"not_picked":["Halt","FollowUp+1","WaveOfTheHand"],"picked":"SKIP","floor":21.0},{"not_picked":["EmptyFist","FollowUp"],"picked":"BattleHymn+1","floor":23.0},{"not_picked":["Halt","Indignation+1"],"picked":"ClearTheMind","floor":24.0},{"not_picked":["Evaluate","Tantrum"],"picked":"Adaptation","floor":25.0},{"not_picked":["FlurryOfBlows","Study","BowlingBash"],"picked":"SKIP","floor":27.0},{"not_picked":["Prostrate","FlurryOfBlows"],"picked":"SandsOfTime","floor":29.0},{"not_picked":["Conclude","SignatureMove","Prostrate"],"picked":"SKIP","floor":30.0},{"not_picked":["ThirdEye+1","WreathOfFlame"],"picked":"Protect","floor":32.0},{"not_picked":["DevaForm","LessonLearned"],"picked":"Vault","floor":33.0},{"not_picked":["BowlingBash","JustLucky"],"picked":"MentalFortress","floor":35},{"not_picked":["Protect","JustLucky+1"],"picked":"Vengeance+1","floor":36},{"not_picked":["PathToVictory","Conclude+1"],"picked":"ThirdEye","floor":37},{"not_picked":["Consecrate","FlurryOfBlows"],"picked":"JustLucky+1","floor":39},{"not_picked":["EmptyBody","WreathOfFlame"],"picked":"DeceiveReality","floor":40},{"not_picked":["FollowUp","Tantrum+1"],"picked":"Evaluate+1","floor":42},{"not_picked":["Fasting2","FlurryOfBlows"],"picked":"ThirdEye","floor":46},{"not_picked":["Worship","Tantrum"],"picked":"Perseverance","floor":48}],"player_experience":353447,"relics_obtained":[{"floor":6.0,"key":"Toy Ornithopter"},{"floor":22.0,"key":"MealTicket"},{"floor":23.0,"key":"Regal Pillow"},{"floor":26.0,"key":"Bottled Flame"},{"floor":40,"key":"Bronze Scales"},{"floor":40,"key":"Mummified Hand"},{"floor":42,"key":"Pocketwatch"},{"floor":42,"key":"Art of War"},{"floor":43,"key":"Orichalcum"},{"floor":48,"key":"PreservedInsect"},{"floor":48,"key":"TeardropLocket"}],"event_choices":[{"damage_healed":0.0,"max_hp_gain":5.0,"max_hp_loss":0.0,"gold_gain":0.0,"event_name":"Big Fish","player_choice":"Donut","floor":11.0,"gold_loss":0.0,"damage_taken":0.0},{"damage_healed":0.0,"max_hp_gain":0.0,"max_hp_loss":0.0,"gold_gain":0.0,"event_name":"Shining Light","player_choice":"Entered Light","floor":13.0,"gold_loss":0.0,"damage_taken":17.0,"cards_upgraded":["FollowUp","JustLucky"]},{"damage_healed":0.0,"max_hp_gain":5.0,"max_hp_loss":0.0,"gold_gain":0.0,"event_name":"Forgotten Altar","player_choice":"Shed Blood","floor":19.0,"gold_loss":0.0,"damage_taken":21.0},{"damage_healed":0.0,"max_hp_gain":0.0,"max_hp_loss":0.0,"gold_gain":0.0,"event_name":"The Mausoleum","player_choice":"Opened","floor":20.0,"gold_loss":0.0,"damage_taken":0.0,"relics_obtained":["Dream Catcher"],"cards_obtained":["Writhe"]},{"damage_healed":0.0,"max_hp_gain":0.0,"max_hp_loss":0.0,"gold_gain":0.0,"event_name":"Back to Basics","player_choice":"Simplicity","floor":28.0,"gold_loss":0.0,"damage_taken":0.0,"cards_upgraded":["Strike_P","Strike_P","Defend_P","Defend_P","Defend_P"]},{"damage_healed":82,"gold_gain":0,"player_choice":"Heal","damage_taken":0,"max_hp_gain":0,"max_hp_loss":12,"event_name":"The Moai Head","floor":38,"gold_loss":0},{"damage_healed":0,"gold_gain":0,"player_choice":"Forge","damage_taken":0,"max_hp_gain":0,"max_hp_loss":0,"event_name":"Accursed Blacksmith","floor":45,"gold_loss":0,"cards_upgraded":["SandsOfTime"]}],"is_beta":false,"boss_relics":[{"not_picked":["Busted Crown","Tiny House"],"picked":"SlaversCollar"},{"not_picked":["VioletLotus","Calling Bell"],"picked":"Black Star"}],"items_purged_floors":[10,31],"is_endless":false,"potions_floor_spawned":[1,2,6,7,16,18,23,25,27,33,36,37],"killed_by":"Donu and Deca","ascension_level":13}}