{"host":"bm1qfstn98p1odmu","time":1613977632,"event":{"mods":["AchievementEnabler","BaseMod","Bestiary","Block Reminder","Colored Map","Colored Powertips","DeckTracker","Highlight Path","Minty Spire (QoL Compilation)","Relic Stats","Replay The Spire","StS++","StSLib"],"gold_per_floor":[114,114,114,114,39,39,39,74,74,100,127,160,4,28,28,48,48,160,160,191,216,216,156,156,197,197,238,238,259,299,299,299,128,128,234,234,262,262,294,313,213,213,249,311,311,311,367,367,410,510,510,522,522,522,27,74,82],"floor_reached":58,"language":"ENG","playtime":3466,"items_purged":["Strike_R","Defend_R"],"score":1559,"play_id":"bd09b083-a055-4f14-bc5b-4db88e84478d","local_time":"20210222090712","is_ascension_mode":true,"campfire_choices":[{"data":"Rage","floor":9,"key":"SMITH"},{"data":"Flame Barrier","floor":17,"key":"SMITH"},{"data":"True Grit","floor":26,"key":"SMITH"},{"floor":34,"key":"DIG"},{"data":"Limit Break","floor":42,"key":"SMITH"},{"floor":46,"key":"RECALL"},{"data":"StSpp:Betrayal","floor":51,"key":"PURGE"},{"data":"ReplayTheSpireMod:Faulty Equipment","floor":54,"key":"SMITH"}],"circlet_count":0,"master_deck":["Strike_R+1","Strike_R","Defend_R+2","Rage+1","Body Slam+1","Flame Barrier","StSpp:Succumb","Flame Barrier+1","Shrug It Off","True Grit+1","Fire Breathing+1","Panacea","Limit Break+1","Power Through+1","Uppercut","Seeing Red+1"],"relics":["Burning Blood","NeowsBlessing","Pet Ghost","Replay:PocketPolymizer","StSpp:BrokenTotem","Mirror","Replay:Bandana","Unceasing Top","Replay:Grab Bag","Coffee Dripper","Cursed Key","Black Star","Gambling Chip","Red Skull","Pantograph","Juzu Bracelet","Iron Hammer","Torii","StSpp:TwinEgg","Gremlin Horn","Replay:Accelerometer","Meat on the Bone","ReplayTheSpireMod:Onyx Gauntlets","Simple Rune","Centennial Puzzle","Incense Burner","Anchor","Vajra","HornCleat","Nunchaku","Bronze Scales","TheAbacus","ReplayTheSpireMod:Lightbulb","Gremlin Food","Oddly Smooth Stone"],"acts_visited":["Exordium","TheCity","TheBeyond","TheEnding"],"potions_floor_usage":[12,18,35,43],"damage_taken":[{"damage":0,"enemies":"Small Slimes","floor":1,"turns":1},{"damage":0,"enemies":"Replay:BlueRogue","floor":8,"turns":1},{"damage":0,"enemies":"Gremlin Nob","floor":10,"turns":1},{"damage":0,"enemies":"3 Sentries","floor":12,"turns":9},{"damage":14,"enemies":"Jaw Worm","floor":14,"turns":4},{"damage":0,"enemies":"2 Louse","floor":16,"turns":2},{"damage":32,"enemies":"Slime Boss","floor":18,"turns":13},{"damage":0,"enemies":"Shell Parasite","floor":20,"turns":4},{"damage":0,"enemies":"Spheric Guardian","floor":21,"turns":4},{"damage":3,"enemies":"Slavers","floor":25,"turns":9},{"damage":0,"enemies":"Book of Stabbing","floor":27,"turns":5},{"damage":4,"enemies":"Snake Plant","floor":29,"turns":3},{"damage":9,"enemies":"Replay:Snechameleon","floor":30,"turns":6},{"damage":1,"enemies":"Slavers","floor":33,"turns":5},{"damage":24,"enemies":"Automaton","floor":35,"turns":13},{"damage":0,"enemies":"3 Darklings","floor":37,"turns":4},{"damage":0,"enemies":"Orb Walker","floor":39,"turns":4},{"damage":0,"enemies":"Jaw Worm Horde","floor":40,"turns":6},{"damage":47,"enemies":"Reptomancer","floor":43,"turns":7},{"damage":0,"enemies":"Mind Bloom Boss Battle","floor":44,"turns":4},{"damage":1,"enemies":"R_Hoarder","floor":49,"turns":4},{"damage":1,"enemies":"Awakened One","floor":52,"turns":14},{"damage":26,"enemies":"Shield and Spear","floor":56,"turns":6},{"damage":16,"enemies":"The Heart","floor":57,"turns":8}],"seed_played":"-9118624796644748328","potions_obtained":[{"floor":8,"key":"EssenceOfSteel"},{"floor":12,"key":"Dexterity Potion"},{"floor":16,"key":"Block Potion"},{"floor":21,"key":"SpeedPotion"},{"floor":27,"key":"BloodPotion"},{"floor":30,"key":"Adrenaline Potion"},{"floor":37,"key":"Strength Potion"},{"floor":49,"key":"BlessingOfTheForge"}],"is_trial":false,"path_per_floor":["M","?","PTL","PTL","$","?","?","E","R","E","T","E","$","M","?","M","R","B",null,"M","M","?","?","?","E","R","E","T","M","E","T","?","E","R_BF","B",null,"M","?","M","M","$","R","E","?","T","R","?","?","E","?","R_BF","B",null,"R","$","E","B",null],"character_chosen":"IRONCLAD","items_purchased":["Replay:Bandana","Bronze Scales","TheAbacus","ReplayTheSpireMod:Lightbulb"],"campfire_rested":0,"item_purchase_floors":[13,55,55,55],"current_hp_per_floor":[80,64,64,64,64,64,64,70,70,76,76,80,80,72,54,60,60,34,80,80,80,80,80,80,80,80,80,80,80,77,77,77,80,80,62,80,80,80,80,80,80,80,55,80,80,80,48,48,53,53,53,80,80,80,80,60,70],"gold":82,"neow_bonus":"THREE_ENEMY_KILL","is_daily":false,"chose_seed":false,"campfire_upgraded":5,"win_rate":0.0,"timestamp":1613977632,"path_taken":["M","?","PTL","PTL","$","?","?","E","R","E","T","E","$","?","?","M","R","BOSS","M","M","?","?","?","E","R","E","T","M","E","?","?","E","R_BF","BOSS","M","?","M","M","$","R","E","?","T","R","?","?","E","?","R_BF","BOSS","R","$","E","BOSS"],"items_purchased_type":["Relic","Relic","Relic","Relic"],"build_version":"2020-12-22","purchased_purges":2,"victory":true,"max_hp_per_floor":[80,80,80,80,80,80,80,80,80,80,80,80,80,80,80,80,80,80,80,80,80,80,80,80,80,80,80,80,80,80,80,80,80,80,80,80,80,80,80,80,80,80,80,80,80,80,80,80,80,80,80,80,80,80,80,80,80],"relic_stats":{"Torii":27,"Gremlin Horn":[15,16],"counters":[24,137],"Juzu Bracelet":1,"Cursed Key":3,"Burning Blood":84,"Centennial Puzzle":[12],"Nunchaku":[4],"TheAbacus":[42],"Gambling Chip":[21],"Pantograph":70,"Bronze Scales":[114],"Black Star":7,"obtain_stats":[{"Replay:Accelerometer":33,"Replay:PocketPolymizer":10,"Torii":30,"Gremlin Horn":33,"Vajra":47,"Juzu Bracelet":27,"Incense Burner":44,"Cursed Key":19,"Burning Blood":0,"Pet Ghost":8,"Replay:Bandana":13,"Centennial Puzzle":43,"Nunchaku":49,"HornCleat":49,"TheAbacus":55,"Gambling Chip":25,"Pantograph":27,"StSpp:TwinEgg":31,"Iron Hammer":30,"Red Skull":25,"Gremlin Food":56,"NeowsBlessing":0,"Replay:Grab Bag":19,"Oddly Smooth Stone":56,"Anchor":45,"Bronze Scales":55,"StSpp:BrokenTotem":11,"Simple Rune":43,"Coffee Dripper":19,"Black Star":19,"ReplayTheSpireMod:Onyx Gauntlets":36,"Mirror":12,"ReplayTheSpireMod:Lightbulb":55,"Unceasing Top":15,"Meat on the Bone":34},{"Replay:Accelerometer":14,"Replay:PocketPolymizer":3,"Torii":13,"Gremlin Horn":14,"Vajra":20,"Juzu Bracelet":11,"Incense Burner":20,"Cursed Key":7,"Burning Blood":0,"Pet Ghost":2,"Replay:Bandana":4,"Centennial Puzzle":19,"Nunchaku":21,"HornCleat":21,"TheAbacus":22,"Gambling Chip":10,"Pantograph":11,"StSpp:TwinEgg":13,"Iron Hammer":13,"Red Skull":10,"Gremlin Food":23,"NeowsBlessing":0,"Replay:Grab Bag":7,"Oddly Smooth Stone":23,"Anchor":20,"Bronze Scales":22,"StSpp:BrokenTotem":3,"Simple Rune":19,"Coffee Dripper":7,"Black Star":7,"ReplayTheSpireMod:Onyx Gauntlets":15,"Mirror":4,"ReplayTheSpireMod:Lightbulb":22,"Unceasing Top":5,"Meat on the Bone":14},{"Replay:Accelerometer":67,"Replay:PocketPolymizer":3,"Torii":62,"Gremlin Horn":67,"Vajra":105,"Juzu Bracelet":53,"Incense Burner":105,"Cursed Key":31,"Burning Blood":0,"Pet Ghost":2,"Replay:Bandana":12,"Centennial Puzzle":101,"Nunchaku":109,"HornCleat":109,"TheAbacus":123,"Gambling Chip":48,"Pantograph":53,"StSpp:TwinEgg":62,"Iron Hammer":62,"Red Skull":48,"Gremlin Food":129,"NeowsBlessing":0,"Replay:Grab Bag":31,"Oddly Smooth Stone":129,"Anchor":105,"Bronze Scales":123,"StSpp:BrokenTotem":3,"Simple Rune":101,"Coffee Dripper":31,"Black Star":31,"ReplayTheSpireMod:Onyx Gauntlets":80,"Mirror":12,"ReplayTheSpireMod:Lightbulb":123,"Unceasing Top":16,"Meat on the Bone":67}],"Unceasing Top":[17],"Meat on the Bone":0},"card_choices":[{"not_picked":["Run Through","StSpp:TheBiggerTheyAre"],"picked":"Rage","floor":1},{"not_picked":["Headbutt","StSpp:Vengeance","Twin Strike"],"picked":"SKIP","floor":8},{"not_picked":["Carnage","Perfected Strike","Eclipse"],"picked":"SKIP","floor":10},{"not_picked":["Sword Boomerang","Clothesline"],"picked":"Flame Barrier","floor":12},{"not_picked":["Pommel Strike","Abandon","Life Link"],"picked":"SKIP","floor":14},{"not_picked":["Anger","ReplayTheSpireMod:Strike From Hell"],"picked":"StSpp:Succumb","floor":16},{"not_picked":["ReplayTheSpireMod:Muscle Training","Replay:Undeath\u0027s Touch"],"picked":"Shrug It Off","floor":20},{"not_picked":["StSpp:Sprint+1","Heavy Blade"],"picked":"Power Through+1","floor":21},{"not_picked":["Eclipse","Pommel Strike","Flame Barrier"],"picked":"SKIP","floor":25},{"not_picked":["Thunderclap","Battle Trance+1","Headbutt"],"picked":"SKIP","floor":27},{"not_picked":["Feel No Pain","Flame Barrier","Perfected Strike"],"picked":"SKIP","floor":29},{"not_picked":["Dual Wield","Hemogenesis"],"picked":"Fire Breathing+1","floor":30},{"not_picked":["Headbutt+1","Rupture","StSpp:CounterStrike+1"],"picked":"SKIP","floor":33},{"not_picked":["Replay:Undeath\u0027s Touch+1","Sword Boomerang","Thunderclap+1"],"picked":"SKIP","floor":37},{"not_picked":["Discovery","Blind"],"picked":"Panacea","floor":38},{"not_picked":["Clothesline+1","Anger","StSpp:Succumb+1"],"picked":"SKIP","floor":39},{"not_picked":["Searing Blow+1","Sword Boomerang","Run Through"],"picked":"SKIP","floor":40},{"not_picked":["StSpp:CounterStrike","Power Through","Replay:Undeath\u0027s Touch+1"],"picked":"SKIP","floor":43},{"not_picked":["StSpp:Succumb+1","Clash"],"picked":"Power Through+1","floor":44},{"not_picked":["Massacre+1","Warcry"],"picked":"Uppercut","floor":49},{"not_picked":["Ghostly Armor+1","Limit Break"],"picked":"Seeing Red+1","floor":56}],"player_experience":70338,"relics_obtained":[{"floor":8,"key":"Pet Ghost"},{"floor":10,"key":"Replay:PocketPolymizer"},{"floor":11,"key":"StSpp:BrokenTotem"},{"floor":12,"key":"Mirror"},{"floor":25,"key":"Gambling Chip"},{"floor":25,"key":"Red Skull"},{"floor":27,"key":"Pantograph"},{"floor":27,"key":"Juzu Bracelet"},{"floor":30,"key":"Iron Hammer"},{"floor":30,"key":"Torii"},{"floor":31,"key":"StSpp:TwinEgg"},{"floor":33,"key":"Gremlin Horn"},{"floor":33,"key":"Replay:Accelerometer"},{"floor":34,"key":"Meat on the Bone"},{"floor":43,"key":"Simple Rune"},{"floor":43,"key":"Centennial Puzzle"},{"floor":44,"key":"Incense Burner"},{"floor":45,"key":"Anchor"},{"floor":47,"key":"Vajra"},{"floor":49,"key":"HornCleat"},{"floor":49,"key":"Nunchaku"},{"floor":56,"key":"Gremlin Food"},{"floor":56,"key":"Oddly Smooth Stone"}],"event_choices":[{"damage_healed":0,"gold_gain":0,"player_choice":"Entered Light","damage_taken":16,"max_hp_gain":0,"max_hp_loss":0,"event_name":"Shining Light","floor":2,"gold_loss":0,"cards_upgraded":["Defend_R","Bash"]},{"damage_healed":0,"gold_gain":0,"player_choice":"Success","damage_taken":18,"relics_obtained":["Unceasing Top"],"max_hp_gain":0,"max_hp_loss":0,"event_name":"Scrap Ooze","floor":15,"gold_loss":0},{"damage_healed":0,"gold_gain":0,"player_choice":"Read","damage_taken":0,"max_hp_gain":0,"max_hp_loss":0,"event_name":"The Library","floor":22,"gold_loss":0,"cards_obtained":["True Grit"]},{"damage_healed":0,"gold_gain":0,"cards_transformed":["Regret","Spreading Infection"],"player_choice":"Became Test Subject","damage_taken":0,"max_hp_gain":0,"max_hp_loss":0,"event_name":"Drug Dealer","floor":32,"gold_loss":0,"cards_obtained":["ReplayTheSpireMod:IOU","ReplayTheSpireMod:IOU"]},{"damage_healed":0,"gold_gain":0,"player_choice":"Memory 1","damage_taken":0,"max_hp_gain":0,"max_hp_loss":0,"event_name":"SensoryStone","floor":38,"gold_loss":0},{"damage_healed":0,"gold_gain":0,"player_choice":"Fight","damage_taken":0,"max_hp_gain":0,"max_hp_loss":0,"event_name":"MindBloom","floor":44,"gold_loss":0},{"cards_removed":["Defend_R"],"damage_healed":0,"gold_gain":0,"player_choice":"Removed Skill","damage_taken":0,"max_hp_gain":0,"max_hp_loss":0,"event_name":"Falling","floor":48,"gold_loss":0},{"damage_healed":0,"gold_gain":100,"player_choice":"Pray","damage_taken":0,"max_hp_gain":0,"max_hp_loss":0,"event_name":"Golden Shrine","floor":50,"gold_loss":0}],"is_beta":false,"boss_relics":[{"not_picked":["Honey Jar","Calling Bell"],"picked":"Replay:Grab Bag"},{"not_picked":["Mark of Pain","Electric Blood"],"picked":"Coffee Dripper"},{"not_picked":["Fusion Hammer","Replay:Bronze Core"],"picked":"Cursed Key"},{"not_picked":["StSpp:FireArrow","StSpp:PileOfSugar"],"picked":"Black Star"},{"not_picked":["Ring of Chaos","StSpp:Balance"],"picked":"ReplayTheSpireMod:Onyx Gauntlets"}],"items_purged_floors":[5,41],"is_endless":false,"potions_floor_spawned":[8,12,16,21,27,30,33,37,49],"ascension_level":1}}