{"host":"ilhhjx796p2x2wmd","time":1613990305,"event":{"mods":["AchievementEnabler","BaseMod","BetterRewards","Colored Map","Colored Powertips","DeckTracker","Highlight Path","Minty Spire (QoL Compilation)","Permanent Neow","Rare Cards Sparkle","Shop Mod"],"gold_per_floor":[119,119,4,22,33,33,60,60,60,86,86,96,130,146,146,248,248,264,9,108,118,0,32,52,52,76,91,10,10,42,69,69,167,167,182,202,221,233,43,43,76,76,122,134,11,43,0,34,34,34],"floor_reached":51,"language":"KOR","playtime":1636,"items_purged":["Strike_R","Strike_R","Strike_R"],"score":1302,"play_id":"89a0fa92-b837-44fe-b55e-aedb89abe8cf","local_time":"20210222193825","is_ascension_mode":true,"campfire_choices":[{"data":"Madness","floor":6.0,"key":"SMITH"},{"data":"Body Slam","floor":8.0,"key":"SMITH"},{"data":"Whirlwind","floor":11.0,"key":"SMITH"},{"data":"Infernal Blade","floor":15.0,"key":"SMITH"},{"data":"Secret Weapon","floor":25.0,"key":"SMITH"},{"data":"Wild Strike","floor":32.0,"key":"SMITH"},{"data":"Whirlwind","floor":40.0,"key":"SMITH"},{"floor":42.0,"key":"REST"},{"floor":49,"key":"REST"}],"circlet_count":0,"master_deck":["AscendersBane","Strike_R","Strike_R+1","Defend_R","Defend_R","Defend_R","Bash","Madness+1","Twin Strike","Wild Strike","Battle Trance","Body Slam+1","Wild Strike+1","Infernal Blade+1","Whirlwind+1","Perfected Strike","Clothesline","Fiend Fire+1","Limit Break","Inflame","Secret Weapon+1","Perfected Strike","Fire Breathing+1","Wild Strike","Second Wind+1","Shame","Shrug It Off","Reaper","Whirlwind+1","Flex+1","Spot Weakness+1","Wild Strike","Inflame"],"relics":["Burning Blood","Meat on the Bone","The Courier","Bottled Flame","HornCleat","SlaversCollar","Membership Card","StrikeDummy","InkBottle","Oddly Smooth Stone","Chemical X","Question Card","White Beast Statue","Whetstone","Mark of Pain","Toolbox","Strawberry","Bottled Tornado","Omamori","Vajra","Orichalcum","Red Mask","Mercury Hourglass"],"acts_visited":["Exordium","TheCity","TheBeyond"],"potions_floor_usage":[50,50],"damage_taken":[{"damage":5.0,"enemies":"Small Slimes","floor":1.0,"turns":4.0},{"damage":0.0,"enemies":"Cultist","floor":4.0,"turns":2.0},{"damage":9.0,"enemies":"Jaw Worm","floor":5.0,"turns":3.0},{"damage":0.0,"enemies":"Gremlin Nob","floor":7.0,"turns":2.0},{"damage":25.0,"enemies":"3 Sentries","floor":10.0,"turns":6.0},{"damage":22.0,"enemies":"Exordium Thugs","floor":12.0,"turns":4.0},{"damage":17.0,"enemies":"Lagavulin","floor":13.0,"turns":3.0},{"damage":6.0,"enemies":"Large Slime","floor":14.0,"turns":3.0},{"damage":32.0,"enemies":"Hexaghost","floor":16.0,"turns":9.0},{"damage":15.0,"enemies":"3 Byrds","floor":18.0,"turns":4.0},{"damage":14.0,"enemies":"Shell Parasite","floor":21.0,"turns":3.0},{"damage":21.0,"enemies":"Slavers","floor":23.0,"turns":3.0},{"damage":16.0,"enemies":"Snake Plant","floor":24.0,"turns":4.0},{"damage":39.0,"enemies":"Shelled Parasite and Fungi","floor":27.0,"turns":6.0},{"damage":0.0,"enemies":"Gremlin Leader","floor":30.0,"turns":5.0},{"damage":26.0,"enemies":"Automaton","floor":33.0,"turns":6.0},{"damage":14.0,"enemies":"3 Darklings","floor":35.0,"turns":5.0},{"damage":0.0,"enemies":"3 Shapes","floor":36.0,"turns":1.0},{"damage":7.0,"enemies":"Jaw Worm Horde","floor":37.0,"turns":2.0},{"damage":66.0,"enemies":"Spire Growth","floor":38.0,"turns":5.0},{"damage":36.0,"enemies":"Giant Head","floor":41.0,"turns":7.0},{"damage":66.0,"enemies":"Sphere and 2 Shapes","floor":44.0,"turns":2.0},{"damage":0.0,"enemies":"Reptomancer","floor":46.0,"turns":2.0},{"damage":28,"enemies":"Nemesis","floor":48,"turns":5},{"damage":37,"enemies":"Donu and Deca","floor":50,"turns":4}],"seed_played":"-8875208507797603011","potions_obtained":[{"floor":1.0,"key":"AttackPotion"},{"floor":4.0,"key":"SkillPotion"},{"floor":5.0,"key":"SteroidPotion"},{"floor":7.0,"key":"PowerPotion"},{"floor":21.0,"key":"AttackPotion"},{"floor":23.0,"key":"Block Potion"},{"floor":24.0,"key":"ColorlessPotion"},{"floor":33.0,"key":"Weak Potion"},{"floor":35.0,"key":"Fruit Juice"},{"floor":36.0,"key":"BloodPotion"},{"floor":38.0,"key":"EntropicBrew"},{"floor":41.0,"key":"ColorlessPotion"},{"floor":44.0,"key":"Explosive Potion"},{"floor":46.0,"key":"Energy Potion"},{"floor":48,"key":"Regen Potion"}],"is_trial":false,"path_per_floor":["M","?","$","M","M","R","E","R","T","E","R","M","E","M","R","B",null,"M","$","?","M","$","E","M","R","T","M","$","?","E","T","R","B",null,"M","M","M","M","$","R","E","R","T","M","$","E","?","E","R","B",null],"character_chosen":"IRONCLAD","items_purchased":["Wild Strike","Battle Trance","Membership Card","Inflame","Secret Weapon","StrikeDummy","Perfected Strike","Chemical X","ColorlessPotion","Wild Strike","Toolbox","Strawberry","Vajra"],"campfire_rested":2,"item_purchase_floors":[3,3,19,19,19,22,22,28,28,39,39,39,45],"current_hp_per_floor":[73,73,73,79,76,76,80,80,80,61,61,57,58,58,58,44,71,62,62,62,54,54,51,53,53,53,32,32,32,50,50,50,42,71,80,85,84,53,60,60,42,69,69,29,29,47,47,46,73,63],"gold":34,"neow_bonus":"RANDOM_COLORLESS","is_daily":false,"chose_seed":false,"campfire_upgraded":7,"win_rate":0.0,"timestamp":1613990305,"path_taken":["M","?","$","M","M","R","E","R","T","E","R","?","E","M","R","BOSS","M","$","?","M","?","E","M","R","T","?","$","?","E","?","R","BOSS","M","M","?","M","$","R","E","R","T","M","$","E","?","E","R","BOSS"],"items_purchased_type":["Card","Card","Relic","Card","Card","Relic","Card","Relic","Potion","Card","Relic","Relic","Relic"],"build_version":"2020-12-22","purchased_purges":3,"victory":true,"max_hp_per_floor":[80,80,80,80,80,80,80,80,80,80,80,80,80,80,80,80,80,80,80,80,80,80,80,80,80,80,80,80,80,80,80,80,80,80,85,85,85,85,92,92,92,92,92,92,92,92,92,92,92,92],"card_choices":[{"not_picked":["Panacea","Swift Strike"],"picked":"Madness","floor":0.0},{"not_picked":["Havoc","Thunderclap"],"picked":"Twin Strike","floor":1.0},{"not_picked":["Warcry","Heavy Blade"],"picked":"Body Slam","floor":4.0},{"not_picked":["Pommel Strike","Anger"],"picked":"Wild Strike","floor":5.0},{"not_picked":["Brutality","Hemokinesis"],"picked":"Infernal Blade","floor":7.0},{"not_picked":["Wild Strike","Body Slam"],"picked":"Whirlwind","floor":10.0},{"not_picked":["Twin Strike","Heavy Blade"],"picked":"Perfected Strike","floor":12.0},{"not_picked":["Pommel Strike","Headbutt"],"picked":"Clothesline","floor":13.0},{"not_picked":["Fire Breathing","Body Slam"],"picked":"Fiend Fire","floor":14.0},{"not_picked":["Feed","Exhume"],"picked":"Limit Break","floor":16.0},{"not_picked":["Headbutt+1","Body Slam","Dropkick"],"picked":"SKIP","floor":18.0},{"not_picked":["True Grit","Power Through","Clash+1"],"picked":"SKIP","floor":21.0},{"not_picked":["Inflame","Combust+1"],"picked":"Fire Breathing+1","floor":23.0},{"not_picked":["Bloodletting","Clash+1"],"picked":"Wild Strike","floor":24.0},{"not_picked":["Flex","Clash"],"picked":"Second Wind+1","floor":27.0},{"not_picked":["Warcry+1","Fire Breathing","Rupture"],"picked":"Shrug It Off","floor":30.0},{"not_picked":["Corruption","Brutality","Feed"],"picked":"Reaper","floor":33.0},{"not_picked":["Flex+1","Heavy Blade","Cleave+1"],"picked":"Whirlwind","floor":35.0},{"not_picked":["Thunderclap+1","Shockwave","Wild Strike"],"picked":"Flex+1","floor":36.0},{"not_picked":["Headbutt+1","Shrug It Off","Pommel Strike+1","Combust"],"picked":"SKIP","floor":37.0},{"not_picked":["Armaments","Thunderclap+1","Blood for Blood"],"picked":"Spot Weakness+1","floor":38.0},{"not_picked":["Armaments+1","Shrug It Off","Feed","Twin Strike"],"picked":"SKIP","floor":41.0},{"not_picked":["Clash+1","Shrug It Off","Headbutt","Cleave"],"picked":"SKIP","floor":44.0},{"not_picked":["Rampage+1","Clash+1","Warcry","Flex+1"],"picked":"SKIP","floor":46.0},{"not_picked":["Pummel+1","Havoc+1","Pommel Strike"],"picked":"Inflame","floor":48}],"player_experience":356142,"relics_obtained":[{"floor":7.0,"key":"Meat on the Bone"},{"floor":9.0,"key":"The Courier"},{"floor":10.0,"key":"Bottled Flame"},{"floor":13.0,"key":"HornCleat"},{"floor":23.0,"key":"InkBottle"},{"floor":26.0,"key":"Oddly Smooth Stone"},{"floor":30.0,"key":"White Beast Statue"},{"floor":31.0,"key":"Whetstone"},{"floor":41.0,"key":"Bottled Tornado"},{"floor":43.0,"key":"Omamori"},{"floor":46.0,"key":"Orichalcum"},{"floor":48,"key":"Mercury Hourglass"}],"event_choices":[{"cards_removed":["Defend_R"],"damage_healed":0.0,"max_hp_gain":0.0,"max_hp_loss":0.0,"gold_gain":0.0,"event_name":"Purifier","player_choice":"Purged","floor":2.0,"gold_loss":0.0,"damage_taken":0.0},{"damage_healed":0.0,"max_hp_gain":0.0,"max_hp_loss":0.0,"gold_gain":99.0,"event_name":"Nest","player_choice":"Stole From Cult","floor":20.0,"gold_loss":0.0,"damage_taken":0.0},{"damage_healed":0.0,"max_hp_gain":0.0,"max_hp_loss":0.0,"gold_gain":0.0,"event_name":"Addict","player_choice":"Stole Relic","floor":29.0,"gold_loss":0.0,"damage_taken":0.0,"relics_obtained":["Question Card"],"cards_obtained":["Shame"]},{"damage_healed":0.0,"max_hp_gain":0.0,"max_hp_loss":0.0,"gold_gain":0.0,"event_name":"Tomb of Lord Red Mask","player_choice":"Paid","floor":47.0,"gold_loss":43.0,"damage_taken":0.0,"relics_obtained":["Red Mask"]}],"is_beta":false,"boss_relics":[{"not_picked":["Astrolabe","Snecko Eye"],"picked":"SlaversCollar"},{"not_picked":["Empty Cage","Black Blood"],"picked":"Mark of Pain"}],"items_purged_floors":[19,39,45],"is_endless":false,"potions_floor_spawned":[1,4,5,7,21,23,24,33,35,36,37,38,41,44,46,48],"ascension_level":10}}