{"host":"sc0o2qwpf9j16a4i","time":1613980507,"event":{"mods":["AchievementEnabler","BaseMod","BetterRewards","Block Reminder","Colored Map","Colored Powertips","Custom Start","Highlight Path","Minty Spire (QoL Compilation)","Relic Stats"],"gold_per_floor":[129,129,189,4,46,102,102,157,157,225,270,336,336,388,388,492,492,530,564,564,564,564,643,698,740,789,840,924,849,327,360,360,482,482,522,522,280,280,10,60,60,90,113,168,239,313,11,45,45,65],"floor_reached":51,"language":"ENG","playtime":3319,"items_purged":["Strike_R+1","Defend_R+1"],"score":1232,"play_id":"dd9d4f97-cd40-4420-a3d2-a2401bc75089","local_time":"20210222095507","daily_mods":["Allstar","Flight","Terminal"],"is_ascension_mode":false,"campfire_choices":[{"data":"Metallicize","floor":15,"key":"SMITH"},{"data":"True Grit","floor":32,"key":"SMITH"},{"floor":49,"key":"REST"}],"circlet_count":0,"master_deck":["Strike_R+1","Strike_R+1","Strike_R+1","Defend_R+1","Defend_R+1","Defend_R+1","Bash+1","Master of Strategy","Sadistic Nature","Purity","Secret Weapon","HandOfGreed","Armaments+1","Burning Pact","Iron Wave","Flame Barrier","Clothesline","Iron Wave","Metallicize+1","Spot Weakness","Double Tap","Warcry","Seeing Red","Bloodletting+1","Shrug It Off","Fiend Fire","Whirlwind","Rage","True Grit+1","Blind","Havoc","Barricade+1","Shrug It Off+1","Enlightenment","Dark Shackles","Thinking Ahead","Flash of Steel","Shrug It Off","Madness","Madness","Entrench","Metallicize+1"],"relics":["Burning Blood","Whetstone","Matryoshka","Regal Pillow","Lantern","CaptainsWheel","InkBottle","Runic Pyramid","Boot","Meat on the Bone","Dream Catcher","MealTicket","Anchor","Incense Burner","Omamori","Fusion Hammer","Bronze Scales","Strawberry","Smiling Mask","Singing Bowl","PreservedInsect","Mango","Frozen Egg 2","Lee\u0027s Waffle","Bag of Marbles"],"acts_visited":["Exordium","TheCity","TheBeyond"],"potions_floor_usage":[11,11,12,12,14,28,39,40,48,50,50],"damage_taken":[{"damage":1,"enemies":"Jaw Worm","floor":1,"turns":4},{"damage":0,"enemies":"Cultist","floor":5,"turns":3},{"damage":22,"enemies":"Lagavulin","floor":6,"turns":10},{"damage":0,"enemies":"2 Louse","floor":8,"turns":6},{"damage":0,"enemies":"Exordium Thugs","floor":10,"turns":5},{"damage":0,"enemies":"Gremlin Nob","floor":11,"turns":3},{"damage":1,"enemies":"3 Sentries","floor":12,"turns":14},{"damage":0,"enemies":"Exordium Wildlife","floor":14,"turns":4},{"damage":0,"enemies":"The Guardian","floor":16,"turns":13},{"damage":0,"enemies":"Shell Parasite","floor":18,"turns":5},{"damage":1,"enemies":"Spheric Guardian","floor":19,"turns":4},{"damage":8,"enemies":"Gremlin Leader","floor":24,"turns":9},{"damage":0,"enemies":"Snake Plant","floor":25,"turns":4},{"damage":3,"enemies":"Book of Stabbing","floor":27,"turns":5},{"damage":4,"enemies":"Slavers","floor":28,"turns":10},{"damage":3,"enemies":"3 Cultists","floor":31,"turns":5},{"damage":6,"enemies":"Champ","floor":33,"turns":11},{"damage":0,"enemies":"Orb Walker","floor":35,"turns":3},{"damage":3,"enemies":"Reptomancer","floor":40,"turns":9},{"damage":4,"enemies":"Giant Head","floor":42,"turns":10},{"damage":16,"enemies":"3 Shapes","floor":44,"turns":10},{"damage":3,"enemies":"2 Orb Walkers","floor":45,"turns":5},{"damage":0,"enemies":"Nemesis","floor":48,"turns":3},{"damage":4,"enemies":"Awakened One","floor":50,"turns":13}],"seed_played":"1650111084999060231","potions_obtained":[{"floor":5,"key":"LiquidMemories"},{"floor":8,"key":"EntropicBrew"},{"floor":10,"key":"AttackPotion"},{"floor":12,"key":"SteroidPotion"},{"floor":24,"key":"Ancient Potion"},{"floor":25,"key":"Swift Potion"},{"floor":40,"key":"Weak Potion"},{"floor":42,"key":"Regen Potion"},{"floor":45,"key":"EssenceOfSteel"}],"is_trial":true,"path_per_floor":["M","?","?","$","M","E","?","M","T","M","E","E","?","M","R","B",null,"M","M","?","?","?","T","E","M","T","E","E","?","$","M","R","B",null,"M","?","$","?","$","E","?","E","T","M","?","T","$","E","R","B",null],"character_chosen":"IRONCLAD","items_purchased":["Whetstone","Burning Pact","Omamori","Whirlwind","Rage","True Grit","Blind","BlessingOfTheForge","Enlightenment","Bronze Scales","Strawberry","Fruit Juice","Shrug It Off","Lee\u0027s Waffle","CultistPotion"],"campfire_rested":1,"item_purchase_floors":[4,4,30,30,30,30,30,30,37,37,39,39,39,47,47],"current_hp_per_floor":[78,77,76,75,74,58,58,64,64,69,68,67,54,60,60,63,62,61,60,59,58,57,56,54,54,53,52,51,50,49,48,47,46,45,44,43,42,32,52,51,45,49,49,39,56,56,67,68,69,68],"gold":65,"neow_bonus":"","is_daily":false,"chose_seed":false,"campfire_upgraded":2,"win_rate":0.0,"timestamp":1613980507,"path_taken":["M","?","?","$","M","E","?","M","T","?","E","E","?","M","R","BOSS","M","M","?","?","?","?","E","?","T","E","E","?","$","M","R","BOSS","M","?","?","?","?","E","?","E","T","?","?","?","$","E","R","BOSS"],"items_purchased_type":["Relic","Card","Relic","Card","Card","Card","Card","Potion","Card","Relic","Relic","Potion","Card","Relic","Potion"],"build_version":"2020-12-22","purchased_purges":2,"victory":true,"max_hp_per_floor":[78,77,76,75,74,73,72,71,70,69,68,67,66,65,64,63,62,61,60,59,58,57,56,55,54,53,52,51,50,49,48,47,46,45,44,43,42,41,52,51,50,51,50,49,62,61,67,68,69,68],"relic_stats":{"Regal Pillow":0,"Lee\u0027s Waffle":7,"Singing Bowl":6,"counters":[24,168],"PreservedInsect":47,"Whetstone":["Bash","Strike_R"],"Boot":[11],"Smiling Mask":50,"Burning Blood":79,"Dream Catcher":1,"Bronze Scales":[145],"MealTicket":14,"obtain_stats":[{"Regal Pillow":9,"Lantern":9,"Singing Bowl":42,"Mango":45,"Incense Burner":28,"Whetstone":4,"Boot":23,"Smiling Mask":40,"Burning Blood":0,"Dream Catcher":24,"Matryoshka":6,"Strawberry":39,"MealTicket":26,"Fusion Hammer":34,"InkBottle":12,"Runic Pyramid":17,"Lee\u0027s Waffle":47,"PreservedInsect":43,"Omamori":30,"Frozen Egg 2":46,"CaptainsWheel":11,"Anchor":27,"Bronze Scales":37,"Bag of Marbles":48,"Meat on the Bone":23},{"Regal Pillow":4,"Lantern":4,"Singing Bowl":20,"Mango":22,"Incense Burner":15,"Whetstone":1,"Boot":11,"Smiling Mask":19,"Burning Blood":0,"Dream Catcher":12,"Matryoshka":3,"Strawberry":18,"MealTicket":13,"Fusion Hammer":17,"InkBottle":7,"Runic Pyramid":9,"Lee\u0027s Waffle":22,"PreservedInsect":20,"Omamori":15,"Frozen Egg 2":22,"CaptainsWheel":6,"Anchor":14,"Bronze Scales":18,"Bag of Marbles":23,"Meat on the Bone":11},{"Regal Pillow":23,"Lantern":23,"Singing Bowl":137,"Mango":152,"Incense Burner":99,"Whetstone":4,"Boot":71,"Smiling Mask":127,"Burning Blood":0,"Dream Catcher":80,"Matryoshka":17,"Strawberry":118,"MealTicket":84,"Fusion Hammer":115,"InkBottle":45,"Runic Pyramid":62,"Lee\u0027s Waffle":152,"PreservedInsect":137,"Omamori":99,"Frozen Egg 2":152,"CaptainsWheel":31,"Anchor":89,"Bronze Scales":118,"Bag of Marbles":155,"Meat on the Bone":71}],"InkBottle":[51],"Meat on the Bone":0},"card_choices":[{"not_picked":["Pummel","Clash"],"picked":"Armaments","floor":1},{"not_picked":["Heavy Blade","Entrench"],"picked":"Iron Wave","floor":5},{"not_picked":["Armaments","Bloodletting"],"picked":"Flame Barrier","floor":6},{"not_picked":["Warcry","Wild Strike"],"picked":"Clothesline","floor":8},{"not_picked":["Evolve","Twin Strike"],"picked":"Iron Wave","floor":10},{"not_picked":["Limit Break","Perfected Strike"],"picked":"Metallicize","floor":11},{"not_picked":["Feed","Pommel Strike"],"picked":"Spot Weakness","floor":12},{"not_picked":["Heavy Blade","Sword Boomerang","True Grit"],"picked":"SKIP","floor":14},{"not_picked":["Bludgeon","Demon Form"],"picked":"Double Tap","floor":16},{"not_picked":["Power Through","Headbutt"],"picked":"Warcry","floor":18},{"not_picked":["Cleave","Clash","Iron Wave"],"picked":"SKIP","floor":19},{"not_picked":["Immolate","Second Wind","Armaments"],"picked":"SKIP","floor":24},{"not_picked":["Perfected Strike","Anger"],"picked":"Bloodletting+1","floor":25},{"not_picked":["Sword Boomerang+1","Armaments+1"],"picked":"Shrug It Off","floor":27},{"not_picked":["Perfected Strike","Sentinel"],"picked":"Fiend Fire","floor":28},{"not_picked":["Body Slam","Warcry"],"picked":"Havoc","floor":31},{"not_picked":["Reaper","Double Tap"],"picked":"Barricade","floor":33},{"not_picked":["Inflame+1","Flex"],"picked":"Shrug It Off+1","floor":35},{"not_picked":["Blind","Purity"],"picked":"Dark Shackles","floor":38},{"not_picked":["Bandage Up","Chrysalis"],"picked":"Thinking Ahead","floor":38},{"not_picked":["Purity","Blind"],"picked":"Flash of Steel","floor":38},{"not_picked":["Iron Wave+1","Bloodletting","Anger+1"],"picked":"SKIP","floor":40},{"not_picked":["Second Wind","Intimidate+1","Blood for Blood+1"],"picked":"Singing Bowl","floor":42},{"not_picked":["Carnage","Sever Soul+1"],"picked":"Entrench","floor":44},{"not_picked":["Carnage+1","Clothesline+1"],"picked":"Metallicize+1","floor":45},{"not_picked":["Wild Strike","Blood for Blood","Perfected Strike"],"picked":"Singing Bowl","floor":48},{"not_picked":["Rupture+1","Warcry+1","Armaments+1"],"picked":"Singing Bowl","floor":49}],"player_experience":1504868,"relics_obtained":[{"floor":6,"key":"Matryoshka"},{"floor":9,"key":"Regal Pillow"},{"floor":9,"key":"Lantern"},{"floor":11,"key":"CaptainsWheel"},{"floor":12,"key":"InkBottle"},{"floor":23,"key":"Boot"},{"floor":23,"key":"Meat on the Bone"},{"floor":24,"key":"Dream Catcher"},{"floor":26,"key":"MealTicket"},{"floor":27,"key":"Anchor"},{"floor":28,"key":"Incense Burner"},{"floor":40,"key":"Smiling Mask"},{"floor":42,"key":"Singing Bowl"},{"floor":43,"key":"PreservedInsect"},{"floor":45,"key":"Mango"},{"floor":46,"key":"Frozen Egg 2"},{"floor":48,"key":"Bag of Marbles"}],"event_choices":[{"damage_healed":0,"gold_gain":0,"player_choice":"Leave","damage_taken":0,"max_hp_gain":0,"max_hp_loss":0,"event_name":"The Cleric","floor":2,"gold_loss":0},{"damage_healed":0,"gold_gain":60,"player_choice":"Gained Gold","damage_taken":0,"max_hp_gain":0,"max_hp_loss":0,"event_name":"Golden Wing","floor":3,"gold_loss":0},{"damage_healed":0,"gold_gain":0,"player_choice":"Upgraded","damage_taken":0,"max_hp_gain":0,"max_hp_loss":0,"event_name":"Upgrade Shrine","floor":7,"gold_loss":0,"cards_upgraded":["Armaments"]},{"damage_healed":0,"gold_gain":0,"player_choice":"Entered Light","damage_taken":13,"max_hp_gain":0,"max_hp_loss":0,"event_name":"Shining Light","floor":13,"gold_loss":0,"cards_upgraded":["Defend_R","Defend_R"]},{"damage_healed":0,"gold_gain":0,"player_choice":"Read","damage_taken":0,"max_hp_gain":0,"max_hp_loss":0,"event_name":"The Library","floor":20,"gold_loss":0,"cards_obtained":["Seeing Red"]},{"damage_healed":0,"gold_gain":0,"player_choice":"Ignored","damage_taken":0,"max_hp_gain":0,"max_hp_loss":0,"event_name":"Vampires","floor":21,"gold_loss":0},{"damage_healed":0,"gold_gain":0,"player_choice":"Simplicity","damage_taken":0,"max_hp_gain":0,"max_hp_loss":0,"event_name":"Back to Basics","floor":22,"gold_loss":0,"cards_upgraded":["Strike_R","Strike_R","Strike_R","Strike_R","Defend_R","Defend_R"]},{"cards_removed":["Strike_R"],"damage_healed":0,"gold_gain":0,"player_choice":"Gave Gold","damage_taken":0,"max_hp_gain":0,"max_hp_loss":0,"event_name":"Beggar","floor":29,"gold_loss":75},{"damage_healed":0,"gold_gain":0,"player_choice":"Upgraded","damage_taken":0,"max_hp_gain":0,"max_hp_loss":0,"event_name":"Upgrade Shrine","floor":36,"gold_loss":0,"cards_upgraded":["Barricade"]},{"damage_healed":0,"gold_gain":0,"player_choice":"Memory 3","damage_taken":10,"max_hp_gain":0,"max_hp_loss":0,"event_name":"SensoryStone","floor":38,"gold_loss":0},{"damage_healed":0,"gold_gain":0,"player_choice":"Embrace Madness","damage_taken":6,"max_hp_gain":0,"max_hp_loss":0,"event_name":"Winding Halls","floor":41,"gold_loss":0,"cards_obtained":["Madness","Madness"]},{"damage_healed":0,"gold_gain":0,"player_choice":"Fight","damage_taken":0,"max_hp_gain":0,"max_hp_loss":0,"event_name":"Mysterious Sphere","floor":45,"gold_loss":0}],"is_beta":false,"boss_relics":[{"not_picked":["Empty Cage","Pandora\u0027s Box"],"picked":"Runic Pyramid"},{"not_picked":["Calling Bell","Velvet Choker"],"picked":"Fusion Hammer"}],"items_purged_floors":[30,47],"is_endless":false,"potions_floor_spawned":[5,8,10,12,24,25,27,33,40,42,45],"ascension_level":0}}