{"host":"dztixnx9b0gu6w9i","time":1613960028,"event":{"mods":["BaseMod","Bestiary","Minty Spire (QoL Compilation)","Relic Stats","Slay the Relics Exporter","SpireBot","ojb\u0027s Better Paths Mod","ojb\u0027s Info Mod"],"gold_per_floor":[115,115,126,140,40,40,69,85,85,117,127,137,152,177,177,248,248,259,271,271,271,290,321,321,50,76,88,88,108,136,136,136,214,214,225,225,1224,288,288,316,332,366,413,438,469,483,508,522,522,522,522,522,522,47,79,79],"floor_reached":57,"language":"ENG","playtime":11662,"items_purged":["Defend_B","Decay","Normality","Normality"],"score":3219,"play_id":"069adbd9-0cdb-425d-a880-c1f927023372","local_time":"20210221211348","is_ascension_mode":true,"campfire_choices":[{"data":"Buffer","floor":6,"key":"SMITH"},{"data":"Biased Cognition","floor":15,"key":"SMITH"},{"data":"Defragment","floor":24,"key":"SMITH"},{"data":"Capacitor","floor":32,"key":"SMITH"},{"floor":49,"key":"RECALL"},{"data":"Loop","floor":53,"key":"SMITH"}],"circlet_count":0,"master_deck":["AscendersBane","Strike_B+1","Strike_B+1","Strike_B+1","Strike_B+1","Defend_B+1","Defend_B+1","Defend_B+1","Zap","Dualcast","Master of Strategy","Hello World","Buffer+1","Sweeping Beam","Glacier","Compile Driver","Biased Cognition+1","Lockon","Capacitor+1","Cold Snap","Cold Snap","BootSequence","Compile Driver","Core Surge","Defragment+1","RitualDagger","Hologram+1","Undo","Self Repair","Machine Learning","Loop+1","Thinking Ahead","Coolheaded+1","Force Field","Loop"],"relics":["Cracked Core","Odd Mushroom","Letter Opener","Darkstone Periapt","Lizard Tail","Velvet Choker","Dream Catcher","Lee\u0027s Waffle","Bronze Scales","CaptainsWheel","Runic Dome","Centennial Puzzle","OrangePellets","Vajra","Regal Pillow","Singing Bowl","Toy Ornithopter","Ancient Tea Set","Gremlin Horn","Pear","Happy Flower"],"acts_visited":["Exordium","TheCity","TheBeyond","TheEnding"],"potions_floor_usage":[8,10,19,23,27,33,40,42,46,55,56],"damage_taken":[{"damage":1,"enemies":"Cultist","floor":1,"turns":3},{"damage":3,"enemies":"Small Slimes","floor":3,"turns":4},{"damage":2,"enemies":"Jaw Worm","floor":4,"turns":4},{"damage":19,"enemies":"The Mushroom Lair","floor":7,"turns":4},{"damage":0,"enemies":"Gremlin Gang","floor":8,"turns":1},{"damage":0,"enemies":"3 Sentries","floor":10,"turns":6},{"damage":10,"enemies":"Blue Slaver","floor":11,"turns":3},{"damage":1,"enemies":"Exordium Thugs","floor":12,"turns":5},{"damage":1,"enemies":"2 Fungi Beasts","floor":13,"turns":2},{"damage":2,"enemies":"Gremlin Nob","floor":14,"turns":4},{"damage":0,"enemies":"Slime Boss","floor":16,"turns":10},{"damage":0,"enemies":"Spheric Guardian","floor":18,"turns":3},{"damage":5,"enemies":"3 Byrds","floor":19,"turns":2},{"damage":0,"enemies":"Snecko","floor":22,"turns":6},{"damage":32,"enemies":"Gremlin Leader","floor":23,"turns":6},{"damage":2,"enemies":"3 Cultists","floor":27,"turns":5},{"damage":0,"enemies":"Snake Plant","floor":29,"turns":5},{"damage":14,"enemies":"Book of Stabbing","floor":30,"turns":6},{"damage":0,"enemies":"Collector","floor":33,"turns":20},{"damage":6,"enemies":"Orb Walker","floor":35,"turns":3},{"damage":0,"enemies":"Giant Head","floor":40,"turns":10},{"damage":19,"enemies":"3 Darklings","floor":41,"turns":9},{"damage":6,"enemies":"Nemesis","floor":42,"turns":9},{"damage":0,"enemies":"Giant Head","floor":45,"turns":15},{"damage":0,"enemies":"Transient","floor":46,"turns":6},{"damage":12,"enemies":"Nemesis","floor":47,"turns":17},{"damage":0,"enemies":"Writhing Mass","floor":48,"turns":7},{"damage":19,"enemies":"Awakened One","floor":50,"turns":25},{"damage":7,"enemies":"Donu and Deca","floor":51,"turns":29},{"damage":11,"enemies":"Shield and Spear","floor":55,"turns":9},{"damage":77,"enemies":"The Heart","floor":56,"turns":8}],"seed_played":"-6187391310501936783","potions_obtained":[{"floor":1,"key":"SmokeBomb"},{"floor":4,"key":"PowerPotion"},{"floor":7,"key":"FocusPotion"},{"floor":8,"key":"LiquidBronze"},{"floor":14,"key":"Energy Potion"},{"floor":16,"key":"LiquidBronze"},{"floor":22,"key":"SteroidPotion"},{"floor":27,"key":"LiquidMemories"},{"floor":29,"key":"DistilledChaos"},{"floor":40,"key":"Dexterity Potion"},{"floor":45,"key":"Fruit Juice"},{"floor":46,"key":"EssenceOfDarkness"}],"is_trial":false,"path_per_floor":["M","?","M","M","$","R","?","M","T","E","M","M","M","E","R","B",null,"M","M","?","?","M","E","R","$","T","M","?","M","E","?","R","B",null,"M","?","?","$","?","E","M","E","T","T","E","M","E","M","R","B","B",null,"R","$","E","B",null],"character_chosen":"DEFECT","items_purchased":["Compile Driver","Lee\u0027s Waffle","Centennial Puzzle","OrangePellets","Loop","Vajra","Strength Potion","Thinking Ahead","Pear","PowerPotion"],"campfire_rested":0,"item_purchase_floors":[5,25,38,38,38,38,38,38,54,54],"current_hp_per_floor":[63,63,60,58,58,58,39,39,39,39,29,28,27,25,25,25,54,54,49,43,49,49,17,17,77,77,75,75,75,61,40,40,47,70,71,71,83,83,73,80,68,71,71,71,78,97,94,102,102,90,90,99,99,109,110,38],"gold":79,"neow_bonus":"RANDOM_COLORLESS_2","is_daily":false,"chose_seed":false,"campfire_upgraded":5,"win_rate":0.0,"timestamp":1613960028,"path_taken":["M","?","?","M","?","R","?","?","T","E","M","M","M","E","R","BOSS","M","?","?","?","M","E","R","$","T","?","?","M","E","?","R","BOSS","M","?","?","$","?","E","?","E","T","?","E","M","E","M","R","BOSS","BOSS","R","$","E","BOSS"],"items_purchased_type":["Card","Relic","Relic","Relic","Card","Relic","Potion","Card","Relic","Potion"],"build_version":"2020-12-22","purchased_purges":4,"victory":true,"max_hp_per_floor":[64,64,64,64,64,64,64,64,64,64,64,64,64,64,64,64,64,64,64,64,70,70,70,70,77,77,77,77,77,77,77,77,77,77,77,77,89,89,89,89,89,91,91,91,91,98,100,102,102,102,102,102,102,112,112,112],"relic_stats":{"Darkstone Periapt":18,"Lee\u0027s Waffle":60,"Regal Pillow":0,"Singing Bowl":8,"Gremlin Horn":[5,5],"Happy Flower":[2],"counters":[31,246],"Letter Opener":[190],"OrangePellets":[18],"Lizard Tail":0,"Dream Catcher":0,"Centennial Puzzle":[21],"Bronze Scales":[782],"obtain_stats":[{"Darkstone Periapt":10,"Lee\u0027s Waffle":25,"Regal Pillow":40,"Pear":54,"Singing Bowl":42,"Gremlin Horn":47,"Happy Flower":55,"Velvet Choker":17,"Vajra":38,"Letter Opener":9,"Odd Mushroom":7,"Ancient Tea Set":45,"Runic Dome":34,"OrangePellets":38,"Lizard Tail":14,"Dream Catcher":23,"CaptainsWheel":30,"Centennial Puzzle":38,"Bronze Scales":26,"Cracked Core":0,"Toy Ornithopter":44},{"Darkstone Periapt":6,"Lee\u0027s Waffle":15,"Regal Pillow":21,"Pear":29,"Singing Bowl":23,"Gremlin Horn":26,"Happy Flower":30,"Velvet Choker":11,"Vajra":20,"Letter Opener":5,"Odd Mushroom":4,"Ancient Tea Set":24,"Runic Dome":19,"OrangePellets":20,"Lizard Tail":10,"Dream Catcher":15,"CaptainsWheel":18,"Centennial Puzzle":20,"Bronze Scales":15,"Cracked Core":0,"Toy Ornithopter":23},{"Darkstone Periapt":22,"Lee\u0027s Waffle":63,"Regal Pillow":112,"Pear":229,"Singing Bowl":130,"Gremlin Horn":168,"Happy Flower":238,"Velvet Choker":46,"Vajra":102,"Letter Opener":16,"Odd Mushroom":15,"Ancient Tea Set":145,"Runic Dome":99,"OrangePellets":102,"Lizard Tail":36,"Dream Catcher":63,"CaptainsWheel":79,"Centennial Puzzle":102,"Bronze Scales":63,"Cracked Core":0,"Toy Ornithopter":130}],"Toy Ornithopter":15},"card_choices":[{"not_picked":["Thinking Ahead","Magnetism"],"picked":"Master of Strategy","floor":0},{"not_picked":["Coolheaded","Aggregate"],"picked":"Hello World","floor":1},{"not_picked":["Barrage","Reinforced Body"],"picked":"Sweeping Beam","floor":3},{"not_picked":["Defragment","Compile Driver"],"picked":"Glacier","floor":4},{"not_picked":["Cold Snap","Sunder"],"picked":"Biased Cognition","floor":7},{"not_picked":["Stack","Steam"],"picked":"Lockon","floor":8},{"not_picked":["Rip and Tear","Gash"],"picked":"Capacitor","floor":10},{"not_picked":["Consume","Hologram"],"picked":"Cold Snap","floor":11},{"not_picked":["Hello World","Conserve Battery"],"picked":"Cold Snap","floor":12},{"not_picked":["Doom and Gloom","Steam"],"picked":"BootSequence","floor":13},{"not_picked":["Amplify","Loop"],"picked":"Compile Driver","floor":14},{"not_picked":["Fission","Machine Learning"],"picked":"Core Surge","floor":16},{"not_picked":["FTL","Turbo"],"picked":"Defragment","floor":18},{"not_picked":["Steam","Streamline","Beam Cell"],"picked":"SKIP","floor":19},{"not_picked":["Barrage","Sweeping Beam","Streamline"],"picked":"SKIP","floor":22},{"not_picked":["Blizzard","Barrage"],"picked":"Hologram+1","floor":23},{"not_picked":["Steam","Skim"],"picked":"Undo","floor":27},{"not_picked":["Ball Lightning","Rebound","Leap"],"picked":"SKIP","floor":29},{"not_picked":["Ball Lightning+1","Compile Driver+1"],"picked":"Self Repair","floor":30},{"not_picked":["Meteor Strike","Hyperbeam"],"picked":"Machine Learning","floor":33},{"not_picked":["Go for the Eyes","Stack","Storm"],"picked":"SKIP","floor":35},{"not_picked":["Blizzard","Genetic Algorithm","Tempest+1"],"picked":"SKIP","floor":40},{"not_picked":["Blizzard","Genetic Algorithm","Tempest+1"],"picked":"SKIP","floor":40},{"not_picked":["Streamline","Gash+1"],"picked":"Coolheaded+1","floor":41},{"not_picked":["Double Energy","Chill","Compile Driver+1"],"picked":"Singing Bowl","floor":42},{"not_picked":["Stack","Streamline"],"picked":"Force Field","floor":45},{"not_picked":["Turbo","Self Repair","Go for the Eyes"],"picked":"Singing Bowl","floor":46},{"not_picked":["Sweeping Beam","Reinforced Body","Recycle"],"picked":"Singing Bowl","floor":47},{"not_picked":["Leap+1","Redo","Undo"],"picked":"Singing Bowl","floor":48},{"not_picked":["Redo","Stack"],"picked":"Loop","floor":55}],"player_experience":8753090,"relics_obtained":[{"floor":7,"key":"Odd Mushroom"},{"floor":9,"key":"Letter Opener"},{"floor":10,"key":"Darkstone Periapt"},{"floor":14,"key":"Lizard Tail"},{"floor":23,"key":"Dream Catcher"},{"floor":26,"key":"Bronze Scales"},{"floor":30,"key":"CaptainsWheel"},{"floor":40,"key":"Regal Pillow"},{"floor":42,"key":"Singing Bowl"},{"floor":44,"key":"Toy Ornithopter"},{"floor":45,"key":"Ancient Tea Set"},{"floor":47,"key":"Gremlin Horn"},{"floor":55,"key":"Happy Flower"}],"event_choices":[{"damage_healed":0,"gold_gain":0,"player_choice":"1 cards matched","damage_taken":0,"max_hp_gain":0,"max_hp_loss":0,"event_name":"Match and Keep!","floor":2,"gold_loss":0,"cards_obtained":["Buffer"]},{"damage_healed":0,"gold_gain":0,"player_choice":"1 cards matched","damage_taken":0,"max_hp_gain":0,"max_hp_loss":0,"event_name":"Match and Keep!","floor":2,"gold_loss":0,"cards_obtained":["Buffer"]},{"damage_healed":0,"gold_gain":0,"player_choice":"Fought Mushrooms","damage_taken":0,"max_hp_gain":0,"max_hp_loss":0,"event_name":"Mushrooms","floor":7,"gold_loss":0},{"damage_healed":0,"gold_gain":0,"player_choice":"Joined the Cult","damage_taken":6,"max_hp_gain":0,"max_hp_loss":0,"event_name":"Nest","floor":20,"gold_loss":0,"cards_obtained":["RitualDagger"]},{"damage_healed":0,"gold_gain":0,"player_choice":"Smashed Altar","damage_taken":0,"max_hp_gain":0,"max_hp_loss":0,"event_name":"Forgotten Altar","floor":21,"gold_loss":0,"cards_obtained":["Decay"]},{"damage_healed":0,"gold_gain":0,"player_choice":"Simplicity","damage_taken":0,"max_hp_gain":0,"max_hp_loss":0,"event_name":"Back to Basics","floor":28,"gold_loss":0,"cards_upgraded":["Strike_B","Strike_B","Strike_B","Strike_B","Defend_B","Defend_B","Defend_B"]},{"damage_healed":0,"gold_gain":0,"player_choice":"Obtained Book","damage_taken":21,"max_hp_gain":0,"max_hp_loss":0,"event_name":"Cursed Tome","floor":31,"gold_loss":0},{"damage_healed":0,"gold_gain":0,"player_choice":"Ignored","damage_taken":0,"max_hp_gain":0,"max_hp_loss":0,"event_name":"Tomb of Lord Red Mask","floor":36,"gold_loss":0},{"damage_healed":0,"gold_gain":999,"player_choice":"Gold","damage_taken":0,"max_hp_gain":0,"max_hp_loss":0,"event_name":"MindBloom","floor":37,"gold_loss":0,"cards_obtained":["Normality","Normality"]},{"damage_healed":0,"gold_gain":0,"player_choice":"Memory 3","damage_taken":10,"max_hp_gain":0,"max_hp_loss":0,"event_name":"SensoryStone","floor":39,"gold_loss":0}],"is_beta":false,"boss_relics":[{"not_picked":["Empty Cage","Busted Crown"],"picked":"Velvet Choker"},{"not_picked":["Runic Pyramid","SacredBark"],"picked":"Runic Dome"}],"items_purged_floors":[5,25,38,54],"is_endless":false,"potions_floor_spawned":[1,4,7,8,14,16,18,22,27,29,30,40,45,46],"ascension_level":20}}