{"host":"2zq1cv117yq1teno","time":1613966805,"event":{"mods":["BaseMod","Downfall","Friendly Minions","Hermit","Highlight Path","Infinite Spire","Marisa????????","Minty Spire (QoL Compilation)","Quick Restart","Replay The Spire","StSLib","The Bug Knight","The Cursed","The Servant 0.9.4"],"gold_per_floor":[109,109,34,44,44,44,75,75,75,150,160,186,212,228,228,326,326,337,337,353,364,639,639,674,674,674,237,268,268,288,288,288,385,485,502,551,551,563,613,613,684,747,774,774,824,894,966,1048,1048,1217,1217,1295,1378,1474,1566,1566,1652,1761,1761,1808,1938,1996,1613,1563,1665,1665,1848,1848,1960,1960,2071,2071,2201,2201,2334,2334,2357,2523,2689,2689,2850,3033,2783,3036,3036,3228,3435,3469,3491,3708,3932,3932,3932,4180,4180,4180,2667,2667,2779,2970,2269,2269,2493,2493,2654,2654,2654,2829,3020,3020,3206,3418,3444,3650,3894,4176,4452,4755,4755,5149,5149,5488,5851,6220,6220,6618,6618,6618,7067,7067,7505,7505,7975,8478,9022,9022,9677,9677,10304,10955,10981,11684,11709,11709,12466,12466,12466,13271,14125,13607,13607,14487,14487,15504,15504,15504,15066,16047,17115],"floor_reached":160,"language":"ENG","playtime":14971,"items_purged":["Regret","Parasite","Regret","Replay:Sluggish","KidneyShot","Sunlight","downfall:Haunted","MoonPhase","BestPractice+1","Parasite"],"score":4370,"play_id":"c5e43ba8-0b87-49a1-896e-0a537e1e9400","local_time":"20210221230645","is_ascension_mode":false,"campfire_choices":[{"data":"infinitespire:UltimateForm","floor":6.0,"key":"SMITH"},{"data":"DualDimension","floor":8.0,"key":"SMITH"},{"floor":15.0,"key":"REST"},{"data":"SilverBlades","floor":23.0,"key":"SMITH"},{"data":"Starlight","floor":25.0,"key":"SMITH"},{"data":"Ricochet","floor":29.0,"key":"SMITH"},{"data":"DoubleEdge","floor":32.0,"key":"SMITH"},{"floor":40.0,"key":"REST"},{"floor":44.0,"key":"REST"},{"floor":49.0,"key":"REST"},{"data":"TheWorld","floor":49.0,"key":"SMITH"},{"floor":59.0,"key":"REST"},{"data":"infinitespire:NeuralNetwork","floor":59.0,"key":"SMITH"},{"floor":66.0,"key":"REST"},{"data":"BestPractice","floor":66.0,"key":"SMITH"},{"floor":74.0,"key":"REST"},{"data":"BestPractice","floor":74.0,"key":"SMITH"},{"floor":80.0,"key":"REST"},{"data":"SurpressingFire","floor":80.0,"key":"SMITH"},{"floor":95.0,"key":"REST"},{"data":"Duplication","floor":95.0,"key":"SMITH"},{"floor":102.0,"key":"REST"},{"data":"FlawlessForm","floor":102.0,"key":"SMITH"},{"floor":110.0,"key":"REST"},{"data":"infinitespire:Execution","floor":110.0,"key":"SMITH"},{"floor":119.0,"key":"REST"},{"data":"infinitespire:TheBestDefense","floor":119.0,"key":"SMITH"},{"floor":127.0,"key":"REST"},{"data":"ReplayTheSpireMod:Private Reserves","floor":127.0,"key":"SMITH"},{"floor":132.0,"key":"REST"},{"data":"GremboGang","floor":132.0,"key":"SMITH"},{"data":"KillingDoll","floor":136.0,"key":"SMITH"},{"floor":144.0,"key":"REST"},{"data":"Starlight","floor":144.0,"key":"SMITH"},{"data":"GearUp","floor":146.0,"key":"SMITH"},{"data":"Rewind","floor":151,"key":"SMITH"},{"floor":153,"key":"DIG"},{"data":"ShiftingGears","floor":156,"key":"SMITH"}],"circlet_count":0,"master_deck":["Defend_S+1","Defend_S+1","Exchange","Starlight+1","DualDimension+1","infinitespire:UltimateForm+1","SilverBlades+1","Rearm+1","GearUp+1","FlawlessForm+1","Spin+1","Ricochet+1","Rewind+1","Starlight+1","ReplayTheSpireMod:Private Reserves+1","DoubleEdge+1","TheWorld+1","Secret Technique+1","Spin+1","BestPractice+1","Shuttle+1","Starlight+1","SurpressingFire+1","Barrier+1","Hightail+1","ShiftingGears+1","infinitespire:NeuralNetwork+1","KillingDoll+1","GremboGang+1","Duplication+1","infinitespire:UltimateForm+1","Ricochet+1","TheWorld+1","infinitespire:Execution+1","infinitespire:SealOfDarkness+","infinitespire:TheBestDefense+1","ReplayUltimateDefense+1","CurseOfTheBell","MurderousAura+1"],"relics":["Uniform","NeowsBlessing","PreservedInsect","Replay:Bottled Flurry","infinitespire:Satchel","Odd Mushroom","HollowMod:PaleOreRelic","Kintsugi","White Beast Statue","MealTicket","Replay:Ringing Soul","Replay:Bottled Snecko","White Beast Statue","infinitespire:EvilPickle","Replay:Grab Bag","Painkiller Herb","Replay:Wanted Poster","Ring of Chaos","HornCleat","Oddly Smooth Stone","infinitespire:Magic Flask","Black Star","Omamori","Pantograph","infinitespire:PuzzleCube","ReplayFunnel","Boot","Bottled Lightning","Shuriken","StoneMask","ReplayTheSpireMod:Ring of Exchange","ReplayTheSpireMod:Ring of Collecting","infinitespire:Lucky Rock","Ring of Misfortune","Vajra","Toy Ornithopter","infinitespire:CheckeredPen","Busted Crown","CatCart","WingedGreaves","ReplayTheSpireMod:Ring of Addiction","Garlic","Chameleon Ring","SacredBark","Philosopher\u0027s Stone","Divine Protection","Nunchaku","DollysMirror","MawBank","Darkstone Periapt","Pear","Onion Ring","War Paint","infinitespire:BottledMercury","Strange Spoon","ReplayTheSpireMod:Ninjato","Smiling Mask","Tiny Chest","Bag of Marbles","Bronze Scales","infinitespire:ShieldingShard","Replay:Bronze Core","Replay:Drink Me","Happy Flower","infinitespire:WardingShard","Anchor","Ring of Fangs","Gremlin Food","SlaversCollar","TungstenRod","Ring of Hypnosis","Replay:Baseball","Replay:Bottled Eggs","Unceasing Top","Bag of Preparation","Frozen Egg 2","Bird Faced Urn","Replay:Kaleidoscope","Du-Vu Doll","Calling Bell","Potion Belt","Mercury Hourglass","Durian","Thread and Needle","Blood Vial","Juzu Bracelet"],"acts_visited":["Exordium","TheCity","TheBeyond","Exordium","TheCity","TheBeyond","Exordium","TheCity","TheBeyond","TheEnding"],"potions_floor_usage":[152,154,158,159,159,159,159],"damage_taken":[{"damage":0.0,"enemies":"Cultist","floor":1.0,"turns":1.0},{"damage":0.0,"enemies":"2 Louse","floor":4.0,"turns":1.0},{"damage":0.0,"enemies":"Lagavulin","floor":7.0,"turns":1.0},{"damage":0.0,"enemies":"Small Slimes","floor":11.0,"turns":3.0},{"damage":18.0,"enemies":"The Mushroom Lair","floor":12.0,"turns":5.0},{"damage":5.0,"enemies":"3 Sentries","floor":13.0,"turns":6.0},{"damage":13.0,"enemies":"3 Louse","floor":14.0,"turns":4.0},{"damage":12.0,"enemies":"The Guardian","floor":16.0,"turns":16.0},{"damage":0.0,"enemies":"Chosen","floor":18.0,"turns":9.0},{"damage":19.0,"enemies":"3 Byrds","floor":20.0,"turns":7.0},{"damage":8.0,"enemies":"Cultist and Chosen","floor":21.0,"turns":4.0},{"damage":0.0,"enemies":"HollowMod:Nosk","floor":24.0,"turns":11.0},{"damage":0.0,"enemies":"Gremlin Leader","floor":28.0,"turns":4.0},{"damage":4.0,"enemies":"Snecko","floor":30.0,"turns":4.0},{"damage":13.0,"enemies":"Pondfish","floor":33.0,"turns":9.0},{"damage":6.0,"enemies":"3 Shapes","floor":35.0,"turns":3.0},{"damage":23.0,"enemies":"3 Darklings","floor":36.0,"turns":4.0},{"damage":19.0,"enemies":"Jaw Worm Horde","floor":38.0,"turns":4.0},{"damage":3.0,"enemies":"4 Shapes","floor":39.0,"turns":2.0},{"damage":28.0,"enemies":"Nightmare","floor":41.0,"turns":8.0},{"damage":11.0,"enemies":"3 Darklings","floor":42.0,"turns":3.0},{"damage":0.0,"enemies":"Mind Bloom Boss Battle","floor":45.0,"turns":5.0},{"damage":25.0,"enemies":"Sphere and 2 Shapes","floor":46.0,"turns":7.0},{"damage":13.0,"enemies":"Jaw Worm Horde","floor":47.0,"turns":3.0},{"damage":0.0,"enemies":"Maw","floor":48.0,"turns":7.0},{"damage":16.0,"enemies":"Awakened One","floor":50.0,"turns":11.0},{"damage":8.0,"enemies":"Jaw Worm","floor":52.0,"turns":2.0},{"damage":0.0,"enemies":"Cultist","floor":53.0,"turns":4.0},{"damage":0.0,"enemies":"2 Louse","floor":54.0,"turns":1.0},{"damage":0.0,"enemies":"Large Slime","floor":55.0,"turns":4.0},{"damage":26.0,"enemies":"Nightmare","floor":57.0,"turns":11.0},{"damage":0.0,"enemies":"2 Fungi Beasts","floor":58.0,"turns":3.0},{"damage":10.0,"enemies":"Replay:BlueRogue","floor":61.0,"turns":5.0},{"damage":22.0,"enemies":"Gremlin Gang","floor":65.0,"turns":3.0},{"damage":0.0,"enemies":"Slime Boss","floor":67.0,"turns":4.0},{"damage":0.0,"enemies":"Spheric Guardian","floor":69.0,"turns":4.0},{"damage":19.0,"enemies":"2 Thieves","floor":71.0,"turns":4.0},{"damage":12.0,"enemies":"Snecko","floor":73.0,"turns":5.0},{"damage":20.0,"enemies":"Centurion and Healer","floor":75.0,"turns":4.0},{"damage":0.0,"enemies":"Snake Plant","floor":78.0,"turns":1.0},{"damage":0.0,"enemies":"HollowMod:Nosk","floor":79.0,"turns":5.0},{"damage":0.0,"enemies":"Snecko","floor":81.0,"turns":4.0},{"damage":12.0,"enemies":"Centurion and Healer","floor":82.0,"turns":4.0},{"damage":0.0,"enemies":"Collector","floor":84.0,"turns":6.0},{"damage":4.0,"enemies":"Orb Walker","floor":86.0,"turns":3.0},{"damage":0.0,"enemies":"3 Darklings","floor":87.0,"turns":3.0},{"damage":0.0,"enemies":"Orin","floor":88.0,"turns":4.0},{"damage":0.0,"enemies":"Mind Bloom Boss Battle","floor":89.0,"turns":5.0},{"damage":0.0,"enemies":"Maw","floor":90.0,"turns":6.0},{"damage":29.0,"enemies":"Transient","floor":91.0,"turns":5.0},{"damage":23.0,"enemies":"Writhing Mass","floor":94.0,"turns":5.0},{"damage":8.0,"enemies":"Nightmare","floor":100.0,"turns":4.0},{"damage":0.0,"enemies":"infinitespire:MassOfShapes","floor":103.0,"turns":4.0},{"damage":0.0,"enemies":"Cultist","floor":105.0,"turns":2.0},{"damage":0.0,"enemies":"Small Slimes","floor":108.0,"turns":1.0},{"damage":0.0,"enemies":"2 Louse","floor":109.0,"turns":1.0},{"damage":0.0,"enemies":"Large Slime","floor":111.0,"turns":3.0},{"damage":0.0,"enemies":"Gremlin Gang","floor":112.0,"turns":2.0},{"damage":0.0,"enemies":"Looter","floor":114.0,"turns":4.0},{"damage":0.0,"enemies":"Blue Slaver","floor":115.0,"turns":1.0},{"damage":0.0,"enemies":"Nightmare_Alpha","floor":116.0,"turns":1.0},{"damage":0.0,"enemies":"Exordium Thugs","floor":117.0,"turns":1.0},{"damage":0.0,"enemies":"Lagavulin","floor":118.0,"turns":2.0},{"damage":0.0,"enemies":"Hexaghost","floor":120.0,"turns":2.0},{"damage":0.0,"enemies":"3 Byrds","floor":122.0,"turns":1.0},{"damage":0.0,"enemies":"Chosen","floor":123.0,"turns":1.0},{"damage":0.0,"enemies":"Snecko","floor":124.0,"turns":3.0},{"damage":0.0,"enemies":"Sentry and Sphere","floor":126.0,"turns":3.0},{"damage":0.0,"enemies":"Gremlin Leader","floor":129.0,"turns":1.0},{"damage":0.0,"enemies":"Chosen and Byrds","floor":131.0,"turns":5.0},{"damage":0.0,"enemies":"Snecko","floor":133.0,"turns":3.0},{"damage":0.0,"enemies":"3 Cultists","floor":134.0,"turns":2.0},{"damage":0.0,"enemies":"Snake Plant","floor":135.0,"turns":2.0},{"damage":0.0,"enemies":"Automaton","floor":137.0,"turns":4.0},{"damage":0.0,"enemies":"Orb Walker","floor":139.0,"turns":2.0},{"damage":0.0,"enemies":"3 Darklings","floor":140.0,"turns":3.0},{"damage":0.0,"enemies":"Mind Bloom Boss Battle","floor":141.0,"turns":2.0},{"damage":0.0,"enemies":"Writhing Mass","floor":142.0,"turns":3.0},{"damage":0.0,"enemies":"Reptomancer","floor":145.0,"turns":2.0},{"damage":0.0,"enemies":"Nemesis","floor":148.0,"turns":3.0},{"damage":7,"enemies":"Jaw Worm Horde","floor":149,"turns":2},{"damage":0,"enemies":"Sphere and 2 Shapes","floor":152,"turns":2},{"damage":0,"enemies":"Donu and Deca","floor":154,"turns":2},{"damage":0,"enemies":"Shield and Spear","floor":158,"turns":2},{"damage":0,"enemies":"The Heart","floor":159,"turns":6}],"seed_played":"-5986179652075127189","potions_obtained":[{"floor":1.0,"key":"infinitespire:BlackPotion"},{"floor":11.0,"key":"EssenceOfSteel"},{"floor":12.0,"key":"Dexterity Potion"},{"floor":13.0,"key":"Venom Potion"},{"floor":14.0,"key":"BlessingOfTheForge"},{"floor":18.0,"key":"infinitespire:BlackPotion"},{"floor":20.0,"key":"BlessingOfTheForge"},{"floor":21.0,"key":"Strength Potion"},{"floor":24.0,"key":"ColorlessPotion"},{"floor":28.0,"key":"champ:CounterPotion"},{"floor":30.0,"key":"Explosive Potion"},{"floor":33.0,"key":"FearPotion"},{"floor":35.0,"key":"Dexterity Potion"},{"floor":36.0,"key":"EssenceOfSteel"},{"floor":38.0,"key":"Swift Potion"},{"floor":39.0,"key":"Fire Potion"},{"floor":41.0,"key":"SneckoOil"},{"floor":42.0,"key":"DuplicationPotion"},{"floor":45.0,"key":"sneckomod:MuddlingPotion"},{"floor":46.0,"key":"Reflective Coating"},{"floor":47.0,"key":"Weak Potion"},{"floor":48.0,"key":"SmokeBomb"},{"floor":50.0,"key":"Elixir"},{"floor":55.0,"key":"Adrenaline Potion"},{"floor":58.0,"key":"Elixir"},{"floor":65.0,"key":"SkillPotion"},{"floor":67.0,"key":"Flashbang"},{"floor":69.0,"key":"Regen Potion"},{"floor":71.0,"key":"Adrenaline Potion"},{"floor":73.0,"key":"hexamod:SoulburnPotion"},{"floor":87.0,"key":"Fruit Juice"},{"floor":88.0,"key":"FearPotion"},{"floor":91.0,"key":"Death Potion"},{"floor":94.0,"key":"infinitespire:BlackPotion"},{"floor":96.0,"key":"Cursed Concoction"},{"floor":111.0,"key":"LiquidMemories"},{"floor":112.0,"key":"Toxic Potion"},{"floor":115.0,"key":"Toxic Potion"},{"floor":118.0,"key":"PowerPotion"},{"floor":124.0,"key":"BlessingOfTheForge"},{"floor":131.0,"key":"Milkshake"},{"floor":133.0,"key":"Fruit Juice"},{"floor":134.0,"key":"LiquidMemories"},{"floor":135.0,"key":"Adrenaline Potion"},{"floor":142.0,"key":"Toxic Potion"},{"floor":145.0,"key":"BlessingOfTheForge"},{"floor":148.0,"key":"SteroidPotion"},{"floor":149,"key":"CultistPotion"},{"floor":152,"key":"Ancient Potion"},{"floor":154,"key":"Energy Potion"},{"floor":158,"key":"Block Potion"},{"floor":159,"key":"SpeedPotion"}],"is_trial":false,"path_per_floor":["M","?","$","M","?","R","E","R","T","?","M","?","E","M","R","B",null,"M","AVR","M","M","?","R","E","R","T","$","E","R","M","?","R","B",null,"?","?","?","?","?","T","NM","?","T","T","?","?","?","?","T","B",null,"?","?","?","?","AVR","NM","?","T","T","E","?","T","?","?","T","B",null,"?","?","?","?","?","T","?","AVR","T","?","E","T","?","?","T","B",null,"?","?","?","?","?","?","PTL","PTL","?","T","T","T","AVR","?","NM","T","T","B",null,"?","AVR","?","?","?","T","?","?","T","?","?","NM","?","E","T","B",null,"?","?","?","?","?","T","AVR","E","T","?","T","?","?","?","T","B",null,"?","?","?","?","T","T","E","T","T","E","?","T","T","?","T","B",null,"T","T","E","B",null],"character_chosen":"THE_SERVANT","items_purchased":["Replay:Bottled Snecko","ReplayTheSpireMod:Private Reserves","Shuriken","Philosopher\u0027s Stone","Divine Protection","Nunchaku","War Paint","infinitespire:BottledMercury","Fruit Juice","SpeedPotion","Replay:Kaleidoscope","ReplayUltimateDefense+1","Thread and Needle","SteroidPotion","PowerPotion"],"campfire_rested":15,"item_purchase_floors":[27,27,63,97,97,97,101,101,101,101,150,150,157,157,157],"current_hp_per_floor":[65,65,65,65,48,48,48,48,48,37,37,19,14,1,20,8,65,65,62,43,35,35,35,35,35,35,53,53,53,52,52,52,42,71,68,48,51,35,35,60,35,24,24,50,53,31,21,24,54,41,104,96,96,96,99,99,76,76,109,109,99,99,110,110,88,110,113,113,114,114,101,101,92,117,103,106,106,106,109,123,124,118,121,133,133,132,140,143,144,145,124,124,124,104,147,147,147,150,176,182,203,203,204,204,205,208,206,208,210,208,210,214,214,215,214,217,217,218,218,218,218,218,216,217,217,217,217,162,162,162,162,162,178,181,182,182,181,181,182,181,182,192,192,192,193,193,193,194,197,198,198,201,201,203,217,217,214,214,218],"gold":17115,"neow_bonus":"THREE_ENEMY_KILL","is_daily":false,"chose_seed":false,"campfire_upgraded":22,"win_rate":0.0,"timestamp":1613966805,"path_taken":["M","?","$","M","?","R","E","R","T","?","M","?","E","M","R","BOSS","M","AVR","M","M","?","R","E","R","T","$","E","R","?","?","R","BOSS","?","?","?","?","?","T","NM","?","T","T","?","?","?","?","T","BOSS","?","?","?","?","AVR","NM","?","T","T","E","?","T","?","?","T","BOSS","?","?","?","?","?","T","?","AVR","T","?","E","T","?","?","T","BOSS","?","?","?","?","?","?","PTL","PTL","?","T","T","T","AVR","?","NM","T","T","BOSS","?","AVR","?","?","?","T","?","?","T","?","?","NM","?","E","T","BOSS","?","?","?","?","?","T","AVR","E","T","?","T","?","?","?","T","BOSS","?","?","?","?","?","T","E","T","T","E","?","T","T","?","T","BOSS","T","T","E","BOSS"],"items_purchased_type":["Relic","Card","Relic","Relic","Relic","Relic","Relic","Relic","Potion","Potion","Relic","Card","Relic","Potion","Potion"],"build_version":"2020-12-22","purchased_purges":10,"victory":true,"max_hp_per_floor":[65,65,65,65,65,65,65,65,65,65,65,65,65,65,65,65,65,65,62,62,62,62,62,62,62,62,65,65,65,68,68,68,71,71,74,77,80,83,86,86,89,89,89,89,92,95,98,101,101,104,104,104,104,104,107,107,110,110,110,110,110,110,110,110,110,110,113,113,114,114,116,116,117,117,119,122,122,122,123,123,124,126,129,133,133,134,140,143,144,145,146,146,146,147,147,147,147,150,176,188,203,203,204,204,205,208,206,208,210,208,210,214,214,215,214,217,217,218,218,218,218,218,216,217,217,217,217,162,162,162,162,162,178,181,182,182,181,181,182,181,182,192,192,192,193,193,193,194,197,198,198,201,201,203,217,217,214,214,218],"card_choices":[{"not_picked":["Rewind","Alleviate"],"picked":"Starlight","floor":1.0},{"not_picked":["Defy","RealityMarble"],"picked":"DualDimension","floor":4.0},{"not_picked":["ReplayTheSpireMod:Echoes of Time","infinitespire:Punishment"],"picked":"infinitespire:UltimateForm","floor":5.0},{"not_picked":["SurpressingFire","Rewind"],"picked":"Rearm","floor":7.0},{"not_picked":["Ricochet","Reset"],"picked":"SilverBlades","floor":11.0},{"not_picked":["Revamp","ForgedInTime"],"picked":"Rearm","floor":13.0},{"not_picked":["BestPractice","FastForward"],"picked":"GearUp","floor":14.0},{"not_picked":["PendulumOfEternity","Deny"],"picked":"FlawlessForm","floor":16.0},{"not_picked":["Revamp","Alleviate+1"],"picked":"Spin+1","floor":18.0},{"not_picked":["Revamp+1","TimeWarp+1"],"picked":"Ricochet","floor":20.0},{"not_picked":["TimeWarp+1","Sabotage"],"picked":"Rewind","floor":21.0},{"not_picked":["Foresight","Shuttle"],"picked":"Starlight+1","floor":24.0},{"not_picked":["Alleviate","Potential","Read"],"picked":"SKIP","floor":28.0},{"not_picked":["FastForward","Starlight"],"picked":"DoubleEdge","floor":30.0},{"not_picked":["Deny","Initiator"],"picked":"TheWorld","floor":33.0},{"not_picked":["Replace+1","Rearm"],"picked":"BestPractice","floor":35.0},{"not_picked":["Unruled+1","Rearm+1"],"picked":"MoonPhase","floor":36.0},{"not_picked":["Jack Of All Trades","Purity"],"picked":"Secret Technique","floor":37.0},{"not_picked":["Unruled+1","Defy"],"picked":"Spin+1","floor":38.0},{"not_picked":["Ricochet","Rearm"],"picked":"BestPractice","floor":39.0},{"not_picked":["Rearm+1","FastForward"],"picked":"Shuttle+1","floor":41.0},{"not_picked":["FastForward+1","ReturningBlade+1","Rewind"],"picked":"SKIP","floor":42.0},{"not_picked":["Reset+1","FastForward"],"picked":"Starlight","floor":45.0},{"not_picked":["Moonlight+1","InstantArmor+1"],"picked":"SurpressingFire","floor":46.0},{"not_picked":["BestPractice","Starlight+1"],"picked":"Barrier+1","floor":47.0},{"not_picked":["StarChef","Rearm"],"picked":"Hightail+1","floor":48.0},{"not_picked":["FlawlessForm","LightFlow"],"picked":"Sunlight","floor":50.0},{"not_picked":["Replace","Spin","Alleviate"],"picked":"SKIP","floor":52.0},{"not_picked":["Unruled","FastForward","Defy"],"picked":"SKIP","floor":53.0},{"not_picked":["MoonPhase","BestPractice","Revamp"],"picked":"SKIP","floor":54.0},{"not_picked":["SpecialFormula","WasteNot"],"picked":"ShiftingGears","floor":55.0},{"not_picked":["infinitespire:FutureSight","infinitespire:Oblivion"],"picked":"infinitespire:NeuralNetwork","floor":57.0},{"not_picked":["Rearm","InstantArmor","Alleviate"],"picked":"SKIP","floor":57.0},{"not_picked":["DoubleEdge","ShatteredReality","Replace"],"picked":"SKIP","floor":58.0},{"not_picked":["Barrier","Unruled","BottledTime"],"picked":"SKIP","floor":61.0},{"not_picked":["ShiftingGears","Revamp","BottledTime"],"picked":"SKIP","floor":65.0},{"not_picked":["LightFlow","PendulumOfEternity"],"picked":"KillingDoll","floor":67.0},{"not_picked":["Potential","ShatteredReality+1","Rearm"],"picked":"SKIP","floor":69.0},{"not_picked":["Alleviate","TimeWarp+1","Rewind"],"picked":"SKIP","floor":71.0},{"not_picked":["ReturningBlade","ShatteredReality","Starlight"],"picked":"SKIP","floor":73.0},{"not_picked":["Advance","Unruled","DoubleEdge"],"picked":"SKIP","floor":75.0},{"not_picked":["Alleviate","BottledTime","Starlight"],"picked":"SKIP","floor":78.0},{"not_picked":["Rewind+1","SurpressingFire","BottledTime"],"picked":"SKIP","floor":79.0},{"not_picked":["Defy+1","StarChef","FanOfKnives"],"picked":"SKIP","floor":81.0},{"not_picked":["FastForward","Alleviate","Revamp"],"picked":"SKIP","floor":82.0},{"not_picked":["KillingDoll","Initiator"],"picked":"Duplication","floor":84.0},{"not_picked":["infinitespire:SealOfDarkness+","ReplayTheSpireMod:Book of Names"],"picked":"infinitespire:UltimateForm","floor":84.0},{"not_picked":["Unruled+1"],"picked":"SKIP","floor":86.0},{"not_picked":["Spin"],"picked":"SKIP","floor":87.0},{"not_picked":[],"picked":"Ricochet+1","floor":88.0},{"not_picked":["Shuttle+1"],"picked":"SKIP","floor":90.0},{"not_picked":["Potential"],"picked":"SKIP","floor":91.0},{"not_picked":["Shuttle"],"picked":"SKIP","floor":94.0},{"not_picked":["infinitespire:Menacing","Replay:Fractal Strike"],"picked":"infinitespire:Execution","floor":100.0},{"not_picked":["Initiator"],"picked":"SKIP","floor":100.0},{"not_picked":["Comet"],"picked":"SKIP","floor":105.0},{"not_picked":["BottledTime"],"picked":"SKIP","floor":108.0},{"not_picked":["FastForward"],"picked":"SKIP","floor":109.0},{"not_picked":["SpecialFormula"],"picked":"SKIP","floor":111.0},{"not_picked":["Alleviate"],"picked":"SKIP","floor":112.0},{"not_picked":["BestPractice"],"picked":"SKIP","floor":114.0},{"not_picked":["LightFlow"],"picked":"SKIP","floor":115.0},{"not_picked":["ReplayTheSpireMod:Haul","Replay:Fractal Strike"],"picked":"infinitespire:TheBestDefense","floor":116.0},{"not_picked":["Barrier"],"picked":"SKIP","floor":116.0},{"not_picked":["WasteNot"],"picked":"SKIP","floor":117.0},{"not_picked":["Moonlight"],"picked":"SKIP","floor":118.0},{"not_picked":["Rearm"],"picked":"SKIP","floor":122.0},{"not_picked":["FanOfKnives"],"picked":"SKIP","floor":123.0},{"not_picked":["Contraction"],"picked":"SKIP","floor":124.0},{"not_picked":["GearUp"],"picked":"SKIP","floor":126.0},{"not_picked":["ShatteredReality"],"picked":"SKIP","floor":129.0},{"not_picked":["Ricochet"],"picked":"SKIP","floor":131.0},{"not_picked":["Defy"],"picked":"SKIP","floor":133.0},{"not_picked":["ReturningBlade+1"],"picked":"SKIP","floor":134.0},{"not_picked":["Starlight+1"],"picked":"SKIP","floor":135.0},{"not_picked":["Read"],"picked":"SKIP","floor":139.0},{"not_picked":["Ricochet+1"],"picked":"SKIP","floor":140.0},{"not_picked":["StarChef"],"picked":"SKIP","floor":142.0},{"not_picked":["DoubleEdge+1"],"picked":"SKIP","floor":145.0},{"not_picked":["Barrier+1"],"picked":"SKIP","floor":148.0},{"not_picked":["DoubleEdge"],"picked":"SKIP","floor":149},{"not_picked":["WasteNot+1"],"picked":"SKIP","floor":152},{"not_picked":["Starlight"],"picked":"SKIP","floor":158},{"not_picked":[],"picked":"MurderousAura+1","floor":159}],"player_experience":54456,"relics_obtained":[{"floor":7.0,"key":"Replay:Bottled Flurry"},{"floor":9.0,"key":"infinitespire:Satchel"},{"floor":12.0,"key":"Odd Mushroom"},{"floor":13.0,"key":"HollowMod:PaleOreRelic"},{"floor":24.0,"key":"MealTicket"},{"floor":26.0,"key":"Replay:Ringing Soul"},{"floor":28.0,"key":"White Beast Statue"},{"floor":41.0,"key":"HornCleat"},{"floor":43.0,"key":"Oddly Smooth Stone"},{"floor":45.0,"key":"infinitespire:Magic Flask"},{"floor":57.0,"key":"Omamori"},{"floor":57.0,"key":"Pantograph"},{"floor":60.0,"key":"infinitespire:PuzzleCube"},{"floor":61.0,"key":"ReplayFunnel"},{"floor":61.0,"key":"Boot"},{"floor":62.0,"key":"Bottled Lightning"},{"floor":70.0,"key":"ReplayTheSpireMod:Ring of Exchange"},{"floor":70.0,"key":"ReplayTheSpireMod:Ring of Collecting"},{"floor":77.0,"key":"Ring of Misfortune"},{"floor":77.0,"key":"Vajra"},{"floor":79.0,"key":"Toy Ornithopter"},{"floor":79.0,"key":"infinitespire:CheckeredPen"},{"floor":88.0,"key":"CatCart"},{"floor":89.0,"key":"WingedGreaves"},{"floor":96.0,"key":"ReplayTheSpireMod:Ring of Addiction"},{"floor":96.0,"key":"Garlic"},{"floor":96.0,"key":"Chameleon Ring"},{"floor":96.0,"key":"SacredBark"},{"floor":100.0,"key":"Pear"},{"floor":100.0,"key":"Onion Ring"},{"floor":113.0,"key":"Smiling Mask"},{"floor":116.0,"key":"Tiny Chest"},{"floor":116.0,"key":"Bag of Marbles"},{"floor":118.0,"key":"Bronze Scales"},{"floor":118.0,"key":"infinitespire:ShieldingShard"},{"floor":129.0,"key":"infinitespire:WardingShard"},{"floor":129.0,"key":"Anchor"},{"floor":130.0,"key":"Ring of Fangs"},{"floor":130.0,"key":"Gremlin Food"},{"floor":141.0,"key":"TungstenRod"},{"floor":143.0,"key":"Ring of Hypnosis"},{"floor":143.0,"key":"Replay:Baseball"},{"floor":145.0,"key":"Replay:Bottled Eggs"},{"floor":145.0,"key":"Unceasing Top"},{"floor":147.0,"key":"Bag of Preparation"},{"floor":148.0,"key":"Frozen Egg 2"},{"floor":148.0,"key":"Bird Faced Urn"},{"floor":153,"key":"Du-Vu Doll"},{"floor":155,"key":"Potion Belt"},{"floor":155,"key":"Mercury Hourglass"},{"floor":155,"key":"Durian"},{"floor":158,"key":"Blood Vial"},{"floor":158,"key":"Juzu Bracelet"}],"event_choices":[{"damage_healed":0.0,"max_hp_gain":0.0,"max_hp_loss":0.0,"gold_gain":0.0,"event_name":"Big Fish","player_choice":"Box","floor":2.0,"gold_loss":0.0,"damage_taken":0.0,"relics_obtained":["PreservedInsect"],"cards_obtained":["Regret"]},{"damage_healed":0.0,"max_hp_gain":0.0,"max_hp_loss":0.0,"gold_gain":75.0,"event_name":"World of Goop","player_choice":"Gather Gold","floor":10.0,"gold_loss":0.0,"damage_taken":11.0},{"damage_healed":0.0,"max_hp_gain":0.0,"max_hp_loss":0.0,"gold_gain":0.0,"event_name":"Mushrooms","player_choice":"Fought Mushrooms","floor":12.0,"gold_loss":0.0,"damage_taken":0.0},{"damage_healed":0.0,"max_hp_gain":0.0,"max_hp_loss":0.0,"gold_gain":275.0,"event_name":"Golden Shrine","player_choice":"Desecrate","floor":22.0,"gold_loss":0.0,"damage_taken":0.0,"cards_obtained":["Regret"]},{"damage_healed":0.0,"max_hp_gain":0.0,"max_hp_loss":0.0,"gold_gain":0.0,"event_name":"SensoryStone","player_choice":"Memory 1","floor":37.0,"gold_loss":0.0,"damage_taken":0.0},{"damage_healed":0.0,"max_hp_gain":0.0,"max_hp_loss":0.0,"gold_gain":0.0,"event_name":"MindBloom","player_choice":"Fight","floor":45.0,"gold_loss":0.0,"damage_taken":0.0},{"cards_removed":["Strike_S"],"damage_healed":0.0,"max_hp_gain":0.0,"max_hp_loss":0.0,"gold_gain":0.0,"event_name":"The Cleric","player_choice":"Card Removal","floor":64.0,"gold_loss":50.0,"damage_taken":0.0},{"damage_healed":0.0,"max_hp_gain":0.0,"max_hp_loss":0.0,"gold_gain":0.0,"event_name":"Vampires","player_choice":"Ignored","floor":72.0,"gold_loss":0.0,"damage_taken":0.0},{"damage_healed":0.0,"max_hp_gain":0.0,"max_hp_loss":0.0,"gold_gain":0.0,"event_name":"OrinTheCat","player_choice":"Fight","floor":88.0,"gold_loss":0.0,"damage_taken":0.0},{"damage_healed":0.0,"max_hp_gain":0.0,"max_hp_loss":0.0,"gold_gain":0.0,"event_name":"MindBloom","player_choice":"Fight","floor":89.0,"gold_loss":0.0,"damage_taken":0.0},{"damage_healed":0.0,"max_hp_gain":0.0,"max_hp_loss":0.0,"gold_gain":0.0,"event_name":"Accursed Blacksmith","player_choice":"Forge","floor":125.0,"gold_loss":0.0,"damage_taken":0.0,"cards_upgraded":["infinitespire:UltimateForm"]},{"damage_healed":0.0,"max_hp_gain":0.0,"max_hp_loss":0.0,"gold_gain":0.0,"event_name":"MindBloom","player_choice":"Fight","floor":141.0,"gold_loss":0.0,"damage_taken":0.0}],"is_beta":false,"boss_relics":[{"not_picked":["Fusion Hammer","Cursed Key"],"picked":"Kintsugi"},{"not_picked":["Runic Pyramid","Tiny House"],"picked":"Replay:Grab Bag"},{"not_picked":["bronze:MakeshiftBattery","Replay:Bronze Core"],"picked":"Painkiller Herb"},{"not_picked":["Philosopher\u0027s Stone","Runic Dome"],"picked":"Replay:Wanted Poster"},{"not_picked":["SacredBark","ReplayTheSpireMod:SealedPack"],"picked":"Ring of Chaos"},{"not_picked":["Replay:Ancient Bell","Replay:Drink Me"],"picked":"Black Star"},{"not_picked":["Astrolabe","Replay:Ancient Bell"],"picked":"StoneMask"},{"not_picked":["TheAbacus","ReplayTheSpireMod:SealedPack"],"picked":"Busted Crown"},{"not_picked":["Tiny House","Sozu"],"picked":"Strange Spoon"},{"not_picked":["Snecko Eye","Honey Jar"],"picked":"Replay:Bronze Core"},{"not_picked":["Tiny House","Abe\u0027s Treasure"],"picked":"SlaversCollar"},{"not_picked":["ReplayTheSpireMod:DimensionalGlitch","Astrolabe"],"picked":"Calling Bell"}],"items_purged_floors":[3,19,27,63,97,98,101,106,150,157],"is_endless":true,"potions_floor_spawned":[1,11,12,13,14,18,20,21,24,28,30,33,35,36,38,39,41,42,45,46,47,48,50,52,53,54,55,57,58,61,65,67,69,71,73,75,78,79,81,82,84,86,87,88,89,90,91,94,100,103,105,108,109,111,112,114,115,116,117,118,120,122,123,124,126,129,131,133,134,135,137,139,140,141,142,145,148,149,152,154,158,159],"ascension_level":0}}