{"host":"ppqll9nf92xyjrj9","time":1613962081,"event":{"mods":["Act Like it!","Arknights","BaseMod","Bestiary","Better Third Choice","Bossed Relics","Curses Come First","Ekko","Evolution","Hermit","Jorbs\u0027s Wanderer Trilogy","Keyboard Shortcuts","Marked Mod","Minty Spire (QoL Compilation)","Relic Stats","Shapeshifter Mod","Spicy Shops","StS++","StSLib","The Marked","The Runesmith","Weighted Paths","【遗物卡牌】REMEMod"],"gold_per_floor":[109,126,76,76,89,89,120,120,147,177,189,209,209,62,62,157,157,171,171,171,181,192,192,219,219,219,144,169,54,54,70,70,168,168,187,187,187,237,251,251,251,251],"floor_reached":41,"language":"ENG","playtime":1757,"items_purged":[],"score":481,"play_id":"e2bb870c-fb16-4a89-878a-687c080589d3","local_time":"20210221184801","is_ascension_mode":true,"campfire_choices":[{"data":"theMarked:Snap","floor":6,"key":"SMITH"},{"data":"Flame Barrier","floor":8,"key":"SMITH"},{"data":"Flex","floor":13,"key":"SMITH"},{"data":"REME_ShortnessOfBreath","floor":15,"key":"SMITH"},{"data":"Strike_R","floor":23,"key":"PURGE"},{"floor":25,"key":"REST"},{"floor":30,"key":"DIG"},{"floor":32,"key":"DIG"},{"floor":40,"key":"DIG"}],"circlet_count":0,"master_deck":["Defend_R","Defend_R+1","Defend_R","Defend_R","Bash+1","theMarked:Snap+1","Flame Barrier+1","Uppercut","REME_ShortnessOfBreath+1","Fiend Fire","StSpp:Jab","Flex+1","Thunderclap+1","Reaper","CurseOfTheBell","Armaments+1","Power Through+1","Flex","Rage+1","REME_Fury","Heavy Blade","Warcry+1"],"relics":["Burning Blood","EVO:Axolotl","REME_ComplimentaryCards","Oddly Smooth Stone","Red Skull","MealTicket","Brimstone","Calling Bell","Nunchaku","InkBottle","Peace Pipe","StSpp:SailingBoat","Bottled Flame","War Paint","Shovel","Whetstone","Potion Belt","Astrolabe","Prayer Wheel","REME_PuzzleBoxRelic"],"acts_visited":["Exordium","TheCity","TheBeyond"],"potions_floor_usage":[10,16,21,24,28,31,38,41],"damage_taken":[{"damage":0,"enemies":"ats:Genji","floor":1,"turns":6},{"damage":0,"enemies":"Cultist","floor":2,"turns":3},{"damage":0,"enemies":"Small Slimes","floor":5,"turns":3},{"damage":24,"enemies":"Gremlin Nob","floor":7,"turns":4},{"damage":13,"enemies":"3 Sentries","floor":10,"turns":14},{"damage":14,"enemies":"Red Slaver","floor":11,"turns":2},{"damage":0,"enemies":"2 Fungi Beasts","floor":12,"turns":3},{"damage":10,"enemies":"The Guardian","floor":16,"turns":7},{"damage":0,"enemies":"Shell Parasite","floor":18,"turns":3},{"damage":24,"enemies":"3 Byrds","floor":21,"turns":4},{"damage":0,"enemies":"Snake Plant","floor":22,"turns":2},{"damage":73,"enemies":"Slavers","floor":24,"turns":4},{"damage":5,"enemies":"Gremlin Leader","floor":28,"turns":3},{"damage":15,"enemies":"Centurion and Healer","floor":31,"turns":4},{"damage":21,"enemies":"Champ","floor":33,"turns":10},{"damage":13,"enemies":"Orb Walker","floor":35,"turns":4},{"damage":9,"enemies":"Mind Bloom Boss Battle","floor":38,"turns":5},{"damage":38,"enemies":"3 Darklings","floor":39,"turns":4},{"damage":73,"enemies":"Reptomancer","floor":41,"turns":2}],"seed_played":"-306389767770035109","potions_obtained":[{"floor":5,"key":"Fruit Juice"},{"floor":7,"key":"Swift Potion"},{"floor":10,"key":"REME_GoldPotion"},{"floor":12,"key":"Fire Potion"},{"floor":16,"key":"SneckoOil"},{"floor":22,"key":"FearPotion"},{"floor":24,"key":"ElixirPotion"},{"floor":28,"key":"SkillPotion"},{"floor":31,"key":"GamblersBrew"},{"floor":38,"key":"ColorlessPotion"}],"is_trial":false,"path_per_floor":["M","M","?","?","M","R","E","R","T","E","M","M","R","$","R","B",null,"M","?","?","M","M","R","E","R","T","?","E","$","R","M","R","B",null,"M","?","?","?","M","R","E"],"character_chosen":"IRONCLAD","items_purchased":["Brimstone","Flex","Shovel"],"campfire_rested":1,"item_purchase_floors":[14,29,29],"current_hp_per_floor":[72,72,72,72,72,72,54,54,54,47,39,45,45,60,60,61,77,77,77,63,47,53,53,14,38,38,38,39,54,54,82,82,67,82,75,75,75,72,66,66,0,0],"gold":251,"neow_bonus":"REMOVE_TWO","is_daily":false,"chose_seed":false,"campfire_upgraded":4,"win_rate":0.0,"timestamp":1613962081,"path_taken":["M","?","?","?","M","R","E","R","T","E","?","M","R","$","R","BOSS","M","?","?","M","M","R","E","R","T","?","E","$","R","M","R","BOSS","M","?","?","?","M","R","E"],"items_purchased_type":["Relic","Card","Relic"],"build_version":"2020-12-22","purchased_purges":0,"victory":false,"max_hp_per_floor":[72,72,72,72,72,72,72,72,72,72,72,72,72,72,72,77,77,77,77,82,82,82,82,82,82,82,82,82,82,82,82,82,82,82,82,82,82,82,82,82,82,82],"relic_stats":{"Peace Pipe":1,"Nunchaku":[6],"Shovel":3,"counters":[19,87],"Astrolabe":[],"MealTicket":30,"Prayer Wheel":1,"Whetstone":["Thunderclap","Bash"],"War Paint":["Armaments","Defend_R"],"obtain_stats":[{"Potion Belt":32,"Astrolabe":34,"Oddly Smooth Stone":7,"EVO:Axolotl":0,"StSpp:SailingBoat":24,"Whetstone":30,"War Paint":28,"Burning Blood":0,"Calling Bell":17,"Peace Pipe":17,"Nunchaku":17,"Bottled Flame":26,"Shovel":29,"Brimstone":14,"MealTicket":10,"Prayer Wheel":38,"REME_PuzzleBoxRelic":40,"Red Skull":9,"InkBottle":17,"REME_ComplimentaryCards":0},{"Potion Belt":14,"Astrolabe":15,"Oddly Smooth Stone":4,"EVO:Axolotl":0,"StSpp:SailingBoat":12,"Whetstone":13,"War Paint":13,"Burning Blood":0,"Calling Bell":8,"Peace Pipe":8,"Nunchaku":8,"Bottled Flame":12,"Shovel":13,"Brimstone":7,"MealTicket":5,"Prayer Wheel":17,"REME_PuzzleBoxRelic":18,"Red Skull":4,"InkBottle":8,"REME_ComplimentaryCards":0},{"Potion Belt":62,"Astrolabe":72,"Oddly Smooth Stone":16,"EVO:Axolotl":0,"StSpp:SailingBoat":55,"Whetstone":58,"War Paint":58,"Burning Blood":0,"Calling Bell":42,"Peace Pipe":42,"Nunchaku":42,"Bottled Flame":55,"Shovel":58,"Brimstone":35,"MealTicket":30,"Prayer Wheel":81,"REME_PuzzleBoxRelic":85,"Red Skull":16,"InkBottle":42,"REME_ComplimentaryCards":0}],"Burning Blood":84,"InkBottle":[16]},"card_choices":[{"not_picked":["Flex","Twin Strike"],"picked":"Flame Barrier","floor":1},{"not_picked":["Pommel Strike","Iron Wave"],"picked":"Uppercut","floor":2},{"not_picked":["True Grit","Shrug It Off","Clothesline"],"picked":"SKIP","floor":5},{"not_picked":["StSpp:Sprint","Clothesline"],"picked":"StSpp:Jab","floor":7},{"not_picked":["StSpp:Sprint","StSpp:MuscleMemory"],"picked":"Flex","floor":10},{"not_picked":["Pommel Strike","Entrench"],"picked":"Thunderclap","floor":11},{"not_picked":["Clash","Fire Breathing"],"picked":"Reaper","floor":12},{"not_picked":["Wild Strike","Armaments"],"picked":"REME_Cut","floor":18},{"not_picked":["Clash","Cleave"],"picked":"Armaments","floor":21},{"not_picked":["Reckless Charge+1","True Grit","Clash+1"],"picked":"SKIP","floor":22},{"not_picked":["Flame Barrier","Perfected Strike","Shrug It Off"],"picked":"SKIP","floor":24},{"not_picked":["REME_Fury","Searing Blow"],"picked":"Power Through+1","floor":28},{"not_picked":["Spot Weakness+1","Clash"],"picked":"Rage+1","floor":31},{"not_picked":["Berserk","Brutality"],"picked":"REME_Fury","floor":33},{"not_picked":["True Grit+1","Wild Strike"],"picked":"Heavy Blade","floor":35},{"not_picked":["Hemokinesis+1","Shrug It Off"],"picked":"Warcry+1","floor":39},{"not_picked":["Anger+1","Flex","StSpp:Sprint+1"],"picked":"SKIP","floor":39}],"player_experience":179077,"relics_obtained":[{"floor":7,"key":"Oddly Smooth Stone"},{"floor":9,"key":"Red Skull"},{"floor":10,"key":"MealTicket"},{"floor":17,"key":"Nunchaku"},{"floor":17,"key":"InkBottle"},{"floor":17,"key":"Peace Pipe"},{"floor":24,"key":"StSpp:SailingBoat"},{"floor":26,"key":"Bottled Flame"},{"floor":28,"key":"War Paint"},{"floor":30,"key":"Whetstone"},{"floor":32,"key":"Potion Belt"},{"floor":38,"key":"Prayer Wheel"},{"floor":40,"key":"REME_PuzzleBoxRelic"}],"event_choices":[{"cards_removed":["Strike_R"],"damage_healed":0,"gold_gain":0,"player_choice":"Card Removal","damage_taken":0,"max_hp_gain":0,"max_hp_loss":0,"event_name":"The Cleric","floor":3,"gold_loss":50},{"damage_healed":0,"gold_gain":0,"player_choice":"2 cards matched","damage_taken":0,"max_hp_gain":0,"max_hp_loss":0,"event_name":"Match and Keep!","floor":4,"gold_loss":0,"cards_obtained":["REME_ShortnessOfBreath","Fiend Fire"]},{"damage_healed":0,"gold_gain":0,"player_choice":"Ignored","damage_taken":0,"max_hp_gain":0,"max_hp_loss":0,"event_name":"Vampires","floor":19,"gold_loss":0},{"damage_healed":0,"gold_gain":0,"player_choice":"Shed Blood","damage_taken":19,"max_hp_gain":5,"max_hp_loss":0,"event_name":"Forgotten Altar","floor":20,"gold_loss":0},{"cards_removed":["Strike_R"],"damage_healed":0,"gold_gain":0,"player_choice":"Gave Gold","damage_taken":0,"max_hp_gain":0,"max_hp_loss":0,"event_name":"Beggar","floor":27,"gold_loss":75},{"cards_removed":["REME_Cut"],"damage_healed":0,"gold_gain":0,"player_choice":"Removed Power","damage_taken":0,"max_hp_gain":0,"max_hp_loss":0,"event_name":"Falling","floor":36,"gold_loss":0},{"damage_healed":0,"gold_gain":0,"player_choice":"Ignored","damage_taken":0,"max_hp_gain":0,"max_hp_loss":0,"event_name":"Tomb of Lord Red Mask","floor":37,"gold_loss":0},{"damage_healed":0,"gold_gain":0,"player_choice":"Fight","damage_taken":0,"max_hp_gain":0,"max_hp_loss":0,"event_name":"MindBloom","floor":38,"gold_loss":0}],"is_beta":false,"boss_relics":[{"not_picked":["SacredBark","Busted Crown"],"picked":"Calling Bell"},{"not_picked":["Empty Cage","StSpp:Balance"],"picked":"Astrolabe"}],"items_purged_floors":[],"is_endless":false,"potions_floor_spawned":[5,7,10,12,16,22,24,28,31,38],"killed_by":"Reptomancer","ascension_level":2}}