{"host":"fbdlh90rovbiajun","time":1613972497,"event":{"mods":["AchievementEnabler","BaseMod","Colored Map","Keyboard Shortcuts","Minty Spire (QoL Compilation)","SuperFastMode"],"gold_per_floor":[118,118,118,48,123,123,123,123,198,223,266,291,316,3,3,137,137,151,151,160,181,209,209,234,234,234,249,259,259,268,306,318,434,446,468,498,510,522,522],"floor_reached":38,"language":"KOR","playtime":1352,"items_purged":["Defend_P"],"score":566,"play_id":"7d7c056a-304d-4240-9e06-8f35674bf747","local_time":"20210222144137","is_ascension_mode":true,"campfire_choices":[{"data":"Eruption","floor":6.0,"key":"SMITH"},{"floor":8.0,"key":"REST"},{"data":"Adaptation","floor":15.0,"key":"SMITH"},{"data":"MentalFortress","floor":23.0,"key":"SMITH"},{"data":"Vigilance","floor":25.0,"key":"SMITH"},{"data":"Vault","floor":29.0,"key":"SMITH"},{"floor":32,"key":"REST"}],"circlet_count":0,"master_deck":["Strike_P+1","Strike_P+1","Strike_P+1","Defend_P","Defend_P+1","Defend_P","Eruption+1","Vigilance+1","Adaptation+1","MentalFortress+1","Vault+1","LikeWater","InnerPeace","FearNoEvil+1","TalkToTheHand","FlurryOfBlows+1","Madness","Madness"],"relics":["PureWater","NeowsBlessing","Bloody Idol","Question Card","CeramicFish","Letter Opener","VioletLotus","Whetstone","Bottled Flame","MawBank","Black Star"],"acts_visited":["Exordium","TheCity","TheBeyond"],"potions_floor_usage":[33,33],"damage_taken":[{"damage":0.0,"enemies":"2 Louse","floor":1.0,"turns":1.0},{"damage":0.0,"enemies":"Jaw Worm","floor":10.0,"turns":1.0},{"damage":0.0,"enemies":"Gremlin Nob","floor":11.0,"turns":1.0},{"damage":0.0,"enemies":"Cultist","floor":12.0,"turns":2.0},{"damage":2.0,"enemies":"Exordium Wildlife","floor":13.0,"turns":4.0},{"damage":32.0,"enemies":"Hexaghost","floor":16.0,"turns":10.0},{"damage":15.0,"enemies":"Chosen","floor":18.0,"turns":5.0},{"damage":0.0,"enemies":"3 Byrds","floor":21.0,"turns":4.0},{"damage":18.0,"enemies":"Snake Plant","floor":22.0,"turns":6.0},{"damage":7.0,"enemies":"Book of Stabbing","floor":24.0,"turns":6.0},{"damage":17.0,"enemies":"Chosen and Byrds","floor":27.0,"turns":9.0},{"damage":15.0,"enemies":"Centurion and Healer","floor":28.0,"turns":8.0},{"damage":18,"enemies":"Gremlin Leader","floor":31,"turns":8},{"damage":44,"enemies":"Collector","floor":33,"turns":9},{"damage":10,"enemies":"Orb Walker","floor":35,"turns":6},{"damage":79,"enemies":"Awakened One","floor":38,"turns":4}],"seed_played":"8876632233219149198","potions_obtained":[{"floor":1.0,"key":"Ancient Potion"},{"floor":10.0,"key":"Explosive Potion"},{"floor":18.0,"key":"AttackPotion"},{"floor":22.0,"key":"BottledMiracle"},{"floor":28.0,"key":"BottledMiracle"}],"is_trial":false,"path_per_floor":["M","?","?","$","?","R","$","R","T","M","E","M","M","$","R","B",null,"M","?","?","M","M","R","E","R","T","M","M","R","?","E","R","B",null,"M","?","?","B"],"character_chosen":"WATCHER","items_purchased":["Adaptation","Letter Opener"],"campfire_rested":2,"item_purchase_floors":[4,14],"current_hp_per_floor":[65,51,33,33,22,22,22,43,43,43,43,43,41,41,41,9,56,41,41,46,56,48,48,46,46,46,34,24,24,29,21,47,13,59,59,65,70,0,0],"gold":522,"neow_bonus":"THREE_ENEMY_KILL","is_daily":false,"chose_seed":false,"campfire_upgraded":5,"win_rate":0.0,"timestamp":1613972497,"path_taken":["M","?","?","$","?","R","?","R","T","M","E","M","M","$","R","BOSS","M","?","?","M","M","R","E","R","T","M","?","R","?","E","R","BOSS","M","?","?","BOSS"],"items_purchased_type":["Card","Relic"],"build_version":"2020-12-22","purchased_purges":1,"victory":false,"max_hp_per_floor":[72,72,72,72,72,72,72,72,72,72,72,72,72,72,72,72,72,72,72,72,72,72,72,72,72,72,72,72,72,72,72,72,72,72,72,72,72,72,72],"card_choices":[{"not_picked":["SignatureMove","WaveOfTheHand","Pray"],"picked":"SKIP","floor":1.0},{"not_picked":["Fasting2","FlurryOfBlows","BowlingBash","JustLucky"],"picked":"SKIP","floor":10.0},{"not_picked":["Sanctity","FollowUp","Wish","Consecrate"],"picked":"SKIP","floor":11.0},{"not_picked":["Weave","ClearTheMind","Protect"],"picked":"MentalFortress","floor":12.0},{"not_picked":["CutThroughFate","ClearTheMind","Prostrate","Perseverance"],"picked":"SKIP","floor":13.0},{"not_picked":["DevaForm","Wish","LessonLearned"],"picked":"Vault","floor":16.0},{"not_picked":["CrushJoints","Crescendo","ThirdEye+1","JustLucky"],"picked":"SKIP","floor":18.0},{"not_picked":["EmptyFist+1","Conclude","SashWhip+1"],"picked":"InnerPeace","floor":21.0},{"not_picked":["ThirdEye","FlyingSleeves","Vengeance"],"picked":"FearNoEvil+1","floor":22.0},{"not_picked":["FearNoEvil+1","ReachHeaven","JustLucky","CutThroughFate"],"picked":"SKIP","floor":24.0},{"not_picked":["ForeignInfluence","BowlingBash","MentalFortress","Tantrum+1"],"picked":"SKIP","floor":27.0},{"not_picked":["InnerPeace","Devotion","Evaluate+1","ThirdEye+1"],"picked":"SKIP","floor":28.0},{"not_picked":["EmptyFist+1","Scrawl","CrushJoints+1"],"picked":"FlurryOfBlows+1","floor":31},{"not_picked":["Wireheading","CutThroughFate","BowlingBash+1","EmptyBody+1"],"picked":"SKIP","floor":35}],"player_experience":117179,"relics_obtained":[{"floor":9.0,"key":"Question Card"},{"floor":11.0,"key":"CeramicFish"},{"floor":24.0,"key":"Whetstone"},{"floor":26.0,"key":"Bottled Flame"},{"floor":31,"key":"MawBank"}],"event_choices":[{"damage_healed":0.0,"max_hp_gain":0.0,"max_hp_loss":0.0,"gold_gain":0.0,"event_name":"Shining Light","player_choice":"Entered Light","floor":2.0,"gold_loss":0.0,"damage_taken":14.0,"cards_upgraded":["Defend_P","Strike_P"]},{"damage_healed":0.0,"max_hp_gain":0.0,"max_hp_loss":0.0,"gold_gain":0.0,"event_name":"Golden Idol","player_choice":"Take Damage","floor":3.0,"gold_loss":0.0,"damage_taken":18.0,"relics_obtained":["Golden Idol"]},{"damage_healed":0.0,"max_hp_gain":0.0,"max_hp_loss":0.0,"gold_gain":75.0,"event_name":"World of Goop","player_choice":"Gather Gold","floor":5.0,"gold_loss":0.0,"damage_taken":11.0},{"damage_healed":0.0,"max_hp_gain":0.0,"max_hp_loss":0.0,"gold_gain":0.0,"event_name":"Forgotten Altar","player_choice":"Gave Idol","floor":19.0,"relics_lost":["Golden Idol"],"gold_loss":0.0,"damage_taken":0.0,"relics_obtained":["Bloody Idol"]},{"damage_healed":0.0,"max_hp_gain":0.0,"max_hp_loss":0.0,"gold_gain":0.0,"cards_transformed":["Strike_P"],"event_name":"Transmorgrifier","player_choice":"Transformed","floor":20.0,"gold_loss":0.0,"damage_taken":0.0,"cards_obtained":["LikeWater"]},{"damage_healed":0.0,"max_hp_gain":0.0,"max_hp_loss":0.0,"gold_gain":0.0,"event_name":"The Library","player_choice":"Read","floor":30.0,"gold_loss":0.0,"damage_taken":0.0,"cards_obtained":["TalkToTheHand"]},{"damage_healed":0,"gold_gain":0,"player_choice":"Embrace Madness","damage_taken":9,"max_hp_gain":0,"max_hp_loss":0,"event_name":"Winding Halls","floor":36,"gold_loss":0,"cards_obtained":["Madness","Madness"]},{"damage_healed":0,"gold_gain":0,"player_choice":"Took Portal","damage_taken":0,"max_hp_gain":0,"max_hp_loss":0,"event_name":"SecretPortal","floor":37,"gold_loss":0}],"is_beta":false,"boss_relics":[{"not_picked":["Philosopher\u0027s Stone","Astrolabe"],"picked":"VioletLotus"},{"not_picked":["Cursed Key","Velvet Choker"],"picked":"Black Star"}],"items_purged_floors":[14],"is_endless":false,"potions_floor_spawned":[1,10,18,22,28,31],"killed_by":"Awakened One","ascension_level":6}}