{"host":"gaqyve1328ta0etl","time":1613990603,"event":{"mods":["BaseMod","Colored Map","Colored Powertips","Duelist Mod","Googly Eyes","Hero for Fun","Minty Spire (QoL Compilation)","Shop Mod","StSLib","SuperFastMode","The Hierophant","The Runesmith"],"gold_per_floor":[137,147,161,62,72,72,106,106,131,131,147,147,162,187,187,259,259,270,287,302,320,330,330,356,356,356,375,239,57,67,86,86,163,163,175,175,175,25,45,45,45,45,70,90,108,108,142,155,155,155,155,155],"floor_reached":51,"language":"ENG","playtime":1591,"items_purged":["theDuelist:Sparks","theDuelist:CastleWalls","theDuelist:CastleWalls","theDuelist:Sparks"],"score":1426,"play_id":"7f0ea797-6e66-47ee-aa31-7d786edf5bf4","local_time":"20210222024323","is_ascension_mode":true,"campfire_choices":[{"data":"theDuelist:PsychicShockwave","floor":6,"key":"SMITH"},{"floor":10,"key":"REST"},{"floor":12,"key":"REST"},{"floor":15,"key":"REST"},{"floor":23,"key":"REST"},{"floor":25,"key":"REST"},{"floor":32,"key":"REST"},{"floor":40,"key":"REST"},{"data":"theDuelist:FluteKuriboh","floor":42,"key":"SMITH"},{"floor":46,"key":"REST"},{"floor":49,"key":"REST"}],"circlet_count":0,"master_deck":["AscendersBane","theDuelist:BeaverWarrior","theDuelist:BeaverWarrior","theDuelist:FinalFlame","theDuelist:GiantSoldier","theDuelist:GiantSoldier","theDuelist:ScrapFactory","theDuelist:SpiralSpearStrike","theDuelist:PsychicShockwave","theDuelist:GridRod","theDuelist:RainbowNeos","theDuelist:PsychicShockwave+1","theDuelist:Blockman","theDuelist:HappyLover","theDuelist:FusionWeapon","theDuelist:KamionTimelord","theDuelist:KamionTimelord","theDuelist:MillenniumShield","theDuelist:BattleFootballer","theDuelist:FluteKuriboh+1","theDuelist:Mudora+1","theDuelist:RainbowKuriboh","theDuelist:Reinforcements"],"relics":["theDuelist:MillenniumPuzzle","theDuelist:CardPoolRelic","theDuelist:CardPoolBasicRelic","theDuelist:BoosterPackPoolRelic","theDuelist:CardPoolAddRelic","theDuelist:CardPoolMinusRelic","theDuelist:CardPoolSaveRelic","theDuelist:CardPoolOptionsRelic","Red Skull","Tiny Chest","theDuelist:ZoneToken","theDuelist:MetronomeRelicB","Boot","Busted Crown","Ancient Tea Set","HornCleat","Sozu","StrikeDummy","Lantern","Turnip"],"acts_visited":["Exordium","TheCity","TheBeyond"],"potions_floor_usage":[13,22,30,51],"damage_taken":[{"damage":2,"enemies":"2 Louse","floor":1,"turns":2},{"damage":0,"enemies":"Cultist","floor":2,"turns":3},{"damage":2,"enemies":"Jaw Worm","floor":3,"turns":3},{"damage":9,"enemies":"2 Fungi Beasts","floor":5,"turns":3},{"damage":29,"enemies":"Gremlin Nob","floor":7,"turns":4},{"damage":7,"enemies":"Blue Slaver","floor":11,"turns":2},{"damage":0,"enemies":"Gremlin Gang","floor":13,"turns":3},{"damage":14,"enemies":"3 Sentries","floor":14,"turns":7},{"damage":7,"enemies":"The Guardian","floor":16,"turns":8},{"damage":1,"enemies":"2 Thieves","floor":18,"turns":3},{"damage":4,"enemies":"3 Byrds","floor":19,"turns":4},{"damage":17,"enemies":"Centurion and Healer","floor":20,"turns":3},{"damage":10,"enemies":"Sentry and Sphere","floor":21,"turns":4},{"damage":0,"enemies":"3 Cultists","floor":22,"turns":3},{"damage":29,"enemies":"Book of Stabbing","floor":24,"turns":5},{"damage":4,"enemies":"Centurion and Healer","floor":27,"turns":3},{"damage":24,"enemies":"Shelled Parasite and Fungi","floor":30,"turns":4},{"damage":8,"enemies":"Snake Plant","floor":31,"turns":3},{"damage":0,"enemies":"Collector","floor":33,"turns":6},{"damage":7,"enemies":"3 Darklings","floor":35,"turns":5},{"damage":9,"enemies":"3 Shapes","floor":39,"turns":5},{"damage":24,"enemies":"Writhing Mass","floor":44,"turns":5},{"damage":0,"enemies":"Sphere and 2 Shapes","floor":45,"turns":3},{"damage":24,"enemies":"Giant Head","floor":47,"turns":6},{"damage":12,"enemies":"Maw","floor":48,"turns":6},{"damage":41,"enemies":"Donu and Deca","floor":50,"turns":9},{"damage":6,"enemies":"Awakened One","floor":51,"turns":1}],"seed_played":"-462484350711294398","potions_obtained":[{"floor":5,"key":"SkillPotion"},{"floor":16,"key":"theDuelist:SealedPackC"},{"floor":19,"key":"theDuelist:BurningPotionB"},{"floor":22,"key":"theDuelist:BurningPotionB"}],"is_trial":false,"path_per_floor":["M","M","M","$","M","R","E","?","T","R","M","R","M","E","R","B",null,"M","M","M","M","M","R","E","R","T","M","$","$","M","M","R","B",null,"M","T","?","$","M","R","$","R","T","M","M","R","E","M","R","B","B"],"character_chosen":"THE_DUELIST","items_purchased":["theDuelist:RainbowNeos","theDuelist:BattleFootballer","theDuelist:FluteKuriboh"],"campfire_rested":9,"item_purchase_floors":[4,28,29],"current_hp_per_floor":[61,61,59,59,50,50,21,13,13,34,27,48,48,34,55,48,65,64,60,43,33,33,54,25,46,46,42,42,42,18,10,31,31,60,53,53,53,53,44,65,65,65,65,41,41,62,38,26,47,6,0,0],"gold":155,"neow_bonus":"RANDOM_COMMON_RELIC","is_daily":false,"chose_seed":false,"campfire_upgraded":2,"win_rate":0.0,"timestamp":1613990603,"path_taken":["M","M","M","$","M","R","E","?","T","R","M","R","M","E","R","BOSS","M","M","?","M","M","R","E","R","T","M","?","$","M","M","R","BOSS","M","?","?","$","M","R","?","R","T","M","M","R","E","M","R","BOSS","BOSS"],"items_purchased_type":["Card","Card","Card"],"build_version":"2020-12-22","purchased_purges":4,"victory":false,"max_hp_per_floor":[70,70,70,70,70,70,70,70,70,70,70,70,70,70,70,70,70,70,70,70,70,70,70,70,70,70,70,70,70,70,70,70,70,70,70,70,70,70,70,70,70,70,70,70,70,70,70,70,70,70,70,70],"card_choices":[{"not_picked":["theDuelist:PsychicShockwave","theDuelist:SangaEarth","theDuelist:LegendHeart","theDuelist:MagicalStone"],"picked":"theDuelist:SpiralSpearStrike","floor":1},{"not_picked":["theDuelist:SilentDoom","theDuelist:PreventRat","theDuelist:PowerKaishin","theDuelist:WhiteNinja"],"picked":"theDuelist:PsychicShockwave","floor":2},{"not_picked":["theDuelist:FeatherShot","theDuelist:SevenCompleted","theDuelist:SwordsConcealing","theDuelist:Wildfire"],"picked":"theDuelist:GridRod","floor":3},{"not_picked":[],"picked":"theDuelist:PsychicShockwave","floor":5},{"not_picked":["theDuelist:Fissure","theDuelist:MudragonSwamp","theDuelist:WormKing","theDuelist:FuryFire"],"picked":"theDuelist:Blockman","floor":7},{"not_picked":["theDuelist:Eva","theDuelist:KamionTimelord","theDuelist:RainbowNeos","theDuelist:RainbowOverdragon"],"picked":"theDuelist:HappyLover","floor":11},{"not_picked":["theDuelist:DoubleTool","theDuelist:Eva","theDuelist:RainbowNeos","theDuelist:PowerKaishin"],"picked":"theDuelist:FusionWeapon","floor":13},{"not_picked":["theDuelist:RainbowNeos","theDuelist:MagnumShield","theDuelist:WormApocalypse","theDuelist:DoubleTool","theDuelist:PowerKaishin"],"picked":"SKIP","floor":14},{"not_picked":["theDuelist:MillenniumShield","theDuelist:ForbiddenLance","theDuelist:Raigeki","theDuelist:SwordsRevealing"],"picked":"theDuelist:KamionTimelord","floor":16},{"not_picked":["theDuelist:MythicalBeast","theDuelist:WhiteNinja"],"picked":"theDuelist:KamionTimelord","floor":18},{"not_picked":["theDuelist:DoubleTool","theDuelist:SangaEarth","theDuelist:FusionWeapon"],"picked":"SKIP","floor":19},{"not_picked":["theDuelist:Tuningware","theDuelist:WhiteMagicalHat","theDuelist:WormApocalypse"],"picked":"SKIP","floor":20},{"not_picked":["theDuelist:GridRod","theDuelist:PineappleBlast","theDuelist:SevenCompleted"],"picked":"SKIP","floor":21},{"not_picked":["theDuelist:InfernoFireBlast","theDuelist:SpiralSpearStrike","theDuelist:Predaponics"],"picked":"SKIP","floor":22},{"not_picked":["theDuelist:InsectMetronome","theDuelist:OverflowMetronome+1","theDuelist:Metronome"],"picked":"SKIP","floor":24},{"not_picked":["theDuelist:BattleFootballer","theDuelist:FeatherShot"],"picked":"theDuelist:MillenniumShield","floor":27},{"not_picked":["theDuelist:Hinotama","theDuelist:MudragonSwamp"],"picked":"theDuelist:Mudora+1","floor":30},{"not_picked":["theDuelist:DoubleTool","theDuelist:RainbowNeos","theDuelist:MagnumShield"],"picked":"SKIP","floor":31},{"not_picked":["theDuelist:HappyLover","theDuelist:RainbowNeos"],"picked":"theDuelist:RainbowKuriboh","floor":33},{"not_picked":["theDuelist:RainbowNeos+1","theDuelist:DoubleTool","theDuelist:VendreadCharge"],"picked":"SKIP","floor":35},{"not_picked":["theDuelist:Eva","theDuelist:KamionTimelord+1","theDuelist:RainbowNeos"],"picked":"SKIP","floor":39},{"not_picked":["theDuelist:Eva","theDuelist:HappyLover","theDuelist:RainbowNeos"],"picked":"SKIP","floor":44},{"not_picked":["theDuelist:DoubleTool+1","theDuelist:WormApocalypse"],"picked":"theDuelist:Reinforcements","floor":45},{"not_picked":["theDuelist:FeatherShot","theDuelist:Raigeki","theDuelist:SwordsConcealing+1"],"picked":"SKIP","floor":47},{"not_picked":["theDuelist:StartingDeckMetronome"],"picked":"SKIP","floor":48}],"player_experience":2245325,"relics_obtained":[{"floor":7,"key":"Tiny Chest"},{"floor":9,"key":"theDuelist:MetronomeRelicB"},{"floor":14,"key":"Boot"},{"floor":24,"key":"Ancient Tea Set"},{"floor":26,"key":"HornCleat"},{"floor":36,"key":"StrikeDummy"},{"floor":43,"key":"Lantern"},{"floor":47,"key":"Turnip"}],"event_choices":[{"damage_healed":0,"gold_gain":0,"player_choice":"Dig - random Duelist relic","duelist":true,"damage_taken":0,"max_hp_gain":0,"max_hp_loss":0,"event_name":"Aknamkanon\u0027s Tomb","floor":8,"gold_loss":0},{"damage_healed":0,"gold_gain":0,"player_choice":"Memory 1","damage_taken":0,"max_hp_gain":0,"max_hp_loss":0,"event_name":"SensoryStone","floor":37,"gold_loss":0}],"is_beta":false,"boss_relics":[{"not_picked":["theDuelist:MillenniumKey","Astrolabe"],"picked":"Busted Crown"},{"not_picked":["HoveringKite","Black Star"],"picked":"Sozu"}],"items_purged_floors":[4,28,29,38],"is_endless":false,"potions_floor_spawned":[5,16,19,20,22,24,27,35,47],"killed_by":"Awakened One","ascension_level":20}}