{"host":"8akdrwfmzu5ai7mr","time":1613975294,"event":{"mods":["BaseMod","Colored Powertips","Decade(Õı–°√˜)","Downfall","Marisa£®ÏF”Í°°ƒß¿Ì…≥£©","Minty Spire (QoL Compilation)","Quick Restart","Reimu£®≤©¿ˆ¡È√Œ£©","Replay The Spire","StSLib","The Administrix","The Runesmith","The Servant 0.9.4","°æ“≈ŒÔø®≈∆°øREMEMod"],"gold_per_floor":[117,135,147,22,22,51,51,69,69,80,108,108,119,34,34,136,136,151,151,114,124,124,124,124],"floor_reached":23,"language":"ZHS","playtime":2512,"items_purged":[],"score":226,"play_id":"c54d4fda-72ff-4f7c-bc7c-11d6111999a6","local_time":"20210222142814","is_ascension_mode":false,"campfire_choices":[{"data":"MasterReality","floor":7,"key":"SMITH"},{"floor":12,"key":"REST"}],"circlet_count":0,"master_deck":["AdministrixMod:Strike_Administrix","AdministrixMod:Strike_Administrix","AdministrixMod:Strike_Administrix","AdministrixMod:Strike_Administrix","AdministrixMod:RedCloak","AdministrixMod:Defend_Administrix","AdministrixMod:Defend_Administrix","AdministrixMod:Defend_Administrix","AdministrixMod:Defend_Administrix","AdministrixMod:BlueCloak","MasterReality+1","REME_ShortnessOfBreath","AdministrixMod:SealAway","AdministrixMod:PassageOfAges","AdministrixMod:ImmortalGrace","AdministrixMod:Convergence","AdministrixMod:SipOfSparks","AdministrixMod:PlateOfAntiquity","AdministrixMod:HiddenPower","AdministrixMod:NewWardrobe","AdministrixMod:JustRewards","AdministrixMod:TrickOfTheLight","Enlightenment","AdministrixMod:FaithfulFlames","AdministrixMod:SyncreticPlunge+1","AdministrixMod:BegetEternity","AdministrixMod:FiendishCrimson"],"relics":["AdministrixMod:ConductorRitualBaton","REME_ComplimentaryCards","Replay:WaspNest","Question Card","Bottled Tornado","REME_DuelDisc"],"acts_visited":["Exordium","TheCity"],"potions_floor_usage":[11,11,16,16,18,21],"damage_taken":[{"damage":0,"enemies":"Cultist","floor":1,"turns":3},{"damage":7,"enemies":"Small Slimes","floor":2,"turns":4},{"damage":11,"enemies":"2 Louse","floor":3,"turns":2},{"damage":0,"enemies":"Lagavulin","floor":6,"turns":6},{"damage":7,"enemies":"Blue Slaver","floor":8,"turns":3},{"damage":9,"enemies":"Exordium Wildlife","floor":10,"turns":4},{"damage":29,"enemies":"Gremlin Nob","floor":11,"turns":5},{"damage":4,"enemies":"3 Louse","floor":13,"turns":2},{"damage":8,"enemies":"Hexaghost","floor":16,"turns":9},{"damage":26,"enemies":"Spheric Guardian","floor":18,"turns":5},{"damage":14,"enemies":"2 Thieves","floor":21,"turns":4},{"damage":53,"enemies":"Slavers","floor":23,"turns":3}],"seed_played":"4894929299713533910","potions_obtained":[{"floor":6,"key":"DuplicationPotion"},{"floor":8,"key":"SpeedPotion"},{"floor":13,"key":"Explosive Potion"},{"floor":15,"key":"ColorlessPotion"},{"floor":15,"key":"Explosive Potion"},{"floor":16,"key":"Adrenaline Potion"},{"floor":18,"key":"Elixir"},{"floor":21,"key":"Ancient Potion"}],"is_trial":false,"path_per_floor":["M","M","M","$","?","E","R","M","T","M","E","R","M","$","R","B",null,"M","?","$","M","?","E"],"character_chosen":"TheAdministrix","items_purchased":["AdministrixMod:Convergence","AdministrixMod:SipOfSparks","Enlightenment","AdministrixMod:BegetEternity"],"campfire_rested":1,"item_purchase_floors":[4,4,14,20],"current_hp_per_floor":[65,58,47,47,47,47,47,40,40,31,2,21,17,17,17,9,65,39,39,39,25,46,0,0],"gold":124,"neow_bonus":"RANDOM_COLORLESS","is_daily":false,"chose_seed":false,"campfire_upgraded":1,"win_rate":0.0,"timestamp":1613975294,"path_taken":["M","M","M","?","?","E","R","M","T","?","E","R","M","$","R","BOSS","M","?","$","M","?","E"],"items_purchased_type":["Card","Card","Card","Card"],"build_version":"2020-12-22","purchased_purges":0,"victory":false,"max_hp_per_floor":[65,65,65,65,65,65,65,65,65,65,65,65,65,65,65,65,65,65,65,65,65,65,65,65],"card_choices":[{"not_picked":["ReplayTheSpireMod:Private Reserves","Replay:Parry"],"picked":"REME_ShortnessOfBreath","floor":0},{"not_picked":["AdministrixMod:BloodBargain","AdministrixMod:FuneraryRites"],"picked":"AdministrixMod:SealAway","floor":1},{"not_picked":["AdministrixMod:CenturiesAscent","AdministrixMod:GirlsDoItBetter"],"picked":"AdministrixMod:PassageOfAges","floor":2},{"not_picked":["AdministrixMod:BloodBargain","AdministrixMod:LightOfYourLife"],"picked":"AdministrixMod:ImmortalGrace","floor":3},{"not_picked":["AdministrixMod:SipOfSparks","AdministrixMod:BloodlessSapphire"],"picked":"AdministrixMod:PlateOfAntiquity","floor":6},{"not_picked":["AdministrixMod:PassageOfAges","AdministrixMod:DiversionaryTactic"],"picked":"AdministrixMod:HiddenPower","floor":8},{"not_picked":["AdministrixMod:ExtolVirtue","AdministrixMod:BloodBargain","AdministrixMod:SealAway"],"picked":"AdministrixMod:NewWardrobe","floor":10},{"not_picked":["AdministrixMod:Transition","AdministrixMod:PassageOfAges","AdministrixMod:QuietConspiracy"],"picked":"AdministrixMod:JustRewards","floor":11},{"not_picked":["AdministrixMod:PlateOfAntiquity","AdministrixMod:RebukeDesires","AdministrixMod:CastOffRegrets"],"picked":"AdministrixMod:TrickOfTheLight","floor":13},{"not_picked":["AdministrixMod:Mastermind","AdministrixMod:FalseDeath","AdministrixMod:LuminaryPath"],"picked":"AdministrixMod:FaithfulFlames","floor":16},{"not_picked":["AdministrixMod:CenturiesAscent","AdministrixMod:MixOfMercury","AdministrixMod:SipOfSparks+1"],"picked":"AdministrixMod:SyncreticPlunge+1","floor":18},{"not_picked":["AdministrixMod:Convergence+1","AdministrixMod:HiddenPower","AdministrixMod:TouchOfCinnabar"],"picked":"AdministrixMod:FiendishCrimson","floor":21}],"player_experience":117744,"relics_obtained":[{"floor":6,"key":"Replay:WaspNest"},{"floor":9,"key":"Question Card"},{"floor":11,"key":"Bottled Tornado"}],"event_choices":[{"damage_healed":0,"gold_gain":0,"player_choice":"Ignored","damage_taken":0,"max_hp_gain":0,"max_hp_loss":0,"event_name":"NoteForYourself","floor":5,"gold_loss":0},{"damage_healed":0,"gold_gain":0,"player_choice":"Ignored","damage_taken":0,"max_hp_gain":0,"max_hp_loss":0,"event_name":"Vampires","floor":19,"gold_loss":0},{"damage_healed":21,"gold_gain":0,"player_choice":"Heal","damage_taken":0,"max_hp_gain":0,"max_hp_loss":0,"event_name":"The Library","floor":22,"gold_loss":0}],"is_beta":false,"boss_relics":[{"not_picked":["REME_DemonsWealth","Snecko Eye"],"picked":"REME_DuelDisc"}],"items_purged_floors":[],"is_endless":false,"potions_floor_spawned":[6,8,13,16,18,21],"killed_by":"Slavers","ascension_level":0}}