{"host":"df48i9djcn92c5sx","time":1613970500,"event":{"mods":["Act Like it!","Arknights","BaseMod","Decade(王小明)","Downfall","Gensokyo","Marisa（F雨　魔理沙）","Minty Spire (QoL Compilation)","READ ME - Guardian Mod","READ ME - Snecko Mod","Reimu（博丽灵梦）","Remilia（蕾米莉亚）","Shop Mod","StSLib","The Jungle","The Servant 0.9.4"],"gold_per_floor":[110,122,122,142,48,48,83,83,109,134,134,134,134,134],"floor_reached":13,"language":"ZHS","playtime":323,"items_purged":[],"score":164,"play_id":"ae960c91-01ff-480d-b33e-f852f9f29118","local_time":"20210222130820","is_ascension_mode":true,"campfire_choices":[{"data":"Sunder","floor":6,"key":"SMITH"},{"data":"Storm","floor":8,"key":"SMITH"},{"data":"Force Field","floor":12,"key":"SMITH"}],"circlet_count":0,"master_deck":["AscendersBane","Strike_B","Strike_B","Strike_B","Defend_B","Defend_B","Defend_B","Defend_B","Zap","Dualcast","Capacitor","Sunder+1","Force Field+1","Storm+1","Ball Lightning","Capacitor"],"relics":["Cracked Core","NeowsBlessing","Juzu Bracelet","Bird Faced Urn","Happy Flower","DataDisk"],"acts_visited":["Exordium"],"potions_floor_usage":[7,10,13],"damage_taken":[{"damage":0.0,"enemies":"Cultist","floor":1.0,"turns":1.0},{"damage":0.0,"enemies":"Small Slimes","floor":2.0,"turns":1.0},{"damage":0,"enemies":"2 Louse","floor":4,"turns":1},{"damage":28,"enemies":"Gremlin Nob","floor":7,"turns":4},{"damage":23,"enemies":"3 Sentries","floor":10,"turns":7},{"damage":26,"enemies":"Gremlin Nob","floor":13,"turns":3}],"seed_played":"-3899894757079088080","potions_obtained":[{"floor":2.0,"key":"GamblersBrew"},{"floor":4,"key":"SpeedPotion"},{"floor":10,"key":"DuplicationPotion"}],"is_trial":false,"path_per_floor":["M","M","?","M","$","R","E","R","T","E","?","R","E"],"character_chosen":"DEFECT","items_purchased":["Storm","Ball Lightning"],"campfire_rested":0,"item_purchase_floors":[5,5],"current_hp_per_floor":[64,64,53,53,53,53,25,25,25,8,8,8,0,0],"gold":134,"neow_bonus":"THREE_ENEMY_KILL","is_daily":false,"chose_seed":false,"campfire_upgraded":3,"win_rate":0.0,"timestamp":1613970500,"path_taken":["M","?","?","M","$","R","E","R","T","E","?","R","E"],"items_purchased_type":["Card","Card"],"build_version":"2020-12-22","purchased_purges":0,"victory":false,"max_hp_per_floor":[71,71,71,71,71,71,71,71,71,71,71,71,71,71],"card_choices":[{"not_picked":["Hologram","Redo"],"picked":"Capacitor","floor":1.0},{"not_picked":["Streamline","Hologram"],"picked":"Sunder","floor":2.0},{"not_picked":["Gash","Go for the Eyes"],"picked":"Force Field","floor":4},{"not_picked":["Gash","Steam Power"],"picked":"Capacitor","floor":7},{"not_picked":["Force Field","Beam Cell","Double Energy"],"picked":"SKIP","floor":10}],"player_experience":1608220,"relics_obtained":[{"floor":7,"key":"Bird Faced Urn"},{"floor":9,"key":"Happy Flower"},{"floor":10,"key":"DataDisk"}],"event_choices":[{"damage_healed":0,"gold_gain":0,"player_choice":"Success","damage_taken":11,"relics_obtained":["Juzu Bracelet"],"max_hp_gain":0,"max_hp_loss":0,"event_name":"Scrap Ooze","floor":3,"gold_loss":0},{"cards_removed":["Strike_B"],"damage_healed":0,"gold_gain":0,"player_choice":"Purged","damage_taken":0,"max_hp_gain":0,"max_hp_loss":0,"event_name":"Purifier","floor":11,"gold_loss":0}],"is_beta":false,"boss_relics":[],"items_purged_floors":[],"is_endless":false,"potions_floor_spawned":[2,4,10],"killed_by":"Gremlin Nob","ascension_level":16}}