{"host":"w1l5t0a1l2lkq6my","time":1613973019,"event":{"mods":["100% Spire Juice","Bartender","BaseMod","Better Match","KinomotoSakuraMod(ñÿîVñ{?)","Lobotomy","LobotomyExtend","Magitek Elite","MarisaÅiñ∂âJÅ@ñÇóùçπÅj","Minty Spire (QoL Compilation)","Shapeshifter Mod","StSLib","The Animator","The Gatherer","The Senshi","Yuyuko"],"gold_per_floor":[118,118,135,148,160,195,195,195,219,219,219,239,166,192,204,314,326,338,361,392,419,449,461,499,511,523,550,562,674,711,723,723],"floor_reached":31,"language":"ENG","playtime":2050,"items_purged":[],"score":299,"play_id":"66ea7cde-faaf-4dfa-847d-1b588252a310","local_time":"20210221225019","is_ascension_mode":true,"campfire_choices":[],"circlet_count":0,"master_deck":["SpecialBullet","SpecialBullet","SpecialBullet","SpecialBullet","SpecialBullet","SpecialBullet","SpecialBullet","SpecialBullet","InformationCode","SecurityCode","CentralCode","Moonlight","Spore","TodaysExpression","GreenStem","Diffraction","TheSmile","Moonlight+1","DisciplinaryCode","SpecialBullet"],"relics":["CogitoBucket","Happy Flower","RabbitCall","LetterFromLob","Guard_Bracelet","Tiny Chest","Strawberry","MagicBullet_r","BackwardClock","MawBank","Silver_Glasses","LaetitiaHeart","Gremlin Horn","Mummified Hand","Shovel","Shuriken","Omamori"],"acts_visited":["Exordium","TheCity"],"potions_floor_usage":[12,12,31],"damage_taken":[{"damage":11,"enemies":"Jaw Worm","floor":1,"turns":2},{"damage":0,"enemies":"Cultist","floor":3,"turns":3},{"damage":0,"enemies":"2 Louse","floor":4,"turns":2},{"damage":10,"enemies":"Looter","floor":5,"turns":3},{"damage":6,"enemies":"Gremlin Nob","floor":6,"turns":4},{"damage":32,"enemies":"Blue Slaver","floor":12,"turns":9},{"damage":26,"enemies":"Lagavulin","floor":14,"turns":8},{"damage":52,"enemies":"Slime Boss","floor":16,"turns":11},{"damage":10,"enemies":"Spheric Guardian","floor":19,"turns":3},{"damage":0,"enemies":"Chosen","floor":20,"turns":3},{"damage":15,"enemies":"Centurion and Healer","floor":21,"turns":7},{"damage":3,"enemies":"Snecko","floor":22,"turns":6},{"damage":10,"enemies":"Gremlin Leader","floor":24,"turns":6},{"damage":0,"enemies":"Cultist and Chosen","floor":27,"turns":3},{"damage":7,"enemies":"Colosseum Slavers","floor":29,"turns":3},{"damage":7,"enemies":"Colosseum Nobs","floor":29,"turns":4},{"damage":23,"enemies":"Book of Stabbing","floor":30,"turns":9},{"damage":133,"enemies":"Snake Plant","floor":31,"turns":6}],"seed_played":"-6727995647314342014","potions_obtained":[{"floor":1,"key":"PowerPotion"},{"floor":3,"key":"SkillPotion"},{"floor":4,"key":"BlessingOfTheForge"},{"floor":19,"key":"Dexterity Potion"},{"floor":22,"key":"FairyPotion"},{"floor":24,"key":"DuplicationPotion"},{"floor":27,"key":"CultistPotion"}],"is_trial":false,"path_per_floor":["M","?","M","M","M","E","?","R","T","?","R","M","$","E","R","B",null,"M","M","M","M","M","R","E","R","T","M","R","?","E","M"],"character_chosen":"Angela","items_purchased":["GreenStem"],"campfire_rested":0,"item_purchase_floors":[13],"current_hp_per_floor":[67,67,70,70,70,70,67,67,74,77,77,63,63,55,55,21,77,77,67,77,77,77,77,77,77,77,77,77,77,77,0,0],"gold":723,"neow_bonus":"RANDOM_COMMON_RELIC","is_daily":false,"chose_seed":false,"campfire_upgraded":0,"win_rate":0.0,"timestamp":1613973019,"path_taken":["M","?","M","?","M","E","?","R","T","?","R","M","$","E","R","BOSS","M","M","M","M","M","R","E","R","T","M","R","?","E","M"],"items_purchased_type":["Card"],"build_version":"2020-12-22","purchased_purges":0,"victory":false,"max_hp_per_floor":[70,70,70,70,70,70,70,70,77,77,77,77,77,77,77,77,77,77,77,77,77,77,77,77,77,77,77,77,77,77,77,77],"card_choices":[{"not_picked":["BlueScar","Horn"],"picked":"SKIP","floor":1},{"not_picked":["Discord"],"picked":"Moonlight","floor":3},{"not_picked":["Soda"],"picked":"Spore","floor":4},{"not_picked":["Loneliness"],"picked":"TodaysExpression","floor":5},{"not_picked":["Loneliness","SwordSharpenedByTears"],"picked":"SKIP","floor":6},{"not_picked":["Logging","ScreamingWedge"],"picked":"SKIP","floor":12},{"not_picked":["RedEyes"],"picked":"Diffraction","floor":14},{"not_picked":["CENSORED_ego"],"picked":"TheSmile","floor":16},{"not_picked":["Twilight"],"picked":"Moonlight+1","floor":19},{"not_picked":["RapturousDream","Pleasure"],"picked":"SKIP","floor":20},{"not_picked":["Loneliness","Penitence"],"picked":"SKIP","floor":21},{"not_picked":["Harmony","FourthMatchFlame+1"],"picked":"SKIP","floor":22},{"not_picked":["Gaze","FourthMatchFlame+1"],"picked":"SKIP","floor":24},{"not_picked":["TodaysExpression","TheSmile"],"picked":"SKIP","floor":27},{"not_picked":["BearPaw+1","RapturousDream"],"picked":"SKIP","floor":30}],"player_experience":158808,"relics_obtained":[{"floor":1,"key":"LetterFromLob"},{"floor":6,"key":"Guard_Bracelet"},{"floor":9,"key":"Strawberry"},{"floor":14,"key":"MawBank"},{"floor":24,"key":"Gremlin Horn"},{"floor":26,"key":"Mummified Hand"},{"floor":29,"key":"Shovel"},{"floor":29,"key":"Shuriken"},{"floor":30,"key":"Omamori"}],"event_choices":[{"damage_healed":0,"gold_gain":0,"player_choice":"Ignored","damage_taken":0,"max_hp_gain":0,"max_hp_loss":0,"event_name":"Purifier","floor":2,"gold_loss":0},{"damage_healed":0,"gold_gain":0,"player_choice":"Success","damage_taken":3,"relics_obtained":["Tiny Chest"],"max_hp_gain":0,"max_hp_loss":0,"event_name":"Scrap Ooze","floor":7,"gold_loss":0},{"damage_healed":0,"gold_gain":0,"player_choice":"Fight","damage_taken":0,"max_hp_gain":0,"max_hp_loss":0,"event_name":"Colosseum","floor":29,"gold_loss":0},{"damage_healed":0,"gold_gain":0,"player_choice":"Fought Nobs","damage_taken":0,"max_hp_gain":0,"max_hp_loss":0,"event_name":"Colosseum","floor":29,"gold_loss":0}],"is_beta":false,"boss_relics":[{"not_picked":["Ectoplasm","Busted Crown"],"picked":"Silver_Glasses"}],"items_purged_floors":[],"is_endless":false,"potions_floor_spawned":[1,3,4,19,22,24,27],"killed_by":"Snake Plant","ascension_level":1}}