{"host":"ow66nzv2xecjoor3","time":1613968465,"event":{"mods":["BaseMod","Bestiary","Block Reminder","Colored Powertips","Curses Come First","Highlight Path","Keyboard Shortcuts","Minty Spire (QoL Compilation)","Permanent Neow","Relic Stats","StSLib","UnlockEverythingMod"],"gold_per_floor":[213,231,246,396,396,396,426,70,70,88,102,102,102,118,118,192,192,205,224,238,256,256,256],"floor_reached":22,"language":"ENG","playtime":716,"items_purged":["Doubt"],"score":380,"play_id":"7fe90682-0d4f-424e-adb3-e308cbcc95cf","local_time":"20210221223425","is_ascension_mode":true,"campfire_choices":[{"floor":6.0,"key":"REST"},{"data":"Capacitor","floor":13.0,"key":"SMITH"},{"data":"Rainbow","floor":15.0,"key":"SMITH"}],"circlet_count":0,"master_deck":["AscendersBane","Strike_B","Strike_B","Strike_B","Defend_B","Defend_B","Defend_B","Defend_B","Zap","Dualcast","Streamline","Rebound","Cold Snap","Auto Shields","Doom and Gloom","Capacitor+1","Rainbow+1","Barrage","Coolheaded","Creative AI","Self Repair","Coolheaded","Doom and Gloom+1","Consume"],"relics":["Cracked Core","Mummified Hand","Singing Bowl","Bronze Scales","Shovel","Snecko Eye"],"acts_visited":["Exordium","TheCity"],"potions_floor_usage":[],"damage_taken":[{"damage":0.0,"enemies":"Small Slimes","floor":1.0,"turns":4.0},{"damage":9.0,"enemies":"Jaw Worm","floor":2.0,"turns":3.0},{"damage":1.0,"enemies":"Cultist","floor":3.0,"turns":3.0},{"damage":30.0,"enemies":"Gremlin Nob","floor":7.0,"turns":4.0},{"damage":2.0,"enemies":"Exordium Wildlife","floor":10.0,"turns":5.0},{"damage":0.0,"enemies":"3 Louse","floor":11.0,"turns":1.0},{"damage":12.0,"enemies":"Lots of Slimes","floor":14.0,"turns":2.0},{"damage":3.0,"enemies":"The Guardian","floor":16.0,"turns":9.0},{"damage":20.0,"enemies":"Shell Parasite","floor":18.0,"turns":5.0},{"damage":14.0,"enemies":"Chosen","floor":19.0,"turns":4.0},{"damage":0.0,"enemies":"3 Cultists","floor":20.0,"turns":4.0},{"damage":22.0,"enemies":"Snake Plant","floor":21.0,"turns":4.0},{"damage":14,"enemies":"Snecko","floor":22,"turns":3}],"seed_played":"8395885335822160350","potions_obtained":[{"floor":2.0,"key":"Energy Potion"},{"floor":10.0,"key":"FocusPotion"},{"floor":11.0,"key":"LiquidBronze"},{"floor":16.0,"key":"Swift Potion"},{"floor":21.0,"key":"LiquidBronze"}],"is_trial":false,"path_per_floor":["M","M","M","?","?","R","E","$","T","M","M","?","R","M","R","B",null,"M","M","M","M","M"],"character_chosen":"DEFECT","items_purchased":["Bronze Scales","Doom and Gloom","Capacitor"],"campfire_rested":1,"item_purchase_floors":[8,8,8],"current_hp_per_floor":[64,55,54,54,36,57,27,27,27,25,25,25,25,13,13,10,56,36,22,29,7,0,0],"gold":256,"neow_bonus":"HUNDRED_GOLD","is_daily":false,"chose_seed":false,"campfire_upgraded":2,"win_rate":0.0,"timestamp":1613968465,"path_taken":["M","M","M","?","?","R","E","$","T","M","M","?","R","M","R","BOSS","M","M","?","M","M"],"items_purchased_type":["Relic","Card","Card"],"build_version":"2020-12-22","purchased_purges":1,"victory":false,"max_hp_per_floor":[71,71,71,71,71,71,71,71,71,71,71,71,71,71,71,71,71,71,71,71,71,71,71],"relic_stats":{"Shovel":0,"Singing Bowl":0,"counters":[13,51],"Mummified Hand":[35],"Bronze Scales":[92],"Snecko Eye":[37,40,29,39],"obtain_stats":[{"Shovel":9,"Singing Bowl":7,"Mummified Hand":5,"Bronze Scales":8,"Snecko Eye":17,"Cracked Core":0},{"Shovel":4,"Singing Bowl":4,"Mummified Hand":3,"Bronze Scales":4,"Snecko Eye":8,"Cracked Core":0},{"Shovel":14,"Singing Bowl":14,"Mummified Hand":10,"Bronze Scales":14,"Snecko Eye":31,"Cracked Core":0}]},"card_choices":[{"not_picked":["Hologram","Steam"],"picked":"Streamline","floor":1.0},{"not_picked":["Undo","Storm"],"picked":"Rebound","floor":2.0},{"not_picked":["Fusion","Leap"],"picked":"Cold Snap","floor":3.0},{"not_picked":["Beam Cell","Blizzard"],"picked":"Auto Shields","floor":7.0},{"not_picked":["Cold Snap","Go for the Eyes"],"picked":"Rainbow","floor":10.0},{"not_picked":["Go for the Eyes","Steam"],"picked":"Barrage","floor":11.0},{"not_picked":["Steam Power","Stack"],"picked":"Coolheaded","floor":14.0},{"not_picked":["Thunder Strike","Biased Cognition"],"picked":"Creative AI","floor":16.0},{"not_picked":["Melter","Streamline"],"picked":"Self Repair","floor":18.0},{"not_picked":["Barrage","Streamline"],"picked":"Coolheaded","floor":19.0},{"not_picked":["Beam Cell","Conserve Battery"],"picked":"Doom and Gloom+1","floor":20.0},{"not_picked":["Scrape","Reinforced Body"],"picked":"Consume","floor":21.0}],"player_experience":2938370,"relics_obtained":[{"floor":7.0,"key":"Singing Bowl"},{"floor":9.0,"key":"Shovel"}],"event_choices":[{"damage_healed":0.0,"max_hp_gain":0.0,"max_hp_loss":0.0,"gold_gain":150.0,"event_name":"Liars Game","player_choice":"AGREE","floor":4.0,"gold_loss":0.0,"damage_taken":0.0,"cards_obtained":["Doubt"]},{"damage_healed":0.0,"max_hp_gain":0.0,"max_hp_loss":0.0,"gold_gain":0.0,"event_name":"Scrap Ooze","player_choice":"Success","floor":5.0,"gold_loss":0.0,"damage_taken":18.0,"relics_obtained":["Mummified Hand"]},{"cards_removed":["Strike_B"],"damage_healed":0.0,"max_hp_gain":0.0,"max_hp_loss":0.0,"gold_gain":0.0,"event_name":"Purifier","player_choice":"Purged","floor":12.0,"gold_loss":0.0,"damage_taken":0.0}],"is_beta":false,"boss_relics":[{"not_picked":["Velvet Choker","Ectoplasm"],"picked":"Snecko Eye"}],"items_purged_floors":[8],"is_endless":false,"potions_floor_spawned":[2,10,11,16,18,21],"killed_by":"Snecko","ascension_level":20}}