{"host":"2se5dq1do2gp0x9k","time":1613963603,"event":{"mods":["AchievementEnabler","BaseMod","Block Reminder","Colored Map","Colored Powertips","Minty Spire (QoL Compilation)","Relic Stats","StSLib","SuperFastMode"],"gold_per_floor":[115,130,130,130,142,142,172,184,184,134,164,164,214,244,244,321,321,332,346,5,25,25,25,25,25],"floor_reached":24,"language":"ENG","playtime":787,"items_purged":["Study"],"score":388,"play_id":"a6b5d7ed-82e5-4368-92cc-85ff2c41450c","local_time":"20210221191323","is_ascension_mode":true,"campfire_choices":[{"floor":6,"key":"REST"},{"floor":12,"key":"REST"},{"floor":15,"key":"REST"},{"floor":23,"key":"REST"}],"circlet_count":0,"master_deck":["AscendersBane","Strike_P+1","Strike_P","Strike_P","Strike_P","Defend_P","Defend_P","Defend_P","Defend_P+1","Eruption","Vigilance","BattleHymn","BowlingBash","WaveOfTheHand","Blasphemy","CutThroughFate","JustLucky","Establishment","JustLucky","JustLucky"],"relics":["Fusion Hammer","Pantograph","Kunai","Blue Candle","Matryoshka","Runic Pyramid","Toxic Egg 2","Nilry\u0027s Codex"],"acts_visited":["Exordium","TheCity"],"potions_floor_usage":[8,24],"damage_taken":[{"damage":0,"enemies":"Jaw Worm","floor":1,"turns":3},{"damage":9,"enemies":"Small Slimes","floor":2,"turns":4},{"damage":0,"enemies":"2 Louse","floor":5,"turns":2},{"damage":16,"enemies":"Gremlin Nob","floor":7,"turns":3},{"damage":14,"enemies":"Lots of Slimes","floor":8,"turns":3},{"damage":4,"enemies":"Lagavulin","floor":14,"turns":5},{"damage":22,"enemies":"The Guardian","floor":16,"turns":10},{"damage":0,"enemies":"Chosen","floor":18,"turns":4},{"damage":13,"enemies":"Spheric Guardian","floor":19,"turns":4},{"damage":6,"enemies":"Centurion and Healer","floor":21,"turns":4},{"damage":62,"enemies":"Slavers","floor":24,"turns":3}],"seed_played":"5295023081954732875","potions_obtained":[{"floor":2,"key":"Energy Potion"},{"floor":5,"key":"Fire Potion"},{"floor":19,"key":"EssenceOfSteel"}],"is_trial":false,"path_per_floor":["M","M","?","$","M","R","E","M","T","$","?","R","?","E","R","B",null,"M","M","$","M","?","R","E"],"character_chosen":"WATCHER","items_purchased":["CutThroughFate","Toxic Egg 2"],"campfire_rested":4,"item_purchase_floors":[10,20],"current_hp_per_floor":[61,52,32,32,32,52,36,22,22,22,22,42,42,38,58,46,63,63,50,50,44,23,43,0,0],"gold":25,"neow_bonus":"BOSS_RELIC","is_daily":false,"chose_seed":false,"campfire_upgraded":0,"win_rate":0.0,"timestamp":1613963603,"path_taken":["M","M","?","$","M","R","E","M","T","$","?","R","?","E","R","BOSS","M","M","?","M","?","R","E"],"items_purchased_type":["Card","Relic"],"build_version":"2020-12-22","purchased_purges":1,"victory":false,"max_hp_per_floor":[68,68,68,68,68,68,68,68,68,68,68,68,68,68,68,68,68,68,68,68,68,68,68,68,68],"relic_stats":{"counters":[11,45],"Pantograph":10,"Blue Candle":[0],"Kunai":[12],"obtain_stats":[{"Matryoshka":14,"Nilry\u0027s Codex":22,"Pantograph":7,"Blue Candle":11,"Fusion Hammer":0,"Kunai":9,"PureWater":0,"Toxic Egg 2":20,"Runic Pyramid":17},{"Matryoshka":6,"Nilry\u0027s Codex":10,"Pantograph":4,"Blue Candle":5,"Fusion Hammer":0,"Kunai":5,"PureWater":0,"Toxic Egg 2":9,"Runic Pyramid":7},{"Matryoshka":20,"Nilry\u0027s Codex":42,"Pantograph":12,"Blue Candle":15,"Fusion Hammer":0,"Kunai":15,"PureWater":0,"Toxic Egg 2":38,"Runic Pyramid":30}]},"card_choices":[{"not_picked":["EmptyBody","Evaluate"],"picked":"BattleHymn","floor":1},{"not_picked":["Sanctity","ClearTheMind"],"picked":"Study","floor":2},{"not_picked":["PathToVictory","CrushJoints"],"picked":"BowlingBash","floor":5},{"not_picked":["Halt","InnerPeace"],"picked":"WaveOfTheHand","floor":7},{"not_picked":["PathToVictory","FlurryOfBlows"],"picked":"Blasphemy","floor":8},{"not_picked":["CrushJoints","Wallop"],"picked":"JustLucky","floor":14},{"not_picked":["Scrawl","ConjureBlade"],"picked":"Establishment","floor":16},{"not_picked":["FollowUp","ForeignInfluence","CarveReality"],"picked":"SKIP","floor":18},{"not_picked":["WheelKick","Conclude"],"picked":"JustLucky","floor":19},{"not_picked":["EmptyMind+1","Protect+1"],"picked":"JustLucky","floor":21}],"player_experience":4111985,"relics_obtained":[{"floor":7,"key":"Pantograph"},{"floor":9,"key":"Kunai"},{"floor":14,"key":"Matryoshka"},{"floor":22,"key":"Nilry\u0027s Codex"}],"event_choices":[{"damage_healed":0,"gold_gain":0,"player_choice":"Entered Light","damage_taken":20,"max_hp_gain":0,"max_hp_loss":0,"event_name":"Shining Light","floor":3,"gold_loss":0,"cards_upgraded":["Defend_P","Strike_P"]},{"damage_healed":0,"gold_gain":30,"player_choice":"Searched \u00273\u0027 times","damage_taken":0,"relics_obtained":["Blue Candle"],"max_hp_gain":0,"max_hp_loss":0,"event_name":"Dead Adventurer","floor":11,"gold_loss":0},{"damage_healed":0,"gold_gain":50,"player_choice":"Pray","damage_taken":0,"max_hp_gain":0,"max_hp_loss":0,"event_name":"Golden Shrine","floor":13,"gold_loss":0},{"damage_healed":0,"gold_gain":0,"player_choice":"Obtained Book","damage_taken":21,"max_hp_gain":0,"max_hp_loss":0,"event_name":"Cursed Tome","floor":22,"gold_loss":0}],"is_beta":false,"boss_relics":[{"not_picked":["Busted Crown","SacredBark"],"picked":"Runic Pyramid"}],"items_purged_floors":[20],"is_endless":false,"potions_floor_spawned":[2,5,7,19,21],"killed_by":"Slavers","ascension_level":18}}