{"host":"nptej036rrbiurf5","time":1613958868,"event":{"mods":["BaseMod","Colored Map","Colored Powertips","DeckTracker","Minty Spire (QoL Compilation)","StSLib","SuperFastMode"],"gold_per_floor":[114,114,114,134,58,93,108,135,135,135,185,185,204,221,221,295,295,313,47,74,91,104,104,104,118,164,175,90,90,90],"floor_reached":29,"language":"KOR","playtime":527,"items_purged":["Strike_R"],"score":520,"play_id":"c850096f-0cea-48d9-ac35-6aad50009ae4","local_time":"20210222105428","is_ascension_mode":true,"campfire_choices":[{"data":"Inflame","floor":10.0,"key":"SMITH"},{"data":"Whirlwind","floor":12.0,"key":"SMITH"},{"data":"Spot Weakness","floor":15.0,"key":"SMITH"},{"floor":23.0,"key":"REST"}],"circlet_count":0,"master_deck":["AscendersBane","Strike_R","Strike_R","Strike_R","Defend_R","Defend_R","Defend_R","Defend_R","Bash","Inflame+1","Spot Weakness+1","Evolve+1","Whirlwind+1","Second Wind","Dark Embrace+1","Corruption+1","Shrug It Off","Ghostly Armor","Dark Embrace+1","True Grit","Feel No Pain+1","True Grit+1"],"relics":["Burning Blood","NeowsBlessing","Letter Opener","Frozen Egg 2","Smiling Mask","StrikeDummy","Runic Dome","Vajra","Ancient Tea Set","Boot"],"acts_visited":["Exordium","TheCity"],"potions_floor_usage":[],"damage_taken":[{"damage":0.0,"enemies":"Jaw Worm","floor":1.0,"turns":1.0},{"damage":0.0,"enemies":"2 Louse","floor":4.0,"turns":1.0},{"damage":0.0,"enemies":"Gremlin Nob","floor":6.0,"turns":1.0},{"damage":6.0,"enemies":"Cultist","floor":7.0,"turns":4.0},{"damage":25.0,"enemies":"3 Sentries","floor":8.0,"turns":6.0},{"damage":7.0,"enemies":"Looter","floor":13.0,"turns":3.0},{"damage":8.0,"enemies":"Lots of Slimes","floor":14.0,"turns":2.0},{"damage":60.0,"enemies":"Hexaghost","floor":16.0,"turns":9.0},{"damage":45.0,"enemies":"Shell Parasite","floor":18.0,"turns":4.0},{"damage":0.0,"enemies":"Chosen","floor":21.0,"turns":4.0},{"damage":8.0,"enemies":"Centurion and Healer","floor":22.0,"turns":5.0},{"damage":41,"enemies":"Snake Plant","floor":25,"turns":5},{"damage":9,"enemies":"Snecko","floor":27,"turns":5},{"damage":12,"enemies":"Shelled Parasite and Fungi","floor":29,"turns":2}],"seed_played":"137969293414386880","potions_obtained":[{"floor":6.0,"key":"Fire Potion"},{"floor":7.0,"key":"BloodPotion"},{"floor":14.0,"key":"Fire Potion"},{"floor":16.0,"key":"BlessingOfTheForge"},{"floor":18.0,"key":"ColorlessPotion"},{"floor":21.0,"key":"HeartOfIron"}],"is_trial":false,"path_per_floor":["M","?","?","M","$","E","M","E","T","R","?","R","M","M","R","B",null,"M","$","T","M","M","R","?","M","T","M","?","M"],"character_chosen":"IRONCLAD","items_purchased":["Spot Weakness","Ghostly Armor","Dark Embrace+1","True Grit"],"campfire_rested":1,"item_purchase_floors":[5,19,19,19],"current_hp_per_floor":[74,74,74,75,75,75,75,56,56,56,56,56,55,53,53,14,60,21,21,21,27,25,47,47,12,12,9,9,0,0],"gold":90,"neow_bonus":"THREE_ENEMY_KILL","is_daily":false,"chose_seed":false,"campfire_upgraded":3,"win_rate":0.0,"timestamp":1613958868,"path_taken":["M","?","?","?","$","E","M","E","T","R","?","R","M","M","R","BOSS","M","$","?","M","M","R","?","M","T","M","?","M"],"items_purchased_type":["Card","Card","Card","Card"],"build_version":"2020-12-22","purchased_purges":1,"victory":false,"max_hp_per_floor":[75,75,75,75,75,75,75,75,75,75,75,75,75,75,75,75,75,75,75,75,75,75,75,75,75,75,75,75,75,75],"card_choices":[{"not_picked":["True Grit","Wild Strike"],"picked":"Warcry","floor":1.0},{"not_picked":["Seeing Red","Fire Breathing"],"picked":"Inflame","floor":4.0},{"not_picked":["Havoc","Intimidate"],"picked":"Evolve+1","floor":6.0},{"not_picked":["Rage","Shockwave"],"picked":"Whirlwind","floor":7.0},{"not_picked":["Cleave","Evolve+1"],"picked":"Second Wind","floor":8.0},{"not_picked":["Wild Strike","Burning Pact"],"picked":"Dark Embrace+1","floor":13.0},{"not_picked":["Rage","Dropkick","Twin Strike"],"picked":"SKIP","floor":14.0},{"not_picked":["Juggernaut+1","Feed"],"picked":"Corruption+1","floor":16.0},{"not_picked":["Pommel Strike","Havoc"],"picked":"Shrug It Off","floor":18.0},{"not_picked":["Rupture+1","Sever Soul","Rage"],"picked":"SKIP","floor":21.0},{"not_picked":["Thunderclap","Entrench"],"picked":"Feel No Pain+1","floor":22.0},{"not_picked":["Havoc","Warcry"],"picked":"True Grit+1","floor":25},{"not_picked":["Metallicize+1","Evolve+1","Rampage"],"picked":"SKIP","floor":27}],"player_experience":1000453,"relics_obtained":[{"floor":6.0,"key":"Frozen Egg 2"},{"floor":8.0,"key":"Smiling Mask"},{"floor":9.0,"key":"StrikeDummy"},{"floor":20.0,"key":"Vajra"},{"floor":26,"key":"Ancient Tea Set"}],"event_choices":[{"cards_removed":["Strike_R"],"damage_healed":0.0,"max_hp_gain":0.0,"max_hp_loss":0.0,"gold_gain":0.0,"event_name":"Living Wall","player_choice":"Forget","floor":2.0,"gold_loss":0.0,"damage_taken":0.0},{"cards_removed":["Warcry"],"damage_healed":0.0,"max_hp_gain":0.0,"max_hp_loss":0.0,"gold_gain":0.0,"event_name":"WeMeetAgain","player_choice":"Gave Card","floor":3.0,"gold_loss":0.0,"damage_taken":0.0,"relics_obtained":["Letter Opener"]},{"damage_healed":0.0,"max_hp_gain":0.0,"max_hp_loss":0.0,"gold_gain":50.0,"event_name":"Golden Shrine","player_choice":"Pray","floor":11.0,"gold_loss":0.0,"damage_taken":0.0},{"damage_healed":0.0,"max_hp_gain":0.0,"max_hp_loss":0.0,"gold_gain":0.0,"event_name":"Vampires","player_choice":"Ignored","floor":24.0,"gold_loss":0.0,"damage_taken":0.0},{"damage_healed":0,"gold_gain":0,"player_choice":"Obtained Relic","damage_taken":0,"relics_obtained":["Boot"],"max_hp_gain":0,"max_hp_loss":0,"event_name":"Addict","floor":28,"gold_loss":85}],"is_beta":false,"boss_relics":[{"not_picked":["Calling Bell","Fusion Hammer"],"picked":"Runic Dome"}],"items_purged_floors":[19],"is_endless":false,"potions_floor_spawned":[6,7,14,16,18,21,27],"killed_by":"Shelled Parasite and Fungi","ascension_level":20}}