{"host":"9z6a73ubmgnn64m2","time":1613970862,"event":{"mods":["BaseMod","Bestiary","Colored Map","Highlight Path","Minty Spire (QoL Compilation)","Relic Stats"],"gold_per_floor":[118,130,145,163,163,196,196,196,221,241,16,56,18,38,38,166,166,181,200,200,200,213,249,249,249],"floor_reached":24,"language":"ENG","playtime":3975,"items_purged":["Decay"],"score":239,"play_id":"79d0ecec-5e6f-44fa-99d1-6ce13ef29247","local_time":"20210222011422","is_ascension_mode":true,"campfire_choices":[{"floor":7,"key":"REST"},{"floor":15,"key":"REST"}],"circlet_count":0,"master_deck":["Strike_R","Strike_R","Strike_R","Strike_R","Strike_R","Defend_R","Defend_R","Defend_R","Defend_R","Bash","Feel No Pain","Rage","Thunderclap","Ghostly Armor","Injury","Immolate","Metallicize","Flex","Fire Breathing","Fiend Fire","Cleave","True Grit","Metallicize","Clothesline+1","Pommel Strike"],"relics":["Burning Blood","Lizard Tail","Golden Idol","PreservedInsect","Nunchaku","Membership Card","Vajra","Bag of Preparation","Philosopher\u0027s Stone","Gremlin Horn","Juzu Bracelet"],"acts_visited":["Exordium","TheCity"],"potions_floor_usage":[6,14,23],"damage_taken":[{"damage":12,"enemies":"Jaw Worm","floor":1,"turns":5},{"damage":3,"enemies":"2 Louse","floor":2,"turns":4},{"damage":14,"enemies":"Cultist","floor":3,"turns":5},{"damage":14,"enemies":"2 Fungi Beasts","floor":4,"turns":5},{"damage":76,"enemies":"Gremlin Nob","floor":6,"turns":7},{"damage":18,"enemies":"Exordium Thugs","floor":10,"turns":4},{"damage":41,"enemies":"Lagavulin","floor":12,"turns":6},{"damage":0,"enemies":"Blue Slaver","floor":14,"turns":3},{"damage":36,"enemies":"Slime Boss","floor":16,"turns":9},{"damage":12,"enemies":"Spheric Guardian","floor":18,"turns":4},{"damage":11,"enemies":"3 Byrds","floor":19,"turns":4},{"damage":17,"enemies":"Shelled Parasite and Fungi","floor":22,"turns":9},{"damage":34,"enemies":"Book of Stabbing","floor":23,"turns":7},{"damage":39,"enemies":"Snecko","floor":24,"turns":5}],"seed_played":"-6268743324627709090","potions_obtained":[{"floor":1,"key":"Regen Potion"},{"floor":3,"key":"BlessingOfTheForge"},{"floor":19,"key":"Strength Potion"},{"floor":22,"key":"Block Potion"}],"is_trial":false,"path_per_floor":["M","M","M","M","?","E","R","?","T","M","$","E","$","M","R","B",null,"M","M","?","?","M","E","M"],"character_chosen":"IRONCLAD","items_purchased":["Membership Card","Vajra"],"campfire_rested":2,"item_purchase_floors":[11,11],"current_hp_per_floor":[74,77,69,61,61,46,70,70,70,58,58,23,23,29,53,23,80,74,69,69,69,58,30,0,0],"gold":249,"neow_bonus":"ONE_RARE_RELIC","is_daily":false,"chose_seed":false,"campfire_upgraded":0,"win_rate":0.0,"timestamp":1613970862,"path_taken":["M","M","M","M","?","E","R","?","T","M","$","E","$","M","R","BOSS","M","M","?","?","?","E","M"],"items_purchased_type":["Relic","Relic"],"build_version":"2020-12-22","purchased_purges":1,"victory":false,"max_hp_per_floor":[80,80,80,80,80,80,80,80,80,80,80,80,80,80,80,80,80,80,80,80,80,80,80,80,80],"relic_stats":{"Lizard Tail":40,"Nunchaku":[7],"Gremlin Horn":[1,1],"counters":[14,77],"Golden Idol":66,"PreservedInsect":79,"Bag of Preparation":[14],"Juzu Bracelet":0,"obtain_stats":[{"Lizard Tail":0,"Nunchaku":9,"Gremlin Horn":20,"Golden Idol":5,"Vajra":11,"Philosopher\u0027s Stone":17,"PreservedInsect":6,"Bag of Preparation":12,"Juzu Bracelet":23,"Membership Card":11,"Burning Blood":0},{"Lizard Tail":0,"Nunchaku":5,"Gremlin Horn":11,"Golden Idol":4,"Vajra":6,"Philosopher\u0027s Stone":9,"PreservedInsect":5,"Bag of Preparation":7,"Juzu Bracelet":13,"Membership Card":6,"Burning Blood":0},{"Lizard Tail":0,"Nunchaku":26,"Gremlin Horn":56,"Golden Idol":19,"Vajra":30,"Philosopher\u0027s Stone":48,"PreservedInsect":26,"Bag of Preparation":36,"Juzu Bracelet":72,"Membership Card":30,"Burning Blood":0}],"Burning Blood":78},"card_choices":[{"not_picked":["Iron Wave","Twin Strike"],"picked":"Feel No Pain","floor":1},{"not_picked":["Body Slam","Clothesline"],"picked":"Rage","floor":2},{"not_picked":["Clash","Shrug It Off"],"picked":"Thunderclap","floor":3},{"not_picked":["Rage","Combust"],"picked":"Ghostly Armor","floor":4},{"not_picked":["Heavy Blade","Inflame"],"picked":"Immolate","floor":6},{"not_picked":["Wild Strike","Infernal Blade"],"picked":"Metallicize","floor":10},{"not_picked":["Clash","Body Slam"],"picked":"Flex","floor":12},{"not_picked":["Shrug It Off","Pommel Strike"],"picked":"Fire Breathing","floor":14},{"not_picked":["Double Tap","Impervious"],"picked":"Fiend Fire","floor":16},{"not_picked":["Thunderclap","Fire Breathing"],"picked":"Cleave","floor":18},{"not_picked":["Whirlwind","Hemokinesis"],"picked":"True Grit","floor":19},{"not_picked":["Anger","Pummel"],"picked":"Clothesline+1","floor":22},{"not_picked":["Combust","Dropkick+1"],"picked":"Pommel Strike","floor":23}],"player_experience":139934,"relics_obtained":[{"floor":6,"key":"PreservedInsect"},{"floor":9,"key":"Nunchaku"},{"floor":12,"key":"Bag of Preparation"},{"floor":23,"key":"Juzu Bracelet"}],"event_choices":[{"damage_healed":0,"gold_gain":0,"player_choice":"Take Wound","damage_taken":0,"relics_obtained":["Golden Idol"],"max_hp_gain":0,"max_hp_loss":0,"event_name":"Golden Idol","floor":5,"gold_loss":0,"cards_obtained":["Injury"]},{"damage_healed":0,"gold_gain":0,"cards_transformed":["Pain"],"player_choice":"Transformed","damage_taken":0,"max_hp_gain":0,"max_hp_loss":0,"event_name":"Transmorgrifier","floor":8,"gold_loss":0,"cards_obtained":["Decay"]},{"damage_healed":0,"gold_gain":0,"player_choice":"Opened","damage_taken":0,"relics_obtained":["Gremlin Horn"],"max_hp_gain":0,"max_hp_loss":0,"event_name":"The Mausoleum","floor":20,"gold_loss":0},{"damage_healed":0,"gold_gain":0,"player_choice":"Copied","damage_taken":0,"max_hp_gain":0,"max_hp_loss":0,"event_name":"Duplicator","floor":21,"gold_loss":0,"cards_obtained":["Metallicize"]}],"is_beta":false,"boss_relics":[{"not_picked":["SlaversCollar","Calling Bell"],"picked":"Philosopher\u0027s Stone"}],"items_purged_floors":[13],"is_endless":false,"potions_floor_spawned":[1,3,19,22],"killed_by":"Snecko","ascension_level":1}}