{"host":"yhhyog5h1q67ienp","time":1613954626,"event":{"mods":["AchievementEnabler","BaseMod","Block Reminder","Colored Map","Colored Powertips","Minty Spire (QoL Compilation)","Quick Restart","Relic Stats","StSLib","ojb\u0027s Better Paths Mod","ojb\u0027s Info Mod"],"gold_per_floor":[165,175,100,100,117,145,145,156,181,181,181,201,227,42,42,42,42],"floor_reached":16,"language":"ENG","playtime":1377,"items_purged":[],"score":220,"play_id":"b3920167-aa7b-4e31-9e20-5955512e30b9","local_time":"20210221214346","is_ascension_mode":true,"campfire_choices":[{"data":"Consume","floor":10,"key":"SMITH"},{"data":"Coolheaded","floor":15,"key":"SMITH"}],"circlet_count":0,"master_deck":["AscendersBane","Strike_B","Strike_B","Strike_B+1","Defend_B","Defend_B","Defend_B","Zap","Dualcast","Melter","Conserve Battery","Ball Lightning","Steam","FTL","Consume+1","Ball Lightning","Coolheaded+1","Coolheaded"],"relics":["Tiny House","Tiny Chest","Bag of Marbles","Omamori","Sundial","Oddly Smooth Stone","Frozen Eye"],"acts_visited":["Exordium"],"potions_floor_usage":[2,6,13,16,16],"damage_taken":[{"damage":6,"enemies":"Jaw Worm","floor":1,"turns":4},{"damage":0,"enemies":"Small Slimes","floor":2,"turns":3},{"damage":0,"enemies":"Cultist","floor":5,"turns":3},{"damage":11,"enemies":"Lagavulin","floor":6,"turns":7},{"damage":3,"enemies":"Blue Slaver","floor":8,"turns":2},{"damage":0,"enemies":"3 Louse","floor":12,"turns":2},{"damage":3,"enemies":"3 Sentries","floor":13,"turns":5},{"damage":29,"enemies":"The Guardian","floor":16,"turns":9}],"seed_played":"-6388009759911847696","potions_obtained":[{"floor":0,"key":"Fire Potion"},{"floor":1,"key":"DistilledChaos"},{"floor":2,"key":"Block Potion"},{"floor":6,"key":"SpeedPotion"},{"floor":13,"key":"EssenceOfSteel"}],"is_trial":false,"path_per_floor":["M","M","?","?","M","E","?","M","T","R","?","M","E","$","R","B"],"character_chosen":"DEFECT","items_purchased":["Coolheaded","Frozen Eye"],"campfire_rested":0,"item_purchase_floors":[14,14],"current_hp_per_floor":[63,63,63,63,63,52,34,31,31,31,31,31,28,28,28,0,0],"gold":42,"neow_bonus":"BOSS_RELIC","is_daily":false,"chose_seed":false,"campfire_upgraded":2,"win_rate":0.0,"timestamp":1613954626,"path_taken":["M","M","?","?","?","E","?","M","T","R","?","M","E","$","R","BOSS"],"items_purchased_type":["Card","Relic"],"build_version":"2020-12-22","purchased_purges":0,"victory":false,"max_hp_per_floor":[76,76,76,76,76,76,76,76,76,76,76,76,76,76,76,76,76],"relic_stats":{"counters":[8,35],"Sundial":[2],"Tiny Chest":0,"obtain_stats":[{"Frozen Eye":14,"Tiny House":0,"Sundial":11,"Oddly Smooth Stone":13,"Tiny Chest":6,"Bag of Marbles":7,"Omamori":9,"Cracked Core":0},{"Frozen Eye":7,"Tiny House":0,"Sundial":5,"Oddly Smooth Stone":7,"Tiny Chest":4,"Bag of Marbles":4,"Omamori":5,"Cracked Core":0},{"Frozen Eye":26,"Tiny House":0,"Sundial":19,"Oddly Smooth Stone":26,"Tiny Chest":17,"Bag of Marbles":17,"Omamori":19,"Cracked Core":0}]},"card_choices":[{"not_picked":["Fusion","Double Energy"],"picked":"Melter","floor":0},{"not_picked":["Aggregate","Fusion"],"picked":"Conserve Battery","floor":1},{"not_picked":["Gash","Steam"],"picked":"Ball Lightning","floor":2},{"not_picked":["Turbo","Gash"],"picked":"Steam","floor":5},{"not_picked":["Coolheaded","Compile Driver"],"picked":"FTL","floor":6},{"not_picked":["Thunder Strike","Redo"],"picked":"Consume","floor":8},{"not_picked":["Melter","Chill"],"picked":"Ball Lightning","floor":12},{"not_picked":["Streamline","Rebound"],"picked":"Coolheaded","floor":13}],"player_experience":1511972,"relics_obtained":[{"floor":6,"key":"Tiny Chest"},{"floor":9,"key":"Omamori"},{"floor":13,"key":"Oddly Smooth Stone"}],"event_choices":[{"cards_removed":["Strike_B"],"damage_healed":0,"gold_gain":0,"player_choice":"Card Removal","damage_taken":0,"max_hp_gain":0,"max_hp_loss":0,"event_name":"The Cleric","floor":3,"gold_loss":75},{"cards_removed":["Defend_B"],"damage_healed":0,"gold_gain":0,"player_choice":"Offered Basic","damage_taken":0,"max_hp_gain":0,"max_hp_loss":0,"event_name":"Bonfire Elementals","floor":4,"gold_loss":0},{"damage_healed":0,"gold_gain":0,"player_choice":"Success","damage_taken":18,"relics_obtained":["Bag of Marbles"],"max_hp_gain":0,"max_hp_loss":0,"event_name":"Scrap Ooze","floor":7,"gold_loss":0},{"damage_healed":0,"gold_gain":0,"player_choice":"Box","damage_taken":0,"relics_obtained":["Sundial"],"max_hp_gain":0,"max_hp_loss":0,"event_name":"Big Fish","floor":11,"gold_loss":0,"cards_obtained":["Regret"]}],"is_beta":false,"boss_relics":[],"items_purged_floors":[],"is_endless":false,"potions_floor_spawned":[1,2,6,8,13],"killed_by":"The Guardian","ascension_level":20}}