{"host":"w2kjv12xyhtt0cv2","time":1613974189,"event":{"mods":["100% Spire Juice","Act Like it!","BaseMod","Colored Map","Friendly Minions","Gensokyo","GifTheSpireLib","Highlight Path","Hubris","Marisa（F雨　魔理沙）","Minty Spire (QoL Compilation)","Prisma Mod","Quick Restart","Reimu（博丽灵梦）","Relic Stats","Reliquary","Replay The Spire","Robot Space Explorer","RumiaBox-露米娅的神秘盒子","Shop Mod","Spicy Shops","StSLib","The Bug Knight","The Cursed","The Dragon Tamer","The Servant 0.9.4","UnlockEverythingMod","Waifu the Spire","[功能]功能增强和修复MOD","【功能Mod】Neow奖励","【遗物卡牌】REMEMod","没有小屋子和绿帽子啦"],"gold_per_floor":[117,129,79,39,39,39,56,85,110,110,137,137,167,187,187,289,289,305,100,25,25,25,53,53,53,53],"floor_reached":25,"language":"ZHS","playtime":1373,"items_purged":["HollowMod:NailStrikeStart"],"score":357,"play_id":"69efb621-aff9-4a73-83ed-067c4f311b37","local_time":"20210222140949","is_ascension_mode":true,"campfire_choices":[{"data":"HollowMod:AwokenDreamNail","floor":6.0,"key":"SMITH"},{"data":"HollowMod:CloakDash","floor":10.0,"key":"SMITH"},{"data":"HollowMod:theNailsmith","floor":12.0,"key":"SMITH"},{"data":"HollowMod:LifebloodCocoon","floor":15.0,"key":"SMITH"}],"circlet_count":0,"master_deck":["HollowMod:QuickDashStart","HollowMod:QuickDashStart","HollowMod:QuickDashStart","HollowMod:QuickDashStart","HollowMod:FocusHealStart","HollowMod:PogoStrike","PrismaMod:IllyaInstallRider","HollowMod:SiblingsSouls","HollowMod:AwokenDreamNail+1","HollowMod:NewLittleFool","HollowMod:CloakDash+1","HollowMod:theNailsmith+1","HollowMod:LifebloodCocoon+1","HollowMod:ZotesMagnificence"],"relics":["HollowMod:VesselMask","REME_ComplimentaryCards","PaintedHorse:ReiMu","GodSword6","Matryoshka","Ancient Tea Set","Juzu Bracelet","Letter Opener","Mastiff:ReiMu","Snecko Eye","REME_CardOfGreed","hubris:BottledHeart","ReplayTheSpireMod:Lightbulb","Smiling Mask"],"acts_visited":["Exordium","TheCity"],"potions_floor_usage":[],"damage_taken":[{"damage":1.0,"enemies":"Cultist","floor":1.0,"turns":4.0},{"damage":15.0,"enemies":"Small Slimes","floor":2.0,"turns":5.0},{"damage":4.0,"enemies":"Jaw Worm","floor":7.0,"turns":3.0},{"damage":38.0,"enemies":"Gremlin Nob","floor":8.0,"turns":5.0},{"damage":14.0,"enemies":"3 Sentries","floor":11.0,"turns":11.0},{"damage":23.0,"enemies":"Gremlin Nob","floor":13.0,"turns":4.0},{"damage":6.0,"enemies":"Blue Slaver","floor":14.0,"turns":3.0},{"damage":0.0,"enemies":"HollowMod:FalseKnight","floor":16.0,"turns":9.0},{"damage":0.0,"enemies":"Spheric Guardian","floor":18.0,"turns":3.0},{"damage":0,"enemies":"Slavers","floor":23,"turns":4},{"damage":12,"enemies":"Gremlin Leader","floor":25,"turns":4}],"seed_played":"-949858672644185685","potions_obtained":[{"floor":8.0,"key":"ZuzhouPotion:ReiMu"},{"floor":11.0,"key":"GrandPatriotsElixir:ReiMu"},{"floor":11.0,"key":"BlessingOfTheForge"},{"floor":14.0,"key":"FairyPotion"},{"floor":16.0,"key":"Doom Potion"},{"floor":23,"key":"Explosive Potion"}],"is_trial":false,"path_per_floor":["M","M","?","?","T","R","M","E","T","R","E","R","E","M","R","B",null,"M","$","?","$","?","E","?","E"],"character_chosen":"THE_BUGKNIGHT","items_purchased":["REME_CardOfGreed"],"campfire_rested":0,"item_purchase_floors":[19],"current_hp_per_floor":[67,62,62,62,62,62,64,30,30,30,28,28,11,5,5,17,68,68,68,73,73,1,1,1,0,0],"gold":53,"neow_bonus":"TRANSFORM_TWO_CARDS","is_daily":false,"chose_seed":false,"campfire_upgraded":4,"win_rate":0.0,"timestamp":1613974189,"path_taken":["M","?","?","?","?","R","M","E","T","R","E","R","E","M","R","BOSS","M","$","?","$","?","E","?","E"],"items_purchased_type":["Relic"],"build_version":"2020-12-22","purchased_purges":1,"victory":false,"max_hp_per_floor":[68,68,68,68,68,68,68,68,68,68,68,68,68,68,68,68,68,68,68,73,73,1,1,1,1,1],"relic_stats":{"counters":[11,55],"Snecko Eye":[26,21,30,26],"Juzu Bracelet":0,"Letter Opener":[70],"Smiling Mask":0,"obtain_stats":[{"HollowMod:VesselMask":0,"Juzu Bracelet":9,"Letter Opener":11,"Ancient Tea Set":9,"Smiling Mask":24,"Matryoshka":8,"PaintedHorse:ReiMu":4,"Mastiff:ReiMu":13,"hubris:BottledHeart":22,"Snecko Eye":17,"GodSword6":5,"REME_CardOfGreed":19,"ReplayTheSpireMod:Lightbulb":23,"REME_ComplimentaryCards":0},{"HollowMod:VesselMask":0,"Juzu Bracelet":4,"Letter Opener":5,"Ancient Tea Set":4,"Smiling Mask":10,"Matryoshka":4,"PaintedHorse:ReiMu":2,"Mastiff:ReiMu":6,"hubris:BottledHeart":9,"Snecko Eye":8,"GodSword6":2,"REME_CardOfGreed":9,"ReplayTheSpireMod:Lightbulb":10,"REME_ComplimentaryCards":0},{"HollowMod:VesselMask":0,"Juzu Bracelet":17,"Letter Opener":28,"Ancient Tea Set":17,"Smiling Mask":51,"Matryoshka":17,"PaintedHorse:ReiMu":9,"Mastiff:ReiMu":32,"hubris:BottledHeart":47,"Snecko Eye":44,"GodSword6":9,"REME_CardOfGreed":47,"ReplayTheSpireMod:Lightbulb":51,"REME_ComplimentaryCards":0}]},"card_choices":[{"not_picked":["HollowMod:SharpenedNail","HollowMod:CornifersMapStart","HollowMod:InfectionAssault"],"picked":"SKIP","floor":1.0},{"not_picked":["HollowMod:SharpenedShadows","HollowMod:MantisMark"],"picked":"HollowMod:NewLittleFool","floor":2.0},{"not_picked":["HollowMod:SharpenedNail","HollowMod:MonarchWings"],"picked":"HollowMod:CloakDash","floor":7.0},{"not_picked":["HollowMod:MantisMark","HollowMod:DoubleDash","HollowMod:LuriensSpire"],"picked":"SKIP","floor":8.0},{"not_picked":["HollowMod:TaintedHusks","HollowMod:DescendingDark"],"picked":"HollowMod:theNailsmith","floor":11.0},{"not_picked":["HollowMod:VengefulSpirit","HollowMod:RecoilStrike"],"picked":"HollowMod:LifebloodCocoon","floor":13.0},{"not_picked":["HollowMod:DoubleDash","HollowMod:MantisMark","HollowMod:CoiledNail"],"picked":"SKIP","floor":14.0},{"not_picked":["HollowMod:PureVessel","HollowMod:HornetsHelp"],"picked":"HollowMod:ZotesMagnificence","floor":16.0},{"not_picked":["HollowMod:InfectedAttack","HollowMod:NewJinnsSoul","HollowMod:SoulStrike"],"picked":"SKIP","floor":18.0},{"not_picked":["HollowMod:InfectedCysts","HollowMod:DesolateDive","HollowMod:SharpenedNail"],"picked":"SKIP","floor":23}],"player_experience":272806,"relics_obtained":[{"floor":5.0,"key":"GodSword6"},{"floor":8.0,"key":"Matryoshka"},{"floor":9.0,"key":"Ancient Tea Set"},{"floor":9.0,"key":"Juzu Bracelet"},{"floor":11.0,"key":"Letter Opener"},{"floor":13.0,"key":"Mastiff:ReiMu"},{"floor":23,"key":"ReplayTheSpireMod:Lightbulb"}],"event_choices":[{"cards_removed":["HollowMod:NailStrikeStart"],"damage_healed":0.0,"max_hp_gain":0.0,"max_hp_loss":0.0,"gold_gain":0.0,"event_name":"The Cleric","player_choice":"Card Removal","floor":3.0,"gold_loss":50.0,"damage_taken":0.0},{"damage_healed":0.0,"max_hp_gain":0.0,"max_hp_loss":0.0,"gold_gain":0.0,"event_name":"yidonshenshe","player_choice":"塞钱","floor":4.0,"gold_loss":40.0,"damage_taken":0.0,"relics_obtained":["PaintedHorse:ReiMu"]}],"is_beta":false,"boss_relics":[{"not_picked":["SlaversCollar","ReplayTheSpireMod:DimensionalGlitch"],"picked":"Snecko Eye"}],"items_purged_floors":[19],"is_endless":false,"potions_floor_spawned":[8,11,11,14,16,23],"killed_by":"Gremlin Leader","ascension_level":3}}