{"host":"yecadp3kwkksam5a","time":1613993155,"event":{"mods":["BaseMod","Koishi","Minty Spire (QoL Compilation)","Replay The Spire","StSLib","SuperFastMode","The Cursed","The Gatherer","The Jungle"],"gold_per_floor":[113,128,146,162,178,178,207,207,207,233,3,17,17,29,29,103,103,122,140,140,150,160,160,160,160],"floor_reached":24,"language":"KOR","playtime":792,"items_purged":["Strike_B"],"score":472,"play_id":"49f7abf5-9ba8-4717-891e-b126c2d5674b","local_time":"20210222202555","is_ascension_mode":true,"campfire_choices":[{"data":"Dualcast","floor":6.0,"key":"SMITH"},{"data":"Hologram","floor":8.0,"key":"SMITH"},{"data":"Chaos","floor":13.0,"key":"SMITH"},{"data":"Defragment","floor":15.0,"key":"SMITH"},{"floor":23,"key":"REST"}],"circlet_count":0,"master_deck":["AscendersBane","Zap","Dualcast+1","Dramatic Entrance","Turbo","Cold Snap","Hologram+1","Glacier","Compile Driver","Core Surge","Biased Cognition","Chaos+1","Defragment+1","Compile Driver","Ball Lightning","Core Surge","Hologram","Hologram","Rip and Tear","Self Repair","Go for the Eyes","Chaos","Time Bomb","Barrage+1"],"relics":["Cracked Core","Runic Capacitor","Runic Capacitor","Runic Capacitor","Tiny Chest","InkBottle","HornCleat","Pandora\u0027s Box"],"acts_visited":["Exordium","TheCity"],"potions_floor_usage":[22],"damage_taken":[{"damage":0.0,"enemies":"Cultist","floor":1.0,"turns":3.0},{"damage":0.0,"enemies":"2 Louse","floor":2.0,"turns":1.0},{"damage":5.0,"enemies":"Jaw Worm","floor":3.0,"turns":3.0},{"damage":14.0,"enemies":"Blue Slaver","floor":4.0,"turns":4.0},{"damage":2.0,"enemies":"2 Fungi Beasts","floor":5.0,"turns":2.0},{"damage":0.0,"enemies":"Gremlin Nob","floor":7.0,"turns":2.0},{"damage":11.0,"enemies":"Lagavulin","floor":10.0,"turns":8.0},{"damage":6.0,"enemies":"Lots of Slimes","floor":12.0,"turns":2.0},{"damage":4.0,"enemies":"3 Louse","floor":14.0,"turns":2.0},{"damage":3.0,"enemies":"The Guardian","floor":16.0,"turns":7.0},{"damage":10.0,"enemies":"Spheric Guardian","floor":18.0,"turns":4.0},{"damage":12.0,"enemies":"Chosen","floor":19.0,"turns":5.0},{"damage":20,"enemies":"Shelled Parasite and Fungi","floor":21,"turns":5},{"damage":25,"enemies":"Snake Plant","floor":22,"turns":3},{"damage":20,"enemies":"Slavers","floor":24,"turns":3}],"seed_played":"1978258085218224434","potions_obtained":[{"floor":1.0,"key":"FocusPotion"},{"floor":3.0,"key":"Adrenaline Potion"},{"floor":12.0,"key":"Fire Potion"}],"is_trial":false,"path_per_floor":["M","M","M","M","M","R","E","R","T","E","$","M","R","M","R","B",null,"M","M","?","M","M","R","E"],"character_chosen":"DEFECT","items_purchased":["Chaos","Defragment"],"campfire_rested":1,"item_purchase_floors":[11,11],"current_hp_per_floor":[64,64,59,45,43,43,43,43,43,32,32,26,26,22,22,19,58,55,50,50,37,12,33,13,13],"gold":160,"neow_bonus":"RANDOM_COLORLESS","is_daily":false,"chose_seed":false,"campfire_upgraded":4,"win_rate":0.0,"timestamp":1613993155,"path_taken":["M","?","M","M","M","R","E","R","T","E","$","M","R","M","R","BOSS","M","M","?","M","?","R","E"],"items_purchased_type":["Card","Card"],"build_version":"2020-12-22","purchased_purges":1,"victory":false,"max_hp_per_floor":[71,71,71,71,71,71,71,71,71,71,71,71,71,71,71,71,71,71,71,71,71,71,71,71,71],"card_choices":[{"not_picked":["Survey Options","Good Instincts"],"picked":"Dramatic Entrance","floor":0.0},{"not_picked":["Scrape","Redo"],"picked":"Turbo","floor":1.0},{"not_picked":["Tempest","Turbo"],"picked":"Cold Snap","floor":2.0},{"not_picked":["Capacitor","Cold Snap"],"picked":"Hologram","floor":3.0},{"not_picked":["Recycle","Storm"],"picked":"Glacier","floor":4.0},{"not_picked":["ReplaySort","ReplayTheSpireMod:GoodbyeWorld"],"picked":"Compile Driver","floor":5.0},{"not_picked":["Melter","Steam Power"],"picked":"Core Surge","floor":7.0},{"not_picked":["Mirror Shield","FIFO Queue"],"picked":"Biased Cognition","floor":10.0},{"not_picked":["Sweeping Beam","Heatsinks"],"picked":"Compile Driver","floor":12.0},{"not_picked":["Barrage","Redo"],"picked":"Ball Lightning","floor":14.0},{"not_picked":["Buffer","Rainbow"],"picked":"Core Surge","floor":16.0},{"not_picked":["Streamline","Conserve Battery","Ball Lightning"],"picked":"SKIP","floor":18.0},{"not_picked":["Turbo","Gash","ReplayGash"],"picked":"SKIP","floor":19.0},{"not_picked":["Scrape","Steam"],"picked":"Barrage+1","floor":21},{"not_picked":["Recycle","Ball Lightning","Barrage"],"picked":"SKIP","floor":22}],"player_experience":653385,"relics_obtained":[{"floor":7.0,"key":"Tiny Chest"},{"floor":9.0,"key":"InkBottle"},{"floor":10.0,"key":"HornCleat"}],"event_choices":[{"damage_healed":0,"gold_gain":0,"player_choice":"Ignored","damage_taken":0,"max_hp_gain":0,"max_hp_loss":0,"event_name":"N\u0027loth","floor":20,"gold_loss":0}],"is_beta":false,"boss_relics":[{"not_picked":["Ectoplasm","Calling Bell"],"picked":"Pandora\u0027s Box"}],"items_purged_floors":[11],"is_endless":false,"potions_floor_spawned":[1,3,5,12,14,18,21],"killed_by":"Slavers","ascension_level":16}}