{"host":"or8fr2mp0k3eluj8","time":1613970238,"event":{"mods":["AchievementEnabler","BaseMod","Colored Map","DeckTracker","Keyboard Shortcuts","Minty Spire (QoL Compilation)","StSLib","SuperFastMode","everything is the same but u backflip on backflip"],"gold_per_floor":[113,38,38,54,54,89,89,124,124,142,158,178,198,212,212,331,331,352,373,128,142,142,142,182,182,182,182,182],"floor_reached":27,"language":"KOR","playtime":810,"items_purged":["Strike_G","Strike_G"],"score":324,"play_id":"5b31dd28-2f7a-4657-bcf1-c83202b90208","local_time":"20210222140358","is_ascension_mode":true,"campfire_choices":[{"floor":15,"key":"REST"},{"data":"1","floor":23,"key":"LIFT"}],"circlet_count":0,"master_deck":["Strike_G","Strike_G","Strike_G","Defend_G","Defend_G","Defend_G","Defend_G","Defend_G","Survivor","Neutralize","Deadly Poison","Dodge and Roll","Cloak And Dagger+1","Infinite Blades","PiercingWail","Dagger Spray","Unload","CurseOfTheBell","After Image","Cloak And Dagger+1"],"relics":["Ring of the Snake","NeowsBlessing","Golden Idol","Girya","Bag of Marbles","Bronze Scales","Calipers","Calling Bell","Potion Belt","Ninja Scroll","Gambling Chip","StrikeDummy","Vajra"],"acts_visited":["Exordium","TheCity"],"potions_floor_usage":[8,16,16,18,24],"damage_taken":[{"damage":0,"enemies":"2 Louse","floor":1,"turns":1},{"damage":0,"enemies":"Small Slimes","floor":4,"turns":1},{"damage":0,"enemies":"Gremlin Nob","floor":6,"turns":1},{"damage":32,"enemies":"Lagavulin","floor":8,"turns":9},{"damage":0,"enemies":"Cultist","floor":10,"turns":3},{"damage":0,"enemies":"2 Fungi Beasts","floor":11,"turns":3},{"damage":1,"enemies":"Exordium Wildlife","floor":12,"turns":5},{"damage":3,"enemies":"Exordium Thugs","floor":13,"turns":5},{"damage":0,"enemies":"2 Fungi Beasts","floor":14,"turns":2},{"damage":14,"enemies":"The Guardian","floor":16,"turns":13},{"damage":17,"enemies":"Spheric Guardian","floor":18,"turns":5},{"damage":27,"enemies":"Shell Parasite","floor":19,"turns":6},{"damage":14,"enemies":"Centurion and Healer","floor":21,"turns":6},{"damage":8,"enemies":"Book of Stabbing","floor":24,"turns":5},{"damage":7,"enemies":"Snecko","floor":27,"turns":2}],"seed_played":"8503189441291109123","potions_obtained":[{"floor":4,"key":"Strength Potion"},{"floor":11,"key":"SneckoOil"},{"floor":12,"key":"Block Potion"},{"floor":14,"key":"CunningPotion"},{"floor":16,"key":"DistilledChaos"},{"floor":18,"key":"SpeedPotion"},{"floor":21,"key":"SpeedPotion"}],"is_trial":false,"path_per_floor":["M","$","?","M","?","E","?","E","T","M","M","M","M","M","R","B",null,"M","M","$","M","?","R","E","?","T","M"],"character_chosen":"THE_SILENT","items_purchased":["After Image"],"campfire_rested":1,"item_purchase_floors":[20],"current_hp_per_floor":[70,70,53,53,41,41,41,9,9,9,9,8,5,5,26,12,70,53,26,26,12,12,12,4,4,4,0,0],"gold":182,"neow_bonus":"THREE_ENEMY_KILL","is_daily":false,"chose_seed":false,"campfire_upgraded":0,"win_rate":0.0,"timestamp":1613970238,"path_taken":["M","$","?","M","?","E","?","E","T","M","M","M","M","?","R","BOSS","M","M","$","M","?","R","E","?","T","M"],"items_purchased_type":["Card"],"build_version":"2020-12-22","purchased_purges":2,"victory":false,"max_hp_per_floor":[70,70,70,70,70,70,70,70,70,70,70,70,70,70,70,70,70,70,70,70,70,70,70,70,70,70,70,70],"card_choices":[{"not_picked":["Dodge and Roll","Prepared"],"picked":"Deadly Poison","floor":1},{"not_picked":["Dagger Throw","Calculated Gamble"],"picked":"Dodge and Roll","floor":4},{"not_picked":["Caltrops","Infinite Blades"],"picked":"Cloak And Dagger","floor":6},{"not_picked":["Deflect","Caltrops"],"picked":"Infinite Blades","floor":8},{"not_picked":["Choke","Deadly Poison"],"picked":"PiercingWail","floor":10},{"not_picked":["Dagger Throw","Underhanded Strike"],"picked":"Dagger Spray","floor":11},{"not_picked":["Calculated Gamble","Dash","Dodge and Roll"],"picked":"SKIP","floor":12},{"not_picked":["Catalyst","Well Laid Plans","All Out Attack"],"picked":"SKIP","floor":13},{"not_picked":["Crippling Poison","Prepared","Deadly Poison"],"picked":"SKIP","floor":14},{"not_picked":["Burst","Grand Finale"],"picked":"Unload","floor":16},{"not_picked":["Outmaneuver","Dagger Throw","Tactician"],"picked":"SKIP","floor":18},{"not_picked":["Flying Knee","Endless Agony","Dagger Spray"],"picked":"SKIP","floor":19},{"not_picked":["Blade Dance","Terror"],"picked":"Cloak And Dagger+1","floor":21},{"not_picked":["Prepared","PiercingWail","Catalyst"],"picked":"SKIP","floor":24}],"player_experience":433318,"relics_obtained":[{"floor":6,"key":"Bag of Marbles"},{"floor":8,"key":"Bronze Scales"},{"floor":9,"key":"Calipers"},{"floor":17,"key":"Potion Belt"},{"floor":17,"key":"Ninja Scroll"},{"floor":17,"key":"Gambling Chip"},{"floor":24,"key":"Vajra"}],"event_choices":[{"damage_healed":0,"gold_gain":0,"player_choice":"Take Damage","damage_taken":17,"relics_obtained":["Golden Idol"],"max_hp_gain":0,"max_hp_loss":0,"event_name":"Golden Idol","floor":3,"gold_loss":0},{"damage_healed":0,"gold_gain":0,"player_choice":"Success","damage_taken":12,"relics_obtained":["Girya"],"max_hp_gain":0,"max_hp_loss":0,"event_name":"Scrap Ooze","floor":5,"gold_loss":0},{"damage_healed":0,"gold_gain":0,"player_choice":"Forge","damage_taken":0,"max_hp_gain":0,"max_hp_loss":0,"event_name":"Accursed Blacksmith","floor":7,"gold_loss":0,"cards_upgraded":["Cloak And Dagger"]},{"damage_healed":0,"gold_gain":0,"player_choice":"Opened","damage_taken":0,"relics_obtained":["StrikeDummy"],"max_hp_gain":0,"max_hp_loss":0,"event_name":"The Mausoleum","floor":22,"gold_loss":0},{"damage_healed":0,"gold_gain":0,"player_choice":"Ignored","damage_taken":0,"max_hp_gain":0,"max_hp_loss":0,"event_name":"Cursed Tome","floor":25,"gold_loss":0}],"is_beta":false,"boss_relics":[{"not_picked":["Ring of the Serpent","SacredBark"],"picked":"Calling Bell"}],"items_purged_floors":[2,20],"is_endless":false,"potions_floor_spawned":[4,11,12,14,16,18,21],"killed_by":"Snecko","ascension_level":4}}