{"host":"c64dsqyrqv0ei9yn","time":1613989488,"event":{"mods":["Act Like it!","Arknights","BaseMod","Bestiary","CapriCore","Chen","Colored Map","Colored Powertips","Curses Come First","Hermit","Koishi","LagranYue(ùfäiòNÅEåé)","MarisaÅiñ∂âJÅ@ñÇóùçπÅj","Minty Spire (QoL Compilation)","Prisma Mod","Random Character Button","ReimuÅiîé??öÎÅj","RemiliaÅiÂQïƒ‰ª?Åj","StSLib","The Administrix","The Alterego","The Immortal","The Marked","The Saiyan","The Senshi","The Servant 0.9.4","The Wild Card","TheSwordswoman","Waifu the Spire","WarShipGirlsR/??è≠èóR mod","slay the spire mod where everything is the same but ironclad has a cowboy hat"],"gold_per_floor":[94,94,114,127,80,80,40,54,133,133,150,150,185,199,199,301,301,301,241,17,17,17,17,17,17,17,17,0,0,0,0,0,0,0,0,0,0,0,0,0,0,0,0,0,0,0,0,0,0,0],"floor_reached":51,"language":"ENG","playtime":3371,"items_purged":[],"score":728,"play_id":"a97419db-87a9-407e-91d5-9712bb8ccc42","local_time":"20210222102448","is_ascension_mode":false,"campfire_choices":[{"floor":6,"key":"REST"},{"floor":10,"key":"DIG"},{"data":"Saiyan:Makankosappo","floor":12,"key":"SMITH"},{"data":"Saiyan:Overexert","floor":15,"key":"SMITH"},{"floor":23,"key":"REST"},{"data":"Saiyan:GhostAttack","floor":25,"key":"SMITH"},{"floor":32,"key":"REST"},{"data":"Saiyan:GenkiDama","floor":40,"key":"SMITH"},{"floor":42,"key":"REST"},{"floor":44,"key":"DIG"},{"floor":49,"key":"REST"}],"circlet_count":0,"master_deck":["Saiyan:SAIYA_Strike","Saiyan:SAIYA_Strike","Saiyan:SAIYA_Strike","Saiyan:SAIYA_Defend","Saiyan:SAIYA_Defend","Saiyan:SAIYA_Defend","Saiyan:SAIYA_Defend","Saiyan:EnergyBlast","Saiyan:KaioKen","Saiyan:RuthlessBlow","Saiyan:BigBangAttack","Saiyan:TurtleShell","Saiyan:FingerParry","Saiyan:Scouter","Saiyan:Makankosappo+1","Saiyan:CCCapsule","Saiyan:Overexert+1","Saiyan:TheBomb","Saiyan:KiExplosion","Saiyan:SuperSaiyanForm+1","Saiyan:GhostAttack+1","Saiyan:PowerStance+1","Saiyan:SuperSaiyanForm+1","Saiyan:PowerUp","Saiyan:ThirstForFight+1","Saiyan:GenkiDama+1","Saiyan:KiExplosion","Saiyan:Momentum+1","Saiyan:Afterimage+1","Saiyan:Flurry+1","Saiyan:SuperSaiyanForm+1"],"relics":["SaiyanSoul","SaiyanHeart","Shovel","PaintedHorse:ReiMu","Frozen Egg 2","RuthlessExorcism:ReiMu","Dream Catcher","Ectoplasm","Nunchaku","Potion Belt","Thread and Needle","Bottled Tornado","LagranYue:ContractPerformanceRelic","Bag of Marbles","StoneCalendar","Letter Opener","Red Mask"],"acts_visited":["Exordium","TheCity","TheBeyond"],"potions_floor_usage":[16,16,16,24,39,41,41,50,50],"damage_taken":[{"damage":4,"enemies":"Jaw Worm","floor":1,"turns":4},{"damage":0,"enemies":"Cultist","floor":3,"turns":3},{"damage":0,"enemies":"Small Slimes","floor":4,"turns":3},{"damage":0,"enemies":"2 Fungi Beasts","floor":8,"turns":4},{"damage":0,"enemies":"3 Louse","floor":11,"turns":1},{"damage":7,"enemies":"3 Sentries","floor":13,"turns":5},{"damage":0,"enemies":"Looter","floor":14,"turns":2},{"damage":14,"enemies":"Slime Boss","floor":16,"turns":11},{"damage":3,"enemies":"Chosen","floor":18,"turns":4},{"damage":16,"enemies":"2 Thieves","floor":19,"turns":4},{"damage":15,"enemies":"Snecko","floor":21,"turns":3},{"damage":0,"enemies":"Snake Plant","floor":22,"turns":6},{"damage":9,"enemies":"Gremlin Leader","floor":24,"turns":4},{"damage":5,"enemies":"Sentry and Sphere","floor":27,"turns":3},{"damage":5,"enemies":"Centurion and Healer","floor":29,"turns":5},{"damage":7,"enemies":"Colosseum Slavers","floor":30,"turns":8},{"damage":0,"enemies":"Colosseum Nobs","floor":30,"turns":5},{"damage":0,"enemies":"Cultist and Chosen","floor":31,"turns":6},{"damage":12,"enemies":"Automaton","floor":33,"turns":9},{"damage":11,"enemies":"3 Shapes","floor":35,"turns":3},{"damage":5,"enemies":"3 Darklings","floor":37,"turns":4},{"damage":4,"enemies":"Spire Growth","floor":38,"turns":6},{"damage":0,"enemies":"Jaw Worm Horde","floor":39,"turns":1},{"damage":39,"enemies":"Giant Head","floor":41,"turns":9},{"damage":6,"enemies":"Maw","floor":45,"turns":6},{"damage":16,"enemies":"Spire Growth","floor":46,"turns":6},{"damage":59,"enemies":"Awakened One","floor":50,"turns":11}],"seed_played":"6475879274316150768","potions_obtained":[{"floor":1,"key":"Regen Potion"},{"floor":4,"key":"BlessingOfTheForge"},{"floor":8,"key":"ColorlessPotion"},{"floor":16,"key":"FairyPotion"},{"floor":18,"key":"BlessingOfTheForge"},{"floor":21,"key":"BlessingOfTheForge"},{"floor":27,"key":"ColorlessPotion"},{"floor":29,"key":"BlessingOfTheForge"},{"floor":33,"key":"SmokeBomb"},{"floor":46,"key":"Weak Potion"}],"is_trial":false,"path_per_floor":["M","?","M","M","$","R","?","M","T","R","M","R","E","M","R","B",null,"M","M","$","M","M","R","E","R","T","M","?","M","?","M","R","B",null,"M","?","M","M","M","R","E","R","T","R","M","M","?","?","R","B",null],"character_chosen":"SAIYAJIN","items_purchased":["Saiyan:Scouter","Saiyan:GhostAttack","Saiyan:PowerStance+1"],"campfire_rested":5,"item_purchase_floors":[5,20,20],"current_hp_per_floor":[38,38,38,39,39,57,57,58,58,58,58,58,52,52,52,53,65,66,51,51,38,39,60,54,54,54,52,52,50,48,49,75,64,89,79,79,77,74,74,74,38,67,67,67,64,49,49,49,79,23],"gold":0,"neow_bonus":"ONE_RARE_RELIC","is_daily":false,"chose_seed":false,"campfire_upgraded":4,"win_rate":0.0,"timestamp":1613989488,"path_taken":["M","?","?","M","$","R","?","M","T","R","M","R","E","M","R","BOSS","M","M","$","M","M","R","E","R","T","M","?","M","?","M","R","BOSS","M","?","M","M","M","R","E","R","T","R","M","M","?","?","R","BOSS"],"items_purchased_type":["Card","Card","Card"],"build_version":"2020-12-22","purchased_purges":0,"victory":true,"max_hp_per_floor":[60,60,60,61,61,61,61,62,62,62,62,62,63,63,63,65,65,69,70,70,72,73,73,76,76,76,79,79,82,87,88,88,89,89,90,90,93,94,94,94,97,97,97,97,100,101,101,101,101,104],"card_choices":[{"not_picked":["Saiyan:Twize","Saiyan:DoubleMasenko"],"picked":"Saiyan:BigBangAttack","floor":1},{"not_picked":["Saiyan:Endure","Saiyan:Planning"],"picked":"Saiyan:TurtleShell","floor":3},{"not_picked":["Saiyan:ThirstForFight","Saiyan:BigBangAttack"],"picked":"Saiyan:FingerParry","floor":4},{"not_picked":["Saiyan:Reset","Saiyan:Quickening","Saiyan:PlotArmor"],"picked":"SKIP","floor":8},{"not_picked":["Saiyan:ReverberatingForce","Saiyan:Taunt"],"picked":"Saiyan:Makankosappo","floor":11},{"not_picked":["Saiyan:Quickening","Saiyan:Scouter"],"picked":"Saiyan:CCCapsule","floor":13},{"not_picked":["Saiyan:SenzuBean","Saiyan:Medicine"],"picked":"Saiyan:Overexert","floor":14},{"not_picked":["Saiyan:TransfigurationBeam","Saiyan:MindBoom"],"picked":"Saiyan:TheBomb","floor":16},{"not_picked":["Saiyan:MeteorDash","Saiyan:BackAttack+1"],"picked":"Saiyan:KiExplosion","floor":18},{"not_picked":["Saiyan:KiExplosion","Saiyan:BackAttack"],"picked":"Saiyan:SuperSaiyanForm+1","floor":19},{"not_picked":["Saiyan:Teleport+1","Saiyan:Scouter"],"picked":"Saiyan:SuperSaiyanForm+1","floor":21},{"not_picked":["Saiyan:TurtleShell+1","Saiyan:SpiritSword+1","Saiyan:PowerPole"],"picked":"SKIP","floor":22},{"not_picked":["Saiyan:Flurry","Saiyan:Medicine"],"picked":"Saiyan:PowerUp","floor":23},{"not_picked":["Saiyan:Planning","Saiyan:ExpandingShockwave","Saiyan:Twize"],"picked":"SKIP","floor":24},{"not_picked":["Saiyan:ExpandingShockwave","Saiyan:TurtleShell+1"],"picked":"Saiyan:ThirstForFight+1","floor":27},{"not_picked":["Saiyan:DoubleMasenko","Saiyan:DragonRadar+1"],"picked":"Saiyan:GenkiDama","floor":29},{"not_picked":["Saiyan:Quickening","Saiyan:Medicine"],"picked":"Saiyan:KiExplosion","floor":31},{"not_picked":["Saiyan:SenzuBean","Saiyan:MindBoom"],"picked":"Saiyan:Momentum+1","floor":33},{"not_picked":["Saiyan:SaiyanHubris+1","Saiyan:BackAttack"],"picked":"Saiyan:Afterimage+1","floor":35},{"not_picked":["Saiyan:Teleport+1","Saiyan:Quickening+1","Saiyan:KameHameHa"],"picked":"SKIP","floor":37},{"not_picked":["Saiyan:SaiyanHubris+1","Saiyan:PowerUp"],"picked":"Saiyan:Flurry+1","floor":38},{"not_picked":["Saiyan:KiExplosion+1","Saiyan:Expend","Saiyan:TransfigurationBeam"],"picked":"SKIP","floor":41},{"not_picked":["Saiyan:PlotArmor+1","Saiyan:BackAttack+1","Saiyan:KiExplosion+1"],"picked":"SKIP","floor":45},{"not_picked":["Saiyan:Planning+1","Saiyan:PlotArmor+1","Saiyan:PowerUp+1"],"picked":"SKIP","floor":46},{"not_picked":["Saiyan:BigBangAttack+1","Saiyan:SolarFlare"],"picked":"Saiyan:SuperSaiyanForm+1","floor":49}],"player_experience":128920,"relics_obtained":[{"floor":9,"key":"Frozen Egg 2"},{"floor":10,"key":"RuthlessExorcism:ReiMu"},{"floor":13,"key":"Dream Catcher"},{"floor":24,"key":"Nunchaku"},{"floor":26,"key":"Potion Belt"},{"floor":30,"key":"Thread and Needle"},{"floor":30,"key":"Bottled Tornado"},{"floor":41,"key":"Bag of Marbles"},{"floor":43,"key":"StoneCalendar"},{"floor":44,"key":"Letter Opener"}],"event_choices":[{"damage_healed":0,"gold_gain":0,"player_choice":"Ignored","damage_taken":0,"max_hp_gain":0,"max_hp_loss":0,"event_name":"Purifier","floor":2,"gold_loss":0},{"damage_healed":0,"gold_gain":0,"player_choice":"Donate","damage_taken":0,"relics_obtained":["PaintedHorse:ReiMu"],"max_hp_gain":0,"max_hp_loss":0,"event_name":"yidonshenshe","floor":7,"gold_loss":40},{"damage_healed":0,"gold_gain":0,"player_choice":"Paid Fearfully","damage_taken":0,"max_hp_gain":0,"max_hp_loss":0,"event_name":"Masked Bandits","floor":28,"gold_loss":17},{"damage_healed":0,"gold_gain":0,"player_choice":"Fight","damage_taken":0,"max_hp_gain":0,"max_hp_loss":0,"event_name":"Colosseum","floor":30,"gold_loss":0},{"damage_healed":0,"gold_gain":0,"player_choice":"Fought Nobs","damage_taken":0,"max_hp_gain":0,"max_hp_loss":0,"event_name":"Colosseum","floor":30,"gold_loss":0},{"cards_removed":["Saiyan:SAIYA_Strike"],"damage_healed":0,"gold_gain":0,"player_choice":"Removed Attack","damage_taken":0,"max_hp_gain":0,"max_hp_loss":0,"event_name":"Falling","floor":47,"gold_loss":0},{"damage_healed":0,"gold_gain":0,"player_choice":"Paid","damage_taken":0,"relics_obtained":["Red Mask"],"max_hp_gain":0,"max_hp_loss":0,"event_name":"Tomb of Lord Red Mask","floor":48,"gold_loss":0}],"is_beta":false,"boss_relics":[{"not_picked":["Cursed Key","Tiny House"],"picked":"Ectoplasm"},{"not_picked":["Runic Pyramid","Astrolabe"],"picked":"LagranYue:ContractPerformanceRelic"}],"items_purged_floors":[],"is_endless":false,"potions_floor_spawned":[1,4,8,16,18,21,27,29,33,38,39,46],"ascension_level":0}}