{"host":"h5acbxt0wmjo1kpm","time":1613967440,"event":{"mods":["2.2 Compatiblity","Act Like it!","AlwaysNeverKeys","Aspiration","Bard","Bartender","BaseMod","Better Third Choice","Colored Map","Elementarium","Gensokyo","GifTheSpireLib","Hallownest","Marisa????????","Menagerie","Minty Spire (QoL Compilation)","Permanent Neow","Potionbrewer","Quick Restart","Relic Filter","Reliquary","Robot Space Explorer","Ruina","RumiaBox-????????","Shade Mod","Spicy Shops","StSLib","Strawberry Spire","The Blackbeard","The Dragon Tamer","The Gatherer","The Hayseed","The Problem Sleuth","The Servant 0.9.4","Wandering Minibosses","Wide Potions"],"gold_per_floor":[114,114,127,127,161,205,230,276,276,322,322,92,92,112,112,233,233,249,174,174,209,239,274,33,33,33,46,46,75,103,135,135,232,232,245,277,277,277,277,277,277,326,326,361,361,389,89,120,120,120,120,120,42,84,84],"floor_reached":56,"language":"ENG","playtime":4918,"items_purged":["Doubt"],"score":1589,"play_id":"c5d6bef3-0307-4aa9-b374-47c4c13ccb81","local_time":"20210221201720","is_ascension_mode":true,"campfire_choices":[{"data":"Menagerie:QuirionDryad","floor":15.0,"key":"SMITH"},{"data":"Burst","floor":25.0,"key":"SMITH"},{"data":"UltimateShortwave","floor":32.0,"key":"SMITH"},{"data":"JA","floor":40.0,"key":"SMITH"},{"floor":49,"key":"RECALL"},{"data":"MillisecondPulsars","floor":52,"key":"SMITH"}],"circlet_count":0,"master_deck":["MasterSpark","UpSweep","WitchOfGreed","strawberrySpire:Plunge","Burst+1","ChargeUpSpray","Menagerie:WallOfBlossoms","Menagerie:QuirionDryad+1","Menagerie:DarkRitual","CasketOfStar","SprinkleStarSeal","IllusionStar","JA+1","IllusionStar","6A","MillisecondPulsars+1","SatelliteIllusion+1","GalacticHalo+1","AbsoluteMagnitude+1","MachineGunSpark+1","EarthLightRay","DoubleSpark","EventHorizon","MagicAbsorber","DoubleSpark","Gensokyo:HouraiInAPot+1","PowerUp+1","EnergyFlow","Singularity"],"relics":["MiniHakkero","NeowsBlessing","Protect_Vest","SecretRecord","Vajra","aspiration:FetidBarrel","OrangePellets","Astrolabe","wanderingMiniBosses:OtherGremlinHorn","reliquary:Aerogel","TheSimpletonMod:GardenGlove","SproutingBranch","Ornamental Fan","aspiration:FrozenJewel","Black Star","strawberrySpire:ElefentMask","potionbrewer:BottledElixir","Calipers","Ccalipers","Ancient Tea Set","reliquary:CitrusReamer","reliquary:Bookmark","aspiration:SeaSaltIceCream","SecretRecord","Strawberry"],"acts_visited":["Menagerie:Menagerie","TheCity","Gensokyo:Gensokyoest","TheEnding"],"potions_floor_usage":[46,46,50,55,55],"damage_taken":[{"damage":0.0,"enemies":"Menagerie:2_RABBITS","floor":1.0,"turns":1.0},{"damage":0.0,"enemies":"Menagerie:StygianBoar","floor":3.0,"turns":1.0},{"damage":1.0,"enemies":"Menagerie:MonstrousExperiment","floor":5.0,"turns":1.0},{"damage":13.0,"enemies":"Menagerie:MaskedSummoner","floor":6.0,"turns":9.0},{"damage":0.0,"enemies":"Menagerie:STYGIAN_BOAR_AND_WHISPERING_WRAITH","floor":7.0,"turns":2.0},{"damage":0.0,"enemies":"Menagerie:Hydra","floor":8.0,"turns":6.0},{"damage":11.0,"enemies":"Menagerie:MaskedSummoner","floor":10.0,"turns":5.0},{"damage":1.0,"enemies":"Menagerie:BEAST_MAGE_AND_PROWLING_AMALGAM","floor":14.0,"turns":3.0},{"damage":7.0,"enemies":"Menagerie:Suneater","floor":16.0,"turns":5.0},{"damage":4.0,"enemies":"Chosen","floor":18.0,"turns":2.0},{"damage":15.0,"enemies":"Spheric Guardian","floor":21.0,"turns":5.0},{"damage":0.0,"enemies":"Snecko","floor":22.0,"turns":2.0},{"damage":9.0,"enemies":"strawberrySpire:AncientClocktower","floor":23.0,"turns":3.0},{"damage":0.0,"enemies":"Cultist and Chosen","floor":27.0,"turns":3.0},{"damage":11.0,"enemies":"Gremlin Leader","floor":29.0,"turns":2.0},{"damage":0.0,"enemies":"Chosen and Byrds","floor":30.0,"turns":3.0},{"damage":2.0,"enemies":"Book of Stabbing","floor":31.0,"turns":3.0},{"damage":0.0,"enemies":"Automaton","floor":33.0,"turns":5.0},{"damage":0.0,"enemies":"Gensokyo:AncientGuardian","floor":35.0,"turns":2.0},{"damage":0.0,"enemies":"Gensokyo:3_Boulders","floor":36.0,"turns":4.0},{"damage":0.0,"enemies":"Gensokyo:3_Boulders","floor":41.0,"turns":4.0},{"damage":0,"enemies":"Gensokyo:Doremy","floor":42,"turns":4},{"damage":5,"enemies":"Gensokyo:4_Bats","floor":44,"turns":4},{"damage":0,"enemies":"Gensokyo:Marisa","floor":46,"turns":2},{"damage":0,"enemies":"Gensokyo:SeedOfUnknown","floor":48,"turns":3},{"damage":0,"enemies":"Gensokyo:Scarlet_Devils","floor":50,"turns":5},{"damage":0,"enemies":"Shield and Spear","floor":54,"turns":4},{"damage":13,"enemies":"The Heart","floor":55,"turns":7}],"seed_played":"-8180781973146387158","potions_obtained":[{"floor":3.0,"key":"SpeedPotion"},{"floor":5.0,"key":"LiquidMemories"},{"floor":6.0,"key":"SmokeBomb"},{"floor":7.0,"key":"Weak Potion"},{"floor":8.0,"key":"Swift Potion"},{"floor":8.0,"key":"potionbrewer:CleansingPotion"},{"floor":14.0,"key":"DistilledChaos"},{"floor":16.0,"key":"BottledSpark"},{"floor":21.0,"key":"potionbrewer:NoxiousPotion"},{"floor":22.0,"key":"BottledSpark"},{"floor":22.0,"key":"SkillPotion"},{"floor":23.0,"key":"FearPotion"},{"floor":30.0,"key":"SpeedPotion"},{"floor":36.0,"key":"potionbrewer:CleansingPotion"},{"floor":42,"key":"Block Potion"},{"floor":42,"key":"FearPotion"},{"floor":46,"key":"TheSimpletonMod:KindlingPotion"},{"floor":48,"key":"PowerPotion"},{"floor":48,"key":"Block Potion"},{"floor":54,"key":"BottledSpark"},{"floor":54,"key":"PowerPotion"}],"is_trial":false,"path_per_floor":["M","?","M","?","M","E","M","E","T","E","?","$","?","M","R","B",null,"M","?","?","M","M","E","$","R","T","M","?","E","M","E","R","B",null,"M","M","?","$","?","R","?","E","T","M","?","E","$","M","R","B",null,"R","$","E","B",null],"character_chosen":"MARISA","items_purchased":["OrangePellets","TheSimpletonMod:GardenGlove","reliquary:CitrusReamer","reliquary:Bookmark","EnergyFlow"],"campfire_rested":0,"item_purchase_floors":[12,24,47,47,53],"current_hp_per_floor":[75,75,75,68,67,54,54,54,54,43,48,48,48,47,47,40,73,69,69,69,54,54,50,50,50,50,64,64,62,73,73,73,73,73,73,73,73,73,73,73,73,73,73,73,44,49,49,67,67,73,73,73,73,80,75],"gold":84,"neow_bonus":"THREE_ENEMY_KILL","is_daily":false,"chose_seed":false,"campfire_upgraded":5,"win_rate":0.0,"timestamp":1613967440,"path_taken":["M","?","?","?","M","E","M","E","T","E","?","$","?","?","R","BOSS","M","?","?","?","?","E","$","R","T","M","?","E","M","E","R","BOSS","M","?","?","$","?","R","?","E","T","M","?","E","$","M","R","BOSS","R","$","E","BOSS"],"items_purchased_type":["Relic","Relic","Relic","Relic","Card"],"build_version":"2020-12-22","purchased_purges":1,"victory":true,"max_hp_per_floor":[75,75,75,68,68,68,68,68,68,68,73,73,73,73,73,73,73,73,73,73,73,73,73,73,73,73,73,73,73,73,73,73,73,73,73,73,73,73,73,73,73,73,73,73,73,73,73,73,73,73,73,73,73,80,80],"card_choices":[{"not_picked":["UnstableBomb","LuminesStrike"],"picked":"WitchOfGreed","floor":1.0},{"not_picked":["AsteroidBelt","WitchOfGreed"],"picked":"ChargeUpSpray","floor":3.0},{"not_picked":["Menagerie:SuddenReclamation","Menagerie:CrumblingSanctuary"],"picked":"Menagerie:WallOfBlossoms","floor":4.0},{"not_picked":["Menagerie:Dismember","Menagerie:LightningHelix"],"picked":"Menagerie:QuirionDryad","floor":4.0},{"not_picked":["Menagerie:LightningHelix","Menagerie:Dismember"],"picked":"Menagerie:DarkRitual","floor":4.0},{"not_picked":["OortCloud","WitchLeyline"],"picked":"CasketOfStar","floor":5.0},{"not_picked":["AsteroidBelt","GalacticHalo"],"picked":"SprinkleStarSeal","floor":6.0},{"not_picked":["SporeBomb","PowerUp"],"picked":"IllusionStar","floor":7.0},{"not_picked":["Occultation","DeepEcoloBomb"],"picked":"JA","floor":8.0},{"not_picked":["RefractionSpark","MeteoricShower"],"picked":"IllusionStar","floor":10.0},{"not_picked":["GravityBeat","SprinkleStarSeal"],"picked":"6A","floor":14.0},{"not_picked":["MaximisePower","EscapeVelocity"],"picked":"MillisecondPulsars","floor":16.0},{"not_picked":["MysteriousBeam","WitchLeyline","GravityBeat"],"picked":"SKIP","floor":18.0},{"not_picked":["GrandCross","DoubleSpark"],"picked":"MachineGunSpark+1","floor":21.0},{"not_picked":["AsteroidBelt","SporeBomb"],"picked":"EarthLightRay","floor":22.0},{"not_picked":["EscapeVelocity","DarkMatter","NonDirectionalLaser"],"picked":"SKIP","floor":23.0},{"not_picked":["MysteriousBeam+1","ChargeUpSpray+1","OpenUniverse+1"],"picked":"SKIP","floor":27.0},{"not_picked":["MillisecondPulsars","ManaRampage"],"picked":"UltimateShortwave","floor":29.0},{"not_picked":["DoubleSpark","Occultation"],"picked":"EventHorizon","floor":30.0},{"not_picked":["DarkSpark","PulseMagic","MachineGunSpark"],"picked":"SKIP","floor":31.0},{"not_picked":["GravityBeat+1","AsteroidBelt"],"picked":"MagicAbsorber","floor":35.0},{"not_picked":["Orbital+1","UnstableBomb","DoubleSpark"],"picked":"SKIP","floor":36.0},{"not_picked":["Orbital+1","UnstableBomb"],"picked":"DoubleSpark","floor":36.0},{"not_picked":["Gensokyo:DreamlikeParadise+1","Gensokyo:MorningStar+1"],"picked":"Gensokyo:HouraiInAPot+1","floor":41.0},{"not_picked":["Occultation","Orbital","MagicAbsorber"],"picked":"SKIP","floor":42},{"not_picked":["Occultation","Orbital","MagicAbsorber"],"picked":"SKIP","floor":42},{"not_picked":["GalacticHalo+1","Orbital+1","Acceleration+1"],"picked":"SKIP","floor":44},{"not_picked":["ShootingEcho+1","AsteroidBelt","WitchOfGreed"],"picked":"SKIP","floor":46},{"not_picked":["SprinkleStarSeal","GrandCross"],"picked":"PowerUp+1","floor":48},{"not_picked":["UnstableBomb+1","Orbital+1"],"picked":"Singularity","floor":54}],"player_experience":2296045,"relics_obtained":[{"floor":6.0,"key":"Protect_Vest"},{"floor":8.0,"key":"SecretRecord"},{"floor":9.0,"key":"Vajra"},{"floor":10.0,"key":"aspiration:FetidBarrel"},{"floor":21.0,"key":"wanderingMiniBosses:OtherGremlinHorn"},{"floor":23.0,"key":"reliquary:Aerogel"},{"floor":26.0,"key":"SproutingBranch"},{"floor":29.0,"key":"Ornamental Fan"},{"floor":31.0,"key":"aspiration:FrozenJewel"},{"floor":42,"key":"strawberrySpire:ElefentMask"},{"floor":42,"key":"potionbrewer:BottledElixir"},{"floor":46,"key":"Ccalipers"},{"floor":46,"key":"Ancient Tea Set"},{"floor":54,"key":"aspiration:SeaSaltIceCream"},{"floor":54,"key":"Strawberry"}],"event_choices":[{"damage_healed":0.0,"max_hp_gain":0.0,"max_hp_loss":7.0,"gold_gain":0.0,"event_name":"Menagerie:OvergrownLibrary","player_choice":"Read","floor":4.0,"gold_loss":0.0,"damage_taken":0.0,"cards_obtained":["Doubt"]},{"damage_healed":0.0,"max_hp_gain":5.0,"max_hp_loss":0.0,"gold_gain":0.0,"event_name":"Menagerie:HarrowingRitual","player_choice":"Shield","floor":11.0,"gold_loss":0.0,"damage_taken":0.0},{"damage_healed":0.0,"max_hp_gain":0.0,"max_hp_loss":0.0,"gold_gain":0.0,"event_name":"Menagerie:SpiderNest","player_choice":"Ignored","floor":13.0,"gold_loss":0.0,"damage_taken":0.0},{"cards_removed":["Skewer"],"damage_healed":0.0,"max_hp_gain":0.0,"max_hp_loss":0.0,"gold_gain":0.0,"event_name":"Beggar","player_choice":"Gave Gold","floor":19.0,"gold_loss":75.0,"damage_taken":0.0},{"cards_removed":["Strike_MRS"],"damage_healed":0.0,"max_hp_gain":0.0,"max_hp_loss":0.0,"gold_gain":0.0,"event_name":"Purifier","player_choice":"Purged","floor":20.0,"gold_loss":0.0,"damage_taken":0.0},{"damage_healed":0.0,"max_hp_gain":0.0,"max_hp_loss":0.0,"gold_gain":0.0,"cards_transformed":["Defend_MRS"],"event_name":"Transmorgrifier","player_choice":"Transformed","floor":28.0,"gold_loss":0.0,"damage_taken":0.0,"cards_obtained":["DoubleSpark"]}],"is_beta":false,"boss_relics":[{"not_picked":["aspiration:RunicSpoon","Busted Crown"],"picked":"Astrolabe"},{"not_picked":["Fusion Hammer","reliquary:RedPaperclip"],"picked":"Black Star"}],"items_purged_floors":[12],"is_endless":false,"potions_floor_spawned":[3,7,8,14,16,22,23,27,30,42,44,46,48,54],"ascension_level":1}}