{"host":"tp1hyvdwlciy3xbu","time":1613963369,"event":{"mods":["BaseMod","Marisa£®ÏF”Í°°ƒß¿Ì…≥£©","Minty Spire (QoL Compilation)","SIMod","StSLib","The Construct","The Servant 0.9.4"],"gold_per_floor":[111,23,23,42,42,42,117,267,267,267,28,28,28,28,28,121,121,139,131,143,155,92,104,116,178,190,241,253,265,277,307,319,331,331],"floor_reached":33,"language":"ZHS","playtime":651,"items_purged":["Doubt"],"score":836,"play_id":"4bfc0c93-c231-4c33-b9a6-fca870f21fd5","local_time":"20210222110929","daily_mods":["SealedDeck","Vintage","Heirloom","Time Dilation","Flight","Elite Swarm"],"is_ascension_mode":true,"campfire_choices":[{"data":"GasGiant","floor":6.0,"key":"SMITH"},{"data":"ShootingEcho","floor":10.0,"key":"SMITH"},{"data":"GalacticHalo","floor":12.0,"key":"SMITH"},{"floor":15.0,"key":"REST"},{"data":"MagicAbsorber","floor":23.0,"key":"SMITH"},{"data":"WitchLeyline","floor":24.0,"key":"SMITH"},{"data":"TreasureHunter","floor":28.0,"key":"SMITH"},{"data":"WitchLeyline","floor":29.0,"key":"SMITH"},{"data":"WitchLeyline","floor":30.0,"key":"SMITH"},{"data":"Acceleration","floor":32.0,"key":"SMITH"}],"circlet_count":0,"master_deck":["AscendersBane","DragonMeteor","Acceleration+1","MagicAbsorber+1","GalacticHalo+1","GrandCross","GrandCross","WitchLeyline+1","WitchLeyline+1","ShootingEcho+1","WitchLeyline+1","GasGiant+1","TreasureHunter+1"],"relics":["MiniHakkero","construct:BoolHorns","Dream Catcher","Golden Idol","TungstenRod","Meat on the Bone","Membership Card","Juzu Bracelet","SacredBark","MawBank","Pear","Sundial","Bottled Lightning","Happy Flower"],"acts_visited":["Exordium","TheCity"],"potions_floor_usage":[33],"damage_taken":[{"damage":2.0,"enemies":"Small Slimes","floor":1.0,"turns":2.0},{"damage":0.0,"enemies":"2 Louse","floor":4.0,"turns":1.0},{"damage":0.0,"enemies":"The Guardian","floor":16.0,"turns":1.0},{"damage":10.0,"enemies":"2 Thieves","floor":18.0,"turns":3.0},{"damage":3.0,"enemies":"Gremlin Leader","floor":27.0,"turns":4.0},{"damage":0.0,"enemies":"3 Byrds","floor":31.0,"turns":3.0},{"damage":62,"enemies":"Automaton","floor":33,"turns":6}],"seed_played":"5361417272707177420","potions_obtained":[{"floor":1.0,"key":"SkillPotion"},{"floor":18.0,"key":"DistilledChaos"},{"floor":19.0,"key":"StarNLove"},{"floor":27.0,"key":"AttackPotion"},{"floor":31.0,"key":"ShroomBrew"}],"is_trial":true,"path_per_floor":["M","$","?","M","$","R","?","?","T","R","$","R","?","$","R","B",null,"M","?","$","?","?","R","R","?","T","E","R","R","R","M","R","B"],"character_chosen":"MARISA","items_purchased":["GasGiant","Membership Card"],"campfire_rested":1,"item_purchase_floors":[2,11],"current_hp_per_floor":[61,61,37,37,37,37,27,27,27,27,27,27,5,5,26,38,62,52,52,52,62,62,62,62,62,62,59,59,59,59,59,59,0,0],"gold":331,"neow_bonus":"","is_daily":false,"chose_seed":false,"campfire_upgraded":9,"win_rate":0.0,"timestamp":1613963369,"path_taken":["M","$","?","M","$","R","?","?","T","R","$","R","?","?","R","BOSS","M","?","?","?","?","R","R","?","T","E","R","R","R","M","R","BOSS"],"items_purchased_type":["Card","Relic"],"build_version":"2020-12-22","purchased_purges":1,"victory":false,"max_hp_per_floor":[70,70,70,70,70,70,70,70,70,70,70,70,70,70,70,70,70,70,70,70,80,80,80,80,80,80,80,80,80,80,80,80,80,80],"card_choices":[{"not_picked":["CasketOfStar","FinalSpark"],"picked":"TreasureHunter","floor":27.0}],"player_experience":329650,"relics_obtained":[{"floor":1.0,"key":"Dream Catcher"},{"floor":4.0,"key":"TungstenRod"},{"floor":9.0,"key":"Meat on the Bone"},{"floor":18.0,"key":"MawBank"},{"floor":26.0,"key":"Sundial"},{"floor":27.0,"key":"Bottled Lightning"},{"floor":31.0,"key":"Happy Flower"}],"event_choices":[{"damage_healed":0.0,"max_hp_gain":0.0,"max_hp_loss":0.0,"gold_gain":0.0,"event_name":"Golden Idol","player_choice":"Take Damage","floor":3.0,"gold_loss":0.0,"damage_taken":24.0,"relics_obtained":["Golden Idol"]},{"damage_healed":0.0,"max_hp_gain":0.0,"max_hp_loss":0.0,"gold_gain":75.0,"event_name":"World of Goop","player_choice":"Gather Gold","floor":7.0,"gold_loss":0.0,"damage_taken":11.0},{"damage_healed":0.0,"max_hp_gain":0.0,"max_hp_loss":0.0,"gold_gain":150.0,"event_name":"Liars Game","player_choice":"AGREE","floor":8.0,"gold_loss":0.0,"damage_taken":0.0,"cards_obtained":["Doubt"]},{"damage_healed":0.0,"max_hp_gain":0.0,"max_hp_loss":0.0,"gold_gain":0.0,"event_name":"Scrap Ooze","player_choice":"Success","floor":13.0,"gold_loss":0.0,"damage_taken":26.0,"relics_obtained":["Juzu Bracelet"]},{"damage_healed":0.0,"max_hp_gain":0.0,"max_hp_loss":0.0,"gold_gain":0.0,"event_name":"The Woman in Blue","player_choice":"Bought 1 Potion","floor":19.0,"gold_loss":0.0,"damage_taken":0.0},{"damage_healed":0.0,"max_hp_gain":0.0,"max_hp_loss":0.0,"gold_gain":0.0,"event_name":"The Mausoleum","player_choice":"Opened","floor":21.0,"gold_loss":0.0,"damage_taken":0.0,"relics_obtained":["Pear"],"cards_obtained":["Writhe"]},{"cards_removed":["Writhe"],"damage_healed":0.0,"max_hp_gain":0.0,"max_hp_loss":0.0,"gold_gain":0.0,"event_name":"Beggar","player_choice":"Gave Gold","floor":22.0,"gold_loss":75.0,"damage_taken":0.0},{"damage_healed":0.0,"max_hp_gain":0.0,"max_hp_loss":0.0,"gold_gain":50.0,"event_name":"Nest","player_choice":"Stole From Cult","floor":25.0,"gold_loss":0.0,"damage_taken":0.0}],"is_beta":false,"boss_relics":[{"not_picked":["ExperimentalFamiliar","Calling Bell"],"picked":"SacredBark"}],"items_purged_floors":[11],"is_endless":true,"potions_floor_spawned":[1,18,27,31],"killed_by":"Automaton","ascension_level":20}}