{"host":"uo6nfpes9byzll3a","time":1613957014,"event":{"mods":["AchievementEnabler","BaseMod","BetterRewards","Colored Map","Downfall","Hubris","Infinite Spire","Marisa????????","Minty Spire (QoL Compilation)","Replay The Spire","StSLib","The Cursed","The Disciple","The Jungle","The Necromancer","The Servant 0.9.4"],"gold_per_floor":[111,126,143,156,156,156,156],"floor_reached":6,"language":"ENG","playtime":780,"items_purged":[],"score":38,"play_id":"26a7b80d-d9de-4c1c-82a0-d97d4f4fe84c","local_time":"20210221192334","is_ascension_mode":false,"campfire_choices":[],"circlet_count":0,"master_deck":["TheCursedMod:Strike_TheCursed","TheCursedMod:Strike_TheCursed","TheCursedMod:Strike_TheCursed","TheCursedMod:Strike_TheCursed","TheCursedMod:Defend_TheCursed","TheCursedMod:Defend_TheCursed","TheCursedMod:Defend_TheCursed","TheCursedMod:Defend_TheCursed","TheCursedMod:CursedWand","TheCursedMod:CleanUpWorkshop","TheCursedMod:Dregs","TheCursedMod:RavingStaff","TheCursedMod:SoulReap","TheCursedMod:CursedAmulet","TheCursedMod:HellfireBreathing","Pain","ReplayTheSpireMod:??????????????????????"],"relics":["TheCursedMod:BlackMagic101"],"acts_visited":["Exordium"],"potions_floor_usage":[],"damage_taken":[{"damage":10,"enemies":"infinitespire:Voidling","floor":1,"turns":5},{"damage":1,"enemies":"Jaw Worm","floor":2,"turns":4},{"damage":1,"enemies":"2 Louse","floor":3,"turns":3},{"damage":2,"enemies":"2 Fungi Beasts","floor":4,"turns":4},{"damage":167,"enemies":"Replay:BlueRogue","floor":6,"turns":5}],"seed_played":"-4665692985318282610","potions_obtained":[{"floor":3,"key":"Fire Potion"}],"is_trial":false,"path_per_floor":["M","M","M","M","?","E"],"character_chosen":"THE_CURSED","items_purchased":[],"campfire_rested":0,"item_purchase_floors":[],"current_hp_per_floor":[79,78,82,80,80,0,0],"gold":156,"neow_bonus":"TEN_PERCENT_HP_BONUS","is_daily":false,"chose_seed":false,"campfire_upgraded":0,"win_rate":0.0,"timestamp":1613957014,"path_taken":["M","M","M","?","?","E"],"items_purchased_type":[],"build_version":"2020-12-22","purchased_purges":0,"victory":false,"max_hp_per_floor":[82,82,82,82,82,82,82],"card_choices":[{"not_picked":["TheCursedMod:VitalStrike","TheCursedMod:SaltUponWound"],"picked":"TheCursedMod:RavingStaff","floor":1},{"not_picked":["TheCursedMod:Torture","TheCursedMod:RapidMovement"],"picked":"TheCursedMod:SoulReap","floor":2},{"not_picked":["TheCursedMod:SaltUponWound","TheCursedMod:StingEye"],"picked":"TheCursedMod:CursedAmulet","floor":3},{"not_picked":["TheCursedMod:SaltUponWound","TheCursedMod:CircleOfFlame"],"picked":"TheCursedMod:HellfireBreathing","floor":4},{"not_picked":["ReplayTheSpireMod:Echoes of Time","infinitespire:FutureSight"],"picked":"ReplayTheSpireMod:??????????????????????","floor":5}],"player_experience":203927,"relics_obtained":[],"event_choices":[],"is_beta":false,"boss_relics":[],"items_purged_floors":[],"is_endless":false,"potions_floor_spawned":[3],"killed_by":"Replay:BlueRogue","ascension_level":0}}