{"host":"2lo6hma6kymb0g9i","time":1613975679,"event":{"mods":["BaseMod","Colored Map","DeckTracker","Minty Spire (QoL Compilation)"],"gold_per_floor":[116,131,131,131,151,183,183,217,293,293,293,293],"floor_reached":11,"language":"JPN","playtime":782,"items_purged":[],"score":162,"play_id":"801385ab-e454-4612-9144-422b4b1f7fdd","local_time":"20210222153439","is_ascension_mode":true,"campfire_choices":[{"floor":10,"key":"REST"}],"circlet_count":0,"master_deck":["AscendersBane","Strike_G","Strike_G","Strike_G","Strike_G","Strike_G","Defend_G","Defend_G","Defend_G","Defend_G","Defend_G","Survivor","Neutralize","Blade Dance","Blade Dance","Choke","Pain","Cloak And Dagger","Malaise","Blur"],"relics":["Ring of the Snake","Prayer Wheel","WarpedTongs","Calipers","Bronze Scales","Matryoshka"],"acts_visited":["Exordium"],"potions_floor_usage":[2,8,11],"damage_taken":[{"damage":3,"enemies":"Cultist","floor":1,"turns":5},{"damage":1,"enemies":"Small Slimes","floor":2,"turns":3},{"damage":2,"enemies":"2 Louse","floor":5,"turns":3},{"damage":15,"enemies":"Lagavulin","floor":6,"turns":7},{"damage":31,"enemies":"3 Sentries","floor":8,"turns":9},{"damage":24,"enemies":"Gremlin Nob","floor":11,"turns":3}],"seed_played":"3131726513229296711","potions_obtained":[{"floor":1,"key":"Weak Potion"},{"floor":2,"key":"Fruit Juice"},{"floor":6,"key":"Dexterity Potion"}],"is_trial":false,"path_per_floor":["M","M","?","?","M","E","?","E","T","R","E"],"character_chosen":"THE_SILENT","items_purchased":[],"campfire_rested":1,"item_purchase_floors":[],"current_hp_per_floor":[41,45,45,45,43,28,33,2,2,24,0,0],"gold":293,"neow_bonus":"ONE_RARE_RELIC","is_daily":false,"chose_seed":false,"campfire_upgraded":0,"win_rate":0.0,"timestamp":1613975679,"path_taken":["M","?","?","?","?","E","?","E","T","R","E"],"items_purchased_type":[],"build_version":"2020-12-22","purchased_purges":0,"victory":false,"max_hp_per_floor":[66,71,71,71,71,71,76,76,76,76,76,76],"card_choices":[{"not_picked":["Setup","Quick Slash"],"picked":"Blade Dance","floor":1},{"not_picked":["Choke","Outmaneuver","Bane"],"picked":"SKIP","floor":1},{"not_picked":["Poisoned Stab","Wraith Form v2"],"picked":"Blade Dance","floor":2},{"not_picked":["Prepared","Predator"],"picked":"Choke","floor":2},{"not_picked":["Backflip","Quick Slash"],"picked":"Cloak And Dagger","floor":5},{"not_picked":["Leg Sweep","Outmaneuver","Dagger Spray"],"picked":"SKIP","floor":5},{"not_picked":["Caltrops","Terror"],"picked":"Malaise","floor":6},{"not_picked":["Slice","Infinite Blades"],"picked":"Blur","floor":8}],"player_experience":1244253,"relics_obtained":[{"floor":6,"key":"Calipers"},{"floor":8,"key":"Bronze Scales"},{"floor":9,"key":"Matryoshka"}],"event_choices":[{"damage_healed":0,"gold_gain":0,"player_choice":"Ignored","damage_taken":0,"max_hp_gain":0,"max_hp_loss":0,"event_name":"Liars Game","floor":3,"gold_loss":0},{"damage_healed":0,"gold_gain":0,"player_choice":"Rummage","damage_taken":0,"relics_obtained":["WarpedTongs"],"max_hp_gain":0,"max_hp_loss":0,"event_name":"Accursed Blacksmith","floor":4,"gold_loss":0,"cards_obtained":["Pain"]},{"damage_healed":0,"gold_gain":0,"player_choice":"Donut","damage_taken":0,"max_hp_gain":5,"max_hp_loss":0,"event_name":"Big Fish","floor":7,"gold_loss":0}],"is_beta":false,"boss_relics":[],"items_purged_floors":[],"is_endless":false,"potions_floor_spawned":[1,2,6],"killed_by":"Gremlin Nob","ascension_level":20}}