{"host":"fm9e0lfunjlbhzxv","time":1613966589,"event":{"mods":["Alarm Clock","BaseMod","Bestiary","Better Match","Better Skull","Better Third Choice","Colored Map","Colored Powertips","Downfall","Good Game Mod","Key Reminder","Minty Spire (QoL Compilation)","Permanent Neow","Random Character Button","Rare Cards Sparkle","Relic Stats","Spire Arcade","StSLib","slay the spire mod where everything is the same but ironclad has a cowboy hat"],"gold_per_floor":[99,116,132,132,149,161,161,179,14,14,44,29,29,57,73,171,171,71,83,96,96,96,81,108,122,277,296,196,231,131,142,160,262,262,162,177,177,177,189,189,189,217,217,252,252,252,252,252],"floor_reached":46,"language":"ENG","playtime":4385,"items_purged":["Slimebound:Defend_Slimebound","Slimebound:Defend_Slimebound"],"score":573,"play_id":"854adaed-40cc-4127-b2bc-1ce714bc08b0","local_time":"20210221200309","is_ascension_mode":true,"campfire_choices":[{"data":"Creative AI","floor":1,"key":"SMITH"},{"floor":10,"key":"RECALL"},{"data":"Slimebound:GoopSpray","floor":13,"key":"SMITH"},{"data":"Slimebound:SlimeSpikes","floor":18,"key":"SMITH"},{"data":"Slimebound:GoopSpray","floor":28,"key":"SMITH"},{"floor":35,"key":"REST"}],"circlet_count":0,"master_deck":["Slimebound:Strike_Slimebound","Slimebound:Strike_Slimebound+1","Slimebound:Strike_Slimebound","Slimebound:Tackle+1","Slimebound:Defend_Slimebound","Slimebound:Defend_Slimebound+1","Slimebound:Split","Slimebound:CorrosiveSpit","Creative AI+1","Slimebound:GoopSpray+1","Slimebound:LeechEnergy","Slimebound:LeechingTouch","Slimebound:LivingWall","Slimebound:LivingWall","Slimebound:LeechEnergy","Slimebound:ItLooksTasty","Slimebound:SlimeSpikes+1","Slimebound:RallyTheTroops","Slimebound:SplitLeeching","Slimebound:Gluttony","Slimebound:GoopSpray+1","Slimebound:ItLooksTasty","Slimebound:TongueLash","Slimebound:Gluttony","Slimebound:TongueLash","Slimebound:ItLooksTasty+1","Slimebound:Grow+1","Slimebound:SlimeSpikes","Slimebound:Dissolve+1","Slimebound:Recycling","Slimebound:Grow+1","Slimebound:Prepare","Slimebound:OozeBath","Slimebound:SlimeSpikes","expansioncontent:Chronoboost","expansioncontent:YouAreMine","Slimebound:SplitSpecialist+1"],"relics":["Slimebound:AbsorbEndCombat","REME:ComplimentaryCards","Vajra","sneckomod:BlankCard","OrangePellets","Question Card","Blood Vial","expansioncontent:StudyCardRelic","downfall:HeartBlessingRed","downfall:HeartBlessingBlue","InkBottle","Fusion Hammer","downfall:HeartBlessingGreen","Bottled Tornado","Mango","Art of War"],"acts_visited":["Exordium","TheCity","TheBeyond"],"potions_floor_usage":[36,42,46],"damage_taken":[{"damage":0,"enemies":"Small Slimes","floor":2,"turns":4},{"damage":2,"enemies":"2 Louse","floor":3,"turns":3},{"damage":14,"enemies":"Jaw Worm","floor":5,"turns":4},{"damage":2,"enemies":"downfall:LooterAlt","floor":6,"turns":6},{"damage":0,"enemies":"Exordium Wildlife","floor":8,"turns":5},{"damage":0,"enemies":"downfall:FleeingMerchant","floor":9,"turns":4},{"damage":3,"enemies":"downfall:FleeingMerchant","floor":12,"turns":4},{"damage":18,"enemies":"Lagavulin","floor":14,"turns":8},{"damage":0,"enemies":"Blue Slaver","floor":15,"turns":4},{"damage":41,"enemies":"WA_ARCHETYPE_RETAIN","floor":16,"turns":8},{"damage":10,"enemies":"3 Byrds","floor":19,"turns":7},{"damage":9,"enemies":"Spheric Guardian","floor":20,"turns":6},{"damage":0,"enemies":"downfall:FleeingMerchant","floor":23,"turns":4},{"damage":3,"enemies":"Snecko","floor":25,"turns":3},{"damage":0,"enemies":"downfall:FleeingMerchant","floor":26,"turns":4},{"damage":11,"enemies":"Shelled Parasite and Fungi","floor":27,"turns":4},{"damage":16,"enemies":"Slavers","floor":29,"turns":5},{"damage":10,"enemies":"Snake Plant","floor":31,"turns":3},{"damage":7,"enemies":"Cultist and Chosen","floor":32,"turns":5},{"damage":49,"enemies":"SI_MIRROR_ARCHETYPE","floor":33,"turns":11},{"damage":2,"enemies":"3 Darklings","floor":36,"turns":3},{"damage":4,"enemies":"3 Shapes","floor":39,"turns":3},{"damage":28,"enemies":"3 Shapes","floor":40,"turns":5},{"damage":45,"enemies":"Nemesis","floor":42,"turns":5},{"damage":12,"enemies":"Reptomancer","floor":44,"turns":7},{"damage":37,"enemies":"Nemesis","floor":46,"turns":4}],"seed_played":"-6642182909658659330","potions_obtained":[{"floor":3,"key":"Dexterity Potion"},{"floor":5,"key":"SteroidPotion"},{"floor":8,"key":"Block Potion"},{"floor":19,"key":"PowerPotion"},{"floor":32,"key":"Slimebound:SpawnSlimePotion"},{"floor":40,"key":"champ:CounterPotion"},{"floor":42,"key":"PowerPotion"}],"is_trial":false,"path_per_floor":["R","M","M","?","M","M","T","M","$","R","?","$","R","E","M","B",null,"R","M","M","?","?","$","T","M","$","M","R","E","$","M","M","B",null,"R","M","?","$","M","?","T","E","?","E","?","E"],"character_chosen":"SLIMEBOUND","items_purchased":["OrangePellets","Slimebound:Gluttony","Slimebound:TongueLash"],"campfire_rested":1,"item_purchase_floors":[9,26,26],"current_hp_per_floor":[65,65,65,65,59,65,65,65,65,65,65,65,65,55,65,26,65,65,63,62,62,62,65,65,65,65,58,68,62,62,60,63,24,75,75,75,75,75,75,54,54,33,28,26,26,0,0,0],"gold":252,"neow_bonus":"RANDOM_COMMON_RELIC","is_daily":false,"chose_seed":false,"campfire_upgraded":4,"win_rate":0.0,"timestamp":1613966589,"path_taken":["R","M","M","?","M","M","T","M","$","R","?","$","R","E","M","BOSS","R","M","M","?","?","$","T","M","$","M","R","E","?","M","M","BOSS","R","M","?","$","M","?","T","E","?","E","?","E"],"items_purchased_type":["Relic","Card","Card"],"build_version":"2020-12-22","purchased_purges":2,"victory":false,"max_hp_per_floor":[65,65,65,65,65,65,65,65,65,65,65,65,65,65,65,65,65,65,65,65,65,65,65,65,65,65,65,75,75,75,75,75,75,75,75,75,75,75,75,75,75,89,89,89,89,89,89,89],"relic_stats":{"Blood Vial":20,"OrangePellets":[29],"counters":[26,129],"Art of War":[0],"Question Card":21,"obtain_stats":[{"downfall:HeartBlessingRed":18,"sneckomod:BlankCard":7,"Vajra":0,"downfall:HeartBlessingGreen":35,"Mango":42,"expansioncontent:StudyCardRelic":17,"Bottled Tornado":41,"Question Card":11,"keyreminder:keyreminder":10,"Blood Vial":14,"OrangePellets":9,"REME:ComplimentaryCards":0,"downfall:HeartBlessingBlue":28,"Fusion Hammer":34,"Slimebound:AbsorbEndCombat":0,"Art of War":44,"InkBottle":29},{"downfall:HeartBlessingRed":10,"sneckomod:BlankCard":4,"Vajra":0,"downfall:HeartBlessingGreen":20,"Mango":24,"expansioncontent:StudyCardRelic":10,"Bottled Tornado":23,"Question Card":6,"keyreminder:keyreminder":6,"Blood Vial":8,"OrangePellets":6,"REME:ComplimentaryCards":0,"downfall:HeartBlessingBlue":16,"Fusion Hammer":20,"Slimebound:AbsorbEndCombat":0,"Art of War":25,"InkBottle":17},{"downfall:HeartBlessingRed":50,"sneckomod:BlankCard":17,"Vajra":0,"downfall:HeartBlessingGreen":102,"Mango":118,"expansioncontent:StudyCardRelic":50,"Bottled Tornado":113,"Question Card":26,"keyreminder:keyreminder":26,"Blood Vial":38,"OrangePellets":26,"REME:ComplimentaryCards":0,"downfall:HeartBlessingBlue":78,"Fusion Hammer":102,"Slimebound:AbsorbEndCombat":0,"Art of War":125,"InkBottle":83}],"InkBottle":[28]},"card_choices":[{"not_picked":["Slimebound:ComboTackle","Slimebound:Schlurp"],"picked":"Slimebound:GoopSpray","floor":2},{"not_picked":["Slimebound:PressTheAttack","Slimebound:LeechingTouch"],"picked":"Slimebound:LeechEnergy","floor":3},{"not_picked":["Slimebound:RainOfGoop","Slimebound:SplitBruiser"],"picked":"Slimebound:LeechingTouch","floor":5},{"not_picked":["Slimebound:LeechingTouch","Slimebound:SplitMire"],"picked":"Slimebound:LivingWall","floor":6},{"not_picked":["Slimebound:ComboTackle","Slimebound:SlimeSlap"],"picked":"Slimebound:LivingWall","floor":8},{"not_picked":["Slimebound:RejuvenatingLick","Slimebound:ComboTackle"],"picked":"Slimebound:LeechEnergy","floor":9},{"not_picked":["Slimebound:SlimeTap","Slimebound:MinionMaster","Slimebound:SelfFormingGoo","Slimebound:DivideAndConquer"],"picked":"SKIP","floor":12},{"not_picked":["Slimebound:SlimeSpikes","Slimebound:RollThrough","Slimebound:RejuvenatingLick"],"picked":"Slimebound:ItLooksTasty","floor":14},{"not_picked":["Slimebound:SlimeTap","Slimebound:ProtectTheBoss","Slimebound:SamplingLick"],"picked":"Slimebound:SlimeSpikes","floor":15},{"not_picked":["Slimebound:MassRepurpose","Slimebound:TagTeam","Slimebound:WasteNot"],"picked":"Slimebound:RallyTheTroops","floor":16},{"not_picked":["Slimebound:Schlurp","Slimebound:HauntingLick","Slimebound:RollThrough"],"picked":"Slimebound:SplitLeeching","floor":19},{"not_picked":["Slimebound:SplitMire+1","Slimebound:Recycling","Slimebound:LeechEnergy+1"],"picked":"Slimebound:MegaLick","floor":20},{"not_picked":["Slimebound:SamplingLick","Slimebound:DivideAndConquer","Slimebound:Schlurp+1"],"picked":"Slimebound:GoopSpray","floor":23},{"not_picked":["Slimebound:ServeAndProtect","Slimebound:ItLooksTasty","Slimebound:Repurpose","Slimebound:Schlurp"],"picked":"SKIP","floor":25},{"not_picked":["Slimebound:ServeAndProtect","Slimebound:Repurpose","Slimebound:Schlurp"],"picked":"Slimebound:ItLooksTasty","floor":25},{"not_picked":["Slimebound:OneTwoCombo","Slimebound:SplitMire","Slimebound:MegaLick"],"picked":"Slimebound:TongueLash","floor":26},{"not_picked":["Slimebound:HauntingLick","Slimebound:RollThrough","Slimebound:DivideAndConquer"],"picked":"Slimebound:ItLooksTasty+1","floor":27},{"not_picked":["Slimebound:HungryTackle","Slimebound:Schlurp","Slimebound:HauntingLick+1"],"picked":"Slimebound:Grow+1","floor":29},{"not_picked":["Slimebound:FinishingTackle","Slimebound:Repurpose","Slimebound:DivideAndConquer"],"picked":"Slimebound:SlimeSpikes","floor":31},{"not_picked":["Slimebound:RejuvenatingLick","Slimebound:HungryTackle","Slimebound:GoopTackle+1"],"picked":"Slimebound:Dissolve+1","floor":32},{"not_picked":["Slimebound:LeechLife","Slimebound:MinionMaster","Slimebound:OozeBath"],"picked":"Slimebound:Recycling","floor":33},{"not_picked":["Slimebound:ItLooksTasty","Slimebound:Prepare","Slimebound:RollThrough+1"],"picked":"Slimebound:Grow+1","floor":36},{"not_picked":["Slimebound:LeechingTouch","Slimebound:PressTheAttack","Slimebound:Grow+1"],"picked":"Slimebound:Prepare","floor":39},{"not_picked":["Slimebound:TongueLash","Slimebound:LeechingTouch","Slimebound:GoopTackle"],"picked":"Slimebound:OozeBath","floor":40},{"not_picked":["Slimebound:HungryTackle","Slimebound:SlimeTap","Slimebound:SplitAcid"],"picked":"Slimebound:SlimeSpikes","floor":42},{"not_picked":["expansioncontent:YouAreMine","expansioncontent:PolyBeam"],"picked":"expansioncontent:Chronoboost","floor":43},{"not_picked":["expansioncontent:GuardianWhirl","expansioncontent:Hexaburn"],"picked":"expansioncontent:YouAreMine","floor":43},{"not_picked":["Slimebound:ServeAndProtect","Slimebound:ForwardTackle","Slimebound:MegaLick"],"picked":"Slimebound:SplitSpecialist+1","floor":44}],"player_experience":560300,"relics_obtained":[{"floor":7,"key":"sneckomod:BlankCard"},{"floor":14,"key":"Blood Vial"},{"floor":29,"key":"InkBottle"},{"floor":41,"key":"Bottled Tornado"},{"floor":42,"key":"Mango"},{"floor":44,"key":"Art of War"}],"event_choices":[{"damage_healed":0,"gold_gain":0,"player_choice":"Read","damage_taken":0,"max_hp_gain":0,"max_hp_loss":0,"event_name":"The Library","floor":21,"gold_loss":0,"cards_obtained":["Slimebound:Gluttony"]},{"cards_removed":["Slimebound:MegaLick"],"damage_healed":0,"gold_gain":0,"player_choice":"Removed Skill","damage_taken":0,"max_hp_gain":0,"max_hp_loss":0,"event_name":"Falling","floor":45,"gold_loss":0}],"is_beta":false,"boss_relics":[{"not_picked":["Calling Bell","bronze:MakeshiftBattery"],"picked":"expansioncontent:StudyCardRelic"},{"not_picked":["Cursed Key","Philosopher\u0027s Stone"],"picked":"Fusion Hammer"}],"items_purged_floors":[26,30],"is_endless":false,"potions_floor_spawned":[3,5,8,19,27,29,32,40,42],"killed_by":"Nemesis","ascension_level":1}}