{"host":"89iuq2p5kwriuwfq","time":1613985944,"event":{"mods":["BaseMod","Curses Come First","Custom Start","Minty Spire (QoL Compilation)","Permanent Neow","StSLib"],"gold_per_floor":[111,128,128,0,0,28,41,73,73,23,50,61,61,79,79,79,79],"floor_reached":16,"language":"ENG","playtime":704,"items_purged":["Regret","Defend_G"],"score":193,"play_id":"1da6fe16-dadb-43d4-83e7-789aca76af1e","local_time":"20210222092544","is_ascension_mode":true,"campfire_choices":[{"floor":15,"key":"REST"}],"circlet_count":0,"master_deck":["AscendersBane","Strike_G","Strike_G","Strike_G","Strike_G","Defend_G","Defend_G","Defend_G","Survivor","Neutralize","Blade Dance","Accuracy","Finisher","Corpse Explosion","Dash","Blade Dance"],"relics":["Ring of the Snake","Smiling Mask","Letter Opener","Omamori","Nunchaku","Centennial Puzzle","Lantern"],"acts_visited":["Exordium"],"potions_floor_usage":[6,12,14],"damage_taken":[{"damage":1,"enemies":"Small Slimes","floor":1,"turns":5},{"damage":0,"enemies":"2 Louse","floor":2,"turns":3},{"damage":22,"enemies":"3 Sentries","floor":6,"turns":9},{"damage":1,"enemies":"Cultist","floor":7,"turns":3},{"damage":15,"enemies":"Lagavulin","floor":8,"turns":4},{"damage":1,"enemies":"Red Slaver","floor":12,"turns":2},{"damage":0,"enemies":"Exordium Thugs","floor":14,"turns":4},{"damage":13,"enemies":"Slime Boss","floor":16,"turns":5}],"seed_played":"3918787186921368779","potions_obtained":[{"floor":1,"key":"Block Potion"},{"floor":6,"key":"Explosive Potion"},{"floor":12,"key":"Block Potion"}],"is_trial":false,"path_per_floor":["M","M","?","$","?","E","M","E","T","$","T","M","?","M","R","B"],"character_chosen":"THE_SILENT","items_purchased":["Finisher"],"campfire_rested":1,"item_purchase_floors":[4],"current_hp_per_floor":[58,58,58,58,58,36,35,20,20,20,20,19,1,1,20,7,7],"gold":79,"neow_bonus":"REMOVE_CARD","is_daily":false,"chose_seed":false,"campfire_upgraded":0,"win_rate":0.0,"timestamp":1613985944,"path_taken":["M","M","?","$","?","E","?","E","T","?","?","M","?","M","R","BOSS"],"items_purchased_type":["Card"],"build_version":"2020-12-22","purchased_purges":2,"victory":false,"max_hp_per_floor":[66,66,66,66,66,66,66,66,66,66,66,66,66,66,66,66,66],"card_choices":[{"not_picked":["Blur","Sucker Punch"],"picked":"Blade Dance","floor":1},{"not_picked":["Calculated Gamble","Sucker Punch"],"picked":"Accuracy","floor":2},{"not_picked":["Dagger Spray","Choke"],"picked":"Corpse Explosion","floor":6},{"not_picked":["Dagger Spray","Poisoned Stab"],"picked":"Dash","floor":7},{"not_picked":["Tactician","Eviscerate","Bane"],"picked":"SKIP","floor":8},{"not_picked":["Bane","Dagger Spray","Flechettes"],"picked":"SKIP","floor":12},{"not_picked":["Deflect","Bane"],"picked":"Blade Dance","floor":14}],"player_experience":763436,"relics_obtained":[{"floor":6,"key":"Letter Opener"},{"floor":8,"key":"Omamori"},{"floor":9,"key":"Nunchaku"},{"floor":11,"key":"Centennial Puzzle"}],"event_choices":[{"damage_healed":0,"gold_gain":0,"player_choice":"Box","damage_taken":0,"relics_obtained":["Smiling Mask"],"max_hp_gain":0,"max_hp_loss":0,"event_name":"Big Fish","floor":3,"gold_loss":0,"cards_obtained":["Regret"]},{"cards_removed":["Defend_G"],"damage_healed":0,"gold_gain":0,"player_choice":"Purged","damage_taken":0,"max_hp_gain":0,"max_hp_loss":0,"event_name":"Purifier","floor":5,"gold_loss":0},{"damage_healed":0,"gold_gain":0,"player_choice":"Success","damage_taken":18,"relics_obtained":["Lantern"],"max_hp_gain":0,"max_hp_loss":0,"event_name":"Scrap Ooze","floor":13,"gold_loss":0}],"is_beta":false,"boss_relics":[],"items_purged_floors":[4,10],"is_endless":false,"potions_floor_spawned":[1,6,12],"killed_by":"Slime Boss","ascension_level":15}}