{"host":"d3b2x3wue20uj2ir","time":1613970739,"event":{"mods":["AchievementEnabler","BaseMod","Better Third Choice","BetterRewards","Exacting","FTL Soundtrack","Minty Spire (QoL Compilation)","Shop Mod","StSLib"],"gold_per_floor":[119,119,119,139,139,139,165,0,25,25,25,44,58,69,69,174,174,189,189,189,207,223,223,251,251,251,251,251,251],"floor_reached":28,"language":"ENG","playtime":1660,"items_purged":[],"score":386,"play_id":"bc373539-7d08-49ef-85bb-9cb2b78e15bd","local_time":"20210222151219","is_ascension_mode":true,"campfire_choices":[{"floor":6,"key":"REST"},{"floor":15,"key":"REST"},{"floor":23,"key":"REST"},{"floor":27,"key":"REST"}],"circlet_count":0,"master_deck":["Strike_B","Strike_B","Strike_B","Strike_B","Defend_B+1","Defend_B","Defend_B","Defend_B","Zap","Dualcast+1","Darkness+1","Go for the Eyes","Coolheaded","Storm","Enlightenment","Defragment","Force Field","Ball Lightning","Amplify","White Noise","Tempest","Leap","Redo","Necronomicurse"],"relics":["Cracked Core","OrangePellets","InkBottle","Vajra","Inserter","Eternal Feather","Necronomicon","Matryoshka"],"acts_visited":["Exordium","TheCity"],"potions_floor_usage":[7,16,21,24],"damage_taken":[{"damage":10,"enemies":"Small Slimes","floor":1,"turns":3},{"damage":0,"enemies":"2 Louse","floor":4,"turns":2},{"damage":13,"enemies":"Lagavulin","floor":7,"turns":4},{"damage":4,"enemies":"Jaw Worm","floor":12,"turns":3},{"damage":30,"enemies":"Exordium Wildlife","floor":13,"turns":4},{"damage":13,"enemies":"Large Slime","floor":14,"turns":5},{"damage":3,"enemies":"Hexaghost","floor":16,"turns":7},{"damage":14,"enemies":"Spheric Guardian","floor":18,"turns":5},{"damage":20,"enemies":"Chosen","floor":21,"turns":7},{"damage":28,"enemies":"Sentry and Sphere","floor":22,"turns":7},{"damage":53,"enemies":"Book of Stabbing","floor":24,"turns":7},{"damage":50,"enemies":"Slavers","floor":28,"turns":3}],"seed_played":"5781553027786929630","potions_obtained":[{"floor":4,"key":"PowerPotion"},{"floor":7,"key":"FairyPotion"},{"floor":12,"key":"Swift Potion"},{"floor":14,"key":"Strength Potion"},{"floor":21,"key":"GamblersBrew"},{"floor":22,"key":"Dexterity Potion"}],"is_trial":false,"path_per_floor":["M","?","?","M","?","R","E","?","T","?","$","M","M","M","R","B",null,"M","?","?","M","M","R","E","?","T","R","E"],"character_chosen":"DEFECT","items_purchased":["OrangePellets","Darkness"],"campfire_rested":4,"item_purchase_floors":[0,0],"current_hp_per_floor":[57,57,42,42,30,52,39,45,45,50,50,46,16,3,28,25,86,72,72,72,52,24,49,25,9,9,46,0,0],"gold":251,"neow_bonus":"","is_daily":false,"chose_seed":false,"campfire_upgraded":0,"win_rate":0.0,"timestamp":1613970739,"path_taken":["M","?","?","M","?","R","E","?","T","?","$","M","M","M","R","BOSS","M","?","?","M","M","R","E","?","T","R","E"],"items_purchased_type":["Relic","Card"],"build_version":"2020-12-22","purchased_purges":0,"victory":false,"max_hp_per_floor":[75,75,75,75,75,75,75,81,81,86,86,86,86,86,86,86,86,86,86,86,86,86,86,86,86,86,86,86,86],"card_choices":[{"not_picked":["Recycle","Skim"],"picked":"Go for the Eyes","floor":1},{"not_picked":["Go for the Eyes","Streamline"],"picked":"Coolheaded","floor":4},{"not_picked":["Reprogram","Streamline"],"picked":"Storm","floor":7},{"not_picked":["Genetic Algorithm","Beam Cell"],"picked":"Defragment","floor":12},{"not_picked":["Compile Driver","Steam"],"picked":"Force Field","floor":13},{"not_picked":["Gash","Melter"],"picked":"Ball Lightning","floor":14},{"not_picked":["Biased Cognition","Fission"],"picked":"Amplify","floor":16},{"not_picked":["Beam Cell","Hologram"],"picked":"White Noise","floor":18},{"not_picked":["Ball Lightning","Rip and Tear"],"picked":"Tempest","floor":21},{"not_picked":["Steam","Undo+1"],"picked":"Leap","floor":22},{"not_picked":["Stack","Gash"],"picked":"Redo","floor":24}],"player_experience":719597,"relics_obtained":[{"floor":7,"key":"Vajra"},{"floor":24,"key":"Eternal Feather"},{"floor":25,"key":"Necronomicon"},{"floor":26,"key":"Matryoshka"}],"event_choices":[{"damage_healed":0,"gold_gain":0,"player_choice":"Grow","damage_taken":0,"max_hp_gain":0,"max_hp_loss":0,"event_name":"Living Wall","floor":2,"gold_loss":0,"cards_upgraded":["Darkness"]},{"damage_healed":57,"gold_gain":0,"player_choice":"Upgrade","damage_taken":15,"max_hp_gain":0,"max_hp_loss":75,"event_name":"betterThird:BetterShining","floor":3,"gold_loss":0,"cards_upgraded":["Dualcast","Defend_B"]},{"damage_healed":0,"gold_gain":0,"player_choice":"Relic ","damage_taken":12,"max_hp_gain":0,"max_hp_loss":0,"event_name":"betterThird:BetterScrap","floor":5,"gold_loss":0,"cards_obtained":["Tools of the Trade"]},{"damage_healed":0,"gold_gain":0,"player_choice":"RENOUNCE","damage_taken":165,"max_hp_gain":0,"max_hp_loss":0,"event_name":"betterThird:BetterSerpent","floor":8,"gold_loss":165,"cards_obtained":["Enlightenment"]},{"damage_healed":0,"gold_gain":0,"player_choice":"Donut","damage_taken":0,"max_hp_gain":5,"max_hp_loss":0,"event_name":"Big Fish","floor":10,"gold_loss":0},{"damage_healed":0,"gold_gain":0,"player_choice":"Ignored","damage_taken":0,"max_hp_gain":0,"max_hp_loss":0,"event_name":"Ghosts","floor":19,"gold_loss":0},{"damage_healed":0,"gold_gain":0,"player_choice":"Adaptability","damage_taken":0,"max_hp_gain":0,"max_hp_loss":0,"event_name":"betterThird:BetterWriting","floor":20,"gold_loss":0},{"damage_healed":0,"gold_gain":0,"player_choice":"Obtained Book","damage_taken":16,"max_hp_gain":0,"max_hp_loss":0,"event_name":"Cursed Tome","floor":25,"gold_loss":0}],"is_beta":false,"boss_relics":[{"not_picked":["Cursed Key","Runic Pyramid"],"picked":"Inserter"}],"items_purged_floors":[],"is_endless":false,"potions_floor_spawned":[4,7,12,14,21,22],"killed_by":"Slavers","ascension_level":3}}