{"host":"aygt75jb8cs7sa4f","time":1613995184,"event":{"mods":["Act Like it!","AlwaysNeverKeys","BaseMod","Better Third Choice","BetterRewards","Colored Map","Conspire","Dota2Spire","GifTheSpireLib","Halation","Hallownest","Hermit","Marisa????????","Minty Spire (QoL Compilation)","Permanent Neow","Reliquary","Replay The Spire","Spikes Relics","StSLib","The Animator","The Bug Knight","The Cursed","The Servant 0.9.4"],"gold_per_floor":[117,131,131,151,170,170,180,180,207,207,239,239,272,298,298,393,393,378,378,390,160,160,194,194,194,194,194,123,134,146,164,164,259,359,369,369,384,384,400,400,430,430,430,430,463,492,515,527,539,551],"floor_reached":51,"language":"ENG","playtime":3952,"items_purged":["hermit:Snipe"],"score":620,"play_id":"779e3978-49eb-4deb-9a7c-cee2c960696a","local_time":"20210222065944","daily_mods":["SealedDeck","Flight"],"is_ascension_mode":false,"campfire_choices":[{"data":"hermit:GoldenBullet","floor":6,"key":"SMITH"},{"data":"hermit:Manifest","floor":8,"key":"SMITH"},{"data":"hermit:ShadowCloak","floor":10,"key":"SMITH"},{"floor":12,"key":"REST"},{"data":"hermit:ShadowCloak","floor":15,"key":"SMITH"},{"data":"hermit:Malice","floor":24,"key":"SMITH"},{"floor":25,"key":"REST"},{"data":"hermit:Malice","floor":27,"key":"SMITH"},{"floor":32,"key":"REST"},{"floor":40,"key":"REST"},{"data":"hermit:Grudge","floor":42,"key":"SMITH"},{"data":"hermit:Brawl","floor":44,"key":"SMITH"},{"floor":49,"key":"REST"}],"circlet_count":0,"master_deck":["hermit:Coalescence","hermit:ShadowCloak+1","hermit:Misfire","hermit:Manifest+1","hermit:LowProfile","hermit:LowProfile","hermit:LowProfile","hermit:Malice+1","hermit:Brawl+1","hermit:Malice+1","Normality","hermit:GoldenBullet+1","hermit:ShadowCloak+1","hermit:Gambit","hermit:Manifest+1","conspire:Banana","hermit:Grudge+1","hermit:FromBeyond+1","hermit:Horror+1"],"relics":["hermit:Momento","Ring of Hypnosis","Ring of Fury","halation:AfternoonTea","HollowMod:PaleOreRelic","Strawberry","Dota2Spire:ShivaGuard","SlaversCollar","halation:PinkSoulGem","reliquary:Knoch","reliquary:GummyVitamins","The Courier","Replay:Wanted Poster","Dota2Spire:MagicBottle","Darkstone Periapt","MawBank","halation:PapillonHeart"],"acts_visited":["Exordium","TheCity","TheBeyond"],"potions_floor_usage":[16,23,33,33,41,47],"damage_taken":[{"damage":0,"enemies":"Cultist","floor":1,"turns":6},{"damage":0,"enemies":"2 Louse","floor":2,"turns":2},{"damage":5,"enemies":"Jaw Worm","floor":4,"turns":4},{"damage":12,"enemies":"Exordium Wildlife","floor":5,"turns":5},{"damage":9,"enemies":"2 Fungi Beasts","floor":7,"turns":3},{"damage":14,"enemies":"Gremlin Nob","floor":11,"turns":5},{"damage":0,"enemies":"Lagavulin","floor":13,"turns":6},{"damage":18,"enemies":"3 Sentries","floor":14,"turns":6},{"damage":8,"enemies":"Hexaghost","floor":16,"turns":10},{"damage":1,"enemies":"2 Thieves","floor":18,"turns":4},{"damage":31,"enemies":"3 Byrds","floor":20,"turns":7},{"damage":17,"enemies":"Slavers","floor":23,"turns":9},{"damage":3,"enemies":"Sentry and Sphere","floor":29,"turns":12},{"damage":7,"enemies":"Snake Plant","floor":30,"turns":6},{"damage":17,"enemies":"3 Cultists","floor":31,"turns":5},{"damage":27,"enemies":"conspire:MysteriousRune","floor":33,"turns":13},{"damage":8,"enemies":"Orb Walker","floor":35,"turns":4},{"damage":37,"enemies":"3 Shapes","floor":37,"turns":3},{"damage":6,"enemies":"3 Darklings","floor":39,"turns":6},{"damage":17,"enemies":"HollowMod:StalkingDevout","floor":41,"turns":10},{"damage":17,"enemies":"Giant Head","floor":45,"turns":12},{"damage":11,"enemies":"Jaw Worm Horde","floor":46,"turns":4},{"damage":35,"enemies":"Transient","floor":47,"turns":5},{"damage":6,"enemies":"Replay:Hell Engine","floor":50,"turns":3}],"seed_played":"-5401305189788647426","potions_obtained":[{"floor":4,"key":"PowerPotion"},{"floor":5,"key":"Doom Potion"},{"floor":7,"key":"SkillPotion"},{"floor":29,"key":"Explosive Potion"},{"floor":31,"key":"Fruit Juice"},{"floor":35,"key":"Dota2Spire:Clarity"},{"floor":37,"key":"Block Potion"},{"floor":41,"key":"BlessingOfTheForge"}],"is_trial":true,"path_per_floor":["M","M","?","M","M","R","M","R","T","R","E","R","E","E","R","B",null,"M","?","M","$","?","E","R","R","T","R","$","M","M","M","R","B",null,"M","?","M","?","M","R","E","R","T","R","E","M","M","?","R","B",null],"character_chosen":"HERMIT","items_purchased":["reliquary:Knoch","conspire:Banana"],"campfire_rested":5,"item_purchase_floors":[21,28],"current_hp_per_floor":[75,75,75,70,58,58,49,49,49,49,35,57,79,61,61,53,82,81,81,50,50,50,33,33,57,57,57,57,70,64,48,73,67,91,84,84,48,48,43,71,70,70,70,70,54,50,16,16,43,46],"gold":563,"neow_bonus":"","is_daily":false,"chose_seed":false,"campfire_upgraded":8,"win_rate":0.0,"timestamp":1613995184,"path_taken":["M","M","?","M","M","R","M","R","T","R","E","R","E","E","R","BOSS","M","?","M","$","?","E","R","R","T","R","$","M","M","M","R","BOSS","M","?","M","?","M","R","E","R","T","R","E","?","M","?","R","BOSS"],"items_purchased_type":["Relic","Card"],"build_version":"2020-12-22","purchased_purges":1,"victory":true,"max_hp_per_floor":[75,75,75,75,75,75,75,75,75,75,75,75,82,82,82,82,82,82,82,82,82,82,82,82,82,82,82,82,83,84,85,85,91,91,92,92,93,93,94,94,95,95,95,95,96,97,98,93,93,93],"card_choices":[{"not_picked":["hermit:Coalescence","hermit:Snipe","hermit:Dive"],"picked":"SKIP","floor":1},{"not_picked":["hermit:Feint","hermit:CalledShot"],"picked":"hermit:Malice","floor":2},{"not_picked":["hermit:Determination","hermit:Dive"],"picked":"hermit:GoldenBullet","floor":4},{"not_picked":["hermit:NoHoldsBarred","hermit:Glare","hermit:GoldenBullet"],"picked":"SKIP","floor":5},{"not_picked":["hermit:FullyLoaded","hermit:Feint"],"picked":"hermit:ShadowCloak","floor":7},{"not_picked":["hermit:Snipe","hermit:ItchyTrigger","hermit:TakeAim"],"picked":"SKIP","floor":11},{"not_picked":["hermit:Virtue","hermit:GoldenBullet","hermit:Quickdraw"],"picked":"SKIP","floor":13},{"not_picked":["hermit:HighCaliber","hermit:Dissolve","hermit:Determination"],"picked":"SKIP","floor":14},{"not_picked":["hermit:RoundhouseKick","hermit:BlackWind"],"picked":"hermit:Gambit","floor":16},{"not_picked":["hermit:WideOpen","hermit:Dive","hermit:Headshot"],"picked":"SKIP","floor":18},{"not_picked":["hermit:TrackingShot","hermit:RoundhouseKick","hermit:Midnight"],"picked":"SKIP","floor":20},{"not_picked":["hermit:Ricochet+1","hermit:HoleUp+1"],"picked":"hermit:Manifest+1","floor":23},{"not_picked":["hermit:Manifest+1","hermit:Feint"],"picked":"hermit:Grudge","floor":29},{"not_picked":["hermit:Quickdraw","hermit:Feint","hermit:Spite"],"picked":"SKIP","floor":30},{"not_picked":["hermit:Vantage+1","hermit:EternalForm","hermit:Scavenge"],"picked":"SKIP","floor":31},{"not_picked":["hermit:BlackWind","hermit:Roughhouse"],"picked":"hermit:FromBeyond","floor":33},{"not_picked":["hermit:Snipe","hermit:CursedWeapon+1","hermit:TakeCover+1"],"picked":"SKIP","floor":35},{"not_picked":["hermit:Manifest+1","hermit:Feint+1","hermit:LoneWolf+1"],"picked":"SKIP","floor":37},{"not_picked":["hermit:GoldenBullet","hermit:HoleUp","hermit:LowProfile"],"picked":"SKIP","floor":39},{"not_picked":["hermit:Vantage","hermit:Roughhouse","hermit:ItchyTrigger"],"picked":"SKIP","floor":41},{"not_picked":["hermit:CalledShot","hermit:Adapt","hermit:Glare+1"],"picked":"SKIP","floor":45},{"not_picked":["hermit:TrackingShot","hermit:LuckOfTheDraw+1","hermit:Vantage+1"],"picked":"SKIP","floor":46},{"not_picked":["hermit:HoleUp","hermit:Desperado"],"picked":"hermit:Horror+1","floor":47}],"player_experience":430155,"relics_obtained":[{"floor":3,"key":"Ring of Hypnosis"},{"floor":3,"key":"Ring of Fury"},{"floor":9,"key":"halation:AfternoonTea"},{"floor":11,"key":"HollowMod:PaleOreRelic"},{"floor":13,"key":"Strawberry"},{"floor":14,"key":"Dota2Spire:ShivaGuard"},{"floor":23,"key":"reliquary:GummyVitamins"},{"floor":26,"key":"The Courier"},{"floor":41,"key":"Dota2Spire:MagicBottle"},{"floor":43,"key":"Darkstone Periapt"},{"floor":45,"key":"MawBank"}],"event_choices":[{"damage_healed":0,"gold_gain":0,"player_choice":"Ignored","damage_taken":0,"max_hp_gain":0,"max_hp_loss":0,"event_name":"Cursed Tome","floor":22,"gold_loss":0},{"damage_healed":0,"gold_gain":0,"player_choice":"Leave","damage_taken":0,"max_hp_gain":0,"max_hp_loss":0,"event_name":"conspire:Investor","floor":36,"gold_loss":0},{"damage_healed":0,"gold_gain":0,"player_choice":"Upgraded","damage_taken":0,"max_hp_gain":0,"max_hp_loss":0,"event_name":"Upgrade Shrine","floor":38,"gold_loss":0,"cards_upgraded":["hermit:FromBeyond"]}],"is_beta":false,"boss_relics":[{"not_picked":["halation:Risk","halation:LoveArrow"],"picked":"SlaversCollar"},{"not_picked":["conspire:SlowCooker","Busted Crown"],"picked":"Replay:Wanted Poster"}],"items_purged_floors":[21],"is_endless":false,"potions_floor_spawned":[4,5,7,13,14,29,31,35,37,41],"ascension_level":0}}