{"host":"yml0ux6c8lqydjlc","time":1613963347,"event":{"mods":["Aspiration","BaseMod","Conspire","Downfall","Hermit","Jedi Mod","Minty Spire (QoL Compilation)","Robot Space Explorer","StSLib"],"gold_per_floor":[118,130,150,0,0,0,19,19,44,60,60,74,74,94,94,194,194,194,194],"floor_reached":18,"language":"ENG","playtime":1343,"items_purged":["Strike_B"],"score":154,"play_id":"1ebe5c86-16a0-4926-ba93-1970839c68aa","local_time":"20210221220907","is_ascension_mode":false,"campfire_choices":[{"data":"Stack","floor":6,"key":"SMITH"},{"data":"Self Repair","floor":8,"key":"SMITH"},{"data":"Steam","floor":13,"key":"SMITH"},{"data":"jedi:blockon","floor":15,"key":"SMITH"}],"circlet_count":0,"master_deck":["Strike_B","Strike_B","Strike_B+1","Defend_B","Defend_B","Defend_B","Defend_B","Zap","Dualcast+1","Leap","FTL","Self Repair+1","jedi:blockon+1","Stack+1","Steam+1","Melter","Leap","Coolheaded","All For One"],"relics":["Cracked Core","Happy Flower"],"acts_visited":["Exordium","TheCity"],"potions_floor_usage":[],"damage_taken":[{"damage":1,"enemies":"Jaw Worm","floor":1,"turns":4},{"damage":0,"enemies":"2 Louse","floor":2,"turns":3},{"damage":1,"enemies":"Small Slimes","floor":3,"turns":4},{"damage":3,"enemies":"2 Fungi Beasts","floor":7,"turns":4},{"damage":0,"enemies":"Blue Slaver","floor":10,"turns":6},{"damage":0,"enemies":"Looter","floor":12,"turns":3},{"damage":0,"enemies":"2 Fungi Beasts","floor":14,"turns":4},{"damage":48,"enemies":"Slime Boss","floor":16,"turns":21},{"damage":3,"enemies":"Shell Parasite","floor":18,"turns":2}],"seed_played":"-4589508308767464138","potions_obtained":[{"floor":2,"key":"jedi:wingpotion"},{"floor":3,"key":"Block Potion"},{"floor":16,"key":"SmokeBomb"}],"is_trial":false,"path_per_floor":["M","M","M","$","?","R","M","R","T","M","?","M","R","M","R","B",null,"M"],"character_chosen":"DEFECT","items_purchased":["jedi:blockon","Stack"],"campfire_rested":0,"item_purchase_floors":[4,4],"current_hp_per_floor":[81,81,80,80,80,80,82,82,82,82,66,76,76,82,82,44,82,79,79],"gold":194,"neow_bonus":"TEN_PERCENT_HP_BONUS","is_daily":false,"chose_seed":false,"campfire_upgraded":4,"win_rate":0.0,"timestamp":1613963347,"path_taken":["M","M","M","$","?","R","M","R","T","M","?","M","R","M","R","BOSS","M"],"items_purchased_type":["Card","Card"],"build_version":"2020-12-22","purchased_purges":1,"victory":false,"max_hp_per_floor":[82,82,82,82,82,82,82,82,82,82,82,82,82,82,82,82,82,82,82],"card_choices":[{"not_picked":["Ball Lightning","Darkness"],"picked":"Leap","floor":1},{"not_picked":["jedi:BurstFrost","jedi:spotbugs"],"picked":"FTL","floor":2},{"not_picked":["Sweeping Beam","Rebound"],"picked":"Self Repair","floor":3},{"not_picked":["Skim","White Noise"],"picked":"Steam","floor":7},{"not_picked":["Fusion","jedi:spotbugs"],"picked":"Melter","floor":10},{"not_picked":["conspire:SharedLibrary","Steam"],"picked":"Leap","floor":12},{"not_picked":["Heatsinks","Gash"],"picked":"Coolheaded","floor":14},{"not_picked":["Thunder Strike","Reboot"],"picked":"All For One","floor":16}],"player_experience":138867,"relics_obtained":[{"floor":9,"key":"Happy Flower"}],"event_choices":[{"damage_healed":0,"gold_gain":0,"player_choice":"Disagree","damage_taken":0,"max_hp_gain":0,"max_hp_loss":0,"event_name":"conspire:LoneGhost","floor":5,"gold_loss":0},{"damage_healed":0,"gold_gain":0,"player_choice":"Entered Light","damage_taken":16,"max_hp_gain":0,"max_hp_loss":0,"event_name":"Shining Light","floor":11,"gold_loss":0,"cards_upgraded":["Strike_B","Dualcast"]}],"is_beta":false,"boss_relics":[{"not_picked":["aspiration:FutureDiary","aspiration:RunicSpoon","aspiration:Stellarator"]}],"items_purged_floors":[4],"is_endless":false,"potions_floor_spawned":[2,3,16],"killed_by":"Shell Parasite","ascension_level":0}}