{"host":"81iaqqr1ryudmr11","time":1613984317,"event":{"mods":["BaseMod","Highlight Path","Minty Spire (QoL Compilation)","Relic Stats"],"gold_per_floor":[114,130,140,160,10,39,39,49,49,49,75,432,444,500,500,626,626,676,622,670,595,230,230,264,264,264,323,373,431,472,512,512,639,639,685,685,442,492,590,647,647,704,704,746,775,424,424,468,468,498,498,498,23,51,51],"floor_reached":56,"language":"ENG","playtime":3510,"items_purged":["Defend_P","Defend_P","Regret","Shame"],"score":2110,"play_id":"17efd933-fc6c-4c60-9fea-1e4903d72c65","local_time":"20210222095837","is_ascension_mode":true,"campfire_choices":[{"data":"SandsOfTime","floor":7.0,"key":"SMITH"},{"data":"Wish","floor":15.0,"key":"SMITH"},{"data":"Vigilance","floor":23.0,"key":"SMITH"},{"floor":25.0,"key":"RECALL"},{"data":"Wallop","floor":32.0,"key":"SMITH"},{"data":"Wallop","floor":47,"key":"SMITH"},{"data":"Swivel","floor":49,"key":"SMITH"},{"data":"Swivel","floor":52,"key":"SMITH"}],"circlet_count":0,"master_deck":["Strike_P","Strike_P","Strike_P","Strike_P","Defend_P","Eruption","Vigilance+1","SandsOfTime+1","Swivel+1","Wish+1","Swivel+1","Vault","Protect","Vault","Wallop+1","Wallop+1","WheelKick+1","Wireheading"],"relics":["Snecko Eye","PreservedInsect","Blood Vial","Gambling Chip","Blue Candle","Old Coin","Ice Cream","Cursed Key","Juzu Bracelet","Bag of Preparation","Lee\u0027s Waffle","Art of War","Kunai","Lantern","Happy Flower","Black Star","Toolbox","CaptainsWheel","Molten Egg 2","Sundial","Dream Catcher","Strawberry","Bronze Scales","Akabeko","Ancient Tea Set","Oddly Smooth Stone","Nunchaku","Pear"],"acts_visited":["Exordium","TheCity","TheBeyond","TheEnding"],"potions_floor_usage":[40,55,55],"damage_taken":[{"damage":0.0,"enemies":"2 Louse","floor":1.0,"turns":1.0},{"damage":0.0,"enemies":"Jaw Worm","floor":2.0,"turns":2.0},{"damage":0.0,"enemies":"Cultist","floor":3.0,"turns":2.0},{"damage":0.0,"enemies":"Looter","floor":4.0,"turns":2.0},{"damage":0.0,"enemies":"Gremlin Nob","floor":6.0,"turns":2.0},{"damage":5.0,"enemies":"Blue Slaver","floor":8.0,"turns":2.0},{"damage":0.0,"enemies":"3 Sentries","floor":11.0,"turns":2.0},{"damage":0.0,"enemies":"Gremlin Nob","floor":12.0,"turns":1.0},{"damage":2.0,"enemies":"Large Slime","floor":13.0,"turns":3.0},{"damage":0.0,"enemies":"Gremlin Nob","floor":14.0,"turns":2.0},{"damage":56.0,"enemies":"Hexaghost","floor":16.0,"turns":8.0},{"damage":9.0,"enemies":"2 Thieves","floor":18.0,"turns":3.0},{"damage":4.0,"enemies":"3 Byrds","floor":20.0,"turns":5.0},{"damage":0.0,"enemies":"Gremlin Leader","floor":24.0,"turns":1.0},{"damage":0.0,"enemies":"Book of Stabbing","floor":27.0,"turns":3.0},{"damage":0.0,"enemies":"Centurion and Healer","floor":28.0,"turns":3.0},{"damage":0.0,"enemies":"Gremlin Leader","floor":29.0,"turns":2.0},{"damage":0.0,"enemies":"Cultist and Chosen","floor":30.0,"turns":2.0},{"damage":0.0,"enemies":"Chosen and Byrds","floor":31.0,"turns":3.0},{"damage":20.0,"enemies":"Champ","floor":33.0,"turns":9.0},{"damage":0.0,"enemies":"3 Darklings","floor":35.0,"turns":3.0},{"damage":0.0,"enemies":"3 Shapes","floor":38.0,"turns":1.0},{"damage":0.0,"enemies":"2 Orb Walkers","floor":39.0,"turns":4.0},{"damage":0,"enemies":"Reptomancer","floor":40,"turns":3},{"damage":0,"enemies":"Nemesis","floor":42,"turns":2},{"damage":0,"enemies":"Jaw Worm Horde","floor":44,"turns":3},{"damage":0,"enemies":"Giant Head","floor":45,"turns":3},{"damage":0,"enemies":"Spire Growth","floor":48,"turns":2},{"damage":1,"enemies":"Donu and Deca","floor":50,"turns":7},{"damage":0,"enemies":"Shield and Spear","floor":54,"turns":2},{"damage":59,"enemies":"The Heart","floor":55,"turns":7}],"seed_played":"-8700055507375643475","potions_obtained":[{"floor":1.0,"key":"FearPotion"},{"floor":3.0,"key":"Block Potion"},{"floor":11.0,"key":"SteroidPotion"},{"floor":16.0,"key":"DuplicationPotion"},{"floor":27.0,"key":"Fruit Juice"},{"floor":33.0,"key":"AttackPotion"},{"floor":39,"key":"SteroidPotion"},{"floor":48,"key":"Regen Potion"}],"is_trial":false,"path_per_floor":["M","M","M","M","$","E","R","M","T","?","E","?","M","E","R","B",null,"M","?","M","?","$","R","E","R","T","E","M","E","M","M","R","B",null,"M","?","$","M","?","E","?","E","T","M","E","$","R","M","R","B",null,"R","$","E","B",null],"character_chosen":"WATCHER","items_purchased":["PreservedInsect","Bag of Preparation","Lee\u0027s Waffle","Toolbox","Ancient Tea Set","WheelKick+1","Wireheading","Oddly Smooth Stone","SneckoOil"],"campfire_rested":0,"item_purchase_floors":[5,22,22,37,46,46,53,53,53],"current_hp_per_floor":[65,65,65,65,65,65,65,62,62,67,69,71,71,73,73,19,63,56,56,54,54,84,84,84,84,84,89,89,89,89,89,89,69,84,86,86,86,88,89,89,89,96,96,96,96,96,96,96,96,95,96,96,96,106,47],"gold":51,"neow_bonus":"BOSS_RELIC","is_daily":false,"chose_seed":false,"campfire_upgraded":7,"win_rate":0.0,"timestamp":1613984317,"path_taken":["M","M","M","M","$","E","R","M","T","?","E","?","M","E","R","BOSS","M","?","M","?","$","R","E","R","T","E","M","E","M","M","R","BOSS","M","?","$","M","?","E","?","E","T","M","E","?","R","M","R","BOSS","R","$","E","BOSS"],"items_purchased_type":["Relic","Relic","Relic","Relic","Relic","Card","Card","Relic","Potion"],"build_version":"2020-12-22","purchased_purges":4,"victory":true,"max_hp_per_floor":[72,72,72,72,72,72,72,72,72,77,77,77,77,77,77,77,77,77,77,77,77,84,84,84,84,84,89,89,89,89,89,89,89,89,89,89,89,89,89,89,89,96,96,96,96,96,96,96,96,96,96,96,96,106,106],"relic_stats":{"Lee\u0027s Waffle":30,"Happy Flower":[17],"counters":[31,95],"Blue Candle":[1],"PreservedInsect":525,"Juzu Bracelet":1,"Bag of Preparation":[36],"Cursed Key":2,"Blood Vial":21,"Dream Catcher":0,"Nunchaku":[2],"Sundial":[8],"Gambling Chip":[106],"Bronze Scales":[60],"Snecko Eye":[199,218,197,173],"Art of War":[1],"Black Star":4,"Kunai":[48],"obtain_stats":[{"Ice Cream":14,"Lantern":27,"Juzu Bracelet":19,"Bag of Preparation":22,"Cursed Key":17,"Ancient Tea Set":46,"Old Coin":12,"Blood Vial":6,"Dream Catcher":42,"Nunchaku":54,"Sundial":40,"Gambling Chip":9,"Strawberry":42,"Toolbox":37,"Kunai":26,"Lee\u0027s Waffle":22,"Pear":54,"Happy Flower":29,"Blue Candle":11,"Oddly Smooth Stone":53,"PreservedInsect":5,"Akabeko":45,"CaptainsWheel":39,"Bronze Scales":45,"Snecko Eye":0,"Molten Egg 2":40,"Art of War":24,"Black Star":34,"PureWater":0},{"Ice Cream":10,"Lantern":15,"Juzu Bracelet":12,"Bag of Preparation":13,"Cursed Key":11,"Ancient Tea Set":27,"Old Coin":8,"Blood Vial":5,"Dream Catcher":25,"Nunchaku":30,"Sundial":24,"Gambling Chip":6,"Strawberry":25,"Toolbox":21,"Kunai":14,"Lee\u0027s Waffle":13,"Pear":30,"Happy Flower":17,"Blue Candle":7,"Oddly Smooth Stone":29,"PreservedInsect":4,"Akabeko":27,"CaptainsWheel":23,"Bronze Scales":27,"Snecko Eye":0,"Molten Egg 2":24,"Art of War":14,"Black Star":20,"PureWater":0},{"Ice Cream":19,"Lantern":39,"Juzu Bracelet":30,"Bag of Preparation":35,"Cursed Key":27,"Ancient Tea Set":77,"Old Coin":14,"Blood Vial":9,"Dream Catcher":71,"Nunchaku":88,"Sundial":69,"Gambling Chip":11,"Strawberry":71,"Toolbox":61,"Kunai":36,"Lee\u0027s Waffle":35,"Pear":88,"Happy Flower":44,"Blue Candle":13,"Oddly Smooth Stone":86,"PreservedInsect":7,"Akabeko":77,"CaptainsWheel":66,"Bronze Scales":77,"Snecko Eye":0,"Molten Egg 2":69,"Art of War":36,"Black Star":58,"PureWater":0}]},"card_choices":[{"not_picked":["InnerPeace","Prostrate","WindmillStrike"],"picked":"SKIP","floor":1.0},{"not_picked":["Crescendo","SignatureMove","ClearTheMind"],"picked":"SKIP","floor":2.0},{"not_picked":["Collect","CutThroughFate"],"picked":"SandsOfTime","floor":3.0},{"not_picked":["JustLucky","SignatureMove","FlurryOfBlows"],"picked":"SKIP","floor":4.0},{"not_picked":["SignatureMove","ConjureBlade"],"picked":"Swivel","floor":6.0},{"not_picked":["ClearTheMind","BowlingBash","CrushJoints"],"picked":"SKIP","floor":8.0},{"not_picked":["EmptyBody","FlyingSleeves","FollowUp"],"picked":"SKIP","floor":11.0},{"not_picked":["InnerPeace","EmptyFist"],"picked":"Wish","floor":13.0},{"not_picked":["FlyingSleeves","SashWhip"],"picked":"Swivel","floor":14.0},{"not_picked":["ConjureBlade","Establishment"],"picked":"Vault","floor":16.0},{"not_picked":["ClearTheMind","Consecrate"],"picked":"Protect","floor":18.0},{"not_picked":["FollowUp","Consecrate","Swivel"],"picked":"SKIP","floor":20.0},{"not_picked":["SashWhip","JustLucky","DevaForm"],"picked":"SKIP","floor":24.0},{"not_picked":["Halt+1","Evaluate","BowlingBash+1"],"picked":"SKIP","floor":27.0},{"not_picked":["Protect","CutThroughFate","Consecrate"],"picked":"SKIP","floor":28.0},{"not_picked":["FollowUp+1","FlyingSleeves","Halt"],"picked":"SKIP","floor":29.0},{"not_picked":["ClearTheMind+1","BattleHymn"],"picked":"Wallop","floor":30.0},{"not_picked":["Judgement","Vengeance+1","SignatureMove+1"],"picked":"SKIP","floor":31.0},{"not_picked":["Devotion","ConjureBlade"],"picked":"Vault","floor":33.0},{"not_picked":["Halt","Fasting2","Crescendo+1"],"picked":"SKIP","floor":35.0},{"not_picked":["FlurryOfBlows+1","Consecrate"],"picked":"Wallop","floor":38.0},{"not_picked":["Prostrate","FlurryOfBlows+1","Protect"],"picked":"SKIP","floor":40},{"not_picked":["EmptyFist+1","BattleHymn"],"picked":"Wallop+1","floor":42},{"not_picked":["ThirdEye+1","LessonLearned+1","Nirvana+1"],"picked":"SKIP","floor":44},{"not_picked":["Pray+1","Wireheading","Prostrate+1"],"picked":"SKIP","floor":45},{"not_picked":["PathToVictory+1","FlurryOfBlows+1","ReachHeaven+1"],"picked":"SKIP","floor":48},{"not_picked":["ThirdEye+1","LikeWater","Weave+1"],"picked":"SKIP","floor":54}],"player_experience":237370,"relics_obtained":[{"floor":6.0,"key":"Blood Vial"},{"floor":9.0,"key":"Gambling Chip"},{"floor":11.0,"key":"Blue Candle"},{"floor":12.0,"key":"Old Coin"},{"floor":14.0,"key":"Ice Cream"},{"floor":24.0,"key":"Art of War"},{"floor":26.0,"key":"Kunai"},{"floor":27.0,"key":"Lantern"},{"floor":29.0,"key":"Happy Flower"},{"floor":39,"key":"CaptainsWheel"},{"floor":40,"key":"Molten Egg 2"},{"floor":40,"key":"Sundial"},{"floor":42,"key":"Dream Catcher"},{"floor":42,"key":"Strawberry"},{"floor":45,"key":"Bronze Scales"},{"floor":45,"key":"Akabeko"},{"floor":54,"key":"Nunchaku"},{"floor":54,"key":"Pear"}],"event_choices":[{"damage_healed":0.0,"max_hp_gain":5.0,"max_hp_loss":0.0,"gold_gain":0.0,"event_name":"Big Fish","player_choice":"Donut","floor":10.0,"gold_loss":0.0,"damage_taken":0.0},{"damage_healed":0.0,"max_hp_gain":0.0,"max_hp_loss":0.0,"gold_gain":30.0,"event_name":"Dead Adventurer","player_choice":"Searched \u00273\u0027 times","floor":12.0,"gold_loss":0.0,"damage_taken":0.0},{"damage_healed":0.0,"max_hp_gain":0.0,"max_hp_loss":0.0,"gold_gain":0.0,"event_name":"WeMeetAgain","player_choice":"Paid Gold","floor":19.0,"gold_loss":54.0,"damage_taken":0.0,"relics_obtained":["Juzu Bracelet"]},{"cards_removed":["Defend_P"],"damage_healed":0.0,"max_hp_gain":0.0,"max_hp_loss":0.0,"gold_gain":0.0,"event_name":"Beggar","player_choice":"Gave Gold","floor":21.0,"gold_loss":75.0,"damage_taken":0.0},{"cards_removed":["Wallop"],"damage_healed":0.0,"max_hp_gain":0.0,"max_hp_loss":0.0,"gold_gain":0.0,"event_name":"Falling","player_choice":"Removed Attack","floor":36.0,"gold_loss":0.0,"damage_taken":0.0},{"damage_healed":0.0,"max_hp_gain":0.0,"max_hp_loss":0.0,"gold_gain":0.0,"event_name":"Mysterious Sphere","player_choice":"Fight","floor":39.0,"gold_loss":0.0,"damage_taken":0.0},{"damage_healed":0,"gold_gain":0,"player_choice":"Ignored","damage_taken":0,"max_hp_gain":0,"max_hp_loss":0,"event_name":"Tomb of Lord Red Mask","floor":41,"gold_loss":0}],"is_beta":false,"boss_relics":[{"not_picked":["Calling Bell","SacredBark"],"picked":"Cursed Key"},{"not_picked":["SlaversCollar","Tiny House"],"picked":"Black Star"}],"items_purged_floors":[22,37,46,53],"is_endless":false,"potions_floor_spawned":[1,3,11,14,16,18,20,27,33,38,39,48],"ascension_level":6}}