{"host":"ydg0vn0pu4pubmdt","time":1613972004,"event":{"mods":["AchievementEnabler","BaseMod","Colored Map","Minty Spire (QoL Compilation)","Quick Restart","SuperFastMode"],"gold_per_floor":[114,133,133,145,295,295,295,295,295,315,335,351,109,127,127,202,202,220,237,237,248,258,258,258,258],"floor_reached":24,"language":"KOR","playtime":574,"items_purged":["Strike_P"],"score":384,"play_id":"32f44835-c838-4511-a6a4-97d4362753a6","local_time":"20210222143324","is_ascension_mode":true,"campfire_choices":[{"data":"Eruption","floor":6.0,"key":"SMITH"},{"data":"Study","floor":8.0,"key":"SMITH"},{"floor":15.0,"key":"REST"},{"floor":23,"key":"REST"}],"circlet_count":0,"master_deck":["AscendersBane","Strike_P","Strike_P+1","Strike_P","Defend_P","Defend_P","Defend_P+1","Defend_P","Eruption+1","Vigilance","InnerPeace","Study+1","SandsOfTime","Prostrate","Brilliance","FearNoEvil"],"relics":["HolyWater","Nunchaku","Pantograph","Toy Ornithopter"],"acts_visited":["Exordium","TheCity"],"potions_floor_usage":[21],"damage_taken":[{"damage":0.0,"enemies":"Cultist","floor":1.0,"turns":4.0},{"damage":4.0,"enemies":"Small Slimes","floor":2.0,"turns":5.0},{"damage":0.0,"enemies":"Jaw Worm","floor":4.0,"turns":4.0},{"damage":22.0,"enemies":"Exordium Thugs","floor":10.0,"turns":5.0},{"damage":4.0,"enemies":"2 Fungi Beasts","floor":11.0,"turns":3.0},{"damage":4.0,"enemies":"Exordium Wildlife","floor":12.0,"turns":4.0},{"damage":0.0,"enemies":"Blue Slaver","floor":14.0,"turns":3.0},{"damage":28.0,"enemies":"Hexaghost","floor":16.0,"turns":8.0},{"damage":23.0,"enemies":"2 Thieves","floor":18.0,"turns":5.0},{"damage":0.0,"enemies":"Spheric Guardian","floor":19.0,"turns":3.0},{"damage":10,"enemies":"3 Cultists","floor":21,"turns":4},{"damage":29,"enemies":"Centurion and Healer","floor":22,"turns":5},{"damage":0,"enemies":"Slavers","floor":24,"turns":1}],"seed_played":"-1175278096984379946","potions_obtained":[{"floor":4.0,"key":"Strength Potion"},{"floor":10.0,"key":"AttackPotion"},{"floor":14.0,"key":"SneckoOil"},{"floor":16.0,"key":"BlessingOfTheForge"},{"floor":21,"key":"PowerPotion"}],"is_trial":false,"path_per_floor":["M","M","?","M","?","R","?","R","T","M","M","M","$","M","R","B",null,"M","M","?","M","M","R","E"],"character_chosen":"WATCHER","items_purchased":["Toy Ornithopter"],"campfire_rested":2,"item_purchase_floors":[13],"current_hp_per_floor":[61,57,37,37,37,37,37,37,37,15,11,7,7,7,27,29,58,35,35,35,30,1,21,21,21],"gold":258,"neow_bonus":"RANDOM_COMMON_RELIC","is_daily":false,"chose_seed":false,"campfire_upgraded":2,"win_rate":0.0,"timestamp":1613972004,"path_taken":["M","M","?","M","?","R","?","R","T","?","M","M","?","M","R","BOSS","M","M","?","M","M","R","E"],"items_purchased_type":["Relic"],"build_version":"2020-12-22","purchased_purges":1,"victory":false,"max_hp_per_floor":[68,68,68,68,68,68,68,68,68,68,68,68,68,68,68,68,68,68,68,68,68,68,68,68,68],"card_choices":[{"not_picked":["Evaluate","Crescendo","CutThroughFate"],"picked":"SKIP","floor":1.0},{"not_picked":["Wallop","JustLucky"],"picked":"InnerPeace","floor":2.0},{"not_picked":["FollowUp","SashWhip"],"picked":"Study","floor":4.0},{"not_picked":["Sanctity","BowlingBash","Nirvana"],"picked":"SKIP","floor":10.0},{"not_picked":["Consecrate","Crescendo","Establishment"],"picked":"SKIP","floor":11.0},{"not_picked":["CrushJoints","Study"],"picked":"SandsOfTime","floor":12.0},{"not_picked":["CutThroughFate","Wireheading"],"picked":"Prostrate","floor":14.0},{"not_picked":["Devotion","DevaForm"],"picked":"Brilliance","floor":16.0},{"not_picked":["CarveReality+1","Consecrate","Wallop"],"picked":"SKIP","floor":18.0},{"not_picked":["ThirdEye","Protect+1","WreathOfFlame"],"picked":"SKIP","floor":19.0},{"not_picked":["Crescendo","CrushJoints+1","Conclude"],"picked":"SKIP","floor":21},{"not_picked":["Weave","Wish"],"picked":"FearNoEvil","floor":22}],"player_experience":625922,"relics_obtained":[{"floor":9.0,"key":"Pantograph"}],"event_choices":[{"damage_healed":0.0,"max_hp_gain":0.0,"max_hp_loss":0.0,"gold_gain":0.0,"event_name":"Shining Light","player_choice":"Entered Light","floor":3.0,"gold_loss":0.0,"damage_taken":20.0,"cards_upgraded":["Strike_P","Defend_P"]},{"damage_healed":0.0,"max_hp_gain":0.0,"max_hp_loss":0.0,"gold_gain":150.0,"event_name":"Liars Game","player_choice":"AGREE","floor":5.0,"gold_loss":0.0,"damage_taken":0.0,"cards_obtained":["Doubt"]},{"cards_removed":["Doubt"],"damage_healed":0.0,"max_hp_gain":0.0,"max_hp_loss":0.0,"gold_gain":0.0,"event_name":"Fountain of Cleansing","player_choice":"Removed Curses","floor":7.0,"gold_loss":0.0,"damage_taken":0.0},{"damage_healed":0.0,"max_hp_gain":0.0,"max_hp_loss":0.0,"gold_gain":0.0,"event_name":"N\u0027loth","player_choice":"Ignored","floor":20.0,"gold_loss":0.0,"damage_taken":0.0}],"is_beta":false,"boss_relics":[{"not_picked":["SacredBark","Coffee Dripper"],"picked":"HolyWater"}],"items_purged_floors":[13],"is_endless":false,"potions_floor_spawned":[4,10,14,16,21,22],"killed_by":"Slavers","ascension_level":20}}