{"host":"8z0h4areh8sio1k0","time":1613975390,"event":{"mods":["10 clothes from DAL","Act Like it!","Aspiration","BaseMod","Colored Map","Conspire","Crowbot","Hubris","Library of Ruina Extra","Mimic Mod","Minty Spire (QoL Compilation)","Replay The Spire","Ring Of Destiny","StSLib","TestMod","The Blue Laboratory","The Fake Hero","The Hierophant","[Fun]BeWhatYouAte","【功能Mod】精心准备","【遗物Mod】死灵法师NEW"],"gold_per_floor":[115,132,132,18,33,33,43,70,70,81,81,111,111,126,126,225,225,240,275,287,298,309,340,340,357,411,428,443,443,368,115,115,216,216,226,239,259,259,259,259,259,259,283,296,296,328,347,361,361,361,361,361,361,85,112,112,112],"floor_reached":56,"language":"ZHS","playtime":3715,"items_purged":["Summon_Undead","Summon_Undead","Summon_Undead"],"score":578,"play_id":"7a5b24e5-3aff-4f2d-bbef-d977e2c3fc1d","local_time":"20210222142950","is_ascension_mode":false,"campfire_choices":[{"data":"Summon_Undead","floor":6.0,"key":"SMITH"},{"data":"Summon_Undead","floor":11.0,"key":"SMITH"},{"data":"Summon_Undead","floor":13.0,"key":"SMITH"},{"floor":15.0,"key":"RECALL"},{"data":"Vampiric_Strike","floor":24.0,"key":"SMITH"},{"data":"Summon_Undead","floor":32.0,"key":"SMITH"},{"data":"Summon_Vampire_Lady","floor":40.0,"key":"SMITH"},{"data":"Uncharnel","floor":42.0,"key":"SMITH"},{"data":"finger_Of_Death","floor":45.0,"key":"SMITH"},{"data":"Summon_Undead","floor":49.0,"key":"SMITH"}],"circlet_count":0,"master_deck":["Bone_Wall","Summon_Undead+1","Summon_Undead+1","Summon_Undead+1","Summon_Undead+1","Summon_Undead+1","Vampiric_Strike+1","Consume_Illness","Consume_Illness","Summon_Lich","Life_Tap","Life_Drain","Summon_Undead_Army","Uncharnel+1","Bone_Armor+1","finger_Of_Death+1","Summon_Vampire_Lady+1"],"relics":["testmod-TestBox","testmod-NegativeEmotionEnhancer","NeowsBlessing","SumBook2","Bag of Marbles","Letter Opener","testmod-HeartOfStrike","testmod-Temperance","NeowsBlessing","DALC_SIX","Replay:Baseball","UndeadPower","hubris:Stopwatch","NeowsBlessing","hubris:Towel","ReplayTheSpireMod:Lightbulb","Art of War","aspiration:Nostalgia","RingOfDestiny:DogEyes"],"acts_visited":["Exordium","RingOfDestiny:IdeologyCorridor","RingOfDestiny:KnowledgeHall","RingOfDestiny:WisdomThrone"],"potions_floor_usage":[56,56],"damage_taken":[{"damage":0.0,"enemies":"Small Slimes","floor":1.0,"turns":1.0},{"damage":0.0,"enemies":"Jaw Worm","floor":2.0,"turns":1.0},{"damage":0.0,"enemies":"RingOfDestiny:EvilEye","floor":5.0,"turns":1.0},{"damage":15.0,"enemies":"Large Slime","floor":7.0,"turns":3.0},{"damage":0.0,"enemies":"RingOfDestiny:TalkingChest","floor":8.0,"turns":4.0},{"damage":1.0,"enemies":"Lots of Slimes","floor":10.0,"turns":1.0},{"damage":5.0,"enemies":"3 Sentries","floor":12.0,"turns":3.0},{"damage":2.0,"enemies":"Blue Slaver","floor":14.0,"turns":3.0},{"damage":70.0,"enemies":"Hexaghost","floor":16.0,"turns":6.0},{"damage":5.0,"enemies":"Spheric Guardian","floor":18.0,"turns":3.0},{"damage":0.0,"enemies":"2 Thieves","floor":19.0,"turns":1.0},{"damage":0.0,"enemies":"2 Thieves","floor":20.0,"turns":1.0},{"damage":25.0,"enemies":"Snake Plant","floor":21.0,"turns":4.0},{"damage":31.0,"enemies":"Shelled Parasite and Fungi","floor":22.0,"turns":5.0},{"damage":29.0,"enemies":"Gremlin Leader","floor":23.0,"turns":5.0},{"damage":33.0,"enemies":"Centurion and Healer","floor":25.0,"turns":3.0},{"damage":5.0,"enemies":"3 Cultists","floor":27.0,"turns":4.0},{"damage":24.0,"enemies":"Snake Plant","floor":28.0,"turns":3.0},{"damage":22.0,"enemies":"Automaton","floor":33.0,"turns":5.0},{"damage":0.0,"enemies":"Orb Walker","floor":35.0,"turns":1.0},{"damage":9.0,"enemies":"3 Darklings","floor":36.0,"turns":2.0},{"damage":0.0,"enemies":"Maw","floor":37.0,"turns":1.0},{"damage":2.0,"enemies":"Sphere and 2 Shapes","floor":44.0,"turns":3.0},{"damage":13.0,"enemies":"Giant Head","floor":46.0,"turns":5.0},{"damage":16.0,"enemies":"Jaw Worm Horde","floor":47.0,"turns":3.0},{"damage":0.0,"enemies":"Maw","floor":48.0,"turns":4.0},{"damage":51.0,"enemies":"Awakened One","floor":50.0,"turns":5.0},{"damage":71.0,"enemies":"Awakened One","floor":51.0,"turns":6.0},{"damage":102.0,"enemies":"RingOfDestiny:Fyra","floor":55.0,"turns":7.0},{"damage":83,"enemies":"RingOfDestiny:Rita","floor":56,"turns":4}],"seed_played":"-581876773399513498","potions_obtained":[{"floor":1.0,"key":"Explosive Potion"},{"floor":7.0,"key":"blueLaboratory:LouseDecoction"},{"floor":12.0,"key":"PowerPotion"},{"floor":18.0,"key":"Fire Potion"},{"floor":20.0,"key":"LiquidMemories"},{"floor":23.0,"key":"DuplicationPotion"},{"floor":28.0,"key":"blueLaboratory:FruitPunch"},{"floor":55.0,"key":"SkillPotion"}],"is_trial":false,"path_per_floor":["M","M","?","$","M","R","M","E","T","M","R","E","R","M","R","B",null,"M","MIM","M","M","M","E","R","M","T","M","M","?","$","$","R","B",null,"M","M","M","?","?","R","?","R","T","M","R","E","M","M","R","B",null,null,"R","$","E","B"],"character_chosen":"NECROMANCER","items_purchased":["Consume_Illness","UndeadPower","aspiration:Nostalgia"],"campfire_rested":0,"item_purchase_floors":[4,31,54],"current_hp_per_floor":[76,77,77,77,78,78,75,80,80,81,81,82,82,83,83,84,84,81,83,86,75,89,85,85,77,77,86,93,93,93,93,93,94,94,95,96,97,97,97,97,92,92,92,93,93,94,95,98,98,74,100,100,100,100,51,0,0],"gold":112,"neow_bonus":"THREE_ENEMY_KILL","is_daily":false,"chose_seed":false,"campfire_upgraded":9,"win_rate":0.0,"timestamp":1613975390,"path_taken":["M","M","?","$","M","R","M","E","T","M","R","E","R","M","R","BOSS","M","?","M","M","M","E","R","M","T","M","M","?","?","$","R","BOSS","M","M","M","?","?","R","?","R","T","M","R","E","M","M","R","BOSS","R","$","E","BOSS"],"items_purchased_type":["Card","Relic","Relic"],"build_version":"2020-12-22","purchased_purges":3,"victory":false,"max_hp_per_floor":[76,77,77,77,78,78,79,80,80,81,81,82,82,83,83,84,84,85,86,87,88,89,90,90,91,91,92,93,93,93,93,93,94,94,95,96,97,97,97,97,92,92,92,93,93,94,95,98,98,99,100,100,100,100,101,101,101],"card_choices":[{"not_picked":["ZombiePosion","Negative_Energy_Mist"],"picked":"Vampiric_Strike","floor":1.0},{"not_picked":["Negative_Energy_Javelin","Pandemic","Kotodama"],"picked":"SKIP","floor":2.0},{"not_picked":["Corrupt","PosionArmor","Vampiric_Strike"],"picked":"SKIP","floor":5.0},{"not_picked":["Thousand_Bone_Knives","OverdoomLine"],"picked":"Summon_Lich","floor":7.0},{"not_picked":["Bone_Shift","LuckyCard"],"picked":"Life_Tap","floor":8.0},{"not_picked":["Blood_Whip","Negative_Energy_Sphere"],"picked":"Life_Drain","floor":10.0},{"not_picked":["Bone_Armory","Negative_Energy_Mist","Consume_Illness"],"picked":"SKIP","floor":12.0},{"not_picked":["PosionWeak2","Bone_Armor","PosionWeak"],"picked":"SKIP","floor":14.0},{"not_picked":["Negative_Energy_Javelin","PosionRing","Negative_Energy_Mist"],"picked":"SKIP","floor":18.0},{"not_picked":["Life_Drain","PosionBreak"],"picked":"Summon_Undead_Army","floor":19.0},{"not_picked":["Summon_Undead_Army","Vampiric_Strike"],"picked":"Uncharnel","floor":20.0},{"not_picked":["Shackles_Of_Pain","Vampiric_Strike"],"picked":"Bone_Armor+1","floor":21.0},{"not_picked":["Life_Drain+1","Acid_Javelin"],"picked":"finger_Of_Death","floor":22.0},{"not_picked":["Necrotic_Claws","Spectral_Walk","Shade_Step"],"picked":"SKIP","floor":23.0},{"not_picked":["Bone_Prison+1","Bone_Armor","Toxic_Smoke_Screen"],"picked":"SKIP","floor":25.0},{"not_picked":["LuckyCard","Negative_Energy_Sphere","Blood_Whip"],"picked":"SKIP","floor":27.0},{"not_picked":["Bone_Armor","Summon_Undead","WallConcept"],"picked":"SKIP","floor":28.0},{"not_picked":["Time_Jump","Grasp_Heart"],"picked":"Summon_Vampire_Lady","floor":33.0},{"not_picked":["Scare+1","Negative_Energy_Mist","Shackles_Of_Pain"],"picked":"SKIP","floor":35.0},{"not_picked":["Blood_Shield+1","PosionWeak+1","Negative_Energy_Sphere+1"],"picked":"SKIP","floor":36.0},{"not_picked":["Uncharnel","WallConcept","Bone_Shift+1"],"picked":"SKIP","floor":37.0},{"not_picked":["Blood_Whip","Negative_Energy_Mist+1","PosionArmor"],"picked":"SKIP","floor":44.0},{"not_picked":["Toxic_Smoke_Screen+1","Blood_Hammer","Corrupt"],"picked":"SKIP","floor":46.0},{"not_picked":["Plague_Bolt","Negative_Energy_Sphere","Bone_Spikes"],"picked":"SKIP","floor":47.0},{"not_picked":["Scare","Blood_Whip","Blood_Is_Power"],"picked":"SKIP","floor":48.0},{"not_picked":["Corrupt","Spectral_Walk","Bone_Shift+1"],"picked":"SKIP","floor":55.0}],"player_experience":609473,"relics_obtained":[{"floor":8.0,"key":"Bag of Marbles"},{"floor":9.0,"key":"Letter Opener"},{"floor":12.0,"key":"testmod-HeartOfStrike"},{"floor":23.0,"key":"DALC_SIX"},{"floor":26.0,"key":"Replay:Baseball"},{"floor":43.0,"key":"ReplayTheSpireMod:Lightbulb"},{"floor":46.0,"key":"Art of War"}],"event_choices":[{"damage_healed":0.0,"max_hp_gain":0.0,"max_hp_loss":0.0,"gold_gain":0.0,"event_name":"Transmorgrifier","player_choice":"Ignored","floor":3.0,"gold_loss":0.0,"damage_taken":0.0},{"damage_healed":0.0,"max_hp_gain":0.0,"max_hp_loss":0.0,"gold_gain":0.0,"event_name":"Tomb of Lord Red Mask","player_choice":"Ignored","floor":39.0,"gold_loss":0.0,"damage_taken":0.0},{"damage_healed":0.0,"max_hp_gain":0.0,"max_hp_loss":5.0,"gold_gain":0.0,"event_name":"Winding Halls","player_choice":"Max HP","floor":41.0,"gold_loss":0.0,"damage_taken":0.0}],"is_beta":false,"boss_relics":[{"not_picked":["testmod-KeyOfTheVoid","testmod-EnergyCheck"],"picked":"testmod-Temperance"},{"not_picked":["aspiration:RunicSpoon","testmod-CardMagician"],"picked":"hubris:Stopwatch"}],"items_purged_floors":[30,31,54],"is_endless":false,"potions_floor_spawned":[1,7,10,12,18,20,22,23,28,33,35,37,46,47,55],"killed_by":"RingOfDestiny:Rita","ascension_level":0}}