{"host":"lly094a91h6n5nv5","time":1613968095,"event":{"mods":["AchievementEnabler","BaseMod","Block Reminder","Colored Map","Minty Spire (QoL Compilation)","Permanent Neow"],"gold_per_floor":[109,109,109,136,147,147,182,200,200,200,234,80,80,91,91,168,168,186,186,197,214,230,230,263,263,263,263,332,33,64,74,74,150,150,162,162,162,182,182,211,227,227,227,58,73,85,85,85,85,85],"floor_reached":51,"language":"ENG","playtime":2648,"items_purged":["Strike_G","Strike_G"],"score":1279,"play_id":"d6f6089e-f064-4122-97ad-e1b954e25504","local_time":"20210221222815","is_ascension_mode":true,"campfire_choices":[{"data":"A Thousand Cuts","floor":6.0,"key":"SMITH"},{"data":"Neutralize","floor":10.0,"key":"SMITH"},{"data":"Terror","floor":13.0,"key":"SMITH"},{"floor":15.0,"key":"REST"},{"floor":23.0,"key":"REST"},{"data":"Cloak And Dagger","floor":25.0,"key":"SMITH"},{"data":"Cloak And Dagger","floor":27.0,"key":"SMITH"},{"data":"Infinite Blades","floor":32.0,"key":"SMITH"},{"data":"Cloak And Dagger","floor":42,"key":"SMITH"},{"data":"Footwork","floor":47,"key":"SMITH"},{"data":"Accuracy","floor":49,"key":"SMITH"}],"circlet_count":0,"master_deck":["AscendersBane","Strike_G","Defend_G","Defend_G","Defend_G","Survivor","Neutralize+1","A Thousand Cuts+1","Backflip","Outmaneuver","Backstab","Cloak And Dagger+1","Backflip","Terror+1","Leg Sweep","Venomology","Accuracy+1","Blade Dance","Cloak And Dagger+1","PiercingWail","Infinite Blades+1","Blade Dance","Impatience","Cloak And Dagger+1","Footwork+1","Finisher+1"],"relics":["Ring of the Serpent","Nunchaku","Turnip","Shuriken","Pen Nib","WristBlade","Enchiridion","PreservedInsect","Ancient Tea Set","Mummified Hand","Lantern","Bag of Marbles","Blue Candle","Ice Cream","HornCleat"],"acts_visited":["Exordium","TheCity","TheBeyond"],"potions_floor_usage":[38,50,50],"damage_taken":[{"damage":2.0,"enemies":"2 Louse","floor":1.0,"turns":5.0},{"damage":0.0,"enemies":"Jaw Worm","floor":5.0,"turns":5.0},{"damage":8.0,"enemies":"Lagavulin","floor":7.0,"turns":9.0},{"damage":1.0,"enemies":"Small Slimes","floor":8.0,"turns":3.0},{"damage":17.0,"enemies":"3 Sentries","floor":11.0,"turns":6.0},{"damage":2.0,"enemies":"Exordium Thugs","floor":14.0,"turns":5.0},{"damage":1.0,"enemies":"Slime Boss","floor":16.0,"turns":10.0},{"damage":6.0,"enemies":"Shell Parasite","floor":18.0,"turns":7.0},{"damage":0.0,"enemies":"2 Thieves","floor":20.0,"turns":4.0},{"damage":4.0,"enemies":"Sentry and Sphere","floor":21.0,"turns":5.0},{"damage":0.0,"enemies":"Snake Plant","floor":22.0,"turns":3.0},{"damage":0.0,"enemies":"Slavers","floor":24.0,"turns":5.0},{"damage":0.0,"enemies":"Gremlin Leader","floor":30.0,"turns":2.0},{"damage":0.0,"enemies":"Centurion and Healer","floor":31.0,"turns":3.0},{"damage":8.0,"enemies":"Champ","floor":33.0,"turns":4.0},{"damage":0,"enemies":"Orb Walker","floor":35,"turns":2},{"damage":0,"enemies":"3 Darklings","floor":38,"turns":2},{"damage":6,"enemies":"Reptomancer","floor":40,"turns":4},{"damage":0,"enemies":"Jaw Worm Horde","floor":41,"turns":3},{"damage":0,"enemies":"Transient","floor":45,"turns":5},{"damage":0,"enemies":"3 Darklings","floor":46,"turns":3},{"damage":12,"enemies":"Time Eater","floor":50,"turns":3}],"seed_played":"617701627803757879","potions_obtained":[{"floor":5.0,"key":"Weak Potion"},{"floor":7.0,"key":"SmokeBomb"},{"floor":11.0,"key":"Strength Potion"},{"floor":14.0,"key":"DuplicationPotion"},{"floor":22.0,"key":"CunningPotion"},{"floor":45,"key":"Fire Potion"},{"floor":46,"key":"Strength Potion"}],"is_trial":false,"path_per_floor":["M","?","?","T","M","R","E","M","T","R","E","$","R","M","R","B",null,"M","?","M","M","M","R","E","R","T","R","T","$","E","M","R","B",null,"M","?","?","M","?","E","M","R","T","$","M","M","R","$","R","B",null],"character_chosen":"THE_SILENT","items_purchased":["Leg Sweep","Lantern","Bag of Marbles","Footwork"],"campfire_rested":2,"item_purchase_floors":[12,29,29,44],"current_hp_per_floor":[42,47,47,47,47,47,39,38,38,38,21,21,21,19,40,39,63,57,41,41,37,37,58,58,58,58,58,58,58,58,58,58,50,66,66,66,66,66,66,60,60,60,60,60,60,60,60,60,60,48],"gold":85,"neow_bonus":"TRANSFORM_TWO_CARDS","is_daily":false,"chose_seed":false,"campfire_upgraded":9,"win_rate":0.0,"timestamp":1613968095,"path_taken":["M","?","?","?","M","R","E","M","T","R","E","$","R","M","R","BOSS","M","?","M","M","M","R","E","R","T","R","?","$","E","?","R","BOSS","M","?","?","M","?","E","M","R","T","$","M","M","R","$","R","BOSS"],"items_purchased_type":["Card","Relic","Relic","Card"],"build_version":"2020-12-22","purchased_purges":2,"victory":true,"max_hp_per_floor":[66,71,71,71,71,71,71,71,71,71,71,71,71,71,71,71,71,71,71,71,71,71,71,71,71,71,71,71,71,71,71,71,71,71,71,71,71,71,71,71,71,71,71,71,71,71,71,71,71,71],"card_choices":[{"not_picked":["Bane","Riddle With Holes","Eviscerate"],"picked":"SKIP","floor":1.0},{"not_picked":["Flying Knee","Prepared"],"picked":"Backstab","floor":5.0},{"not_picked":["Dagger Spray","Deflect"],"picked":"Cloak And Dagger","floor":7.0},{"not_picked":["Slice","All Out Attack"],"picked":"Backflip","floor":8.0},{"not_picked":["Crippling Poison","Dagger Throw"],"picked":"Terror","floor":11.0},{"not_picked":["Dodge and Roll","Underhanded Strike","Quick Slash"],"picked":"SKIP","floor":14.0},{"not_picked":["Corpse Explosion","Night Terror"],"picked":"Venomology","floor":16.0},{"not_picked":["Deadly Poison","Bane"],"picked":"Accuracy","floor":18.0},{"not_picked":["Underhanded Strike","Outmaneuver+1"],"picked":"Blade Dance","floor":20.0},{"not_picked":["PiercingWail","Bane"],"picked":"Cloak And Dagger","floor":21.0},{"not_picked":["Quick Slash","Underhanded Strike"],"picked":"PiercingWail","floor":22.0},{"not_picked":["Outmaneuver","Bane"],"picked":"Infinite Blades","floor":24.0},{"not_picked":["Calculated Gamble","Reflex","Heel Hook"],"picked":"SKIP","floor":30.0},{"not_picked":["Prepared","Expertise"],"picked":"Blade Dance","floor":31.0},{"not_picked":["Blur","Poisoned Stab+1","Acrobatics"],"picked":"SKIP","floor":35},{"not_picked":["Trip","Swift Strike"],"picked":"Impatience","floor":36},{"not_picked":["Backflip","Deadly Poison","Leg Sweep"],"picked":"SKIP","floor":38},{"not_picked":["Sucker Punch+1","Terror","Acrobatics+1"],"picked":"SKIP","floor":40},{"not_picked":["Sucker Punch","Flechettes"],"picked":"Cloak And Dagger","floor":41},{"not_picked":["Sucker Punch+1","Poisoned Stab+1"],"picked":"Finisher+1","floor":45},{"not_picked":["Distraction","Dodge and Roll+1","Predator+1"],"picked":"SKIP","floor":46}],"player_experience":280484,"relics_obtained":[{"floor":4.0,"key":"Nunchaku"},{"floor":7.0,"key":"Turnip"},{"floor":9.0,"key":"Shuriken"},{"floor":11.0,"key":"Pen Nib"},{"floor":19.0,"key":"Enchiridion"},{"floor":24.0,"key":"PreservedInsect"},{"floor":26.0,"key":"Ancient Tea Set"},{"floor":28.0,"key":"Mummified Hand"},{"floor":30.0,"key":"Blue Candle"},{"floor":40,"key":"Ice Cream"},{"floor":43,"key":"HornCleat"}],"event_choices":[{"damage_healed":0.0,"max_hp_gain":5.0,"max_hp_loss":0.0,"gold_gain":0.0,"event_name":"Big Fish","player_choice":"Donut","floor":2.0,"gold_loss":0.0,"damage_taken":0.0},{"damage_healed":0.0,"max_hp_gain":0.0,"max_hp_loss":0.0,"gold_gain":0.0,"cards_transformed":["Defend_G"],"event_name":"Living Wall","player_choice":"Change","floor":3.0,"gold_loss":0.0,"damage_taken":0.0,"cards_obtained":["Outmaneuver"]},{"damage_healed":0.0,"max_hp_gain":0.0,"max_hp_loss":0.0,"gold_gain":0.0,"event_name":"Cursed Tome","player_choice":"Obtained Book","floor":19.0,"gold_loss":0.0,"damage_taken":16.0},{"damage_healed":0,"gold_gain":0,"player_choice":"Memory 1","damage_taken":0,"max_hp_gain":0,"max_hp_loss":0,"event_name":"SensoryStone","floor":36,"gold_loss":0},{"damage_healed":0,"gold_gain":0,"player_choice":"Ignored","damage_taken":0,"max_hp_gain":0,"max_hp_loss":0,"event_name":"Tomb of Lord Red Mask","floor":37,"gold_loss":0},{"cards_removed":["Strike_G"],"damage_healed":0,"gold_gain":0,"player_choice":"Removed Attack","damage_taken":0,"max_hp_gain":0,"max_hp_loss":0,"event_name":"Falling","floor":39,"gold_loss":0}],"is_beta":false,"boss_relics":[{"not_picked":["Empty Cage","Black Star"],"picked":"WristBlade"},{"not_picked":["Runic Pyramid","HoveringKite"],"picked":"Ring of the Serpent"}],"items_purged_floors":[12,44],"is_endless":false,"potions_floor_spawned":[5,7,11,14,22,30,31,33,35,45,46],"ascension_level":14}}