{"host":"65a95dzim48ko8ke","time":1613970576,"event":{"mods":["AchievementEnabler","Aspiration","BaseMod","Bestiary","Better Altar","Better Match","Better Note","Better Sensory Stone","Better Skull","Better Third Choice","Block Reminder","Colored Map","Colored Powertips","Conspire","Curses Come First","DeckTracker","Energized Spire","Halation","Highlight Path","Hubris","Jedi Mod","Minty Spire (QoL Compilation)","MostiFishMod","Permanent Neow","Quick Restart","Random Character Button","Rare Cards Sparkle","Relic Sorter","Reliquary","Replay The Spire","RumiaBox-òIïƒ?ìIê_îÈ·¥éq","Spicy Shops","StSLib","TestMod","The Blue Laboratory","The Bug Knight","The IronCluck","Trackpad","Wandering Minibosses","Åy?ï®?îvÅzREMEMod"],"gold_per_floor":[118,118,118,138,153,153,153],"floor_reached":6,"language":"ENG","playtime":231,"items_purged":[],"score":54,"play_id":"8943acb3-b81c-4d4f-bee5-f814068d02f2","local_time":"20210222140936","is_ascension_mode":true,"campfire_choices":[],"circlet_count":0,"master_deck":["AscendersBane","Strike_G","Strike_G","Strike_G","Strike_G","Strike_G","Defend_G","Defend_G","Defend_G","Defend_G","Defend_G","Survivor+1","Neutralize","Catalyst","Injury","Dodge and Roll+1","Backflip+1"],"relics":["DaveBox","testmod-TestBox","REME_ComplimentaryCards","halation:PlatinumPhoenix","Toxic Egg 2"],"acts_visited":["Exordium"],"potions_floor_usage":[],"damage_taken":[{"damage":6,"enemies":"2 Louse","floor":1,"turns":3},{"damage":5,"enemies":"Jaw Worm","floor":4,"turns":5},{"damage":9,"enemies":"Cultist","floor":5,"turns":5},{"damage":45,"enemies":"Gremlin Nob","floor":6,"turns":5}],"seed_played":"347225842468889944","potions_obtained":[],"is_trial":false,"path_per_floor":["M","?","?","M","M","E"],"character_chosen":"THE_SILENT","items_purchased":[],"campfire_rested":0,"item_purchase_floors":[],"current_hp_per_floor":[57,57,57,52,43,0,0],"gold":153,"neow_bonus":"BOSS_RELIC","is_daily":false,"chose_seed":false,"campfire_upgraded":0,"win_rate":0.0,"timestamp":1613970576,"path_taken":["M","?","?","M","M","E"],"items_purchased_type":[],"build_version":"2020-12-22","purchased_purges":0,"victory":false,"max_hp_per_floor":[70,70,70,70,70,70,70],"card_choices":[{"not_picked":["Cloak And Dagger","Deflect"],"picked":"Catalyst","floor":1},{"not_picked":["Caltrops","Concentrate+1"],"picked":"Dodge and Roll+1","floor":4},{"not_picked":["Accuracy","Deflect+1"],"picked":"Backflip+1","floor":5}],"player_experience":435494,"relics_obtained":[],"event_choices":[],"is_beta":false,"boss_relics":[],"items_purged_floors":[],"is_endless":false,"potions_floor_spawned":[1],"killed_by":"Gremlin Nob","ascension_level":10}}