{"host":"fwdkxxz7291ipt0p","time":1613990422,"event":{"mods":["Act Like it!","BaseMod","GifTheSpireLib","Minty Spire (QoL Compilation)","Reimu£®≤©¿ˆ¡È√Œ£©","Relic Filter Mod","StSLib","Stuff the Spire"],"gold_per_floor":[111,124,136,61,76,111,111,111,111],"floor_reached":8,"language":"ENG","playtime":756,"items_purged":["Strike_G"],"score":102,"play_id":"f993a88d-cca4-4964-91ba-137084069350","local_time":"20210222184022","is_ascension_mode":true,"campfire_choices":[{"floor":7.0,"key":"REST"}],"circlet_count":0,"master_deck":["AscendersBane","Strike_G","Strike_G","Strike_G","Strike_G","Defend_G","Defend_G","Defend_G","Defend_G","Defend_G","Survivor","Neutralize","StuffTheSpire:Python","Blade Dance","Blur","Acrobatics","Storm of Steel"],"relics":["Ring of the Snake","Tea:ReiMu"],"acts_visited":["Exordium"],"potions_floor_usage":[8],"damage_taken":[{"damage":6.0,"enemies":"Jaw Worm","floor":1.0,"turns":7.0},{"damage":10.0,"enemies":"Small Slimes","floor":2.0,"turns":5.0},{"damage":11.0,"enemies":"2 Louse","floor":3.0,"turns":3.0},{"damage":1.0,"enemies":"2 Fungi Beasts","floor":5.0,"turns":4.0},{"damage":30.0,"enemies":"Gremlin Nob","floor":6.0,"turns":4.0},{"damage":19,"enemies":"3 Sentries","floor":8,"turns":6}],"seed_played":"-7542049609329939123","potions_obtained":[{"floor":1.0,"key":"Strength Potion"},{"floor":3.0,"key":"Dexterity Potion"},{"floor":5.0,"key":"BlessingOfTheForge"}],"is_trial":false,"path_per_floor":["M","M","M","$","M","E","R","E"],"character_chosen":"THE_SILENT","items_purchased":[],"campfire_rested":1,"item_purchase_floors":[],"current_hp_per_floor":[53,43,32,32,31,1,20,1,1],"gold":111,"neow_bonus":"THREE_CARDS","is_daily":false,"chose_seed":false,"campfire_upgraded":0,"win_rate":0.0,"timestamp":1613990422,"path_taken":["M","M","M","$","M","E","R","E"],"items_purchased_type":[],"build_version":"2020-12-22","purchased_purges":1,"victory":false,"max_hp_per_floor":[66,66,66,66,66,66,66,66,66],"card_choices":[{"not_picked":["Heel Hook","StuffTheSpire:BumpUp"],"picked":"StuffTheSpire:Python","floor":1.0},{"not_picked":["Prepared","StuffTheSpire:ReptileScales"],"picked":"Blade Dance","floor":2.0},{"not_picked":["StuffTheSpire:Sprint","StuffTheSpire:DoubleShiv"],"picked":"Blur","floor":3.0},{"not_picked":["All Out Attack","Underhanded Strike"],"picked":"Acrobatics","floor":5.0},{"not_picked":["Outmaneuver","Masterful Stab"],"picked":"Storm of Steel","floor":6.0}],"player_experience":531595,"relics_obtained":[{"floor":6.0,"key":"Tea:ReiMu"}],"event_choices":[],"is_beta":false,"boss_relics":[],"items_purged_floors":[4],"is_endless":false,"potions_floor_spawned":[1,3,5],"killed_by":"3 Sentries","ascension_level":15}}