{"host":"quiy8wyoisq1qqtn","time":1613967137,"event":{"mods":["BaseMod","Downfall","Minty Spire (QoL Compilation)","StSLib"],"gold_per_floor":[99,115,25,43,62,22,22,122,151,166,180,180,180,630,650,650,650,650],"floor_reached":16,"language":"ZHS","playtime":1404,"items_purged":["Guardian:Strike_Guardian"],"score":102,"play_id":"633fd3e4-ee67-4e6c-ae4f-6f79c32debd8","local_time":"20210222121217","is_ascension_mode":false,"campfire_choices":[{"data":"Guardian:TwinSlam","floor":1.0,"key":"SMITH"},{"floor":12,"key":"REST"}],"circlet_count":0,"master_deck":["Guardian:Strike_Guardian","Guardian:Defend_Guardian","Guardian:Defend_Guardian","Guardian:Defend_Guardian","Guardian:CurlUp","Guardian:TwinSlam+1","Guardian:Gem_Green","Guardian:Gem_Lightblue","Guardian:Gem_Cyan","Guardian:SpikerProtocol","Guardian:GuardianWhirl","Guardian:PrimingBeam+1","Guardian:TimeCapacitor","Guardian:PiercingHide","Guardian:RollAttack","Guardian:WalkerClaw","Guardian:Planning","downfall:Icky","downfall:Icky","downfall:Icky","Guardian:Gem_White"],"relics":["Guardian:ModeShifter","Mercury Hourglass","Boot"],"acts_visited":["Exordium"],"potions_floor_usage":[8,11,16,16],"damage_taken":[{"damage":0.0,"enemies":"Cultist","floor":2.0,"turns":6.0},{"damage":0.0,"enemies":"downfall:FleeingMerchant","floor":3.0,"turns":4.0},{"damage":11.0,"enemies":"Small Slimes","floor":4.0,"turns":5.0},{"damage":5,"enemies":"2 Louse","floor":5,"turns":2},{"damage":5,"enemies":"downfall:FleeingMerchant","floor":6,"turns":4},{"damage":15,"enemies":"downfall:Heads","floor":8,"turns":8},{"damage":32,"enemies":"Gremlin Nob","floor":9,"turns":5},{"damage":7,"enemies":"Large Slime","floor":10,"turns":7},{"damage":0,"enemies":"Exordium Wildlife","floor":11,"turns":3},{"damage":3,"enemies":"downfall:LooterAlt","floor":15,"turns":3},{"damage":42,"enemies":"WA_ARCHETYPE_RETAIN","floor":16,"turns":7}],"seed_played":"8954349358176786167","potions_obtained":[{"floor":5,"key":"Fire Potion"},{"floor":10,"key":"SkillPotion"},{"floor":11,"key":"BlessingOfTheForge"},{"floor":15,"key":"Energy Potion"}],"is_trial":false,"path_per_floor":["R","M","$","M","M","$","T","?","E","M","M","R","?","?","M","B"],"character_chosen":"GUARDIAN","items_purchased":["Guardian:PrimingBeam"],"campfire_rested":1,"item_purchase_floors":[6],"current_hp_per_floor":[88,88,88,77,72,67,67,52,20,13,13,39,39,39,36,0,0,0],"gold":650,"neow_bonus":"TEN_PERCENT_HP_BONUS","is_daily":false,"chose_seed":false,"campfire_upgraded":1,"win_rate":0.0,"timestamp":1613967137,"path_taken":["R","M","$","M","M","$","T","?","E","M","M","R","?","?","M","BOSS"],"items_purchased_type":["Card"],"build_version":"2020-12-22","purchased_purges":1,"victory":false,"max_hp_per_floor":[88,88,88,88,88,88,88,88,88,88,88,88,88,88,88,88,88,88],"card_choices":[{"not_picked":["Guardian:TemporalShield","Guardian:Reroute"],"picked":"Guardian:Gem_Green","floor":2.0},{"not_picked":["Guardian:Suspension","Guardian:PolyBeam"],"picked":"Guardian:Gem_Lightblue","floor":3.0},{"not_picked":["Guardian:TemporalShield","Guardian:Reroute"],"picked":"Guardian:Gem_Cyan","floor":4},{"not_picked":["Guardian:CrystalBeam","Guardian:Gem_Blue"],"picked":"Guardian:SpikerProtocol","floor":5},{"not_picked":["Guardian:Gem_Purple","Guardian:SentryBeam"],"picked":"Guardian:GuardianWhirl","floor":6},{"not_picked":["Guardian:VentSteam","Guardian:Gem_Red"],"picked":"Guardian:PiercingHide","floor":8},{"not_picked":["Guardian:CrystalBeam","Guardian:HyperBeam_Guardian"],"picked":"Guardian:RollAttack","floor":9},{"not_picked":["Guardian:Emergency","Guardian:Gem_Cyan"],"picked":"Guardian:WalkerClaw","floor":10},{"not_picked":["Guardian:MultiBeam","Guardian:Suspension"],"picked":"Guardian:Planning","floor":11},{"not_picked":["Guardian:Harden","Guardian:Gem_Crimson"],"picked":"Guardian:Gem_White","floor":15}],"player_experience":441258,"relics_obtained":[{"floor":7,"key":"Mercury Hourglass"},{"floor":9,"key":"Boot"}],"event_choices":[],"is_beta":false,"boss_relics":[],"items_purged_floors":[3],"is_endless":false,"potions_floor_spawned":[5,10,11,15],"killed_by":"WA_ARCHETYPE_RETAIN","ascension_level":0}}