{"host":"ksz6njxfowgsdugl","time":1613982712,"event":{"mods":["2.2 Compatiblity","Act Like it!","BaseMod","Downfall","Duelist Mod","Hubris","Jedi Mod","Minty Spire (QoL Compilation)","Reliquary","Replay The Spire","Robot Space Explorer","Ruina","StSLib","The Animator","The Marked","The Servant 0.9.4"],"gold_per_floor":[151,164,164,164,26,26,26,44,44,62,72,100,100,100,120,221,321,397,413,428,428,442,461,461,480,480,480],"floor_reached":26,"language":"ENG","playtime":1374,"items_purged":[],"score":210,"play_id":"46d8ed5c-9713-4527-9f17-7bf719c4c90c","local_time":"20210222093152","is_ascension_mode":false,"campfire_choices":[{"data":"Guardian:Orbwalk","floor":6.0,"key":"SMITH"},{"floor":9.0,"key":"RECALL"},{"data":"Neutralize","floor":13.0,"key":"SMITH"}],"circlet_count":0,"master_deck":["Guardian:Strike_Guardian","Guardian:Strike_Guardian+1","Guardian:Strike_Guardian+1","Guardian:Defend_Guardian","Guardian:Defend_Guardian","Guardian:Defend_Guardian","Guardian:Defend_Guardian","Guardian:CurlUp","Guardian:CrystalBeam","Survivor","Neutralize+1","Guardian:Planning","Guardian:Orbwalk+1","Guardian:TemporalShield","Guardian:ChargeCore","Guardian:Incinerate","Guardian:ChargeCore","Guardian:Clone","Guardian:StasisField","Guardian:Gem_Red","Guardian:Gem_Yellow","Iron Wave","Guardian:Preprogram","Guardian:PrimingBeam+1","Guardian:BodySlam"],"relics":["Guardian:ModeShifter","Simple Rune","hubris:Towel","ReplayTheSpireMod:Shallot","Replay:Wax Seal","Replay:Wanted Poster"],"acts_visited":["Exordium","TheCity"],"potions_floor_usage":[26,26],"damage_taken":[{"damage":1.0,"enemies":"Jaw Worm","floor":2.0,"turns":3.0},{"damage":5.0,"enemies":"downfall:FleeingMerchant","floor":5.0,"turns":4.0},{"damage":2.0,"enemies":"Small Slimes","floor":8.0,"turns":4.0},{"damage":4.0,"enemies":"Cultist","floor":10.0,"turns":5.0},{"damage":5.0,"enemies":"Exordium Thugs","floor":11.0,"turns":6.0},{"damage":13.0,"enemies":"3 Sentries","floor":12.0,"turns":7.0},{"damage":0.0,"enemies":"downfall:LooterAlt","floor":15.0,"turns":3.0},{"damage":20.0,"enemies":"SI_SHIV_ARCHETYPE","floor":16.0,"turns":13.0},{"damage":11.0,"enemies":"Spheric Guardian","floor":19.0,"turns":4.0},{"damage":8,"enemies":"3 Byrds","floor":20,"turns":6},{"damage":13,"enemies":"Snake Plant","floor":22,"turns":5},{"damage":10,"enemies":"Centurion and Healer","floor":23,"turns":9},{"damage":4,"enemies":"3 Cultists","floor":25,"turns":9},{"damage":38,"enemies":"Slavers","floor":26,"turns":4}],"seed_played":"-6552763068994398790","potions_obtained":[{"floor":8.0,"key":"LifebloodPotion"},{"floor":10.0,"key":"Explosive Potion"},{"floor":15.0,"key":"Fire Potion"},{"floor":19.0,"key":"FearPotion"},{"floor":25,"key":"PowerPotion"}],"is_trial":false,"path_per_floor":["R","M","?","?","$","R","T","M","R","M","M","E","R","?","M","B",null,"R","M","M","?","M","M","T","M","E"],"character_chosen":"GUARDIAN","items_purchased":["Guardian:Planning","Guardian:Orbwalk"],"campfire_rested":0,"item_purchase_floors":[5,5],"current_hp_per_floor":[80,79,79,79,74,74,74,72,72,68,63,50,50,50,50,30,80,80,69,61,61,48,38,38,34,0,0],"gold":480,"neow_bonus":"RANDOM_COMMON_RELIC","is_daily":false,"chose_seed":false,"campfire_upgraded":2,"win_rate":0.0,"timestamp":1613982712,"path_taken":["R","M","?","?","$","R","T","M","R","M","M","E","R","?","M","BOSS","R","M","M","?","M","M","T","M","E"],"items_purchased_type":["Card","Card"],"build_version":"2020-12-22","purchased_purges":0,"victory":false,"max_hp_per_floor":[80,80,80,80,80,80,80,80,80,80,80,80,80,80,80,80,80,80,80,80,80,80,80,80,80,80,80],"card_choices":[{"not_picked":["Guardian:Suspension","Guardian:TimeCapacitor"],"picked":"Guardian:CrystalBeam","floor":2.0},{"not_picked":["Guardian:Incinerate","Guardian:Recover"],"picked":"Guardian:PrismaticBeam","floor":5.0},{"not_picked":["Guardian:TemporalStrike","Guardian:Repulse"],"picked":"Guardian:TemporalShield","floor":8.0},{"not_picked":["Guardian:PrimingBeam","Guardian:Harden"],"picked":"Guardian:ChargeCore","floor":10.0},{"not_picked":["Guardian:BronzeOrb","Guardian:WalkerClaw"],"picked":"Guardian:Incinerate","floor":11.0},{"not_picked":["Guardian:CrystalBeam","Guardian:BronzeOrb"],"picked":"Guardian:ChargeCore","floor":12.0},{"not_picked":["Guardian:RollAttack","Guardian:Harden"],"picked":"Guardian:Clone","floor":15.0},{"not_picked":["Guardian:GatlingBeam","Guardian:CompilePackage"],"picked":"Guardian:StasisField","floor":16.0},{"not_picked":["Guardian:TemporalStrike+1","Guardian:CrystalBeam"],"picked":"Guardian:Gem_Red","floor":19.0},{"not_picked":["Guardian:DonusPower","Guardian:ArmoredProtocol"],"picked":"Guardian:Gem_Yellow","floor":20},{"not_picked":["Guardian:Gem_Blue","Guardian:BodySlam+1"],"picked":"Guardian:Preprogram","floor":22},{"not_picked":["Guardian:Gem_Lightblue","Guardian:AncientConstruct"],"picked":"Guardian:PrimingBeam+1","floor":23},{"not_picked":["Guardian:Repulse","Guardian:FuturePlans"],"picked":"Guardian:BodySlam","floor":25}],"player_experience":669863,"relics_obtained":[{"floor":7.0,"key":"ReplayTheSpireMod:Shallot"},{"floor":12.0,"key":"Replay:Wax Seal"}],"event_choices":[{"cards_removed":["Guardian:Strike_Guardian"],"damage_healed":0,"gold_gain":0,"player_choice":"Took Card","damage_taken":0,"max_hp_gain":0,"max_hp_loss":0,"event_name":"NoteForYourself","floor":21,"gold_loss":0,"cards_obtained":["Iron Wave"]}],"is_beta":false,"boss_relics":[{"not_picked":["Busted Crown","hubris:BlackHole"],"picked":"Replay:Wanted Poster"}],"items_purged_floors":[],"is_endless":false,"potions_floor_spawned":[8,10,15,19,25],"killed_by":"Slavers","ascension_level":0}}