{"host":"erogqkeozdzdhb46","time":1613952096,"event":{"mods":["AchievementEnabler","BaseMod","Bestiary","Colored Map","Colored Powertips","Minty Spire (QoL Compilation)","Rare Cards Sparkle","Relic Stats","Replay The Spire","StSLib","Together in Spire"],"gold_per_floor":[110,110,134,134,94,123,151,191,191,216,233,233,6,29,29,135,135,156,179,204,227,227,227,227,264,264,295,314,314,314,340,340,446,455,484,484,484,487,425,458,486,50,75,104,104,122,145,168,168,168,168,168,154,189,189,189],"floor_reached":55,"language":"ENG","playtime":3872,"items_purged":[],"score":741,"play_id":"bc1c551c-f325-4c91-9f75-8852ee38975a","local_time":"20210221180136","is_ascension_mode":false,"campfire_choices":[{"floor":12,"key":"REST"},{"floor":15,"key":"REST"},{"floor":23,"key":"REST"},{"floor":29,"key":"REST"},{"data":"ReplayTheSpireMod:Scrap Shanks","floor":32,"key":"SMITH"},{"floor":45,"key":"RECALL"},{"data":"Apotheosis","floor":49,"key":"SMITH"},{"data":"Midas Touch","floor":52,"key":"SMITH"}],"circlet_count":0,"master_deck":["Strike_G+1","Strike_G+1","Strike_G+1","Strike_G+1","Strike_G+1","Defend_G+1","Defend_G+1","Defend_G+1","Defend_G+1","Defend_G+1","Survivor","Neutralize+1","Backflip","Sneak Up","Accuracy","Noxious Fumes","ReplayTheSpireMod:Scrap Shanks+1","Dagger Throw","Storm of Steel","Hidden Blade","Cloak And Dagger+1","Dash+1","Reflex","Poison Darts","Sucker Punch+1","Caltrops","Die Die Die","CurseOfTheBell","Prepared+1","Blade Dance","Blade Dance","Backstab+1","Apotheosis+1","ReplayTheSpireMod:Necrogeddon","Infinite Blades","Eviscerate+1","Panacea","Concentrate+1","Discovery","Midas Touch+1","Eviscerate","Tactician","ReplayTheSpireMod:From All Sides","Flechettes+1","Hidden Blade+1","Backflip+1","Dagger Throw+1","Noxious Fumes+1"],"relics":["Ring of the Snake","CeramicFish","Bird Faced Urn","Shuriken","Membership Card","Strawberry","Sozu","Boot","Orichalcum","The Courier","Akabeko","Calling Bell","MealTicket","Gremlin Horn","CaptainsWheel","Sling","Bronze Scales","Vajra","Whetstone","TungstenRod","Orrery","Blue Candle"],"acts_visited":["TheCity","TheBeyond","TheEnding"],"potions_floor_usage":[8,25,33,40],"damage_taken":[{"damage":1.0,"enemies":"Jaw Worm","floor":1.0,"turns":6.0},{"damage":0,"enemies":"2 Louse","floor":3,"turns":3},{"damage":0,"enemies":"Small Slimes","floor":6,"turns":4},{"damage":0,"enemies":"Exordium Wildlife","floor":7,"turns":7},{"damage":40,"enemies":"Lagavulin","floor":8,"turns":13},{"damage":12,"enemies":"Large Slime","floor":10,"turns":8},{"damage":6,"enemies":"Looter","floor":11,"turns":4},{"damage":1,"enemies":"Blue Slaver","floor":14,"turns":5},{"damage":40,"enemies":"The Guardian","floor":16,"turns":10},{"damage":14,"enemies":"Spheric Guardian","floor":18,"turns":4},{"damage":0,"enemies":"Chosen","floor":19,"turns":3},{"damage":2,"enemies":"Centurion and Healer","floor":20,"turns":4},{"damage":22,"enemies":"Sentry and Sphere","floor":21,"turns":6},{"damage":14,"enemies":"Gremlin Leader","floor":25,"turns":6},{"damage":38,"enemies":"Slavers","floor":27,"turns":5},{"damage":18,"enemies":"Snecko","floor":28,"turns":5},{"damage":0,"enemies":"Shelled Parasite and Fungi","floor":31,"turns":5},{"damage":64,"enemies":"Automaton","floor":33,"turns":9},{"damage":22,"enemies":"3 Darklings","floor":35,"turns":5},{"damage":21,"enemies":"R_Hoarder","floor":40,"turns":9},{"damage":3,"enemies":"Orb Walker","floor":41,"turns":3},{"damage":0,"enemies":"Transient","floor":44,"turns":5},{"damage":8,"enemies":"Maw","floor":47,"turns":6},{"damage":9,"enemies":"Sphere and 2 Shapes","floor":48,"turns":4},{"damage":49,"enemies":"Donu and Deca","floor":50,"turns":6},{"damage":42,"enemies":"Shield and Spear","floor":54,"turns":5},{"damage":64,"enemies":"The Heart","floor":55,"turns":5}],"seed_played":"-7712267721187058847","potions_obtained":[{"floor":6,"key":"Languid Potion"},{"floor":8,"key":"SpeedPotion"},{"floor":14,"key":"GamblersBrew"},{"floor":16,"key":"GamblersBrew"}],"is_trial":false,"path_per_floor":["M","?","M","?","?","M","M","E","T","M","M","R","$","M","R","B",null,"M","M","M","M","?","R","?","E","T","E","M","R","?","M","R","B",null,"M","?","?","$","$","E","M","$","T","M","R","?","M","M","R","B",null,"R","$","E","B"],"character_chosen":"THE_SILENT","items_purchased":["Membership Card","Strawberry","Blade Dance","Sling","Apotheosis","ReplayTheSpireMod:Necrogeddon","Vajra","Infinite Blades","Eviscerate","Panacea","Whetstone","TungstenRod","Orrery"],"campfire_rested":4,"item_purchase_floors":[13,13,38,39,42,42,42,42,42,42,42,42,53],"current_hp_per_floor":[76,73,73,58,58,58,58,18,18,10,10,33,40,45,70,36,84,70,76,80,64,64,84,84,74,74,42,30,55,55,61,61,5,84,68,68,68,83,84,68,69,84,84,84,84,80,78,75,75,36,84,84,84,46,0,0],"gold":189,"neow_bonus":"TEN_PERCENT_HP_BONUS","is_daily":false,"chose_seed":false,"campfire_upgraded":3,"win_rate":0.0,"timestamp":1613952096,"path_taken":["M","?","M","?","?","M","M","E","T","M","?","R","$","M","R","BOSS","M","M","M","M","?","R","?","E","T","E","M","R","?","M","R","BOSS","M","?","?","?","$","E","M","$","T","M","R","?","M","M","R","BOSS","R","$","E","BOSS"],"items_purchased_type":["Relic","Relic","Card","Relic","Card","Card","Relic","Card","Card","Card","Relic","Relic","Relic"],"build_version":"2020-12-22","purchased_purges":0,"victory":false,"max_hp_per_floor":[77,77,77,77,77,77,77,77,77,77,77,77,84,84,84,84,84,84,84,84,84,84,84,84,84,84,84,84,84,84,84,84,84,84,84,84,84,84,84,84,84,84,84,84,84,84,84,84,84,84,84,84,84,84,84,84],"relic_stats":{"Gremlin Horn":[7,7],"counters":[27,155],"CeramicFish":324,"Blue Candle":[0],"Whetstone":["Dash","Eviscerate"],"Orichalcum":[90],"Boot":[24],"Sozu":7,"Shuriken":[79],"Bird Faced Urn":[121],"Bronze Scales":[112],"MealTicket":31,"obtain_stats":[{"Gremlin Horn":34,"CeramicFish":2,"Blue Candle":54,"Vajra":42,"The Courier":26,"Whetstone":42,"Orichalcum":25,"Boot":22,"Sling":39,"Akabeko":27,"Sozu":17,"Calling Bell":34,"CaptainsWheel":34,"Shuriken":9,"Bird Faced Urn":8,"Strawberry":13,"Bronze Scales":40,"Orrery":53,"MealTicket":34,"Membership Card":13,"TungstenRod":42,"Ring of the Snake":0},{"Gremlin Horn":18,"CeramicFish":1,"Blue Candle":26,"Vajra":21,"The Courier":14,"Whetstone":21,"Orichalcum":14,"Boot":13,"Sling":19,"Akabeko":15,"Sozu":9,"Calling Bell":18,"CaptainsWheel":18,"Shuriken":5,"Bird Faced Urn":5,"Strawberry":7,"Bronze Scales":20,"Orrery":25,"MealTicket":18,"Membership Card":7,"TungstenRod":21,"Ring of the Snake":0},{"Gremlin Horn":107,"CeramicFish":6,"Blue Candle":150,"Vajra":124,"The Courier":83,"Whetstone":124,"Orichalcum":83,"Boot":77,"Sling":112,"Akabeko":88,"Sozu":60,"Calling Bell":107,"CaptainsWheel":107,"Shuriken":33,"Bird Faced Urn":33,"Strawberry":45,"Bronze Scales":121,"Orrery":145,"MealTicket":107,"Membership Card":45,"TungstenRod":124,"Ring of the Snake":0}],"TungstenRod":40,"Ring of the Snake":[54]},"card_choices":[{"not_picked":["Deflect","Escape Plan"],"picked":"Backflip","floor":1},{"not_picked":["Dagger Throw","Bane"],"picked":"Sneak Up","floor":3},{"not_picked":["Riddle With Holes","Slice"],"picked":"Cloak And Dagger","floor":6},{"not_picked":["Backflip","Prepared"],"picked":"Accuracy","floor":7},{"not_picked":["Choke","Flying Knee"],"picked":"Noxious Fumes","floor":8},{"not_picked":["Slice","Deadly Poison"],"picked":"ReplayTheSpireMod:Scrap Shanks","floor":10},{"not_picked":["Poisoned Stab","Catalyst","Bouncing Flask"],"picked":"SKIP","floor":11},{"not_picked":["Sneak Up","ReplayTheSpireMod:Tripwire"],"picked":"Dagger Throw","floor":14},{"not_picked":["Bullet Time","Night Terror"],"picked":"Storm of Steel","floor":16},{"not_picked":["Flying Knee","PiercingWail"],"picked":"Hidden Blade","floor":18},{"not_picked":["Catalyst","Sucker Punch+1"],"picked":"Cloak And Dagger+1","floor":19},{"not_picked":["Poisoned Stab","Skewer"],"picked":"Dash","floor":20},{"not_picked":["Heel Hook+1","Outmaneuver"],"picked":"Reflex","floor":21},{"not_picked":["Well Laid Plans","ReplayTheSpireMod:Scrap Shanks"],"picked":"Poison Darts","floor":25},{"not_picked":["Outmaneuver","Sucker Punch","Deadly Poison"],"picked":"SKIP","floor":27},{"not_picked":["Deadly Poison","Slice"],"picked":"Sucker Punch+1","floor":28},{"not_picked":["Calculated Gamble","Dagger Throw"],"picked":"Caltrops","floor":31},{"not_picked":["Burst","Glass Knife"],"picked":"Die Die Die","floor":33},{"not_picked":["Escape Plan","Outmaneuver"],"picked":"Prepared+1","floor":35},{"not_picked":["Leg Sweep","Sucker Punch+1","Tactician+1"],"picked":"SKIP","floor":40},{"not_picked":["Backstab+1","Crippling Poison","Bouncing Flask"],"picked":"SKIP","floor":41},{"not_picked":["Crippling Poison","Bouncing Flask"],"picked":"Backstab+1","floor":41},{"not_picked":["Blade Dance","Hidden Blade"],"picked":"Concentrate+1","floor":44},{"not_picked":["Purity","Forethought"],"picked":"Discovery","floor":46},{"not_picked":["PanicButton","Deep Breath"],"picked":"Midas Touch","floor":46},{"not_picked":["Endless Agony+1","Blade Dance+1"],"picked":"Eviscerate","floor":47},{"not_picked":["Slice","Blade Dance"],"picked":"Tactician","floor":48},{"not_picked":["Terror","Dodge and Roll"],"picked":"ReplayTheSpireMod:From All Sides","floor":53},{"not_picked":["Calculated Gamble+1","Hidden Blade+1"],"picked":"Flechettes+1","floor":53},{"not_picked":["Deadly Poison+1","Quick Slash"],"picked":"Hidden Blade+1","floor":53},{"not_picked":["Dodge and Roll+1","Dagger Spray+1"],"picked":"Backflip+1","floor":53},{"not_picked":["Quick Slash","Dagger Spray+1"],"picked":"Dagger Throw+1","floor":53},{"not_picked":["Tactician","ReplayTheSpireMod:Exploit Weakness"],"picked":"Noxious Fumes+1","floor":54}],"player_experience":1043186,"relics_obtained":[{"floor":8,"key":"Bird Faced Urn"},{"floor":9,"key":"Shuriken"},{"floor":25,"key":"Orichalcum"},{"floor":26,"key":"The Courier"},{"floor":27,"key":"Akabeko"},{"floor":34,"key":"MealTicket"},{"floor":34,"key":"Gremlin Horn"},{"floor":34,"key":"CaptainsWheel"},{"floor":40,"key":"Bronze Scales"},{"floor":54,"key":"Blue Candle"}],"event_choices":[{"damage_healed":0,"gold_gain":0,"player_choice":"Success","damage_taken":3,"relics_obtained":["CeramicFish"],"max_hp_gain":0,"max_hp_loss":0,"event_name":"Scrap Ooze","floor":2,"gold_loss":0},{"damage_healed":0,"gold_gain":0,"player_choice":"Entered Light","damage_taken":15,"max_hp_gain":0,"max_hp_loss":0,"event_name":"Shining Light","floor":4,"gold_loss":0,"cards_upgraded":["Strike_G","Neutralize"]},{"damage_healed":0,"gold_gain":0,"player_choice":"Left Gold","damage_taken":0,"max_hp_gain":0,"max_hp_loss":0,"event_name":"World of Goop","floor":5,"gold_loss":40},{"damage_healed":0,"gold_gain":0,"player_choice":"Simplicity","damage_taken":0,"max_hp_gain":0,"max_hp_loss":0,"event_name":"Back to Basics","floor":24,"gold_loss":0,"cards_upgraded":["Strike_G","Strike_G","Strike_G","Strike_G","Defend_G","Defend_G","Defend_G","Defend_G","Defend_G"]},{"damage_healed":0,"gold_gain":0,"player_choice":"Ignored","damage_taken":0,"max_hp_gain":0,"max_hp_loss":0,"event_name":"Beggar","floor":30,"gold_loss":0},{"damage_healed":0,"gold_gain":0,"player_choice":"Ignored","damage_taken":0,"max_hp_gain":0,"max_hp_loss":0,"event_name":"Tomb of Lord Red Mask","floor":36,"gold_loss":0},{"cards_removed":["Cloak And Dagger"],"damage_healed":0,"gold_gain":0,"player_choice":"Removed Skill","damage_taken":0,"max_hp_gain":0,"max_hp_loss":0,"event_name":"Falling","floor":37,"gold_loss":0},{"damage_healed":0,"gold_gain":0,"player_choice":"Memory 2","damage_taken":5,"max_hp_gain":0,"max_hp_loss":0,"event_name":"SensoryStone","floor":46,"gold_loss":0}],"is_beta":false,"boss_relics":[{"not_picked":["Empty Cage","Black Star"],"picked":"Sozu"},{"not_picked":["Ring of the Serpent","Runic Dome"],"picked":"Calling Bell"}],"items_purged_floors":[],"is_endless":false,"potions_floor_spawned":[6,8,14,16,20,27,28,31,41,48,54],"killed_by":"The Heart","ascension_level":0}}