{"host":"tr0r177cvmpvg89h","time":1613993029,"event":{"mods":["BaseMod","Colored Map","DeckTracker","Minty Spire (QoL Compilation)","StSLib","SuperFastMode"],"gold_per_floor":[217,236,86,101,119,119,19,45,71,42,55,55,55,55,55,55,55],"floor_reached":16,"language":"KOR","playtime":939,"items_purged":["Defend_G","Strike_G"],"score":100,"play_id":"64427084-8876-46c1-8caf-c7c7de625e36","local_time":"20210222202349","is_ascension_mode":false,"campfire_choices":[{"data":"Footwork","floor":6,"key":"SMITH"},{"data":"Calculated Gamble","floor":12,"key":"SMITH"},{"data":"Neutralize","floor":15,"key":"SMITH"}],"circlet_count":0,"master_deck":["Strike_G","Strike_G","Strike_G","Strike_G","Defend_G","Defend_G","Defend_G","Defend_G","Survivor","Neutralize+1","Dagger Spray","Deflect","Footwork+1","Quick Slash","Calculated Gamble+1","Prepared","Cloak And Dagger"],"relics":["Ring of the Snake","Lantern","Ancient Tea Set"],"acts_visited":["Exordium"],"potions_floor_usage":[8,16,16],"damage_taken":[{"damage":0,"enemies":"Cultist","floor":1,"turns":4},{"damage":0,"enemies":"Jaw Worm","floor":2,"turns":3},{"damage":0,"enemies":"2 Louse","floor":4,"turns":2},{"damage":5,"enemies":"Exordium Wildlife","floor":5,"turns":7},{"damage":19,"enemies":"3 Sentries","floor":8,"turns":12},{"damage":0,"enemies":"Exordium Thugs","floor":11,"turns":4},{"damage":36,"enemies":"Slime Boss","floor":16,"turns":12}],"seed_played":"-7309605293745328851","potions_obtained":[{"floor":2,"key":"Ancient Potion"},{"floor":4,"key":"GamblersBrew"},{"floor":8,"key":"AttackPotion"}],"is_trial":false,"path_per_floor":["M","M","$","M","M","R","$","E","T","?","M","R","?","$","R","B"],"character_chosen":"THE_SILENT","items_purchased":["Footwork"],"campfire_rested":0,"item_purchase_floors":[3],"current_hp_per_floor":[70,70,70,70,65,65,65,46,46,46,46,46,51,51,51,15,15],"gold":55,"neow_bonus":"HUNDRED_GOLD","is_daily":false,"chose_seed":false,"campfire_upgraded":3,"win_rate":0.0,"timestamp":1613993029,"path_taken":["M","M","$","M","M","R","$","E","T","?","M","R","?","?","R","BOSS"],"items_purchased_type":["Card"],"build_version":"2020-12-22","purchased_purges":2,"victory":false,"max_hp_per_floor":[70,70,70,70,70,70,70,70,70,70,70,70,75,75,75,75,75],"card_choices":[{"not_picked":["Slice","Prepared"],"picked":"Dagger Spray","floor":1},{"not_picked":["Dodge and Roll","PiercingWail"],"picked":"Deflect","floor":2},{"not_picked":["Corpse Explosion","PiercingWail"],"picked":"Quick Slash","floor":4},{"not_picked":["Bane","Sucker Punch"],"picked":"Calculated Gamble","floor":5},{"not_picked":["Choke","Dash"],"picked":"Prepared","floor":8},{"not_picked":["Deadly Poison","Bane"],"picked":"Cloak And Dagger","floor":11}],"player_experience":124088,"relics_obtained":[{"floor":8,"key":"Lantern"},{"floor":9,"key":"Ancient Tea Set"}],"event_choices":[{"damage_healed":0,"gold_gain":0,"player_choice":"Left Gold","damage_taken":0,"max_hp_gain":0,"max_hp_loss":0,"event_name":"World of Goop","floor":10,"gold_loss":29},{"damage_healed":0,"gold_gain":0,"player_choice":"Donut","damage_taken":0,"max_hp_gain":5,"max_hp_loss":0,"event_name":"Big Fish","floor":13,"gold_loss":0}],"is_beta":false,"boss_relics":[],"items_purged_floors":[3,7],"is_endless":false,"potions_floor_spawned":[2,4,8],"killed_by":"Slime Boss","ascension_level":0}}