{"host":"g7uq9uzahx9e0kti","time":1613954723,"event":{"mods":["100% Spire Juice","AchievementEnabler","Act Like it!","Ascension Reborn","BaseMod","CapriCore","GungeonMod","Hermit","Koishi","Minty Spire (QoL Compilation)","Permanent Neow","Quick Restart","Replay The Spire","StSLib","SuperFastMode","The Bug Knight","The Cursed","Together in Spire","WarShipGirlsR/??á´Ò³R mod"],"gold_per_floor":[111,29,46,245,268,268,281,15,15,15,31,31,50,72,72,175,175,197,220,235,262,283,283,320,320,320,320,336,353,373,399,426,426,436,446,446],"floor_reached":35,"language":"KOR","playtime":1899,"items_purged":[],"score":304,"play_id":"9c29a0c6-4c54-46b5-bebf-fbc4ab3cc693","local_time":"20210222094523","is_ascension_mode":true,"campfire_choices":[{"floor":6.0,"key":"REST"},{"data":"hermit:Strike_Hermit","floor":10.0,"key":"SMITH"},{"data":"hermit:Strike_Hermit","floor":12.0,"key":"SMITH"},{"data":"hermit:Strike_Hermit","floor":15.0,"key":"SMITH"},{"data":"hermit:Strike_Hermit","floor":23.0,"key":"SMITH"},{"data":"hermit:Strike_Hermit","floor":25.0,"key":"SMITH"},{"data":"hermit:Strike_Hermit","floor":27.0,"key":"SMITH"},{"floor":33.0,"key":"REST"}],"circlet_count":0,"master_deck":["hermit:Strike_Hermit+1","hermit:Strike_Hermit+1","hermit:Defend_Hermit","hermit:Defend_Hermit","hermit:Defend_Hermit","hermit:Snapshot","hermit:Covet","hermit:Scavenge","hermit:Deadeye","hermit:HighCaliber","hermit:CursedWeapon","hermit:Ricochet","hermit:Ricochet","hermit:BodyArmor","hermit:Scavenge","hermit:DeadMansHand+1","hermit:Spite+1","hermit:LoneWolf+1","hermit:EyeOfTheStorm+1","hermit:WideOpen","hermit:CursedWeapon","hermit:Glare","hermit:WideOpen+1","hermit:GhostlyPresence","hermit:Quickdraw+1"],"relics":["hermit:Momento","DemoMod:Antibody","DemoMod:WhiteGuonStone","Simple Rune","Astrolabe","ReplayFunnel"],"acts_visited":["Exordium","TheCity","TheCity"],"potions_floor_usage":[35,35],"damage_taken":[{"damage":0.0,"enemies":"Cultist","floor":1.0,"turns":3.0},{"damage":1.0,"enemies":"Small Slimes","floor":3.0,"turns":3.0},{"damage":4.0,"enemies":"2 Louse","floor":5.0,"turns":2.0},{"damage":2.0,"enemies":"Exordium Wildlife","floor":7.0,"turns":3.0},{"damage":5.0,"enemies":"Large Slime","floor":11.0,"turns":5.0},{"damage":0.0,"enemies":"2 Fungi Beasts","floor":13.0,"turns":1.0},{"damage":4.0,"enemies":"Red Slaver","floor":14.0,"turns":2.0},{"damage":5.0,"enemies":"Fading Forest","floor":16.0,"turns":11.0},{"damage":2.0,"enemies":"Spheric Guardian","floor":18.0,"turns":2.0},{"damage":6.0,"enemies":"Shell Parasite","floor":19.0,"turns":2.0},{"damage":9.0,"enemies":"Centurion and Healer","floor":20.0,"turns":3.0},{"damage":4.0,"enemies":"3 Cultists","floor":21.0,"turns":5.0},{"damage":0.0,"enemies":"Chosen and Byrds","floor":22.0,"turns":3.0},{"damage":4.0,"enemies":"Gremlin Leader","floor":24.0,"turns":3.0},{"damage":10.0,"enemies":"DemoMod:2_Veteran_bullet_kins_and_red_shotgun_kin","floor":28.0,"turns":2.0},{"damage":12.0,"enemies":"DemoMod:Veteran_shot_gun_kin_and_bullet_kin","floor":29.0,"turns":1.0},{"damage":27.0,"enemies":"DemoMod:Red_and_blue_shotgun_kin_with_gunsinger","floor":30.0,"turns":2.0},{"damage":17.0,"enemies":"DemoMod:Veteran_shot_gun_kin_and_blue_shotgun_kin_with_gunsinger","floor":31.0,"turns":4.0},{"damage":2.0,"enemies":"DemoMod:2_Mousers","floor":32.0,"turns":4.0},{"damage":40.0,"enemies":"DemoMod:ResourcefulRat","floor":34.0,"turns":12.0},{"damage":12,"enemies":"DemoMod:ResourcefulRat","floor":35,"turns":15}],"seed_played":"-1993651785519764786","potions_obtained":[{"floor":7.0,"key":"LiquidBronze"},{"floor":13.0,"key":"LiquidMemories"},{"floor":19.0,"key":"Fire Potion"},{"floor":20.0,"key":"LifebloodPotion"},{"floor":28.0,"key":"Dexterity Potion"}],"is_trial":false,"path_per_floor":["M","$","M","?","M","R","M","$","T","R","M","R","M","M","R","B",null,"M","M","M","M","M","R","E","R","T","R","M","M","M","M","M","R","B","B"],"character_chosen":"HERMIT","items_purchased":["hermit:Deadeye","DemoMod:WhiteGuonStone","DemoMod:GnawedKey"],"campfire_rested":2,"item_purchase_floors":[2,8,8],"current_hp_per_floor":[54,54,53,35,31,75,73,73,73,73,68,68,68,64,64,59,75,73,67,58,54,54,54,50,50,75,75,65,53,26,9,7,51,11,0,0],"gold":446,"neow_bonus":"ONE_RARE_RELIC","is_daily":false,"chose_seed":false,"campfire_upgraded":6,"win_rate":0.0,"timestamp":1613954723,"path_taken":["M","?","M","?","M","R","M","$","T","R","M","R","M","M","R","BOSS","M","M","M","M","M","R","E","R","T","R","M","M","M","M","M","R","BOSS","BOSS"],"items_purchased_type":["Card","Relic","Relic"],"build_version":"2020-12-22","purchased_purges":0,"victory":false,"max_hp_per_floor":[75,75,75,75,75,75,75,75,75,75,75,75,75,75,75,75,75,75,75,75,75,75,75,75,75,75,75,75,75,75,75,75,75,75,75,75],"card_choices":[{"not_picked":["hermit:BodyArmor","hermit:Grudge"],"picked":"hermit:Scavenge","floor":1.0},{"not_picked":["hermit:BigShot","hermit:Cheat"],"picked":"hermit:HighCaliber","floor":3.0},{"not_picked":["hermit:Ricochet","hermit:Feint"],"picked":"hermit:CursedWeapon","floor":4.0},{"not_picked":["hermit:Determination","hermit:Roulette"],"picked":"hermit:Ricochet","floor":5.0},{"not_picked":["hermit:BlackWind","hermit:Shortfuse"],"picked":"hermit:Ricochet","floor":7.0},{"not_picked":["hermit:SprayPray","hermit:Quickdraw"],"picked":"hermit:BodyArmor","floor":11.0},{"not_picked":["hermit:Shortfuse","hermit:LuckOfTheDraw","hermit:Roulette"],"picked":"SKIP","floor":13.0},{"not_picked":["hermit:Quickdraw","hermit:WideOpen"],"picked":"hermit:Scavenge","floor":14.0},{"not_picked":["hermit:Vantage","hermit:LowProfile+1"],"picked":"hermit:EyeOfTheStorm+1","floor":18.0},{"not_picked":["hermit:LowProfile","hermit:Misfire"],"picked":"hermit:WideOpen","floor":19.0},{"not_picked":["hermit:WideOpen+1","hermit:Desperado"],"picked":"hermit:CursedWeapon","floor":20.0},{"not_picked":["hermit:CalledShot","hermit:Midnight"],"picked":"hermit:Glare","floor":21.0},{"not_picked":["hermit:Virtue","hermit:FromBeyond","hermit:Snipe"],"picked":"SKIP","floor":22.0},{"not_picked":["hermit:Headshot+1","hermit:Malice","hermit:Spite+1"],"picked":"SKIP","floor":24.0},{"not_picked":["hermit:LowProfile+1","hermit:ItchyTrigger","hermit:Headshot+1"],"picked":"SKIP","floor":28.0},{"not_picked":["hermit:GoldenBullet+1","hermit:HoleUp"],"picked":"hermit:WideOpen+1","floor":29.0},{"not_picked":["hermit:PistolWhip+1","hermit:HeroicBravado","hermit:BigShot"],"picked":"SKIP","floor":30.0},{"not_picked":["hermit:Coalescence","hermit:PistolWhip+1"],"picked":"hermit:GhostlyPresence","floor":31.0},{"not_picked":["hermit:NoHoldsBarred","hermit:SprayPray"],"picked":"hermit:Quickdraw+1","floor":32.0}],"player_experience":164587,"relics_obtained":[{"floor":9.0,"key":"Simple Rune"},{"floor":24.0,"key":"ReplayFunnel"}],"event_choices":[],"is_beta":false,"boss_relics":[{"not_picked":["Pandora\u0027s Box","Snecko Eye"],"picked":"Astrolabe"}],"items_purged_floors":[],"is_endless":false,"potions_floor_spawned":[7,13,14,19,20,28,34],"killed_by":"DemoMod:ResourcefulRat","ascension_level":0}}