{"host":"dwpr761cmyatmp9o","time":1613987874,"event":{"mods":["BaseMod","Downfall","Hermit","Infinite Spire","Marisa????????","Minty Spire (QoL Compilation)","Replay The Spire","StSLib","The Animator","The Bug Knight","The Cursed","The Servant 0.9.4"],"gold_per_floor":[109,307,307,325,19,19,29,57,57,57,57,70,70,70,70,175,175,185,110,209,209,221,221,221],"floor_reached":23,"language":"ENG","playtime":2907,"items_purged":["HollowMod:NailStrikeStart"],"score":187,"play_id":"c4c4adb4-db73-44ce-8591-393b2dd34b19","local_time":"20210222095754","is_ascension_mode":false,"campfire_choices":[{"data":"Replay:Dark Deal","floor":6,"key":"SMITH"},{"data":"HollowMod:DescendingDark","floor":13,"key":"SMITH"},{"data":"HollowMod:SharpenedNail","floor":15,"key":"SMITH"}],"circlet_count":0,"master_deck":["HollowMod:NailStrikeStart","HollowMod:NailStrikeStart","HollowMod:QuickDashStart","HollowMod:QuickDashStart","HollowMod:QuickDashStart","HollowMod:QuickDashStart","HollowMod:FocusHealStart","HollowMod:PogoStrike+1","HollowMod:DungDefenderAura","HollowMod:BaldurShell","HollowMod:SharpenedNail+1","HollowMod:GoodIntentions","Replay:Dark Deal+1","HollowMod:HowlingWraiths+1","HollowMod:CornifersMapStart","HollowMod:DescendingDark+1","HollowMod:LifebloodCore","HollowMod:VengefulVoid"],"relics":["HollowMod:VesselMask","NeowsBlessing","Lizard Tail","Incense Burner","Busted Crown"],"acts_visited":["Exordium","TheCity"],"potions_floor_usage":[16,16,18],"damage_taken":[{"damage":0,"enemies":"Cultist","floor":1,"turns":1},{"damage":0,"enemies":"2 Louse","floor":4,"turns":1},{"damage":0,"enemies":"Jaw Worm","floor":7,"turns":1},{"damage":11,"enemies":"Replay:BlueRogue","floor":8,"turns":8},{"damage":7,"enemies":"Looter","floor":12,"turns":4},{"damage":7,"enemies":"The Guardian","floor":16,"turns":9},{"damage":18,"enemies":"3 Byrds","floor":18,"turns":3},{"damage":0,"enemies":"Spheric Guardian","floor":22,"turns":6}],"seed_played":"-8335290541684923220","potions_obtained":[{"floor":7,"key":"Explosive Potion"},{"floor":8,"key":"Swift Potion"},{"floor":16,"key":"SkillPotion"}],"is_trial":false,"path_per_floor":["M","?","?","M","$","R","M","E","T","$","?","M","R","$","R","B",null,"M","?","?","?","M","R"],"character_chosen":"THE_BUGKNIGHT","items_purchased":["HollowMod:GoodIntentions","Replay:Dark Deal"],"campfire_rested":0,"item_purchase_floors":[5,5],"current_hp_per_floor":[75,57,57,57,57,57,57,56,56,56,56,49,49,49,49,42,75,57,57,57,57,63,63,63],"gold":221,"neow_bonus":"THREE_ENEMY_KILL","is_daily":false,"chose_seed":false,"campfire_upgraded":3,"win_rate":0.0,"timestamp":1613987874,"path_taken":["M","?","?","?","$","R","M","E","T","?","?","M","R","$","R","BOSS","M","?","?","?","M","R"],"items_purchased_type":["Card","Card"],"build_version":"2020-12-22","purchased_purges":1,"victory":false,"max_hp_per_floor":[75,75,75,75,75,75,75,75,75,75,75,75,75,75,75,75,75,75,75,75,75,75,75,75],"card_choices":[{"not_picked":["HollowMod:InfectedAttack","HollowMod:TaintedHusks"],"picked":"HollowMod:DungDefenderAura","floor":1},{"not_picked":["HollowMod:DoubleDash","HollowMod:MawleksShell"],"picked":"HollowMod:BaldurShell","floor":2},{"not_picked":["HollowMod:CloakDash","HollowMod:ShapeofUnn"],"picked":"HollowMod:SharpenedNail","floor":4},{"not_picked":["HollowMod:GoodIntentions","HollowMod:ShapeofUnn"],"picked":"HollowMod:HowlingWraiths","floor":7},{"not_picked":["HollowMod:ElderbugsWisdom","HollowMod:VengefulVoid"],"picked":"HollowMod:CornifersMapStart","floor":8},{"not_picked":["HollowMod:SoulStrike","HollowMod:PerfectDash"],"picked":"HollowMod:DescendingDark","floor":12},{"not_picked":["HollowMod:Hiveblood","HollowMod:ZotesMagnificence"],"picked":"HollowMod:LifebloodCore","floor":16},{"not_picked":["HollowMod:SoulShaman"],"picked":"SKIP","floor":18},{"not_picked":[],"picked":"HollowMod:VengefulVoid","floor":22}],"player_experience":200532,"relics_obtained":[{"floor":8,"key":"Lizard Tail"},{"floor":9,"key":"Incense Burner"}],"event_choices":[{"damage_healed":0,"gold_gain":0,"cards_transformed":["HollowMod:NailStrikeStart"],"player_choice":"Change","damage_taken":0,"max_hp_gain":0,"max_hp_loss":0,"event_name":"Living Wall","floor":3,"gold_loss":0,"cards_obtained":["HollowMod:ElderbugsWisdom"]},{"cards_removed":["HollowMod:ElderbugsWisdom"],"damage_healed":0,"gold_gain":0,"player_choice":"Gave Gold","damage_taken":0,"max_hp_gain":0,"max_hp_loss":0,"event_name":"Beggar","floor":19,"gold_loss":75},{"damage_healed":0,"gold_gain":99,"player_choice":"Stole From Cult","damage_taken":0,"max_hp_gain":0,"max_hp_loss":0,"event_name":"Nest","floor":20,"gold_loss":0},{"damage_healed":0,"gold_gain":0,"player_choice":"Forge","damage_taken":0,"max_hp_gain":0,"max_hp_loss":0,"event_name":"Accursed Blacksmith","floor":21,"gold_loss":0,"cards_upgraded":["HollowMod:HowlingWraiths"]}],"is_beta":false,"boss_relics":[{"not_picked":["Kintsugi","ReplayTheSpireMod:DimensionalGlitch"],"picked":"Busted Crown"}],"items_purged_floors":[5],"is_endless":false,"potions_floor_spawned":[7,8,16],"ascension_level":0}}