{"host":"mulvwr6fzlda1d2f","time":1613979830,"event":{"mods":["BaseMod","BetterRewards","Hermit","Marisa????????","Minty Spire (QoL Compilation)","Quick Restart","Remove Card Discount Mod","Replay The Spire","StSLib","The Bladedancer","The Runesmith","egg"],"gold_per_floor":[113,129,129,139,149,149,149],"floor_reached":6,"language":"ENG","playtime":256,"items_purged":["blademaster:WrongfulFootwork","Strike_B","Defend_B"],"score":38,"play_id":"9f1e4f63-d000-4f9c-a77d-56be1290e515","local_time":"20210221234350","is_ascension_mode":false,"campfire_choices":[],"circlet_count":0,"master_deck":["Strike_B","Strike_B","Strike_B","Defend_B","Defend_B","Defend_B","Zap","Dualcast","Redo","FTL","Finesse","Fusion","Double Energy"],"relics":["Cracked Core","Shuriken"],"acts_visited":["Exordium"],"potions_floor_usage":[6],"damage_taken":[{"damage":0,"enemies":"Small Slimes","floor":1,"turns":2},{"damage":0,"enemies":"Cultist","floor":2,"turns":4},{"damage":11,"enemies":"2 Louse","floor":4,"turns":2},{"damage":12,"enemies":"Lots of Slimes","floor":5,"turns":4},{"damage":21,"enemies":"3 Sentries","floor":6,"turns":3}],"seed_played":"875736138745005305","potions_obtained":[{"floor":2,"key":"SteroidPotion"},{"floor":3,"key":"Flashbang"},{"floor":3,"key":"Reflective Coating"}],"is_trial":false,"path_per_floor":["M","M","?","M","M","E"],"character_chosen":"DEFECT","items_purchased":["Redo","FTL","Shuriken","Finesse"],"campfire_rested":0,"item_purchase_floors":[0,0,0,0],"current_hp_per_floor":[75,75,75,64,52,31,31],"gold":149,"neow_bonus":"","is_daily":false,"chose_seed":false,"campfire_upgraded":0,"win_rate":0.0,"timestamp":1613979830,"path_taken":["M","M","?","M","M","E"],"items_purchased_type":["Card","Card","Relic","Card"],"build_version":"2020-12-22","purchased_purges":3,"victory":false,"max_hp_per_floor":[75,75,75,75,75,75,75],"card_choices":[{"not_picked":["Lockon","Coolheaded","Leap"],"picked":"SKIP","floor":1},{"not_picked":["ReplayTheSpireMod:System Scan","Hologram"],"picked":"Fusion","floor":2},{"not_picked":["Conserve Battery","Sunder"],"picked":"Double Energy","floor":4},{"not_picked":["Sweeping Beam","ReplaySolidLightProjector","Conserve Battery"],"picked":"SKIP","floor":5}],"player_experience":288801,"relics_obtained":[],"event_choices":[{"damage_healed":0,"gold_gain":0,"player_choice":"Got Potions","damage_taken":0,"max_hp_gain":0,"max_hp_loss":0,"event_name":"Lab","floor":3,"gold_loss":0}],"is_beta":false,"boss_relics":[],"items_purged_floors":[0,0,0],"is_endless":false,"potions_floor_spawned":[2],"killed_by":"3 Sentries","ascension_level":0}}