{"host":"df48i9djcn92c5sx","time":1613972323,"event":{"mods":["Act Like it!","Arknights","BaseMod","Decade(王小明)","Downfall","Gensokyo","Marisa（F雨　魔理沙）","Minty Spire (QoL Compilation)","READ ME - Guardian Mod","READ ME - Snecko Mod","Reimu（博丽灵梦）","Remilia（蕾米莉亚）","Shop Mod","StSLib","The Jungle","The Servant 0.9.4"],"gold_per_floor":[117,130,130,55,66,66,78,78,102,135,135,35,35,67,67,143,143,159,159,159,172,186,186,216,216,216,216,216,216,136,168,168,242,242,242,242,99,116,166,166,177,177,177,177,210,210,229,229,229,229,229],"floor_reached":50,"language":"ZHS","playtime":1340,"items_purged":["Strike_B","Strike_B"],"score":992,"play_id":"13fc8337-c214-48d5-abf1-a28e2dc543ec","local_time":"20210222133843","is_ascension_mode":true,"campfire_choices":[{"data":"Static Discharge","floor":6.0,"key":"SMITH"},{"data":"Seek","floor":8.0,"key":"SMITH"},{"data":"Glacier","floor":11.0,"key":"SMITH"},{"data":"Consume","floor":15.0,"key":"SMITH"},{"data":"Electrodynamics","floor":23.0,"key":"SMITH"},{"data":"Heatsinks","floor":25.0,"key":"SMITH"},{"floor":27.0,"key":"REST"},{"data":"ZunPunch:ReiMu","floor":32.0,"key":"SMITH"},{"data":"Capacitor","floor":40.0,"key":"SMITH"},{"data":"Storm","floor":42.0,"key":"SMITH"},{"data":"Tempest","floor":46.0,"key":"SMITH"},{"floor":49,"key":"RECALL"}],"circlet_count":0,"master_deck":["AscendersBane","Strike_B","Defend_B","Defend_B","Defend_B","Defend_B","Zap","Dualcast","Static Discharge+1","Lockon","Tempest+1","Seek+1","Glacier+1","Consume+1","Electrodynamics+1","Steam","Heatsinks+1","Blizzard+1","ZunPunch:ReiMu+1","Ball Lightning","Biased Cognition+1","Capacitor+1","Cold Snap","Storm+1","PanicButton","BootSequence"],"relics":["Cracked Core","NeowsBlessing","CultistMask","RuthlessExorcism:ReiMu","DataDisk","Strawberry","Akabeko","bronze:MakeshiftBattery","Enchiridion","Pen Nib","Regal Pillow","Cables","Bottled Flame","Sozu","Pear"],"acts_visited":["Exordium","TheCity","TheBeyond"],"potions_floor_usage":[],"damage_taken":[{"damage":0.0,"enemies":"2 Louse","floor":1.0,"turns":1.0},{"damage":0.0,"enemies":"Cultist","floor":2.0,"turns":1.0},{"damage":0.0,"enemies":"Small Slimes","floor":5.0,"turns":1.0},{"damage":2.0,"enemies":"3 Louse","floor":7.0,"turns":3.0},{"damage":25.0,"enemies":"Lagavulin","floor":10.0,"turns":5.0},{"damage":10.0,"enemies":"3 Sentries","floor":14.0,"turns":6.0},{"damage":18.0,"enemies":"Slime Boss","floor":16.0,"turns":8.0},{"damage":1.0,"enemies":"Spheric Guardian","floor":18.0,"turns":2.0},{"damage":0.0,"enemies":"Chosen","floor":21.0,"turns":4.0},{"damage":0.0,"enemies":"Snake Plant","floor":22.0,"turns":2.0},{"damage":38.0,"enemies":"Slavers","floor":24.0,"turns":3.0},{"damage":19.0,"enemies":"Book of Stabbing","floor":31.0,"turns":3.0},{"damage":43.0,"enemies":"Champ","floor":33.0,"turns":7.0},{"damage":0.0,"enemies":"Orb Walker","floor":35.0,"turns":1.0},{"damage":5.0,"enemies":"3 Darklings","floor":38.0,"turns":2.0},{"damage":24.0,"enemies":"Maw","floor":41.0,"turns":4.0},{"damage":0.0,"enemies":"Reptomancer","floor":45.0,"turns":2.0},{"damage":0.0,"enemies":"Transient","floor":47.0,"turns":5.0},{"damage":48,"enemies":"Time Eater","floor":50,"turns":3}],"seed_played":"4578652696079717994","potions_obtained":[{"floor":2.0,"key":"BlessingOfTheForge"},{"floor":10.0,"key":"ZuzhouPotion:ReiMu"},{"floor":16.0,"key":"FairyPotion"},{"floor":22.0,"key":"SneckoOil"},{"floor":31.0,"key":"LiquidBronze"},{"floor":33.0,"key":"SmokeBomb"}],"is_trial":false,"path_per_floor":["M","M","?","$","M","R","M","R","T","E","R","$","T","E","R","B",null,"M","?","?","M","M","R","E","R","T","R","?","?","?","E","R","B",null,"M","?","$","M","?","R","M","R","T","?","E","R","M","?","R","B"],"character_chosen":"DEFECT","items_purchased":["Capacitor","Cold Snap"],"campfire_rested":1,"item_purchase_floors":[37,37],"current_hp_per_floor":[64,64,64,64,64,64,62,62,62,37,37,37,44,34,34,16,63,62,41,41,41,41,41,3,3,3,41,41,41,41,22,22,3,59,59,59,59,54,54,54,30,30,30,30,40,40,40,40,40,0,0],"gold":229,"neow_bonus":"THREE_ENEMY_KILL","is_daily":false,"chose_seed":false,"campfire_upgraded":10,"win_rate":0.0,"timestamp":1613972323,"path_taken":["M","M","?","$","M","R","?","R","T","E","R","?","?","E","R","BOSS","M","?","?","M","?","R","E","R","T","R","?","?","?","E","R","BOSS","M","?","$","M","?","R","?","R","T","?","E","R","M","?","R","BOSS"],"items_purchased_type":["Card","Card"],"build_version":"2020-12-22","purchased_purges":2,"victory":false,"max_hp_per_floor":[71,71,71,71,71,71,71,71,71,71,71,71,78,78,78,78,78,78,78,78,78,78,78,78,78,78,78,78,78,78,78,78,78,78,78,78,78,78,78,78,78,78,78,78,88,88,88,88,88,88,88],"card_choices":[{"not_picked":["Cold Snap","Stack"],"picked":"Static Discharge","floor":1.0},{"not_picked":["Rebound","FTL"],"picked":"Lockon","floor":2.0},{"not_picked":["Steam","Stack"],"picked":"Tempest","floor":5.0},{"not_picked":["Doom and Gloom","Storm"],"picked":"Seek","floor":7.0},{"not_picked":["Chaos","Barrage"],"picked":"Glacier","floor":10.0},{"not_picked":["Ball Lightning","Stack"],"picked":"Consume","floor":14.0},{"not_picked":["Fission","Multi-Cast"],"picked":"Electrodynamics","floor":16.0},{"not_picked":["Leap","Turbo"],"picked":"Steam","floor":18.0},{"not_picked":["Leap","FTL+1"],"picked":"Heatsinks","floor":21.0},{"not_picked":["Beam Cell","Leap"],"picked":"Blizzard+1","floor":22.0},{"not_picked":["Steam","Gash","Hologram"],"picked":"SKIP","floor":24.0},{"not_picked":["Beam Cell","Conserve Battery"],"picked":"Ball Lightning","floor":31.0},{"not_picked":["Amplify","Multi-Cast"],"picked":"Biased Cognition","floor":33.0},{"not_picked":["Sweeping Beam","Melter"],"picked":"Storm","floor":38.0},{"not_picked":["Streamline","Compile Driver","Ball Lightning"],"picked":"SKIP","floor":41.0},{"not_picked":["Impatience","Forethought"],"picked":"PanicButton","floor":44.0},{"not_picked":["Sweeping Beam","Cold Snap"],"picked":"BootSequence","floor":45.0},{"not_picked":["Doom and Gloom","Barrage+1","Tempest"],"picked":"SKIP","floor":47.0}],"player_experience":1608710,"relics_obtained":[{"floor":9.0,"key":"RuthlessExorcism:ReiMu"},{"floor":10.0,"key":"DataDisk"},{"floor":13.0,"key":"Strawberry"},{"floor":14.0,"key":"Akabeko"},{"floor":19.0,"key":"Enchiridion"},{"floor":24.0,"key":"Regal Pillow"},{"floor":26.0,"key":"Cables"},{"floor":31.0,"key":"Bottled Flame"},{"floor":45.0,"key":"Pear"}],"event_choices":[{"damage_healed":0.0,"max_hp_gain":0.0,"max_hp_loss":0.0,"gold_gain":0.0,"event_name":"FaceTrader","player_choice":"Trade","floor":3.0,"gold_loss":0.0,"damage_taken":0.0,"relics_obtained":["CultistMask"]},{"damage_healed":0.0,"max_hp_gain":0.0,"max_hp_loss":0.0,"gold_gain":0.0,"event_name":"Cursed Tome","player_choice":"Obtained Book","floor":19.0,"gold_loss":0.0,"damage_taken":21.0},{"damage_healed":0.0,"max_hp_gain":0.0,"max_hp_loss":0.0,"gold_gain":0.0,"event_name":"WeMeetAgain","player_choice":"Gave Potion","floor":20.0,"gold_loss":0.0,"damage_taken":0.0,"relics_obtained":["Pen Nib"]},{"damage_healed":0.0,"max_hp_gain":0.0,"max_hp_loss":0.0,"gold_gain":0.0,"event_name":"Ghosts","player_choice":"Ignored","floor":29.0,"gold_loss":0.0,"damage_taken":0.0},{"damage_healed":0.0,"max_hp_gain":0.0,"max_hp_loss":0.0,"gold_gain":0.0,"event_name":"ZunEvent","player_choice":"交出神酒","floor":30.0,"relics_lost":["ZunR:ReiMu"],"gold_loss":0.0,"damage_taken":0.0,"cards_obtained":["ZunPunch:ReiMu"]},{"cards_removed":["Strike_B"],"damage_healed":0.0,"max_hp_gain":0.0,"max_hp_loss":0.0,"gold_gain":0.0,"event_name":"Falling","player_choice":"Removed Attack","floor":36.0,"gold_loss":0.0,"damage_taken":0.0},{"damage_healed":0.0,"max_hp_gain":0.0,"max_hp_loss":0.0,"gold_gain":50.0,"event_name":"Golden Shrine","player_choice":"Pray","floor":39.0,"gold_loss":0.0,"damage_taken":0.0},{"damage_healed":0.0,"max_hp_gain":0.0,"max_hp_loss":0.0,"gold_gain":0.0,"event_name":"SensoryStone","player_choice":"Memory 1","floor":44.0,"gold_loss":0.0,"damage_taken":0.0},{"damage_healed":0.0,"max_hp_gain":0.0,"max_hp_loss":0.0,"gold_gain":0.0,"event_name":"Upgrade Shrine","player_choice":"Upgraded","floor":48.0,"gold_loss":0.0,"damage_taken":0.0,"cards_upgraded":["Biased Cognition"]}],"is_beta":false,"boss_relics":[{"not_picked":["Cursed Key","Snecko Eye"],"picked":"bronze:MakeshiftBattery"},{"not_picked":["Philosopher\u0027s Stone","sneckomod:SneckoTalon"],"picked":"Sozu"}],"items_purged_floors":[4,12],"is_endless":false,"potions_floor_spawned":[2,10,16,22,31,33,38,41],"killed_by":"Time Eater","ascension_level":16}}