{"host":"8z0h4areh8sio1k0","time":1613965775,"event":{"mods":["10 clothes from DAL","Act Like it!","Aspiration","BaseMod","Colored Map","Conspire","Crowbot","Hubris","Library of Ruina Extra","Mimic Mod","Minty Spire (QoL Compilation)","Replay The Spire","Ring Of Destiny","StSLib","TestMod","The Blue Laboratory","The Fake Hero","The Hierophant","[Fun]BeWhatYouAte","【功能Mod】精心准备","【遗物Mod】死灵法师NEW"],"gold_per_floor":[119,137,156,167,47,47,62,87,129,129,129,150,150,162,162,269,269,279,298,10,10,29,61,61,84,84,84,103,125,143,159,159,318,318,349,369,369,469,344,393,395,395],"floor_reached":41,"language":"ZHS","playtime":5289,"items_purged":["RingOfDestiny:Defend_PU","RingOfDestiny:Strike_PU","RingOfDestiny:Strike_PU"],"score":366,"play_id":"31dcc168-1f70-441d-ab6a-d0e7c5447f9c","local_time":"20210222114935","is_ascension_mode":false,"campfire_choices":[{"data":"RingOfDestiny:Metaphysics","floor":6.0,"key":"SMITH"},{"data":"RingOfDestiny:DoubleInvest","floor":11.0,"key":"SMITH"},{"data":"RingOfDestiny:FirstInvest","floor":13.0,"key":"SMITH"},{"data":"RingOfDestiny:NoviceReward","floor":15.0,"key":"SMITH"},{"data":"RingOfDestiny:InvestMagic","floor":24.0,"key":"SMITH"},{"data":"RingOfDestiny:GoldProtect","floor":27.0,"key":"SMITH"},{"floor":32,"key":"REST"}],"circlet_count":0,"master_deck":["RingOfDestiny:Defend_PU","RingOfDestiny:Defend_PU","RingOfDestiny:Strike_PU","RingOfDestiny:FirstInvest+1","RingOfDestiny:DiamondOfDeath","RingOfDestiny:Metaphysics+1","RingOfDestiny:DoubleInvest+1","RingOfDestiny:Laugh","RingOfDestiny:Disdain","RingOfDestiny:Metaphysics","RingOfDestiny:NoviceReward+1","RingOfDestiny:NoLoss","RingOfDestiny:Purification","RingOfDestiny:GoldProtect+1","RingOfDestiny:InvestMagic+1","RingOfDestiny:MonthCard","RingOfDestiny:RaiseMoney","RingOfDestiny:MassInvest","RingOfDestiny:AristocraticPedigree+1","RingOfDestiny:Show","Double Energy","Parasite"],"relics":["RingOfDestiny:DogEyes","testmod-TestBox","NeowsBlessing","testmod-TheFather","Boot","RingOfChaos2","NeowsBlessing","Pantograph","aspiration:DefectSkillbook","Replay:Baseball"],"acts_visited":["Exordium","Exordium","TheBeyond"],"potions_floor_usage":[29,40],"damage_taken":[{"damage":0.0,"enemies":"Small Slimes","floor":1.0,"turns":1.0},{"damage":0.0,"enemies":"Jaw Worm","floor":2.0,"turns":1.0},{"damage":0.0,"enemies":"Cultist","floor":3.0,"turns":1.0},{"damage":1.0,"enemies":"Blue Slaver","floor":4.0,"turns":4.0},{"damage":8.0,"enemies":"Looter","floor":7.0,"turns":4.0},{"damage":2.0,"enemies":"Gremlin Gang","floor":8.0,"turns":2.0},{"damage":0.0,"enemies":"3 Louse","floor":9.0,"turns":5.0},{"damage":5.0,"enemies":"3 Louse","floor":12.0,"turns":2.0},{"damage":0.0,"enemies":"Exordium Wildlife","floor":14.0,"turns":2.0},{"damage":29.0,"enemies":"Slime Boss","floor":16.0,"turns":4.0},{"damage":0.0,"enemies":"Chosen","floor":18.0,"turns":1.0},{"damage":0.0,"enemies":"2 Thieves","floor":19.0,"turns":1.0},{"damage":0.0,"enemies":"3 Cultists","floor":22.0,"turns":1.0},{"damage":0.0,"enemies":"Book of Stabbing","floor":23.0,"turns":2.0},{"damage":4.0,"enemies":"Chosen and Byrds","floor":25.0,"turns":3.0},{"damage":0.0,"enemies":"Snecko","floor":28.0,"turns":2.0},{"damage":19,"enemies":"Shelled Parasite and Fungi","floor":29,"turns":4},{"damage":21,"enemies":"Snake Plant","floor":30,"turns":3},{"damage":9,"enemies":"Snecko","floor":31,"turns":3},{"damage":70,"enemies":"Collector","floor":33,"turns":8},{"damage":16,"enemies":"3 Darklings","floor":35,"turns":2},{"damage":22,"enemies":"Orb Walker","floor":36,"turns":3},{"damage":39,"enemies":"Reptomancer","floor":40,"turns":4},{"damage":37,"enemies":"Writhing Mass","floor":41,"turns":3}],"seed_played":"-5096755679713015142","potions_obtained":[{"floor":1.0,"key":"LiquidMemories"},{"floor":3.0,"key":"Strength Potion"},{"floor":4.0,"key":"Explosive Potion"},{"floor":12.0,"key":"SteroidPotion"},{"floor":14.0,"key":"Energy Potion"},{"floor":23.0,"key":"Explosive Potion"},{"floor":30,"key":"Doom Potion"},{"floor":40,"key":"Dexterity Potion"}],"is_trial":false,"path_per_floor":["M","M","M","M","$","R","M","M","MIM","?","R","M","R","M","R","B",null,"M","M","$","?","M","E","R","M","T","R","M","M","M","M","R","B",null,"M","M","?","?","$","E","M"],"character_chosen":"Purchemist","items_purchased":["RingOfDestiny:NoviceReward","RingOfDestiny:InvestMagic","RingOfDestiny:MonthCard"],"campfire_rested":1,"item_purchase_floors":[5,20,20],"current_hp_per_floor":[90,90,90,89,89,89,81,79,79,79,79,74,74,74,74,45,90,90,90,90,90,90,90,90,86,86,86,86,68,55,46,73,50,90,74,52,52,52,52,31,0,0],"gold":395,"neow_bonus":"THREE_ENEMY_KILL","is_daily":false,"chose_seed":false,"campfire_upgraded":6,"win_rate":0.0,"timestamp":1613965775,"path_taken":["M","M","M","M","$","R","M","M","MIM","?","R","M","R","M","R","BOSS","M","M","$","?","M","E","R","M","T","R","M","M","?","M","R","BOSS","M","M","?","?","$","E","M"],"items_purchased_type":["Card","Card","Card"],"build_version":"2020-12-22","purchased_purges":3,"victory":false,"max_hp_per_floor":[90,90,90,90,90,90,90,90,90,90,90,90,90,90,90,90,90,90,90,90,90,90,90,90,90,90,90,90,90,90,90,90,90,90,90,90,90,90,90,90,104,104],"card_choices":[{"not_picked":["RingOfDestiny:BloodBorne","RingOfDestiny:Corrosion"],"picked":"RingOfDestiny:DoubleInvest","floor":1.0},{"not_picked":["RingOfDestiny:Windfall","RingOfDestiny:Overdraft"],"picked":"RingOfDestiny:Laugh","floor":2.0},{"not_picked":["RingOfDestiny:SwornRevenge","RingOfDestiny:CatGash"],"picked":"RingOfDestiny:Disdain","floor":3.0},{"not_picked":["RingOfDestiny:Laugh","RingOfDestiny:DrawAgain"],"picked":"RingOfDestiny:Metaphysics","floor":4.0},{"not_picked":["RingOfDestiny:CatGash","RingOfDestiny:RaiseMoney","RingOfDestiny:Concentrate"],"picked":"SKIP","floor":7.0},{"not_picked":["RingOfDestiny:Wilful","RingOfDestiny:Windfall"],"picked":"RingOfDestiny:NoLoss","floor":8.0},{"not_picked":["RingOfDestiny:DrawAgain","RingOfDestiny:HoldOn","RingOfDestiny:Happy"],"picked":"SKIP","floor":12.0},{"not_picked":["RingOfDestiny:Shuffle","RingOfDestiny:Refine"],"picked":"RingOfDestiny:Purification","floor":14.0},{"not_picked":["RingOfDestiny:ScrewRules","RingOfDestiny:Bloodmourne"],"picked":"RingOfDestiny:GoldProtect","floor":16.0},{"not_picked":["RingOfDestiny:Corrosion","RingOfDestiny:Concentrate","RingOfDestiny:Disdain+1"],"picked":"SKIP","floor":18.0},{"not_picked":["RingOfDestiny:RaiseMoney","RingOfDestiny:Disdain+1","RingOfDestiny:ThreeRaffles"],"picked":"SKIP","floor":19.0},{"not_picked":["RingOfDestiny:Disdain","RingOfDestiny:Shiny+1","RingOfDestiny:CatGash"],"picked":"SKIP","floor":22.0},{"not_picked":["RingOfDestiny:Bloodmourne","RingOfDestiny:ScrewRules","RingOfDestiny:GoldFinger"],"picked":"SKIP","floor":23.0},{"not_picked":["RingOfDestiny:Conversion","RingOfDestiny:Windfall","RingOfDestiny:RaiseMoney"],"picked":"SKIP","floor":25.0},{"not_picked":["RingOfDestiny:Conversion","RingOfDestiny:Windfall"],"picked":"RingOfDestiny:RaiseMoney","floor":25.0},{"not_picked":["RingOfDestiny:BloodAvalanche","RingOfDestiny:ThreeRaffles+1","RingOfDestiny:StayUpLate"],"picked":"SKIP","floor":28.0},{"not_picked":["RingOfDestiny:MultipleInvest","RingOfDestiny:Reinforcement"],"picked":"RingOfDestiny:MassInvest","floor":29},{"not_picked":["RingOfDestiny:Filter+1","RingOfDestiny:ThreeRaffles","RingOfDestiny:Concentrate+1"],"picked":"SKIP","floor":30},{"not_picked":["RingOfDestiny:Laugh","RingOfDestiny:NoviceReward+1"],"picked":"RingOfDestiny:AristocraticPedigree","floor":31},{"not_picked":["RingOfDestiny:GoldProtect","RingOfDestiny:Repeat"],"picked":"RingOfDestiny:Show","floor":33},{"not_picked":["Barrage+1","Sweeping Beam","RingOfDestiny:CatGash","Turbo+1"],"picked":"SKIP","floor":35},{"not_picked":["Genetic Algorithm+1","Reinforced Body+1","RingOfDestiny:DrawAgain+1"],"picked":"Double Energy","floor":36},{"not_picked":["Sweeping Beam+1","Conserve Battery","Turbo","RingOfDestiny:Filter+1"],"picked":"SKIP","floor":40}],"player_experience":601215,"relics_obtained":[{"floor":9.0,"key":"Boot"},{"floor":23.0,"key":"Pantograph"},{"floor":40,"key":"Replay:Baseball"}],"event_choices":[{"damage_healed":0.0,"max_hp_gain":0.0,"max_hp_loss":0.0,"gold_gain":0.0,"event_name":"conspire:Investor","player_choice":"Leave","floor":10.0,"gold_loss":0.0,"damage_taken":0.0},{"cards_removed":["RingOfDestiny:Defend_PU"],"damage_healed":0.0,"max_hp_gain":0.0,"max_hp_loss":0.0,"gold_gain":0.0,"event_name":"Purifier","player_choice":"Purged","floor":21.0,"gold_loss":0.0,"damage_taken":0.0},{"damage_healed":0,"gold_gain":100,"player_choice":"Pray","damage_taken":0,"max_hp_gain":0,"max_hp_loss":0,"event_name":"Golden Shrine","floor":38,"gold_loss":0}],"is_beta":false,"boss_relics":[{"not_picked":["aspiration:RunicSpoon","testmod-StringDisintegrator"],"picked":"RingOfChaos2"},{"not_picked":["Replay:Grab Bag","hubris:GrandSneckoEye"],"picked":"aspiration:DefectSkillbook"}],"items_purged_floors":[5,20,39],"is_endless":false,"potions_floor_spawned":[1,3,4,12,14,18,23,30,31,33,40],"killed_by":"Writhing Mass","ascension_level":0}}