{"host":"4kmvpqjeiacgn1pr","time":1613955777,"event":{"mods":["A Penny For Your Troubles","AchievementEnabler","AlwaysNeverKeys","Aspiration","BaseMod","Bestiary","Better Altar","Better Match","Better Note","Better Sensory Stone","Better Skull","Better Third Choice","Better Vampires","BetterRewards","Colored Map","Colored Powertips","Conspire","Curses Come First","Downfall","Halation","Highlight Path","Infinite Spire","Minty Spire (QoL Compilation)","Permanent Neow","Quick Restart","Rare Cards Sparkle","Relic Sorter","Relic Stats","Replay The Spire","Reworked Bosses","Shop Mod","Smile Girya","Spicy Shops","Spikes Relics","StSLib","Waifu the Spire"],"gold_per_floor":[110,128,128,145,145,178,178,213,213,213,144,31,31,61,61,61,61],"floor_reached":16,"language":"ENG","playtime":860,"items_purged":["Injury"],"score":145,"play_id":"6838c28b-db0b-4b70-aa17-e6eee098cc91","local_time":"20210221200257","is_ascension_mode":true,"campfire_choices":[{"floor":7,"key":"REST"}],"circlet_count":0,"master_deck":["Strike_B","Strike_B","Strike_B+1","Defend_B","Defend_B","Defend_B+1","Defend_B","Zap","Dualcast","Storm+1","Steam","Panic Button+1","ReplaySort+1","ReplayTheSpireMod:Reroute Power+1","Darkness+1","Recycle+1","BlessedFruit+1","BlessedFruit+1","ReplayTheSpireMod:Calculation Training+1"],"relics":["Cracked Core","aspiration:Nostalgia","PureWater","Toxic Egg 2","Dream Catcher","Ornamental Fan","conspire:Dentures","BlackRope","HeavenlyBonsai"],"acts_visited":["Exordium"],"potions_floor_usage":[6,16],"damage_taken":[{"damage":2,"enemies":"Jaw Worm","floor":1,"turns":3},{"damage":0,"enemies":"conspire:RoseBush","floor":2,"turns":2},{"damage":7,"enemies":"Small Slimes","floor":4,"turns":2},{"damage":9,"enemies":"Replay:BlueRogue","floor":6,"turns":6},{"damage":27,"enemies":"3 Sentries","floor":8,"turns":9},{"damage":16,"enemies":"Lagavulin","floor":14,"turns":6},{"damage":66,"enemies":"Hexaghost","floor":16,"turns":9}],"seed_played":"3510429852794207856","potions_obtained":[{"floor":4,"key":"SteroidPotion"},{"floor":14,"key":"Regen Potion"}],"is_trial":false,"path_per_floor":["M","M","?","M","?","E","R","E","T","?","$","$","?","E","R_BF","B"],"character_chosen":"DEFECT","items_purchased":["BlackRope","Recycle+1"],"campfire_rested":1,"item_purchase_floors":[11,12],"current_hp_per_floor":[73,73,73,66,51,42,64,37,37,37,37,37,37,21,43,0,0],"gold":61,"neow_bonus":"NOSTALGIA","is_daily":false,"chose_seed":false,"campfire_upgraded":0,"win_rate":0.0,"timestamp":1613955777,"path_taken":["M","M","?","M","?","E","R","E","T","?","?","$","?","E","R_BF","BOSS"],"items_purchased_type":["Relic","Card"],"build_version":"2020-12-22","purchased_purges":1,"victory":false,"max_hp_per_floor":[75,75,75,75,75,75,75,75,75,75,75,75,75,75,75,79,79],"relic_stats":{"Dream Catcher":2,"counters":[7,37],"Ornamental Fan":[0],"obtain_stats":[{"conspire:Dentures":9,"Dream Catcher":6,"aspiration:Nostalgia":0,"Ornamental Fan":8,"BlackRope":11,"PureWater":0,"Toxic Egg 2":3,"HeavenlyBonsai":14,"Cracked Core":0},{"conspire:Dentures":5,"Dream Catcher":4,"aspiration:Nostalgia":0,"Ornamental Fan":5,"BlackRope":5,"PureWater":0,"Toxic Egg 2":2,"HeavenlyBonsai":6,"Cracked Core":0},{"conspire:Dentures":22,"Dream Catcher":13,"aspiration:Nostalgia":0,"Ornamental Fan":22,"BlackRope":22,"PureWater":0,"Toxic Egg 2":5,"HeavenlyBonsai":28,"Cracked Core":0}]},"card_choices":[{"not_picked":["RefreshScreen","Sweeping Beam"],"picked":"Storm","floor":1},{"not_picked":["Stack","Barrage"],"picked":"Steam","floor":2},{"not_picked":["BootSequence+1","Streamline"],"picked":"Panic Button+1","floor":4},{"not_picked":["BasicCrystalCard+1","Hologram+1"],"picked":"ReplaySort+1","floor":6},{"not_picked":["Beam Cell","Amplify+1"],"picked":"ReplayTheSpireMod:Reroute Power+1","floor":8},{"not_picked":["Ball Lightning","Scrape","Blizzard"],"picked":"SKIP","floor":14},{"not_picked":["FIFO Queue","Static Discharge"],"picked":"ReplayTheSpireMod:Calculation Training+1","floor":15}],"player_experience":499938,"relics_obtained":[{"floor":6,"key":"Dream Catcher"},{"floor":8,"key":"Ornamental Fan"},{"floor":9,"key":"conspire:Dentures"},{"floor":14,"key":"HeavenlyBonsai"}],"event_choices":[{"damage_healed":66,"gold_gain":0,"player_choice":"Upgrade","damage_taken":15,"max_hp_gain":0,"max_hp_loss":75,"event_name":"betterThird:BetterShining","floor":5,"gold_loss":0,"cards_upgraded":["Strike_B","Defend_B"]},{"damage_healed":0,"gold_gain":0,"player_choice":"Leave","damage_taken":0,"max_hp_gain":0,"max_hp_loss":0,"event_name":"conspire:Investor","floor":13,"gold_loss":0}],"is_beta":false,"boss_relics":[],"items_purged_floors":[12],"is_endless":false,"potions_floor_spawned":[4,14],"killed_by":"Hexaghost","ascension_level":5}}