{"host":"qrfkyfrpo74atslb","time":1613988157,"event":{"mods":["Bartender","BaseMod","CapriCore","Colored Map","Colored Powertips","DeckTracker","Downfall","Hubris","Koishi","LagranYue(???·?)","Marisa????????","Minty Spire (QoL Compilation)","Prisma Mod","StSLib","The Alterego","The Cursed","The Immortal","The Servant 0.9.4","Yakumo Yukari mod","Youmu??????","Yuyuko"],"gold_per_floor":[110,122,149,149,45,45,75,87,139,158,158,191,191,207,207,304,304,285,305,34,34,34],"floor_reached":21,"language":"ENG","playtime":745,"items_purged":[],"score":214,"play_id":"bad29e41-bff8-4152-bcf7-0229fb8c2b60","local_time":"20210222230237","is_ascension_mode":false,"campfire_choices":[{"data":"Koishi:SubconsciousSweep","floor":6,"key":"SMITH"},{"floor":15,"key":"REST"}],"circlet_count":0,"master_deck":["Koishi:BasicStrike","Koishi:BasicStrike","Koishi:BasicStrike","Koishi:BasicDefend","Koishi:BasicDefend","Koishi:BasicDefend+1","Koishi:Provoke","Koishi:HauntingSlash","Koishi:SubconsciousSweep+1","Koishi:VengefulSpirit","Koishi:HeartfeltFancy","Koishi:HeartAttack","Koishi:PhantomBarrier+1","Koishi:RacingHeart","Koishi:Prune","Koishi:SprinkleStarAndHeart","Koishi:TerrifyingSpectre","Koishi:PhantomStrike+1","Koishi:Prune+1"],"relics":["Koishi:ImaginaryFriend","LagranYue:RandomDrawCardRelic","NeowsBlessing","Juzu Bracelet","Boot","War Paint","Bottled Lightning","Velvet Choker","Molten Egg 2"],"acts_visited":["Exordium","TheCity"],"potions_floor_usage":[16,16],"damage_taken":[{"damage":0,"enemies":"Cultist","floor":1,"turns":1},{"damage":0,"enemies":"Small Slimes","floor":2,"turns":1},{"damage":0,"enemies":"Gremlin Nob","floor":7,"turns":1},{"damage":4,"enemies":"Jaw Worm","floor":8,"turns":3},{"damage":20,"enemies":"Large Slime","floor":10,"turns":4},{"damage":14,"enemies":"3 Sentries","floor":12,"turns":6},{"damage":5,"enemies":"Looter","floor":14,"turns":2},{"damage":21,"enemies":"Hexaghost","floor":16,"turns":8},{"damage":20,"enemies":"2 Thieves","floor":18,"turns":4},{"damage":18,"enemies":"3 Byrds","floor":19,"turns":5},{"damage":30,"enemies":"Snake Plant","floor":21,"turns":2}],"seed_played":"8086606369077744949","potions_obtained":[{"floor":12,"key":"AttackPotion"},{"floor":14,"key":"ColorlessPotion"}],"is_trial":false,"path_per_floor":["M","M","T","?","$","R","E","M","T","M","?","E","?","M","R","B",null,"M","M","$","M"],"character_chosen":"KOISHI","items_purchased":["Koishi:VengefulSpirit","Koishi:HeartfeltFancy","Molten Egg 2","Koishi:Prune+1"],"campfire_rested":1,"item_purchase_floors":[5,5,20,20],"current_hp_per_floor":[60,60,60,60,60,60,60,56,56,36,36,22,22,17,35,17,60,41,26,26,0,0],"gold":34,"neow_bonus":"THREE_ENEMY_KILL","is_daily":false,"chose_seed":false,"campfire_upgraded":1,"win_rate":0.0,"timestamp":1613988157,"path_taken":["M","M","?","?","?","R","E","M","T","M","?","E","?","M","R","BOSS","M","M","$","M"],"items_purchased_type":["Card","Card","Relic","Card"],"build_version":"2020-12-22","purchased_purges":0,"victory":false,"max_hp_per_floor":[60,60,60,60,60,60,60,60,60,60,60,60,60,60,60,60,60,60,60,60,60,60],"card_choices":[{"not_picked":["Koishi:SpiritedAway","Koishi:PhantomStrike"],"picked":"Koishi:SubconsciousSweep","floor":1},{"not_picked":["Koishi:YoukaiPolygraph","Koishi:UnconsciousUprising"],"picked":"Koishi:UnansweredLove","floor":2},{"not_picked":["Koishi:VengefulSpirit","Koishi:CatchAndRose"],"picked":"Koishi:HeartAttack","floor":7},{"not_picked":["Koishi:HeartfeltFancy","Koishi:ParalyzingFear"],"picked":"Koishi:PhantomBarrier","floor":8},{"not_picked":["Koishi:Untouchable","Koishi:UnseenTerror"],"picked":"Koishi:RacingHeart","floor":10},{"not_picked":["Koishi:TraumaticStroke","Koishi:MentalBreakdown","Koishi:Catatonia"],"picked":"SKIP","floor":12},{"not_picked":["Koishi:PhantomBarrier","Koishi:MassHysteria"],"picked":"Koishi:SprinkleStarAndHeart","floor":14},{"not_picked":["Koishi:RoseHell","Koishi:PerfectMindControl"],"picked":"Koishi:TerrifyingSpectre","floor":16},{"not_picked":["Koishi:Catatonia","Koishi:SpiritedAway+1"],"picked":"Koishi:PhantomStrike+1","floor":18},{"not_picked":["Koishi:HeartfeltFancy","Koishi:RacingHeart","Koishi:PhantomStrike+1"],"picked":"SKIP","floor":19}],"player_experience":118133,"relics_obtained":[{"floor":3,"key":"Juzu Bracelet"},{"floor":7,"key":"Boot"},{"floor":9,"key":"War Paint"},{"floor":12,"key":"Bottled Lightning"}],"event_choices":[{"cards_removed":["Koishi:UnansweredLove"],"damage_healed":5,"gold_gain":0,"player_choice":"Offered Common","damage_taken":0,"max_hp_gain":0,"max_hp_loss":0,"event_name":"Bonfire Elementals","floor":4,"gold_loss":0},{"cards_removed":["Koishi:UnansweredLove"],"damage_healed":5,"gold_gain":0,"player_choice":"Offered Special","damage_taken":0,"max_hp_gain":0,"max_hp_loss":0,"event_name":"Bonfire Elementals","floor":4,"gold_loss":0},{"damage_healed":0,"gold_gain":0,"cards_transformed":["Koishi:BasicStrike"],"player_choice":"Transformed","damage_taken":0,"max_hp_gain":0,"max_hp_loss":0,"event_name":"Transmorgrifier","floor":11,"gold_loss":0,"cards_obtained":["Koishi:Prune"]},{"cards_removed":["Koishi:BasicDefend"],"damage_healed":0,"gold_gain":0,"player_choice":"Purged","damage_taken":0,"max_hp_gain":0,"max_hp_loss":0,"event_name":"Purifier","floor":13,"gold_loss":0}],"is_beta":false,"boss_relics":[{"not_picked":["bronze:MakeshiftBattery","hubris:CrackedHourglass"],"picked":"Velvet Choker"}],"items_purged_floors":[],"is_endless":false,"potions_floor_spawned":[12,14],"killed_by":"Snake Plant","ascension_level":0}}