{"host":"dt8tt9y5uobrbn6j","time":1613969168,"event":{"mods":["Act Like it!","BaseMod","Better Third Choice","BetterRewards","Bossed Relics","Card Forge","Colored Powertips","Conspire","Dota2Spire","Minty Spire (QoL Compilation)","Quick Restart","Relic Stats","Reliquary","Retaliation","Ruina","Shop Mod","StSLib","¡¾ÒÅÎï¿¨ÅÆ¡¿REMEMod","óô»ðÖ¸ÄÏ"],"gold_per_floor":[111,124,199,199,212,245,256,286,311,323,323,353,370,402,414,504,516,542,569,781,813,388,388,407,432,432,432,461,461,461,494,165,320,320,320,320],"floor_reached":35,"language":"ZHS","playtime":1577,"items_purged":["Strike_P","Strike_P","Defend_P","Strike_P"],"score":1615,"play_id":"9b0e3508-a5bc-44d0-bfa6-cc66d25881db","local_time":"20210222124608","is_ascension_mode":true,"campfire_choices":[{"data":"REME_WheelOfFate","floor":15.0,"key":"SMITH"},{"data":"1","floor":23.0,"key":"LIFT"},{"data":"Eruption","floor":27.0,"key":"SMITH"},{"data":"SignatureMove","floor":29.0,"key":"SMITH"}],"circlet_count":0,"master_deck":["AscendersBane","Strike_P","Defend_P","Defend_P","Defend_P","Eruption+1","Vigilance","SignatureMove+1","REME_WheelOfFate+1","Meditate","MentalFortress","Pain","Sanctity","Worship"],"relics":["PureWater","Hammer of Thor","Seething Fire","Anvil of the Gods","REME_ComplimentaryCards","OrangePellets","conspire:GlowingRock","Vajra","conspire:TreasureMap","Girya","reliquary:CitrusReamer","reliquary:WeakTea","Pear","Singing Bowl","REME_HandOfSuture","reliquary:TuningFork","Regal Pillow","WarpedTongs","StoneCalendar","MawBank","Du-Vu Doll","reliquary:RustamsPendant","Sundial","Molten Egg 2","White Beast Statue","Ornamental Fan","betterThird:NestCultRelic","Eternal Feather","MerchantsRug","Lee\u0027s Waffle","REME_LowDesire","reliquary:IvoryTrinket","reliquary:PartyBalloon"],"acts_visited":["Exordium","TheCity","TheBeyond"],"potions_floor_usage":[],"damage_taken":[{"damage":2.0,"enemies":"Jaw Worm","floor":1.0,"turns":2.0},{"damage":0.0,"enemies":"2 Louse","floor":2.0,"turns":1.0},{"damage":0.0,"enemies":"Cultist","floor":5.0,"turns":6.0},{"damage":0.0,"enemies":"3 Sentries","floor":6.0,"turns":1.0},{"damage":0.0,"enemies":"3 Louse","floor":7.0,"turns":3.0},{"damage":0.0,"enemies":"Gremlin Nob","floor":8.0,"turns":2.0},{"damage":6.0,"enemies":"Exordium Thugs","floor":10.0,"turns":3.0},{"damage":2.0,"enemies":"Lagavulin","floor":12.0,"turns":2.0},{"damage":0.0,"enemies":"Looter","floor":13.0,"turns":2.0},{"damage":26.0,"enemies":"3 Sentries","floor":14.0,"turns":5.0},{"damage":1.0,"enemies":"Hexaghost","floor":16.0,"turns":8.0},{"damage":0.0,"enemies":"2 Thieves","floor":18.0,"turns":1.0},{"damage":0.0,"enemies":"Spheric Guardian","floor":19.0,"turns":1.0},{"damage":2.0,"enemies":"Snake Plant","floor":21.0,"turns":2.0},{"damage":2.0,"enemies":"conspire:HollyBat","floor":24.0,"turns":4.0},{"damage":10.0,"enemies":"REME_1_Revenger","floor":25.0,"turns":3.0},{"damage":5.0,"enemies":"conspire:SneckoGhost","floor":28.0,"turns":4.0},{"damage":50.0,"enemies":"Slavers","floor":31.0,"turns":4.0},{"damage":114,"enemies":"conspire:MysteriousRune","floor":33,"turns":9},{"damage":12,"enemies":"3 Darklings","floor":35,"turns":2}],"seed_played":"8005348752559318365","potions_obtained":[{"floor":1.0,"key":"Regen Potion"},{"floor":2.0,"key":"EssenceOfSteel"},{"floor":13.0,"key":"Weak Potion"},{"floor":14.0,"key":"BlessingOfTheForge"},{"floor":18.0,"key":"BottledMiracle"}],"is_trial":false,"path_per_floor":["M","M","?","?","M","E","M","E","T","M","?","E","M","E","R","B",null,"M","M","?","M","$","R","M","E","T","R","E","R","?","E","R","B",null,"M"],"character_chosen":"WATCHER","items_purchased":["OrangePellets","conspire:GlowingRock","SignatureMove","Vajra","conspire:TreasureMap","Girya","REME_WheelOfFate","reliquary:CitrusReamer","reliquary:WeakTea","Pear","Meditate","MentalFortress","Singing Bowl","Sundial","MerchantsRug","Lee\u0027s Waffle"],"campfire_rested":0,"item_purchase_floors":[0,0,0,0,0,0,0,0,0,0,0,0,0,22,32,32],"current_hp_per_floor":[29,31,20,20,57,59,61,63,63,59,59,59,61,37,37,38,85,85,85,85,85,85,85,85,77,77,77,74,74,74,26,117,5,91,79,79],"gold":320,"neow_bonus":"","is_daily":false,"chose_seed":false,"campfire_upgraded":3,"win_rate":0.0,"timestamp":1613969168,"path_taken":["M","M","?","?","M","E","M","E","T","M","?","E","?","E","R","BOSS","M","M","?","M","$","R","M","E","T","R","E","R","?","E","R","BOSS","M"],"items_purchased_type":["Relic","Relic","Card","Relic","Relic","Relic","Card","Relic","Relic","Relic","Card","Card","Relic","Relic","Relic","Relic"],"build_version":"2020-12-22","purchased_purges":4,"victory":false,"max_hp_per_floor":[80,82,82,82,84,86,88,90,90,92,92,94,96,98,98,100,100,100,100,100,102,102,102,104,106,106,106,108,108,108,110,117,119,119,119,119],"relic_stats":{"OrangePellets":[7],"Regal Pillow":0,"Lee\u0027s Waffle":85,"Singing Bowl":34,"counters":[87,287],"Sundial":[94],"Ornamental Fan":[4],"StoneCalendar":[92],"Eternal Feather":6,"MawBank":204,"obtain_stats":[{"reliquary:IvoryTrinket":29,"Dota2Spire:PowerTreads":55,"reliquary:Tamtam":0,"Sling":0,"Old Coin":42,"Dota2Spire:Satanic":25,"conspire:GlowingRock":0,"Dota2Spire:EyeOfSkadi":45,"Sundial":22,"MealTicket":0,"HandDrill":0,"reliquary:FingerTrap":0,"MerchantsRug":20,"conspire:TreasureMap":0,"Dota2Spire:UrnOfShadows":13,"Pear":0,"Eternal Feather":31,"reliquary:WeakTea":0,"Akabeko":10,"reliquary:Bookmark":0,"Dota2Spire:AghanimScepter":27,"reliquary:BrokenClock":0,"Dota2Spire:PhaseBoots":22,"Lantern":0,"Regal Pillow":7,"reliquary:SilkGlove":23,"Singing Bowl":0,"StoneCalendar":12,"Dota2Spire:Vanguard":55,"Bag of Preparation":0,"Smiling Mask":48,"Burning Blood":0,"reliquary:TridentHead":0,"Shovel":0,"reliquary:Buckler":0,"Dota2Spire:AssaultCuirass":49,"Chemical X":0,"Dota2Spire:ArcaneBoots":7,"REME_LowDesire":34,"Lee\u0027s Waffle":45,"The Courier":40,"PreservedInsect":0,"betterThird:NestCultRelic":30,"Seething Fire":0,"MawBank":11,"reliquary:RustamsPendant":17,"Busted Crown":34,"Ornamental Fan":28,"Orrery":54,"REME_HandOfSuture":29,"Dota2Spire:OctarineCore":38,"Champion Belt":32,"REME_ComplimentaryCards":0,"Dota2Spire:MaskOfMadness":23,"Gremlin Horn":3,"reliquary:PartyBalloon":23,"Dota2Spire:ArmletOfMordiggian":14,"Vajra":0,"Hammer of Thor":0,"Dota2Spire:RefresherOrb":34,"reliquary:QuartzCube":0,"Centennial Puzzle":0,"Dota2Spire:CrimsonGuard":8,"reliquary:CitrusReamer":0,"conspire:DecoderRing":25,"reliquary:Vitrine":15,"REME_OnlineShoppingPlatform":0,"Dota2Spire:HandOfMidas":31,"Girya":0,"Happy Flower":46,"Question Card":27,"WarpedTongs":11,"reliquary:JackalopeAntler":26,"Du-Vu Doll":14,"OrangePellets":24,"Bottled Flame":45,"reliquary:PorcupineQuills":27,"Anvil of the Gods":0,"Molten Egg 2":25,"Black Star":17,"reliquary:Knoch":43,"Dota2Spire:MonkeyKingBar":53,"reliquary:Firecrackers":25,"reliquary:BoilingFlask":41,"Mango":0,"PrismaticShard":0,"conspire:TopHat":55,"Frozen Eye":20,"reliquary:HotPoker":43,"TheAbacus":37,"Gambling Chip":12,"Runic Pyramid":17,"Medical Kit":28,"White Beast Statue":26,"CaptainsWheel":26,"reliquary:Stiletto":9,"reliquary:TuningFork":6,"Membership Card":30,"PureWater":0,"DDmod:BarbedSlagRelic":36},{"reliquary:IvoryTrinket":52,"Dota2Spire:PowerTreads":33,"reliquary:Tamtam":0,"Sling":34,"Old Coin":27,"Dota2Spire:Satanic":50,"conspire:GlowingRock":67,"Dota2Spire:EyeOfSkadi":60,"Sundial":81,"MealTicket":34,"HandDrill":0,"reliquary:FingerTrap":0,"MerchantsRug":47,"conspire:TreasureMap":67,"Dota2Spire:UrnOfShadows":43,"Pear":67,"Eternal Feather":85,"reliquary:WeakTea":34,"Akabeko":6,"reliquary:Bookmark":34,"Dota2Spire:AghanimScepter":51,"reliquary:BrokenClock":0,"Dota2Spire:PhaseBoots":14,"Lantern":0,"Regal Pillow":5,"reliquary:SilkGlove":49,"Singing Bowl":67,"StoneCalendar":75,"Dota2Spire:Vanguard":66,"Bag of Preparation":34,"Smiling Mask":30,"Burning Blood":0,"reliquary:TridentHead":0,"Shovel":0,"reliquary:Buckler":0,"Dota2Spire:AssaultCuirass":30,"Chemical X":34,"Dota2Spire:ArcaneBoots":39,"REME_LowDesire":86,"Lee\u0027s Waffle":28,"The Courier":25,"PreservedInsect":34,"betterThird:NestCultRelic":84,"Seething Fire":0,"MawBank":41,"reliquary:RustamsPendant":78,"Busted Crown":53,"Ornamental Fan":84,"Orrery":65,"REME_HandOfSuture":52,"Dota2Spire:OctarineCore":24,"Champion Belt":21,"REME_ComplimentaryCards":0,"Dota2Spire:MaskOfMadness":15,"Gremlin Horn":2,"reliquary:PartyBalloon":49,"Dota2Spire:ArmletOfMordiggian":10,"Vajra":67,"Hammer of Thor":0,"Dota2Spire:RefresherOrb":22,"reliquary:QuartzCube":0,"Centennial Puzzle":34,"Dota2Spire:CrimsonGuard":5,"reliquary:CitrusReamer":67,"conspire:DecoderRing":50,"reliquary:Vitrine":10,"REME_OnlineShoppingPlatform":34,"Dota2Spire:HandOfMidas":21,"Girya":34,"Happy Flower":29,"Question Card":51,"WarpedTongs":74,"reliquary:JackalopeAntler":50,"Du-Vu Doll":77,"OrangePellets":49,"Bottled Flame":28,"reliquary:PorcupineQuills":17,"Anvil of the Gods":0,"Molten Egg 2":83,"Black Star":45,"reliquary:Knoch":58,"Dota2Spire:MonkeyKingBar":32,"reliquary:Firecrackers":16,"reliquary:BoilingFlask":57,"Mango":0,"PrismaticShard":0,"conspire:TopHat":66,"Frozen Eye":12,"reliquary:HotPoker":27,"TheAbacus":23,"Gambling Chip":8,"Runic Pyramid":11,"Medical Kit":51,"White Beast Statue":83,"CaptainsWheel":16,"reliquary:Stiletto":39,"reliquary:TuningFork":71,"Membership Card":52,"PureWater":0,"DDmod:BarbedSlagRelic":23},{"reliquary:IvoryTrinket":176,"Dota2Spire:PowerTreads":110,"reliquary:Tamtam":0,"Sling":119,"Old Coin":91,"Dota2Spire:Satanic":170,"conspire:GlowingRock":222,"Dota2Spire:EyeOfSkadi":196,"Sundial":261,"MealTicket":119,"HandDrill":0,"reliquary:FingerTrap":0,"MerchantsRug":159,"conspire:TreasureMap":222,"Dota2Spire:UrnOfShadows":146,"Pear":222,"Eternal Feather":276,"reliquary:WeakTea":119,"Akabeko":17,"reliquary:Bookmark":119,"Dota2Spire:AghanimScepter":172,"reliquary:BrokenClock":0,"Dota2Spire:PhaseBoots":49,"Lantern":0,"Regal Pillow":11,"reliquary:SilkGlove":163,"Singing Bowl":222,"StoneCalendar":242,"Dota2Spire:Vanguard":218,"Bag of Preparation":119,"Smiling Mask":100,"Burning Blood":0,"reliquary:TridentHead":0,"Shovel":0,"reliquary:Buckler":0,"Dota2Spire:AssaultCuirass":100,"Chemical X":119,"Dota2Spire:ArcaneBoots":135,"REME_LowDesire":285,"Lee\u0027s Waffle":94,"The Courier":85,"PreservedInsect":119,"betterThird:NestCultRelic":272,"Seething Fire":0,"MawBank":141,"reliquary:RustamsPendant":257,"Busted Crown":181,"Ornamental Fan":272,"Orrery":215,"REME_HandOfSuture":176,"Dota2Spire:OctarineCore":83,"Champion Belt":70,"REME_ComplimentaryCards":0,"Dota2Spire:MaskOfMadness":53,"Gremlin Horn":2,"reliquary:PartyBalloon":163,"Dota2Spire:ArmletOfMordiggian":29,"Vajra":222,"Hammer of Thor":0,"Dota2Spire:RefresherOrb":79,"reliquary:QuartzCube":0,"Centennial Puzzle":119,"Dota2Spire:CrimsonGuard":11,"reliquary:CitrusReamer":222,"conspire:DecoderRing":170,"reliquary:Vitrine":29,"REME_OnlineShoppingPlatform":119,"Dota2Spire:HandOfMidas":70,"Girya":119,"Happy Flower":97,"Question Card":172,"WarpedTongs":240,"reliquary:JackalopeAntler":170,"Du-Vu Doll":249,"OrangePellets":163,"Bottled Flame":94,"reliquary:PorcupineQuills":58,"Anvil of the Gods":0,"Molten Egg 2":268,"Black Star":153,"reliquary:Knoch":191,"Dota2Spire:MonkeyKingBar":109,"reliquary:Firecrackers":56,"reliquary:BoilingFlask":189,"Mango":0,"PrismaticShard":0,"conspire:TopHat":218,"Frozen Eye":45,"reliquary:HotPoker":91,"TheAbacus":82,"Gambling Chip":24,"Runic Pyramid":42,"Medical Kit":172,"White Beast Statue":268,"CaptainsWheel":56,"reliquary:Stiletto":135,"reliquary:TuningFork":232,"Membership Card":176,"PureWater":0,"DDmod:BarbedSlagRelic":82}],"WarpedTongs":[45]},"card_choices":[{"not_picked":["Crescendo","BowlingBash","Consecrate"],"picked":"Singing Bowl","floor":1.0},{"not_picked":["WindmillStrike","CrushJoints","MentalFortress"],"picked":"Singing Bowl","floor":2.0},{"not_picked":["Halt","FollowUp","PathToVictory"],"picked":"Singing Bowl","floor":5.0},{"not_picked":["ConjureBlade","EmptyBody","Protect"],"picked":"Singing Bowl","floor":6.0},{"not_picked":["Perseverance","Consecrate","EmptyBody"],"picked":"Singing Bowl","floor":7.0},{"not_picked":["Consecrate","Prostrate","Protect"],"picked":"Singing Bowl","floor":8.0},{"not_picked":["CutThroughFate","Evaluate","ThirdEye"],"picked":"Singing Bowl","floor":10.0},{"not_picked":["PathToVictory","MentalFortress","Crescendo"],"picked":"Singing Bowl","floor":12.0},{"not_picked":["FollowUp","WindmillStrike","SashWhip"],"picked":"Singing Bowl","floor":13.0},{"not_picked":["ConjureBlade","Wireheading","Swivel"],"picked":"Singing Bowl","floor":14.0},{"not_picked":["Establishment","Blasphemy","ConjureBlade"],"picked":"Singing Bowl","floor":16.0},{"not_picked":["DeceiveReality+1","BowlingBash"],"picked":"Sanctity","floor":18.0},{"not_picked":["Conclude","WaveOfTheHand"],"picked":"Worship","floor":19.0},{"not_picked":["Protect","WheelKick","Halt"],"picked":"Singing Bowl","floor":21.0},{"not_picked":["EmptyBody","REME_MusicOfDeath","Prostrate"],"picked":"Singing Bowl","floor":24.0},{"not_picked":["Wallop+1","WaveOfTheHand","BattleHymn+1"],"picked":"Singing Bowl","floor":25.0},{"not_picked":["Indignation","JustLucky+1","Vengeance"],"picked":"Singing Bowl","floor":28.0},{"not_picked":["Halt","SashWhip+1","ConjureBlade"],"picked":"Singing Bowl","floor":31.0},{"not_picked":["Establishment","DevaForm","Devotion"],"picked":"Singing Bowl","floor":33}],"player_experience":915589,"relics_obtained":[{"floor":6.0,"key":"reliquary:TuningFork"},{"floor":8.0,"key":"Regal Pillow"},{"floor":12.0,"key":"StoneCalendar"},{"floor":14.0,"key":"Du-Vu Doll"},{"floor":25.0,"key":"Molten Egg 2"},{"floor":26.0,"key":"White Beast Statue"},{"floor":28.0,"key":"Ornamental Fan"},{"floor":31.0,"key":"Eternal Feather"},{"floor":34,"key":"reliquary:IvoryTrinket"},{"floor":34,"key":"reliquary:PartyBalloon"}],"event_choices":[{"damage_healed":0.0,"max_hp_gain":0.0,"max_hp_loss":0.0,"gold_gain":75.0,"event_name":"betterThird:BetterGoop","player_choice":"Gold","floor":3.0,"gold_loss":0.0,"damage_taken":11.0},{"damage_healed":0.0,"max_hp_gain":0.0,"max_hp_loss":0.0,"gold_gain":0.0,"event_name":"Accursed Blacksmith","player_choice":"Rummage","floor":11.0,"gold_loss":0.0,"damage_taken":0.0,"relics_obtained":["WarpedTongs"],"cards_obtained":["Pain"]},{"damage_healed":0.0,"max_hp_gain":0.0,"max_hp_loss":0.0,"gold_gain":250.0,"event_name":"The Joust","player_choice":"Bet on Owner","floor":20.0,"gold_loss":50.0,"damage_taken":0.0},{"damage_healed":0.0,"max_hp_gain":0.0,"max_hp_loss":0.0,"gold_gain":0.0,"event_name":"betterThird:BetterNest","player_choice":"Madness","floor":30.0,"gold_loss":0.0,"damage_taken":0.0,"relics_obtained":["betterThird:NestCultRelic"]}],"is_beta":false,"boss_relics":[{"not_picked":["REME_ChargedStone","reliquary:RedCape"],"picked":"reliquary:RustamsPendant"},{"not_picked":["reliquary:KinkedSpring","Busted Crown"],"picked":"REME_LowDesire"}],"items_purged_floors":[0,0,0,22],"is_endless":false,"potions_floor_spawned":[1,2,13,14,18,25,28,31,33],"killed_by":"3 Darklings","ascension_level":20}}