{"host":"pifa3o3uv2a0m12r","time":1613952567,"event":{"mods":["AchievementEnabler","BaseMod","Colored Map","Minty Spire (QoL Compilation)","StSLib","SuperFastMode"],"gold_per_floor":[115,190,202,302,317,317,348,358,403,435,454,454,489,489,489,489,489],"floor_reached":16,"language":"FRA","playtime":504,"items_purged":[],"score":120,"play_id":"4b6af62d-b400-4834-a489-265dd6f76180","local_time":"20210221140927","is_ascension_mode":false,"campfire_choices":[{"data":"Body Slam","floor":6,"key":"SMITH"},{"floor":12,"key":"REST"},{"floor":15,"key":"REST"}],"circlet_count":0,"master_deck":["Strike_R","Strike_R","Strike_R","Strike_R","Strike_R","Defend_R","Defend_R","Defend_R","Defend_R","Bash","Body Slam+1","Iron Wave","Infernal Blade","Flame Barrier","Iron Wave","Metallicize","Iron Wave"],"relics":["Burning Blood","Darkstone Periapt","Nunchaku","Juzu Bracelet","HornCleat"],"acts_visited":["Exordium"],"potions_floor_usage":[],"damage_taken":[{"damage":12,"enemies":"Jaw Worm","floor":1,"turns":7},{"damage":0,"enemies":"2 Louse","floor":3,"turns":3},{"damage":4,"enemies":"Cultist","floor":5,"turns":4},{"damage":25,"enemies":"3 Sentries","floor":7,"turns":11},{"damage":7,"enemies":"3 Louse","floor":8,"turns":3},{"damage":33,"enemies":"Gremlin Nob","floor":10,"turns":5},{"damage":3,"enemies":"2 Fungi Beasts","floor":11,"turns":5},{"damage":20,"enemies":"Lagavulin","floor":13,"turns":9},{"damage":75,"enemies":"Hexaghost","floor":16,"turns":16}],"seed_played":"-9152862970595397270","potions_obtained":[{"floor":5,"key":"FearPotion"},{"floor":8,"key":"Ancient Potion"}],"is_trial":false,"path_per_floor":["M","?","M","?","M","R","E","M","T","E","M","R","E","?","R","B"],"character_chosen":"IRONCLAD","items_purchased":[],"campfire_rested":2,"item_purchase_floors":[],"current_hp_per_floor":[82,71,77,77,79,79,60,59,59,32,35,61,47,47,73,0,0],"gold":489,"neow_bonus":"TEN_PERCENT_HP_BONUS","is_daily":false,"chose_seed":false,"campfire_upgraded":1,"win_rate":0.0,"timestamp":1613952567,"path_taken":["M","?","M","?","M","R","E","M","T","E","M","R","E","?","R","BOSS"],"items_purchased_type":[],"build_version":"2020-12-22","purchased_purges":0,"victory":false,"max_hp_per_floor":[88,88,88,88,88,88,88,88,88,88,88,88,88,88,88,88,88],"card_choices":[{"not_picked":["Heavy Blade","Battle Trance"],"picked":"Body Slam","floor":1},{"not_picked":["Sword Boomerang","Havoc"],"picked":"Iron Wave","floor":3},{"not_picked":["Exhume","Sever Soul"],"picked":"Infernal Blade","floor":5},{"not_picked":["Havoc","Shrug It Off"],"picked":"Flame Barrier","floor":7},{"not_picked":["Perfected Strike","Dark Embrace"],"picked":"Iron Wave","floor":8},{"not_picked":["Wild Strike","Twin Strike","Heavy Blade"],"picked":"SKIP","floor":10},{"not_picked":["Rampage","Burning Pact"],"picked":"Metallicize","floor":11},{"not_picked":["Seeing Red","Warcry"],"picked":"Iron Wave","floor":13}],"player_experience":139467,"relics_obtained":[{"floor":7,"key":"Darkstone Periapt"},{"floor":9,"key":"Nunchaku"},{"floor":10,"key":"Juzu Bracelet"},{"floor":13,"key":"HornCleat"}],"event_choices":[{"damage_healed":0,"gold_gain":75,"player_choice":"Gather Gold","damage_taken":11,"max_hp_gain":0,"max_hp_loss":0,"event_name":"World of Goop","floor":2,"gold_loss":0},{"damage_healed":0,"gold_gain":100,"player_choice":"Pray","damage_taken":0,"max_hp_gain":0,"max_hp_loss":0,"event_name":"Golden Shrine","floor":4,"gold_loss":0},{"damage_healed":0,"gold_gain":0,"player_choice":"Ignored","damage_taken":0,"max_hp_gain":0,"max_hp_loss":0,"event_name":"Liars Game","floor":14,"gold_loss":0}],"is_beta":false,"boss_relics":[],"items_purged_floors":[],"is_endless":false,"potions_floor_spawned":[5,8],"killed_by":"Hexaghost","ascension_level":0}}