{"host":"gjwzgdilc53yxmt0","time":1613962060,"event":{"mods":["2.2 Compatiblity","BaseMod","Bestiary","Highlight Path","Minty Spire (QoL Compilation)","Relic Stats","StSLib","ojb\u0027s Info Mod"],"gold_per_floor":[218,218,5,5,5,5,40,40,40,5,30,44,58,76,76,76,76],"floor_reached":16,"language":"ENG","playtime":527,"items_purged":[],"score":216,"play_id":"b2af7002-ef8b-4a89-a913-41a4e35ee61f","local_time":"20210221214740","is_ascension_mode":true,"campfire_choices":[{"data":"Neutralize","floor":6.0,"key":"SMITH"},{"floor":8.0,"key":"REST"},{"data":"Wraith Form v2","floor":15,"key":"SMITH"}],"circlet_count":0,"master_deck":["AscendersBane","Strike_G","Strike_G","Strike_G","Strike_G","Defend_G","Defend_G","Defend_G","Defend_G","Defend_G","Survivor","Neutralize+1","Flechettes","Infinite Blades","Quick Slash","Blur","Cloak And Dagger","Wraith Form v2+1","Well Laid Plans"],"relics":["Ring of the Snake","Frozen Eye","Nunchaku","Pantograph","Blue Candle"],"acts_visited":["Exordium"],"potions_floor_usage":[14,16],"damage_taken":[{"damage":0.0,"enemies":"2 Louse","floor":1.0,"turns":3.0},{"damage":54.0,"enemies":"Lagavulin","floor":7.0,"turns":11.0},{"damage":37.0,"enemies":"Gremlin Nob","floor":11.0,"turns":5.0},{"damage":0.0,"enemies":"Jaw Worm","floor":12.0,"turns":4.0},{"damage":0.0,"enemies":"Small Slimes","floor":13.0,"turns":3.0},{"damage":1,"enemies":"Looter","floor":14,"turns":2},{"damage":31,"enemies":"Hexaghost","floor":16,"turns":11}],"seed_played":"2596040547424178712","potions_obtained":[{"floor":11.0,"key":"CunningPotion"},{"floor":12.0,"key":"FearPotion"}],"is_trial":false,"path_per_floor":["M","?","$","?","?","R","E","R","T","?","E","M","M","M","R","B"],"character_chosen":"THE_SILENT","items_purchased":["Frozen Eye","Infinite Blades"],"campfire_rested":1,"item_purchase_floors":[3,3],"current_hp_per_floor":[59,64,64,57,57,57,3,24,24,41,4,4,4,3,3,0,0],"gold":76,"neow_bonus":"HUNDRED_GOLD","is_daily":false,"chose_seed":false,"campfire_upgraded":2,"win_rate":0.0,"timestamp":1613962060,"path_taken":["M","?","$","?","?","R","E","R","T","?","E","M","M","M","R","BOSS"],"items_purchased_type":["Relic","Card"],"build_version":"2020-12-22","purchased_purges":0,"victory":false,"max_hp_per_floor":[66,71,71,71,71,71,71,71,71,71,71,71,71,71,71,71,71],"relic_stats":{"Nunchaku":[7],"counters":[7,39],"Pantograph":25,"Blue Candle":[0],"obtain_stats":[{"Frozen Eye":3,"Nunchaku":7,"Pantograph":9,"Blue Candle":11,"Ring of the Snake":0},{"Frozen Eye":1,"Nunchaku":2,"Pantograph":2,"Blue Candle":3,"Ring of the Snake":0},{"Frozen Eye":3,"Nunchaku":14,"Pantograph":14,"Blue Candle":19,"Ring of the Snake":0}],"Ring of the Snake":[14]},"card_choices":[{"not_picked":["PiercingWail","Dodge and Roll"],"picked":"Flechettes","floor":1.0},{"not_picked":["Sucker Punch","Bouncing Flask"],"picked":"Quick Slash","floor":7.0},{"not_picked":["Dagger Spray","Choke"],"picked":"Blur","floor":11.0},{"not_picked":["PiercingWail","Crippling Poison"],"picked":"Cloak And Dagger","floor":12.0},{"not_picked":["Cloak And Dagger","Slice"],"picked":"Wraith Form v2","floor":13.0},{"not_picked":["Tactician","Sucker Punch"],"picked":"Well Laid Plans","floor":14}],"player_experience":4972443,"relics_obtained":[{"floor":7.0,"key":"Nunchaku"},{"floor":9.0,"key":"Pantograph"},{"floor":11.0,"key":"Blue Candle"}],"event_choices":[{"damage_healed":0.0,"max_hp_gain":5.0,"max_hp_loss":0.0,"gold_gain":0.0,"event_name":"Big Fish","player_choice":"Donut","floor":2.0,"gold_loss":0.0,"damage_taken":0.0},{"cards_removed":["Strike_G"],"damage_healed":0.0,"max_hp_gain":0.0,"max_hp_loss":0.0,"gold_gain":0.0,"event_name":"Golden Wing","player_choice":"Card Removal","floor":4.0,"gold_loss":0.0,"damage_taken":7.0},{"damage_healed":0.0,"max_hp_gain":0.0,"max_hp_loss":0.0,"gold_gain":0.0,"event_name":"Liars Game","player_choice":"Ignored","floor":5.0,"gold_loss":0.0,"damage_taken":0.0},{"damage_healed":17.0,"max_hp_gain":0.0,"max_hp_loss":0.0,"gold_gain":0.0,"event_name":"The Cleric","player_choice":"Healed","floor":10.0,"gold_loss":35.0,"damage_taken":0.0}],"is_beta":false,"boss_relics":[],"items_purged_floors":[],"is_endless":false,"potions_floor_spawned":[11,12],"killed_by":"Hexaghost","ascension_level":20}}