{"host":"or8fr2mp0k3eluj8","time":1613987093,"event":{"mods":["AchievementEnabler","BaseMod","Colored Map","DeckTracker","Keyboard Shortcuts","Minty Spire (QoL Compilation)","StSLib","SuperFastMode","everything is the same but u backflip on backflip"],"gold_per_floor":[110,125,125,125,142,167,182,182,227,227,327,347,347,374,374,374,374],"floor_reached":16,"language":"KOR","playtime":771,"items_purged":[],"score":138,"play_id":"a55e84e1-0264-4c38-a3c0-09a703095254","local_time":"20210222184453","is_ascension_mode":true,"campfire_choices":[{"data":"Shrug It Off","floor":10,"key":"SMITH"},{"floor":13,"key":"REST"},{"floor":15,"key":"DIG"}],"circlet_count":0,"master_deck":["Strike_R","Strike_R","Strike_R","Strike_R","Strike_R","Defend_R","Defend_R","Defend_R","Defend_R","Bash","Sword Boomerang","Clothesline","Evolve","Shrug It Off+1","Twin Strike","Twin Strike"],"relics":["Burning Blood","NeowsBlessing","Ancient Tea Set","StrikeDummy","Omamori","Shovel","Mercury Hourglass"],"acts_visited":["Exordium"],"potions_floor_usage":[7,7,16,16],"damage_taken":[{"damage":0,"enemies":"Jaw Worm","floor":1,"turns":1},{"damage":0,"enemies":"Cultist","floor":2,"turns":1},{"damage":0,"enemies":"2 Louse","floor":5,"turns":1},{"damage":71,"enemies":"Lagavulin","floor":6,"turns":7},{"damage":11,"enemies":"Lots of Slimes","floor":7,"turns":4},{"damage":18,"enemies":"Exordium Thugs","floor":12,"turns":4},{"damage":18,"enemies":"Gremlin Nob","floor":14,"turns":4},{"damage":29,"enemies":"The Guardian","floor":16,"turns":8}],"seed_played":"2607989632013598159","potions_obtained":[{"floor":2,"key":"BloodPotion"},{"floor":3,"key":"Energy Potion"},{"floor":3,"key":"CultistPotion"},{"floor":12,"key":"Explosive Potion"},{"floor":14,"key":"PowerPotion"}],"is_trial":false,"path_per_floor":["M","M","?","$","M","E","M","T","T","R","?","M","R","E","R","B"],"character_chosen":"IRONCLAD","items_purchased":[],"campfire_rested":1,"item_purchase_floors":[],"current_hp_per_floor":[80,80,80,80,80,15,26,26,26,26,26,14,38,26,26,0,0],"gold":374,"neow_bonus":"THREE_ENEMY_KILL","is_daily":false,"chose_seed":false,"campfire_upgraded":1,"win_rate":0.0,"timestamp":1613987093,"path_taken":["M","M","?","?","M","E","M","?","T","R","?","M","R","E","R","BOSS"],"items_purchased_type":[],"build_version":"2020-12-22","purchased_purges":0,"victory":false,"max_hp_per_floor":[80,80,80,80,80,80,80,80,80,80,80,80,80,80,80,80,80],"card_choices":[{"not_picked":["Flex","Dark Embrace","Battle Trance"],"picked":"SKIP","floor":1},{"not_picked":["Iron Wave","Armaments"],"picked":"Sword Boomerang","floor":2},{"not_picked":["Shockwave","Wild Strike"],"picked":"Clothesline","floor":5},{"not_picked":["Metallicize","Flex"],"picked":"Evolve","floor":6},{"not_picked":["Rampage","Inflame"],"picked":"Shrug It Off","floor":7},{"not_picked":["Combust","Bludgeon"],"picked":"Twin Strike","floor":12},{"not_picked":["Wild Strike","Bloodletting"],"picked":"Twin Strike","floor":14}],"player_experience":441823,"relics_obtained":[{"floor":6,"key":"Ancient Tea Set"},{"floor":8,"key":"StrikeDummy"},{"floor":9,"key":"Omamori"},{"floor":14,"key":"Shovel"},{"floor":15,"key":"Mercury Hourglass"}],"event_choices":[{"damage_healed":0,"gold_gain":0,"player_choice":"Got Potions","damage_taken":0,"max_hp_gain":0,"max_hp_loss":0,"event_name":"Lab","floor":3,"gold_loss":0},{"damage_healed":0,"gold_gain":100,"player_choice":"Pray","damage_taken":0,"max_hp_gain":0,"max_hp_loss":0,"event_name":"Golden Shrine","floor":11,"gold_loss":0}],"is_beta":false,"boss_relics":[],"items_purged_floors":[],"is_endless":false,"potions_floor_spawned":[2,5,12,14],"killed_by":"The Guardian","ascension_level":5}}