{"host":"Yun Zhang","time":1613978717,"event":{"mods":["BaseMod","Minty Spire (QoL Compilation)","StSLib","The Cursed"],"gold_per_floor":[114,131,131,85,85,119,129,129,129,129,146,156,175,189,189,288,288,302,302,302,320,320,353,353,381,381,395,395,406,421,104,104,204,204,224,71,84,100,322,349,349,384,384,394,394,447,260,276,276,276,276],"floor_reached":50,"language":"ZHS","playtime":8208,"items_purged":[],"score":623,"play_id":"9fa089bb-b5de-4465-9f00-7de046bae49d","local_time":"20210222152517","is_ascension_mode":false,"campfire_choices":[{"data":"TheCursedMod:SaltUponWound","floor":8.0,"key":"SMITH"},{"data":"TheCursedMod:SaltUponWound","floor":15.0,"key":"SMITH"},{"floor":24.0,"key":"REST"},{"floor":32.0,"key":"REST"},{"floor":41.0,"key":"RECALL"},{"floor":45.0,"key":"REST"},{"floor":49.0,"key":"REST"}],"circlet_count":0,"master_deck":["TheCursedMod:Strike_TheCursed","TheCursedMod:Strike_TheCursed","TheCursedMod:Strike_TheCursed","TheCursedMod:Strike_TheCursed+1","TheCursedMod:Defend_TheCursed","TheCursedMod:Defend_TheCursed","TheCursedMod:Defend_TheCursed+1","TheCursedMod:Defend_TheCursed+1","TheCursedMod:CursedWand+1","TheCursedMod:CleanUpWorkshop","TheCursedMod:Dregs","TheCursedMod:SaltUponWound+1","TheCursedMod:CursedArmor","TheCursedMod:Obscuration","TheCursedMod:WearCloak","TheCursedMod:Obscuration","TheCursedMod:SaltUponWound+1","TheCursedMod:VitalStrike","TheCursedMod:HellfireBreathing","TheCursedMod:CursedBlade","TheCursedMod:CollectTribute","TheCursedMod:LuckyCharm","TheCursedMod:ReleasedKnowledge","Decay","TheCursedMod:AbyssShockwave","TheCursedMod:Stigma","Shame","TheCursedMod:HellsGateOpen","TheCursedMod:Torture+1","TheCursedMod:LuckyCharm","TheCursedMod:Neurasthenia","TheCursedMod:CursedShiv+1","TheCursedMod:VitalStrike","Parasite","TheCursedMod:SpitefulPlan","TheCursedMod:VitalStrike+1","TheCursedMod:SpitefulPray+1","TheCursedMod:SurpriseAttack+1","TheCursedMod:PrepareRite","TheCursedMod:StunningStrike"],"relics":["TheCursedMod:BlackMagic101","NeowsBlessing","Ancient Tea Set","Darkstone Periapt","Spirit Poop","Black Star","Nloth\u0027s Gift","Boot","TheCursedMod:DemonicMark","Red Mask","Sundial","Membership Card","Bottled Lightning","SlaversCollar","Torii","Anchor","PreservedInsect","Lizard Tail","Strawberry","Meat on the Bone","Bird Faced Urn","Bag of Preparation"],"acts_visited":["Exordium","TheCity","TheBeyond"],"potions_floor_usage":[],"damage_taken":[{"damage":0.0,"enemies":"Small Slimes","floor":1.0,"turns":1.0},{"damage":7.0,"enemies":"2 Louse","floor":2.0,"turns":1.0},{"damage":0.0,"enemies":"Gremlin Nob","floor":6.0,"turns":1.0},{"damage":8.0,"enemies":"Cultist","floor":7.0,"turns":4.0},{"damage":0.0,"enemies":"Red Slaver","floor":11.0,"turns":3.0},{"damage":0.0,"enemies":"Looter","floor":12.0,"turns":4.0},{"damage":1.0,"enemies":"Blue Slaver","floor":13.0,"turns":3.0},{"damage":2.0,"enemies":"3 Louse","floor":14.0,"turns":3.0},{"damage":4.0,"enemies":"The Guardian","floor":16.0,"turns":9.0},{"damage":23.0,"enemies":"Spheric Guardian","floor":18.0,"turns":9.0},{"damage":2.0,"enemies":"Chosen","floor":21.0,"turns":6.0},{"damage":53.0,"enemies":"Gremlin Leader","floor":23.0,"turns":8.0},{"damage":6.0,"enemies":"Masked Bandits","floor":25.0,"turns":4.0},{"damage":8.0,"enemies":"Snecko","floor":27.0,"turns":8.0},{"damage":25.0,"enemies":"Centurion and Healer","floor":29.0,"turns":5.0},{"damage":12.0,"enemies":"Snake Plant","floor":30.0,"turns":5.0},{"damage":42.0,"enemies":"Collector","floor":33.0,"turns":9.0},{"damage":0.0,"enemies":"3 Shapes","floor":35.0,"turns":8.0},{"damage":33.0,"enemies":"3 Darklings","floor":37.0,"turns":8.0},{"damage":12.0,"enemies":"Writhing Mass","floor":38.0,"turns":7.0},{"damage":14.0,"enemies":"Nemesis","floor":40.0,"turns":5.0},{"damage":33.0,"enemies":"Reptomancer","floor":42.0,"turns":7.0},{"damage":1.0,"enemies":"Spire Growth","floor":44.0,"turns":5.0},{"damage":49.0,"enemies":"2 Orb Walkers","floor":46.0,"turns":7.0},{"damage":13.0,"enemies":"Maw","floor":48.0,"turns":8.0},{"damage":119,"enemies":"Donu and Deca","floor":50,"turns":6}],"seed_played":"-2382789326985674030","potions_obtained":[{"floor":1.0,"key":"FairyPotion"},{"floor":2.0,"key":"TheCursedMod:DregsPotion"},{"floor":14.0,"key":"SmokeBomb"},{"floor":25.0,"key":"Weak Potion"},{"floor":27.0,"key":"PowerPotion"},{"floor":29.0,"key":"Regen Potion"},{"floor":35.0,"key":"Weak Potion"},{"floor":38.0,"key":"Fire Potion"},{"floor":42.0,"key":"BlessingOfTheForge"},{"floor":44.0,"key":"Energy Potion"}],"is_trial":false,"path_per_floor":["M","M","?","$","?","E","M","R","T","?","M","M","M","M","R","B",null,"M","?","?","M","?","E","R","?","T","M","?","M","M","$","R","B",null,"M","$","M","M","?","E","R","E","T","M","R","?","$","M","R","B"],"character_chosen":"THE_CURSED","items_purchased":["TheCursedMod:Obscuration","Membership Card","TheCursedMod:LuckyCharm","Bottled Lightning","Torii","Bag of Preparation","TheCursedMod:PrepareRite","Fruit Juice","Explosive Potion"],"campfire_rested":4,"item_purchase_floors":[4,31,31,31,36,47,47,47,47],"current_hp_per_floor":[75,68,68,68,53,53,45,45,45,45,45,45,44,42,42,38,75,52,52,52,50,56,3,27,21,21,13,19,20,8,8,34,7,87,87,87,54,48,48,34,34,8,8,19,49,62,67,66,97,0,0],"gold":276,"neow_bonus":"THREE_ENEMY_KILL","is_daily":false,"chose_seed":false,"campfire_upgraded":2,"win_rate":0.0,"timestamp":1613978717,"path_taken":["M","M","?","$","?","E","M","R","T","?","?","M","M","M","R","BOSS","M","?","?","?","?","E","R","?","T","M","?","M","M","$","R","BOSS","M","$","M","M","?","E","R","E","T","M","R","?","$","M","R","BOSS"],"items_purchased_type":["Card","Relic","Card","Relic","Relic","Relic","Card","Potion","Potion"],"build_version":"2020-12-18","purchased_purges":0,"victory":false,"max_hp_per_floor":[75,75,75,75,75,75,75,75,75,75,75,75,75,75,75,75,75,75,75,75,75,81,81,81,81,81,81,87,87,87,87,87,87,87,87,87,87,93,93,93,93,100,100,100,100,100,105,105,105,105,105],"card_choices":[{"not_picked":["TheCursedMod:SpitefulStrike","TheCursedMod:SmokeScreen"],"picked":"TheCursedMod:SaltUponWound","floor":1.0},{"not_picked":["TheCursedMod:CursedMace","TheCursedMod:LuckyCharm"],"picked":"TheCursedMod:CursedArmor","floor":2.0},{"not_picked":["TheCursedMod:PrepareRite","TheCursedMod:NeowsMight"],"picked":"TheCursedMod:WearCloak","floor":6.0},{"not_picked":["TheCursedMod:AshesToAshes","TheCursedMod:RavingStaff"],"picked":"TheCursedMod:Obscuration","floor":7.0},{"not_picked":["TheCursedMod:SpitefulPray","TheCursedMod:CursedSpellbook"],"picked":"TheCursedMod:SaltUponWound","floor":11.0},{"not_picked":["TheCursedMod:SoulCrush","TheCursedMod:LuckyCharm"],"picked":"TheCursedMod:VitalStrike","floor":12.0},{"not_picked":["TheCursedMod:AbyssShockwave","TheCursedMod:SmokeScreen"],"picked":"TheCursedMod:HellfireBreathing","floor":13.0},{"not_picked":["TheCursedMod:SpitefulStrike","TheCursedMod:Wield"],"picked":"TheCursedMod:CursedBlade","floor":14.0},{"not_picked":["TheCursedMod:AntiAging","TheCursedMod:ShockAndAwe"],"picked":"TheCursedMod:CollectTribute","floor":16.0},{"not_picked":["TheCursedMod:Torture","TheCursedMod:CursedBoomerang"],"picked":"TheCursedMod:LuckyCharm","floor":18.0},{"not_picked":["TheCursedMod:CircleOfFlame","TheCursedMod:CursedBlade"],"picked":"TheCursedMod:ReleasedKnowledge","floor":21.0},{"not_picked":["TheCursedMod:Wield","TheCursedMod:ShockAndAwe"],"picked":"TheCursedMod:AbyssShockwave","floor":23.0},{"not_picked":["TheCursedMod:RapidMovement","TheCursedMod:BloodBarrier"],"picked":"TheCursedMod:Stigma","floor":25.0},{"not_picked":["TheCursedMod:CollectTribute","TheCursedMod:CircleOfCorruption","TheCursedMod:CursedShiv"],"picked":"SKIP","floor":27.0},{"not_picked":["TheCursedMod:EmpowerCircles+1","TheCursedMod:FuryStrike+1"],"picked":"TheCursedMod:HellsGateOpen","floor":29.0},{"not_picked":["TheCursedMod:FleshFromBone","TheCursedMod:CursedSpellbook"],"picked":"TheCursedMod:Torture+1","floor":30.0},{"not_picked":["TheCursedMod:CursedRelics","TheCursedMod:ParallelWorld"],"picked":"TheCursedMod:Neurasthenia","floor":33.0},{"not_picked":["TheCursedMod:SpitefulStrike","TheCursedMod:SaltUponWound"],"picked":"TheCursedMod:CursedShiv+1","floor":35.0},{"not_picked":["TheCursedMod:ForbiddenAlchemy","TheCursedMod:SmokeScreen+1"],"picked":"TheCursedMod:VitalStrike","floor":37.0},{"not_picked":["TheCursedMod:AbyssShockwave+1","TheCursedMod:RapidMovement"],"picked":"TheCursedMod:SpitefulPlan","floor":38.0},{"not_picked":["TheCursedMod:DemonSword","TheCursedMod:Wield"],"picked":"TheCursedMod:VitalStrike+1","floor":40.0},{"not_picked":["TheCursedMod:DarkBarrier","TheCursedMod:Stretching+1"],"picked":"TheCursedMod:SpitefulPray+1","floor":42.0},{"not_picked":["TheCursedMod:CursedStaff+1","TheCursedMod:PrepareRite+1"],"picked":"TheCursedMod:SurpriseAttack+1","floor":44.0},{"not_picked":["TheCursedMod:SpitefulStrike","TheCursedMod:CircleOfCorruption+1"],"picked":"TheCursedMod:StunningStrike","floor":48.0}],"player_experience":297453,"relics_obtained":[{"floor":6.0,"key":"Ancient Tea Set"},{"floor":9.0,"key":"Darkstone Periapt"},{"floor":23.0,"key":"Boot"},{"floor":23.0,"key":"TheCursedMod:DemonicMark"},{"floor":25.0,"key":"Red Mask"},{"floor":40.0,"key":"Anchor"},{"floor":40.0,"key":"PreservedInsect"},{"floor":42.0,"key":"Lizard Tail"},{"floor":42.0,"key":"Strawberry"},{"floor":43.0,"key":"Meat on the Bone"},{"floor":46.0,"key":"Bird Faced Urn"}],"event_choices":[{"damage_healed":0.0,"max_hp_gain":0.0,"max_hp_loss":0.0,"gold_gain":0.0,"event_name":"Big Fish","player_choice":"Box","floor":3.0,"gold_loss":0.0,"damage_taken":0.0,"relics_obtained":["War Paint"],"cards_obtained":["Regret"]},{"damage_healed":0.0,"max_hp_gain":0.0,"max_hp_loss":0.0,"gold_gain":0.0,"event_name":"Shining Light","player_choice":"Entered Light","floor":5.0,"gold_loss":0.0,"damage_taken":15.0,"cards_upgraded":["TheCursedMod:CursedWand","TheCursedMod:Strike_TheCursed"]},{"cards_removed":["Regret"],"damage_healed":0.0,"max_hp_gain":0.0,"max_hp_loss":0.0,"gold_gain":0.0,"event_name":"Bonfire Elementals","player_choice":"Offered Curse","floor":10.0,"gold_loss":0.0,"damage_taken":0.0,"relics_obtained":["Spirit Poop"]},{"damage_healed":0.0,"max_hp_gain":0.0,"max_hp_loss":0.0,"gold_gain":0.0,"event_name":"Beggar","player_choice":"Ignored","floor":19.0,"gold_loss":0.0,"damage_taken":0.0},{"damage_healed":0.0,"max_hp_gain":0.0,"max_hp_loss":0.0,"gold_gain":0.0,"event_name":"N\u0027loth","player_choice":"Traded Relic","floor":20.0,"relics_lost":["War Paint"],"gold_loss":0.0,"damage_taken":0.0,"relics_obtained":["Nloth\u0027s Gift"]},{"damage_healed":0.0,"max_hp_gain":0.0,"max_hp_loss":0.0,"gold_gain":0.0,"event_name":"Forgotten Altar","player_choice":"Smashed Altar","floor":22.0,"gold_loss":0.0,"damage_taken":0.0,"cards_obtained":["Decay"]},{"damage_healed":0.0,"max_hp_gain":0.0,"max_hp_loss":0.0,"gold_gain":0.0,"event_name":"Masked Bandits","player_choice":"Fought Bandits","floor":25.0,"gold_loss":0.0,"damage_taken":0.0},{"damage_healed":0.0,"max_hp_gain":0.0,"max_hp_loss":0.0,"gold_gain":0.0,"event_name":"Addict","player_choice":"Stole Relic","floor":28.0,"gold_loss":0.0,"damage_taken":0.0,"relics_obtained":["Sundial"],"cards_obtained":["Shame"]},{"damage_healed":0.0,"max_hp_gain":0.0,"max_hp_loss":0.0,"gold_gain":222.0,"event_name":"Tomb of Lord Red Mask","player_choice":"Wore Mask","floor":39.0,"gold_loss":0.0,"damage_taken":0.0},{"damage_healed":0.0,"max_hp_gain":0.0,"max_hp_loss":0.0,"gold_gain":0.0,"event_name":"Mysterious Sphere","player_choice":"Fight","floor":46.0,"gold_loss":0.0,"damage_taken":0.0}],"is_beta":true,"boss_relics":[{"not_picked":["Pandora\u0027s Box","Runic Pyramid"],"picked":"Black Star"},{"not_picked":["Velvet Choker","Coffee Dripper"],"picked":"SlaversCollar"}],"items_purged_floors":[],"is_endless":false,"potions_floor_spawned":[1,2,14,16,23,25,27,29,35,38,42,44],"killed_by":"Donu and Deca","ascension_level":0}}