{"host":"d52brwsy6af8zvaq","time":1613952264,"event":{"mods":["AchievementEnabler","BaseMod","Bestiary","Highlight Path","Minty Spire (QoL Compilation)","Quick Restart","Relic Stats","ojb\u0027s Better Paths Mod"],"gold_per_floor":[118,193,193,13,32,32,57,57,83,103,103,130,130,75,75,149,149,161,161,161,44,54,54,54],"floor_reached":23,"language":"ENG","playtime":542,"items_purged":["Strike_B"],"score":390,"play_id":"dfd2c549-e001-4779-bf4e-84e5faf39efd","local_time":"20210221170424","is_ascension_mode":true,"campfire_choices":[{"data":"Zap","floor":6.0,"key":"SMITH"},{"floor":8.0,"key":"REST"},{"data":"Sweeping Beam","floor":13.0,"key":"SMITH"},{"floor":15.0,"key":"REST"}],"circlet_count":0,"master_deck":["AscendersBane","Strike_B+1","Strike_B+1","Defend_B+1","Defend_B+1","Defend_B+1","Defend_B+1","Zap+1","Dualcast","Compile Driver","Sweeping Beam+1","Static Discharge","Gash","Leap","Ball Lightning","Beam Cell","Biased Cognition","Ball Lightning","Defragment","Go for the Eyes","Auto Shields+1"],"relics":["Cracked Core","PreservedInsect","Oddly Smooth Stone","Unceasing Top","Coffee Dripper","Pantograph"],"acts_visited":["Exordium","TheCity"],"potions_floor_usage":[],"damage_taken":[{"damage":17.0,"enemies":"Small Slimes","floor":1.0,"turns":4.0},{"damage":7.0,"enemies":"Jaw Worm","floor":5.0,"turns":3.0},{"damage":18.0,"enemies":"3 Sentries","floor":7.0,"turns":7.0},{"damage":1.0,"enemies":"2 Louse","floor":10.0,"turns":3.0},{"damage":11.0,"enemies":"Gremlin Nob","floor":12.0,"turns":3.0},{"damage":35.0,"enemies":"Slime Boss","floor":16.0,"turns":8.0},{"damage":24.0,"enemies":"2 Thieves","floor":18.0,"turns":3.0},{"damage":22.0,"enemies":"3 Byrds","floor":22.0,"turns":5.0},{"damage":20,"enemies":"Book of Stabbing","floor":23,"turns":3}],"seed_played":"4045692412598217835","potions_obtained":[{"floor":1.0,"key":"Dexterity Potion"},{"floor":5.0,"key":"Energy Potion"},{"floor":7.0,"key":"CultistPotion"}],"is_trial":false,"path_per_floor":["M","?","?","$","M","R","E","R","T","M","?","E","R","$","R","B",null,"M","T","?","$","M","E"],"character_chosen":"DEFECT","items_purchased":["Sweeping Beam","Static Discharge","Beam Cell","Defragment","Go for the Eyes"],"campfire_rested":2,"item_purchase_floors":[4,4,14,21,21],"current_hp_per_floor":[54,43,43,43,36,36,18,41,41,40,40,29,29,29,52,17,63,39,39,39,39,17,0,0],"gold":54,"neow_bonus":"TEN_PERCENT_HP_BONUS","is_daily":false,"chose_seed":false,"campfire_upgraded":2,"win_rate":0.0,"timestamp":1613952264,"path_taken":["M","?","?","?","M","R","E","R","T","M","?","E","R","$","R","BOSS","M","?","?","$","M","E"],"items_purchased_type":["Card","Card","Card","Card","Card"],"build_version":"2020-12-22","purchased_purges":1,"victory":false,"max_hp_per_floor":[78,78,78,78,78,78,78,78,78,78,78,78,78,78,78,78,78,78,78,78,78,78,78,78],"relic_stats":{"counters":[9,39],"Pantograph":0,"PreservedInsect":65,"obtain_stats":[{"Pantograph":19,"Oddly Smooth Stone":9,"PreservedInsect":7,"Coffee Dripper":17,"Cracked Core":0,"Unceasing Top":12},{"Pantograph":7,"Oddly Smooth Stone":3,"PreservedInsect":3,"Coffee Dripper":6,"Cracked Core":0,"Unceasing Top":5},{"Pantograph":31,"Oddly Smooth Stone":14,"PreservedInsect":14,"Coffee Dripper":28,"Cracked Core":0,"Unceasing Top":20}],"Unceasing Top":[6]},"card_choices":[{"not_picked":["Stack","Scrape"],"picked":"Compile Driver","floor":1.0},{"not_picked":["Skim","Compile Driver","Redo"],"picked":"SKIP","floor":5.0},{"not_picked":["Redo","Double Energy"],"picked":"Gash","floor":7.0},{"not_picked":["Hologram","Seek"],"picked":"Leap","floor":10.0},{"not_picked":["Steam","Compile Driver"],"picked":"Ball Lightning","floor":12.0},{"not_picked":["Meteor Strike","Fission"],"picked":"Biased Cognition","floor":16.0},{"not_picked":["Gash","Redo"],"picked":"Ball Lightning","floor":18.0},{"not_picked":["Blizzard","Rebound"],"picked":"Auto Shields+1","floor":22.0}],"player_experience":2331230,"relics_obtained":[{"floor":7.0,"key":"PreservedInsect"},{"floor":9.0,"key":"Oddly Smooth Stone"},{"floor":12.0,"key":"Unceasing Top"},{"floor":19.0,"key":"Pantograph"}],"event_choices":[{"damage_healed":0.0,"max_hp_gain":0.0,"max_hp_loss":0.0,"gold_gain":75.0,"event_name":"World of Goop","player_choice":"Gather Gold","floor":2.0,"gold_loss":0.0,"damage_taken":11.0},{"damage_healed":0.0,"max_hp_gain":0.0,"max_hp_loss":0.0,"gold_gain":0.0,"event_name":"Liars Game","player_choice":"Ignored","floor":3.0,"gold_loss":0.0,"damage_taken":0.0},{"cards_removed":["Strike_B"],"damage_healed":0.0,"max_hp_gain":0.0,"max_hp_loss":0.0,"gold_gain":0.0,"event_name":"Wheel of Change","player_choice":"Card Removal","floor":11.0,"gold_loss":0.0,"damage_taken":0.0},{"damage_healed":0.0,"max_hp_gain":0.0,"max_hp_loss":0.0,"gold_gain":0.0,"event_name":"Back to Basics","player_choice":"Simplicity","floor":20.0,"gold_loss":0.0,"damage_taken":0.0,"cards_upgraded":["Strike_B","Strike_B","Defend_B","Defend_B","Defend_B","Defend_B"]}],"is_beta":false,"boss_relics":[{"not_picked":["Tiny House","Inserter"],"picked":"Coffee Dripper"}],"items_purged_floors":[4],"is_endless":false,"potions_floor_spawned":[1,5,7],"killed_by":"Book of Stabbing","ascension_level":20}}