{"host":"ewe4oe702q4ujr6i","time":1613970942,"event":{"mods":["BaseMod","Colored Map","Colored Powertips","DeckTracker","Minty Spire (QoL Compilation)","SuperFastMode"],"gold_per_floor":[117,133,65,165,178,178,204,204,204,239,239,268,303,337,337,435,435,450,450,450,450,183,211,211,246,272,303,303,329,27,58,58,153,153,164,164,264,61,90,125,155,184,184,210,235,260,289,133,133,133],"floor_reached":51,"language":"KOR","playtime":1628,"items_purged":[],"score":1753,"play_id":"d350e696-82cc-40c8-9b4b-74a6a97a8196","local_time":"20210222141542","daily_mods":["Hoarder","Heirloom","Flight","DeadlyEvents","Elite Swarm"],"is_ascension_mode":true,"campfire_choices":[{"data":"Zap","floor":6,"key":"SMITH"},{"data":"Dualcast","floor":8,"key":"SMITH"},{"data":"1","floor":11,"key":"LIFT"},{"data":"2","floor":15,"key":"LIFT"},{"data":"3","floor":24,"key":"LIFT"},{"data":"FTL","floor":28,"key":"SMITH"},{"data":"Reboot","floor":32,"key":"SMITH"},{"data":"FTL","floor":49,"key":"SMITH"}],"circlet_count":0,"master_deck":["Strike_B","Strike_B","Strike_B","Strike_B","Defend_B","Defend_B","Defend_B","Defend_B","Zap+1","Dualcast+1","Go for the Eyes+1","Go for the Eyes","Go for the Eyes","FTL","FTL+1","FTL+1","Beam Cell","Beam Cell+1","Beam Cell","Reboot+1","Reboot+1","Reboot+1","All For One","All For One","All For One","Seek+1","Seek+1","Seek+1","Gash","Gash","Gash","Fission+1","Fission+1","Fission+1","Turbo+1","Turbo+1","Turbo+1","Gash","Gash","Gash","Seek+1","Seek+1","Seek+1"],"relics":["Cracked Core","Girya","Shuriken","Centennial Puzzle","Toxic Egg 2","Ancient Tea Set","Eternal Feather","Unceasing Top","SacredBark","InkBottle","Kunai","Lantern","Omamori","Regal Pillow","FossilizedHelix","Pocketwatch","Whetstone","Sling","Cables","Philosopher\u0027s Stone","Medical Kit","Boot","Akabeko","War Paint","Toy Ornithopter","Frozen Egg 2","Molten Egg 2","Blood Vial","Blue Candle","Potion Belt","Strawberry"],"acts_visited":["Exordium","TheCity","TheBeyond"],"potions_floor_usage":[7,23,23,25],"damage_taken":[{"damage":1,"enemies":"Cultist","floor":1,"turns":3},{"damage":5,"enemies":"Small Slimes","floor":2,"turns":3},{"damage":0,"enemies":"2 Louse","floor":5,"turns":2},{"damage":3,"enemies":"Lagavulin","floor":7,"turns":4},{"damage":0,"enemies":"Gremlin Nob","floor":10,"turns":2},{"damage":0,"enemies":"Lagavulin","floor":12,"turns":2},{"damage":10,"enemies":"3 Sentries","floor":13,"turns":3},{"damage":0,"enemies":"Lagavulin","floor":14,"turns":1},{"damage":9,"enemies":"The Guardian","floor":16,"turns":3},{"damage":0,"enemies":"3 Byrds","floor":18,"turns":2},{"damage":9,"enemies":"Slavers","floor":23,"turns":2},{"damage":0,"enemies":"Gremlin Leader","floor":25,"turns":1},{"damage":0,"enemies":"Slavers","floor":27,"turns":1},{"damage":0,"enemies":"Gremlin Leader","floor":29,"turns":1},{"damage":0,"enemies":"Slavers","floor":31,"turns":1},{"damage":0,"enemies":"Collector","floor":33,"turns":1},{"damage":3,"enemies":"3 Shapes","floor":35,"turns":1},{"damage":0,"enemies":"Giant Head","floor":39,"turns":1},{"damage":0,"enemies":"Reptomancer","floor":40,"turns":1},{"damage":0,"enemies":"Giant Head","floor":41,"turns":1},{"damage":0,"enemies":"Nemesis","floor":42,"turns":1},{"damage":0,"enemies":"Giant Head","floor":44,"turns":1},{"damage":0,"enemies":"Nemesis","floor":45,"turns":1},{"damage":0,"enemies":"Reptomancer","floor":46,"turns":1},{"damage":0,"enemies":"Giant Head","floor":47,"turns":1},{"damage":0,"enemies":"Time Eater","floor":50,"turns":3}],"seed_played":"7882971927777945615","potions_obtained":[{"floor":1,"key":"Block Potion"},{"floor":10,"key":"SpeedPotion"},{"floor":13,"key":"Weak Potion"},{"floor":23,"key":"Fruit Juice"},{"floor":25,"key":"Fruit Juice"},{"floor":27,"key":"Swift Potion"},{"floor":31,"key":"Energy Potion"}],"is_trial":true,"path_per_floor":["M","M","$","?","M","R","E","R","T","E","R","E","E","E","R","B",null,"M","?","?","T","$","E","R","E","T","E","R","E","$","E","R","B",null,"M","?","?","$","E","E","E","E","T","E","E","E","E","$","R","B",null],"character_chosen":"DEFECT","items_purchased":["FTL","Kunai","Gash","Whetstone","Sling","Gash","Medical Kit","Strawberry"],"campfire_rested":0,"item_purchase_floors":[3,22,22,30,30,38,38,48],"current_hp_per_floor":[74,69,69,69,69,69,66,66,66,66,66,66,56,56,71,62,75,75,66,66,66,66,67,85,95,95,95,95,95,95,95,95,95,95,92,92,92,92,92,92,92,92,92,92,92,94,95,102,102,102],"gold":133,"neow_bonus":"","is_daily":false,"chose_seed":false,"campfire_upgraded":5,"win_rate":0.0,"timestamp":1613970942,"path_taken":["M","?","$","?","?","R","E","R","T","E","R","E","E","E","R","BOSS","M","?","?","?","$","E","R","E","T","E","R","E","$","E","R","BOSS","M","?","?","$","?","E","E","E","T","E","E","E","E","$","R","BOSS"],"items_purchased_type":["Card","Relic","Card","Relic","Relic","Card","Relic","Relic"],"build_version":"2020-12-22","purchased_purges":0,"victory":true,"max_hp_per_floor":[75,75,75,75,75,75,75,75,75,75,75,75,75,75,75,75,75,75,75,75,75,75,85,85,95,95,95,95,95,95,95,95,95,95,95,95,95,95,95,95,95,95,95,95,95,95,95,102,102,102],"card_choices":[{"not_picked":["Skim","Aggregate","Hello World"],"picked":"SKIP","floor":1},{"not_picked":["Cold Snap","Sweeping Beam"],"picked":"Go for the Eyes","floor":2},{"not_picked":["Coolheaded","Compile Driver"],"picked":"Beam Cell","floor":5},{"not_picked":["Amplify","Electrodynamics"],"picked":"Reboot","floor":7},{"not_picked":["Machine Learning","Creative AI"],"picked":"All For One","floor":10},{"not_picked":["Amplify+1","Echo Form","Hyperbeam"],"picked":"SKIP","floor":12},{"not_picked":["Thunder Strike","Reboot+1"],"picked":"Seek+1","floor":13},{"not_picked":["Machine Learning","Seek+1","Multi-Cast+1"],"picked":"SKIP","floor":14},{"not_picked":["Stack+1","Conserve Battery+1","Streamline"],"picked":"SKIP","floor":18},{"not_picked":["Amplify+1","Machine Learning","Electrodynamics"],"picked":"SKIP","floor":23},{"not_picked":["All For One","Biased Cognition","Core Surge"],"picked":"SKIP","floor":25},{"not_picked":["Creative AI","Buffer"],"picked":"Fission+1","floor":27},{"not_picked":["Creative AI","Fission+1","Amplify+1"],"picked":"SKIP","floor":29},{"not_picked":["Reboot+1","Machine Learning","Thunder Strike"],"picked":"SKIP","floor":31},{"not_picked":["Genetic Algorithm+1","FTL"],"picked":"Turbo+1","floor":35},{"not_picked":["Meteor Strike","Echo Form","Buffer"],"picked":"SKIP","floor":39},{"not_picked":["Machine Learning","Multi-Cast+1","Fission+1"],"picked":"SKIP","floor":40},{"not_picked":["All For One","Meteor Strike"],"picked":"Seek+1","floor":41},{"not_picked":["Machine Learning","Hyperbeam","Electrodynamics"],"picked":"SKIP","floor":42},{"not_picked":["Electrodynamics+1","Thunder Strike+1","Machine Learning+1"],"picked":"SKIP","floor":44},{"not_picked":["Hyperbeam+1","Machine Learning+1","Reboot+1"],"picked":"SKIP","floor":45},{"not_picked":["Reboot+1","Core Surge+1","Thunder Strike+1"],"picked":"SKIP","floor":46},{"not_picked":["Amplify+1","Machine Learning+1","All For One+1"],"picked":"SKIP","floor":47}],"player_experience":235134,"relics_obtained":[{"floor":7,"key":"Shuriken"},{"floor":9,"key":"Centennial Puzzle"},{"floor":10,"key":"Toxic Egg 2"},{"floor":12,"key":"Ancient Tea Set"},{"floor":13,"key":"Eternal Feather"},{"floor":14,"key":"Unceasing Top"},{"floor":21,"key":"InkBottle"},{"floor":23,"key":"Lantern"},{"floor":25,"key":"Omamori"},{"floor":26,"key":"Regal Pillow"},{"floor":27,"key":"FossilizedHelix"},{"floor":29,"key":"Pocketwatch"},{"floor":31,"key":"Cables"},{"floor":39,"key":"Boot"},{"floor":40,"key":"Akabeko"},{"floor":41,"key":"War Paint"},{"floor":42,"key":"Toy Ornithopter"},{"floor":43,"key":"Frozen Egg 2"},{"floor":44,"key":"Molten Egg 2"},{"floor":45,"key":"Blood Vial"},{"floor":46,"key":"Blue Candle"},{"floor":47,"key":"Potion Belt"}],"event_choices":[{"damage_healed":0,"gold_gain":100,"player_choice":"Pray","damage_taken":0,"max_hp_gain":0,"max_hp_loss":0,"event_name":"Golden Shrine","floor":4,"gold_loss":0},{"damage_healed":0,"gold_gain":0,"player_choice":"Stopped","damage_taken":9,"max_hp_gain":0,"max_hp_loss":0,"event_name":"Cursed Tome","floor":19,"gold_loss":0},{"damage_healed":0,"gold_gain":0,"player_choice":"Ignored","damage_taken":0,"max_hp_gain":0,"max_hp_loss":0,"event_name":"Vampires","floor":20,"gold_loss":0},{"damage_healed":0,"gold_gain":0,"player_choice":"Ignored","damage_taken":0,"max_hp_gain":0,"max_hp_loss":0,"event_name":"Tomb of Lord Red Mask","floor":36,"gold_loss":0},{"damage_healed":0,"gold_gain":100,"player_choice":"Pray","damage_taken":0,"max_hp_gain":0,"max_hp_loss":0,"event_name":"Golden Shrine","floor":37,"gold_loss":0}],"is_beta":false,"boss_relics":[{"not_picked":["Inserter","FrozenCore"],"picked":"SacredBark"},{"not_picked":["Cursed Key","Nuclear Battery"],"picked":"Philosopher\u0027s Stone"}],"items_purged_floors":[],"is_endless":false,"potions_floor_spawned":[1,10,13,23,25,27,31,39,44,45,46],"ascension_level":1}}