{"host":"hqvh779b89tfrjxy","time":1613974058,"event":{"mods":["Act Like it!","BaseMod","Better Third Choice","Downfall","Elementarium","GifTheSpireLib","Minty Spire (QoL Compilation)","Reliquary","Replay The Spire","Ruina","Spicy Shops","StSLib"],"gold_per_floor":[113,128,145,228,228,228,258,258,258,258,291,291,326,336,336,336,336],"floor_reached":16,"language":"ENG","playtime":575,"items_purged":[],"score":200,"play_id":"b1c46547-74d3-4fe6-b14a-36eb02de3792","local_time":"20210222070738","is_ascension_mode":true,"campfire_choices":[{"data":"Ball Lightning","floor":6,"key":"SMITH"},{"data":"Cold Snap","floor":8,"key":"SMITH"},{"data":"Cold Snap","floor":10,"key":"SMITH"},{"data":"Zap","floor":12,"key":"SMITH"},{"data":"Capacitor","floor":15,"key":"SMITH"}],"circlet_count":0,"master_deck":["Strike_B","Strike_B","Strike_B","Defend_B","Defend_B","Defend_B","Defend_B","Zap+1","Dualcast","Ball Lightning+1","Leap","Cold Snap+1","Cold Snap+1","Recycle","Capacitor+1"],"relics":["Cracked Core","NeowsBlessing","Juzu Bracelet","Replay:Rubber Ducky","ReplayTheSpireMod:Shallot","Blood Vial","Blue Doll"],"acts_visited":["Exordium"],"potions_floor_usage":[7,16,16],"damage_taken":[{"damage":0,"enemies":"Small Slimes","floor":1,"turns":1},{"damage":0,"enemies":"2 Louse","floor":2,"turns":1},{"damage":0,"enemies":"Cultist","floor":3,"turns":1},{"damage":19,"enemies":"Lagavulin","floor":7,"turns":5},{"damage":0,"enemies":"Replay:BlueRogue","floor":11,"turns":4},{"damage":20,"enemies":"Lagavulin","floor":13,"turns":6},{"damage":0,"enemies":"Blue Slaver","floor":14,"turns":2},{"damage":41,"enemies":"Fading Forest","floor":16,"turns":7}],"seed_played":"-3662691716248206255","potions_obtained":[{"floor":3,"key":"Regen Potion"},{"floor":7,"key":"Energy Potion"},{"floor":11,"key":"Milkshake"},{"floor":13,"key":"Energy Potion"}],"is_trial":false,"path_per_floor":["M","M","M","?","?","R","E","R","T","R","E","R","E","M","R","B"],"character_chosen":"DEFECT","items_purchased":[],"campfire_rested":0,"item_purchase_floors":[],"current_hp_per_floor":[68,68,68,50,50,50,45,45,45,45,45,45,27,29,29,0,0],"gold":336,"neow_bonus":"THREE_ENEMY_KILL","is_daily":false,"chose_seed":false,"campfire_upgraded":5,"win_rate":0.0,"timestamp":1613974058,"path_taken":["M","M","M","?","?","R","E","R","T","R","E","R","E","M","R","BOSS"],"items_purchased_type":[],"build_version":"2020-12-22","purchased_purges":0,"victory":false,"max_hp_per_floor":[75,75,75,75,75,75,75,75,75,75,75,75,75,75,75,75,75],"card_choices":[{"not_picked":["Chaos","Go for the Eyes"],"picked":"Ball Lightning","floor":1},{"not_picked":["Self Repair","Scrape","Hello World"],"picked":"SKIP","floor":2},{"not_picked":["Gash","Rainbow"],"picked":"Leap","floor":3},{"not_picked":["Hologram","Undo"],"picked":"Cold Snap","floor":4},{"not_picked":["Streamline","Storm"],"picked":"Cold Snap","floor":4},{"not_picked":["Hyperbeam","Ball Lightning"],"picked":"Recycle","floor":7},{"not_picked":["Rebound","Beam Cell","Go for the Eyes"],"picked":"SKIP","floor":11},{"not_picked":["Amplify","Hello World"],"picked":"Capacitor","floor":13},{"not_picked":["Heatsinks","Hello World","Undo"],"picked":"SKIP","floor":14}],"player_experience":243442,"relics_obtained":[{"floor":4,"key":"Juzu Bracelet"},{"floor":7,"key":"Replay:Rubber Ducky"},{"floor":9,"key":"ReplayTheSpireMod:Shallot"},{"floor":11,"key":"Blood Vial"},{"floor":13,"key":"Blue Doll"}],"event_choices":[],"is_beta":false,"boss_relics":[],"items_purged_floors":[],"is_endless":false,"potions_floor_spawned":[3,7,11,13],"killed_by":"Fading Forest","ascension_level":8}}