{"host":"w14xfy17z3c5mpoi","time":1613953536,"event":{"mods":["AchievementEnabler","BaseMod","Minty Spire (QoL Compilation)","Relic Stats"],"gold_per_floor":[11,22,36,36,36,36,51,51,132,145,176,176,176,198,198,198,198],"floor_reached":16,"language":"ENG","playtime":720,"items_purged":[],"score":158,"play_id":"f4ce1f87-fc92-448b-a8bd-19eaca5dab22","local_time":"20210221192536","is_ascension_mode":true,"campfire_choices":[{"data":"Wraith Form v2","floor":6,"key":"SMITH"},{"data":"Calculated Gamble","floor":8,"key":"SMITH"},{"data":"Eviscerate","floor":12,"key":"SMITH"},{"floor":15,"key":"REST"}],"circlet_count":0,"master_deck":["AscendersBane","Strike_G","Strike_G","Strike_G","Strike_G","Strike_G","Defend_G","Defend_G","Defend_G","Defend_G","Defend_G","Survivor","Neutralize","Wraith Form v2+1","Calculated Gamble+1","Dash+1","Flying Knee","Eviscerate+1","Flying Knee","Prepared"],"relics":["Ring of the Snake","Mercury Hourglass","CeramicFish"],"acts_visited":["Exordium"],"potions_floor_usage":[11,11,16],"damage_taken":[{"damage":3,"enemies":"Cultist","floor":1,"turns":5},{"damage":0,"enemies":"2 Louse","floor":2,"turns":4},{"damage":0,"enemies":"Small Slimes","floor":3,"turns":4},{"damage":5,"enemies":"Exordium Thugs","floor":7,"turns":7},{"damage":6,"enemies":"Red Slaver","floor":10,"turns":3},{"damage":14,"enemies":"Lagavulin","floor":11,"turns":6},{"damage":10,"enemies":"Exordium Wildlife","floor":14,"turns":5},{"damage":47,"enemies":"Slime Boss","floor":16,"turns":8}],"seed_played":"8427118062655100159","potions_obtained":[{"floor":1,"key":"Dexterity Potion"},{"floor":10,"key":"Poison Potion"},{"floor":14,"key":"Weak Potion"}],"is_trial":false,"path_per_floor":["M","M","M","$","?","R","M","R","T","M","E","R","?","M","R","B"],"character_chosen":"THE_SILENT","items_purchased":[],"campfire_rested":1,"item_purchase_floors":[],"current_hp_per_floor":[60,60,60,60,53,53,48,48,48,42,28,28,28,18,39,0,0],"gold":198,"neow_bonus":"THREE_RARE_CARDS","is_daily":false,"chose_seed":false,"campfire_upgraded":3,"win_rate":0.0,"timestamp":1613953536,"path_taken":["M","?","M","$","?","R","?","R","T","M","E","R","?","M","R","BOSS"],"items_purchased_type":[],"build_version":"2020-12-22","purchased_purges":0,"victory":false,"max_hp_per_floor":[70,70,70,70,70,70,70,70,70,70,70,70,70,70,70,70,70],"relic_stats":{"counters":[8,42],"CeramicFish":9,"obtain_stats":[{"CeramicFish":11,"Ring of the Snake":0,"Mercury Hourglass":9},{"CeramicFish":6,"Ring of the Snake":0,"Mercury Hourglass":4},{"CeramicFish":29,"Ring of the Snake":0,"Mercury Hourglass":20}],"Ring of the Snake":[16],"Mercury Hourglass":[90]},"card_choices":[{"not_picked":["Doppelganger","Glass Knife"],"picked":"Wraith Form v2","floor":0},{"not_picked":["Prepared","Deadly Poison"],"picked":"Calculated Gamble","floor":1},{"not_picked":["Setup","Flying Knee"],"picked":"Dash","floor":2},{"not_picked":["Prepared","Finisher"],"picked":"Flying Knee","floor":3},{"not_picked":["PiercingWail","Endless Agony"],"picked":"Eviscerate","floor":7},{"not_picked":["Quick Slash","Predator"],"picked":"Flying Knee","floor":10},{"not_picked":["Accuracy","Outmaneuver","Dash"],"picked":"SKIP","floor":11},{"not_picked":["Dodge and Roll","Dagger Spray"],"picked":"Prepared","floor":14}],"player_experience":752903,"relics_obtained":[{"floor":9,"key":"Mercury Hourglass"},{"floor":11,"key":"CeramicFish"}],"event_choices":[{"damage_healed":0,"gold_gain":0,"player_choice":"Damaged","damage_taken":7,"max_hp_gain":0,"max_hp_loss":0,"event_name":"Wheel of Change","floor":5,"gold_loss":0},{"damage_healed":0,"gold_gain":0,"player_choice":"Forge","damage_taken":0,"max_hp_gain":0,"max_hp_loss":0,"event_name":"Accursed Blacksmith","floor":13,"gold_loss":0,"cards_upgraded":["Dash"]}],"is_beta":false,"boss_relics":[],"items_purged_floors":[],"is_endless":false,"potions_floor_spawned":[1,10,14],"killed_by":"Slime Boss","ascension_level":11}}