{"host":"h5acbxt0wmjo1kpm","time":1613975156,"event":{"mods":["2.2 Compatiblity","Act Like it!","AlwaysNeverKeys","Aspiration","Bard","Bartender","BaseMod","Better Third Choice","Colored Map","Elementarium","Gensokyo","GifTheSpireLib","Hallownest","Marisa????????","Menagerie","Minty Spire (QoL Compilation)","Permanent Neow","Potionbrewer","Quick Restart","Relic Filter","Reliquary","Replay The Spire","Robot Space Explorer","Ruina","RumiaBox-????????","Shade Mod","Shapeshifter Mod","Spicy Shops","StSLib","Strawberry Spire","The Blackbeard","The Dragon Tamer","The Gatherer","The Hayseed","The Problem Sleuth","The Servant 0.9.4","Wandering Minibosses","Wide Potions"],"gold_per_floor":[117,63,63,63,63,96,96,108,131,158,158,158,13,31,31,104,104,104,104],"floor_reached":18,"language":"ENG","playtime":512,"items_purged":[],"score":319,"play_id":"d6c09683-9928-4f6a-a476-64513a742ebf","local_time":"20210221222556","is_ascension_mode":true,"campfire_choices":[{"data":"strawberrySpire:BiBeamBolt","floor":7,"key":"SMITH"},{"data":"FIFO Queue","floor":11,"key":"SMITH"},{"data":"Zap","floor":15,"key":"SMITH"}],"circlet_count":0,"master_deck":["AscendersBane","Strike_B","Defend_B","Defend_B","Defend_B","Defend_B","Zap+1","Dualcast","strawberrySpire:BiBeamBolt+1","FTL","strawberrySpire:Adapter","StSShapeShifter:UnicornForm","Clumsy","Conserve Battery","FIFO Queue+1","Rebound","Sweeping Beam","ReplayTheSpireMod:Fabricate Wheel"],"relics":["Cracked Core","Gensokyo:NagashiBinaDoll","Happy Flower","Blood Vial","Counterbalance","Membership Card","Empty Cage"],"acts_visited":["Gensokyo:Gensokyo","Hallownest:CityofTears"],"potions_floor_usage":[14],"damage_taken":[{"damage":3,"enemies":"Gensokyo:Gryphon","floor":1,"turns":2},{"damage":0,"enemies":"Gensokyo:Aya","floor":6,"turns":2},{"damage":0,"enemies":"Gensokyo:Python","floor":8,"turns":1},{"damage":16,"enemies":"Gensokyo:Mamizou","floor":10,"turns":6},{"damage":0,"enemies":"Gensokyo:3_Fairies","floor":14,"turns":3},{"damage":46,"enemies":"Gensokyo:Kokoro","floor":16,"turns":9},{"damage":0,"enemies":"Hallownest:2_Mistakes","floor":18,"turns":1}],"seed_played":"211085158580628490","potions_obtained":[{"floor":1,"key":"AttackPotion"},{"floor":16,"key":"potionbrewer:NoxiousPotion"}],"is_trial":false,"path_per_floor":["M","$","?","?","?","E","R","M","T","E","R","?","$","M","R","B",null,"M"],"character_chosen":"DEFECT","items_purchased":["strawberrySpire:Adapter","Membership Card"],"campfire_rested":0,"item_purchase_floors":[2,13],"current_hp_per_floor":[61,61,68,68,68,68,68,68,68,54,54,54,54,56,56,12,62,64,64],"gold":104,"neow_bonus":"ONE_RANDOM_RARE_CARD","is_daily":false,"chose_seed":false,"campfire_upgraded":3,"win_rate":0.0,"timestamp":1613975156,"path_taken":["M","$","?","?","?","E","R","M","T","E","R","?","?","?","R","BOSS","M"],"items_purchased_type":["Card","Relic"],"build_version":"2020-12-22","purchased_purges":0,"victory":false,"max_hp_per_floor":[71,71,78,78,78,78,78,78,78,78,78,78,78,78,78,78,78,78,78],"card_choices":[{"not_picked":["Rebound","Aggregate"],"picked":"FTL","floor":1},{"not_picked":["Gash","Cold Snap"],"picked":"Conserve Battery","floor":6},{"not_picked":["Rip and Tear","strawberrySpire:Disconnect"],"picked":"FIFO Queue","floor":8},{"not_picked":["Redo","ReplayTheSpireMod:System Scan"],"picked":"Rebound","floor":10},{"not_picked":["strawberrySpire:SearchEngine","ReplaySort"],"picked":"Sweeping Beam","floor":14},{"not_picked":["Fission","Buffer"],"picked":"ReplayTheSpireMod:Fabricate Wheel","floor":16}],"player_experience":2307443,"relics_obtained":[{"floor":6,"key":"Happy Flower"},{"floor":9,"key":"Blood Vial"},{"floor":10,"key":"Counterbalance"}],"event_choices":[],"is_beta":false,"boss_relics":[{"not_picked":["aspiration:BardSkillbook","Black Star"],"picked":"Empty Cage"}],"items_purged_floors":[],"is_endless":false,"potions_floor_spawned":[1,10,16],"killed_by":"Hallownest:2_Mistakes","ascension_level":15}}