{"host":"IMPacifista","time":1613981415,"event":{"mods":["BaseMod","Minty Spire (QoL Compilation)"],"gold_per_floor":[116,116,116,116,116,154,169,212,212,212,226,112,112,133,133,133,133],"floor_reached":16,"language":"ENG","playtime":571,"items_purged":[],"score":193,"play_id":"73945c53-fd31-40c2-8b5c-bb6a83999bc5","local_time":"20210222001015","is_ascension_mode":true,"campfire_choices":[{"floor":10,"key":"REST"},{"data":"Barricade","floor":13,"key":"SMITH"},{"floor":15,"key":"REST"}],"circlet_count":0,"master_deck":["Strike_R","Strike_R","Strike_R","Defend_R","Defend_R","Defend_R","Defend_R","Bash","Shockwave","Entrench","Shrug It Off","Rampage","Pommel Strike","Inflame","Barricade+1","Cleave"],"relics":["Burning Blood","NeowsBlessing","Golden Idol","Dead Branch","Bird Faced Urn","The Courier"],"acts_visited":["Exordium"],"potions_floor_usage":[8,16],"damage_taken":[{"damage":0,"enemies":"Jaw Worm","floor":1,"turns":1},{"damage":0,"enemies":"Gremlin Nob","floor":6,"turns":1},{"damage":5,"enemies":"Small Slimes","floor":7,"turns":2},{"damage":42,"enemies":"3 Sentries","floor":8,"turns":7},{"damage":0,"enemies":"Cultist","floor":11,"turns":3},{"damage":23,"enemies":"3 Louse","floor":14,"turns":7},{"damage":78,"enemies":"Hexaghost","floor":16,"turns":18}],"seed_played":"6904127700155416480","potions_obtained":[{"floor":1,"key":"Dexterity Potion"},{"floor":7,"key":"AttackPotion"}],"is_trial":false,"path_per_floor":["M","?","?","$","?","E","M","E","T","R","M","$","R","M","R","B"],"character_chosen":"IRONCLAD","items_purchased":["Barricade"],"campfire_rested":2,"item_purchase_floors":[12],"current_hp_per_floor":[78,71,71,71,71,74,74,38,38,60,66,66,66,53,74,0,0],"gold":133,"neow_bonus":"THREE_ENEMY_KILL","is_daily":false,"chose_seed":false,"campfire_upgraded":1,"win_rate":0.0,"timestamp":1613981415,"path_taken":["M","?","?","?","?","E","M","E","T","R","M","$","R","M","R","BOSS"],"items_purchased_type":["Card"],"build_version":"2020-12-18","purchased_purges":0,"victory":false,"max_hp_per_floor":[80,80,80,80,74,74,74,74,74,74,74,74,74,74,74,74,74],"card_choices":[{"not_picked":["Evolve","Iron Wave"],"picked":"Shockwave","floor":1},{"not_picked":["Body Slam","Pommel Strike"],"picked":"Shrug It Off","floor":6},{"not_picked":["Perfected Strike","Havoc"],"picked":"Rampage","floor":7},{"not_picked":["Burning Pact","Heavy Blade"],"picked":"Pommel Strike","floor":8},{"not_picked":["Cleave","Anger"],"picked":"Inflame","floor":11},{"not_picked":["Fire Breathing","Burning Pact"],"picked":"Cleave","floor":14}],"player_experience":313022,"relics_obtained":[{"floor":6,"key":"Dead Branch"},{"floor":8,"key":"Bird Faced Urn"},{"floor":9,"key":"The Courier"}],"event_choices":[{"cards_removed":["Strike_R"],"damage_healed":0,"gold_gain":0,"player_choice":"Card Removal","damage_taken":7,"max_hp_gain":0,"max_hp_loss":0,"event_name":"Golden Wing","floor":2,"gold_loss":0},{"damage_healed":0,"gold_gain":0,"cards_transformed":["Strike_R"],"player_choice":"Change","damage_taken":0,"max_hp_gain":0,"max_hp_loss":0,"event_name":"Living Wall","floor":3,"gold_loss":0,"cards_obtained":["Entrench"]},{"damage_healed":0,"gold_gain":0,"player_choice":"Lose Max HP","damage_taken":0,"relics_obtained":["Golden Idol"],"max_hp_gain":0,"max_hp_loss":6,"event_name":"Golden Idol","floor":5,"gold_loss":0}],"is_beta":true,"boss_relics":[],"items_purged_floors":[],"is_endless":false,"potions_floor_spawned":[1,7],"killed_by":"Hexaghost","ascension_level":9}}