{"host":"bpr07pynnqpe5ded","time":1613968604,"event":{"mods":["2.2 Compatiblity","Aspiration","BaseMod","Better Note","Better Third Choice","BetterRewards","Downfall","Jorbs\u0027s Wanderer Trilogy","Minty Spire (QoL Compilation)","Replay The Spire","Shop Mod","StSLib","The Marked","??????REMEMod"],"gold_per_floor":[119,129,142,156,167,193,215,215,266,266,278,278,293,293,293,392,392,402,327,337,337,337],"floor_reached":21,"language":"ENG","playtime":975,"items_purged":["Consume+1"],"score":183,"play_id":"33d6d54d-b13a-45c4-afbf-82d75baa8155","local_time":"20210222043644","is_ascension_mode":false,"campfire_choices":[{"data":"Mirror Shield","floor":8,"key":"SMITH"},{"data":"Consume","floor":10,"key":"SMITH"},{"floor":12,"key":"REST"},{"floor":15,"key":"DIG"}],"circlet_count":0,"master_deck":["Strike_B","Strike_B","Strike_B","Strike_B","Defend_B","Defend_B","Defend_B","Defend_B","Zap","Dualcast","Mirror Shield+1","Consume+1","BootSequence","REME_Shoggoth"],"relics":["Cracked Core","REME_ComplimentaryCards","Guardian:PocketSentry","Odd Mushroom","Happy Flower","Shuriken","Sozu"],"acts_visited":["Exordium","TheCity"],"potions_floor_usage":[6,6,6,13,16],"damage_taken":[{"damage":0,"enemies":"Small Slimes","floor":1,"turns":3},{"damage":0,"enemies":"Jaw Worm","floor":2,"turns":3},{"damage":0,"enemies":"2 Louse","floor":3,"turns":2},{"damage":18,"enemies":"Exordium Thugs","floor":4,"turns":4},{"damage":2,"enemies":"Looter","floor":5,"turns":4},{"damage":10,"enemies":"3 Sentries","floor":6,"turns":12},{"damage":15,"enemies":"The Mushroom Lair","floor":7,"turns":4},{"damage":7,"enemies":"Large Slime","floor":11,"turns":6},{"damage":0,"enemies":"3 Louse","floor":13,"turns":2},{"damage":24,"enemies":"Hexaghost","floor":16,"turns":11},{"damage":5,"enemies":"Spheric Guardian","floor":18,"turns":3},{"damage":0,"enemies":"3 Byrds","floor":20,"turns":5},{"damage":6,"enemies":"Snake Plant","floor":21,"turns":2}],"seed_played":"2963098878968202512","potions_obtained":[{"floor":1,"key":"Dexterity Potion"},{"floor":4,"key":"Languid Potion"},{"floor":5,"key":"Weak Potion"},{"floor":6,"key":"Explosive Potion"},{"floor":13,"key":"bronze:BurnAndBuffPotion"},{"floor":16,"key":"EssenceOfSteel"}],"is_trial":false,"path_per_floor":["M","M","M","M","M","E","?","R","T","R","M","R","M","T","R","B",null,"M","$","M","M"],"character_chosen":"DEFECT","items_purchased":[],"campfire_rested":1,"item_purchase_floors":[],"current_hp_per_floor":[75,75,75,57,55,45,30,30,30,30,23,45,45,45,45,21,75,70,70,70,64,64],"gold":337,"neow_bonus":"ONE_RANDOM_RARE_CARD","is_daily":false,"chose_seed":false,"campfire_upgraded":2,"win_rate":0.0,"timestamp":1613968604,"path_taken":["M","M","M","M","M","E","?","R","T","R","M","R","M","?","R","BOSS","M","$","M","M"],"items_purchased_type":[],"build_version":"2020-12-22","purchased_purges":1,"victory":false,"max_hp_per_floor":[75,75,75,75,75,75,75,75,75,75,75,75,75,75,75,75,75,75,75,75,75,75],"card_choices":[{"not_picked":["Tempest","Coolheaded","Stack"],"picked":"SKIP","floor":1},{"not_picked":["Scrape","REME_Whirling"],"picked":"Consume","floor":2},{"not_picked":["Streamline","Compile Driver","Steam"],"picked":"SKIP","floor":3},{"not_picked":["Redo","REME_SelfUpgrade","White Noise"],"picked":"SKIP","floor":4},{"not_picked":["Sweeping Beam","Doom and Gloom","ReplayRNGCard"],"picked":"SKIP","floor":5},{"not_picked":["Reinforced Body","Sweeping Beam","Steam"],"picked":"SKIP","floor":6},{"not_picked":["Beam Cell","REME_DataAnalysis"],"picked":"BootSequence","floor":11},{"not_picked":["Storm","Sunder","Blizzard"],"picked":"SKIP","floor":13},{"not_picked":["Biased Cognition","Electrodynamics"],"picked":"REME_Shoggoth","floor":16},{"not_picked":["Heatsinks","Rip and Tear","BootSequence+1"],"picked":"SKIP","floor":18},{"not_picked":["Stack","Doom and Gloom","Beam Cell"],"picked":"SKIP","floor":20}],"player_experience":1202279,"relics_obtained":[{"floor":6,"key":"Guardian:PocketSentry"},{"floor":7,"key":"Odd Mushroom"},{"floor":14,"key":"Happy Flower"},{"floor":15,"key":"Shuriken"}],"event_choices":[{"damage_healed":0,"gold_gain":0,"player_choice":"Fought Mushrooms","damage_taken":0,"max_hp_gain":0,"max_hp_loss":0,"event_name":"Mushrooms","floor":7,"gold_loss":0}],"is_beta":false,"boss_relics":[{"not_picked":["ReplayTheSpireMod:DimensionalGlitch","aspiration:FutureDiary"],"picked":"Sozu"}],"items_purged_floors":[19],"is_endless":false,"potions_floor_spawned":[1,4,5,6,13,16,18],"killed_by":"Snake Plant","ascension_level":0}}