{"host":"ksz6njxfowgsdugl","time":1613984267,"event":{"mods":["2.2 Compatiblity","Act Like it!","BaseMod","Downfall","Duelist Mod","Hubris","Jedi Mod","Minty Spire (QoL Compilation)","Reliquary","Replay The Spire","Robot Space Explorer","Ruina","StSLib","The Animator","The Marked","The Servant 0.9.4"],"gold_per_floor":[99,115,131,149,237,39,64,64,99,99,10,26,26,38,66,166,166,166,178,193,205,205,228,309,309,309,309,309],"floor_reached":27,"language":"ENG","playtime":1529,"items_purged":[],"score":265,"play_id":"5abd0c7d-d6e0-45d3-af68-ec79ae43856a","local_time":"20210222095747","is_ascension_mode":false,"campfire_choices":[{"data":"hexamod:Float","floor":1,"key":"SMITH"},{"data":"hexamod:VolcanoVisage","floor":13,"key":"SMITH"},{"data":"hexamod:SearingWound","floor":18,"key":"SMITH"},{"data":"Ghostly","floor":25,"key":"SMITH"}],"circlet_count":0,"master_deck":["hexamod:Sear","hexamod:Float+1","hexamod:SpectersWail","hexamod:ChargedBarrage","hexamod:AdvancingGuard","hexamod:GhostLash","hexamod:SoulSteal","hexamod:Hexaguard","hexamod:BurningTouch","expansioncontent:DashGenerateEvil+1","hexamod:VolcanoVisage+1","hexamod:FourthSeal","hexamod:Incineration","hexamod:SecondSeal","hexamod:SearingWound+1","hexamod:SixthSeal","hexamod:Hexaguard+1","hexamod:PhantomCloak","hexamod:FifthSeal","hexamod:CouncilsJustice","hexamod:CouncilsJustice","hexamod:CouncilsJustice","Ghostly+1","Ghostly","Ghostly+1","hexamod:RadiantFlame"],"relics":["hexamod:SpiritBrand","hubris:OldNail","Pocketwatch","hubris:BundleOfHerbs","SacredBark","hubris:BottledRain","hubris:Icosahedron"],"acts_visited":["Exordium","TheCity"],"potions_floor_usage":[16,17,21,23,23],"damage_taken":[{"damage":0,"enemies":"Cultist","floor":2,"turns":4},{"damage":5,"enemies":"Small Slimes","floor":3,"turns":4},{"damage":2,"enemies":"2 Louse","floor":4,"turns":3},{"damage":0,"enemies":"downfall:FleeingMerchant","floor":6,"turns":4},{"damage":4,"enemies":"Replay:BlueRogue","floor":9,"turns":4},{"damage":3,"enemies":"downfall:FleeingMerchant","floor":11,"turns":4},{"damage":2,"enemies":"Blue Slaver","floor":12,"turns":3},{"damage":0,"enemies":"downfall:LooterAlt","floor":14,"turns":1},{"damage":10,"enemies":"2 Fungi Beasts","floor":15,"turns":4},{"damage":0,"enemies":"SI_SHIV_ARCHETYPE","floor":16,"turns":6},{"damage":18,"enemies":"Shell Parasite","floor":19,"turns":7},{"damage":13,"enemies":"downfall:LooterAlt2","floor":20,"turns":2},{"damage":20,"enemies":"3 Cultists","floor":21,"turns":5},{"damage":0,"enemies":"Snecko","floor":23,"turns":4},{"damage":38,"enemies":"Book of Stabbing","floor":27,"turns":7}],"seed_played":"5947552343869376872","potions_obtained":[{"floor":3,"key":"bronze:BurnAndBuffPotion"},{"floor":12,"key":"SneckoOil"},{"floor":15,"key":"FearPotion"},{"floor":16,"key":"Fruit Juice"},{"floor":16,"key":"Ancient Potion"},{"floor":19,"key":"Swift Potion"},{"floor":20,"key":"Slimebound:ThreeZeroPotion"},{"floor":21,"key":"Explosive Potion"},{"floor":21,"key":"DistilledChaos"},{"floor":23,"key":"CultistPotion"}],"is_trial":false,"path_per_floor":["R","M","M","M","?","$","T","?","E","?","$","M","R","M","M","B",null,"R","M","M","M","?","M","T","R","?","E"],"character_chosen":"THE_SPIRIT","items_purchased":["expansioncontent:DashGenerateEvil","hexamod:Incineration"],"campfire_rested":0,"item_purchase_floors":[6,11],"current_hp_per_floor":[77,77,72,70,51,51,51,51,47,29,26,24,24,24,24,24,87,87,69,56,36,36,36,36,36,36,0,0],"gold":309,"neow_bonus":"TEN_PERCENT_HP_BONUS","is_daily":false,"chose_seed":false,"campfire_upgraded":4,"win_rate":0.0,"timestamp":1613984267,"path_taken":["R","M","M","M","?","$","T","?","E","?","?","M","R","?","M","BOSS","R","M","M","M","?","M","T","R","?","E"],"items_purchased_type":["Card","Card"],"build_version":"2020-12-22","purchased_purges":0,"victory":false,"max_hp_per_floor":[77,77,77,77,77,77,77,77,77,77,77,77,77,77,77,77,87,87,87,87,87,43,43,43,43,43,43,43],"card_choices":[{"not_picked":["hexamod:ShieldOfDarkness","hexamod:Rewind"],"picked":"hexamod:SpectersWail","floor":2},{"not_picked":["hexamod:HeatShield","hexamod:EtherealExpedition"],"picked":"hexamod:ChargedBarrage","floor":3},{"not_picked":["hexamod:HauntingEcho","hexamod:Hexaguard"],"picked":"hexamod:AdvancingGuard","floor":4},{"not_picked":["hexamod:RainOfEmbers","hexamod:StepThrough"],"picked":"hexamod:GhostLash","floor":5},{"not_picked":["hexamod:GhostShield","hexamod:HauntingEcho"],"picked":"hexamod:SoulSteal","floor":5},{"not_picked":["hexamod:HauntingEcho","hexamod:NecessarySacrifice"],"picked":"hexamod:Hexaguard","floor":5},{"not_picked":["hexamod:Firestarter","hexamod:GhostLash"],"picked":"hexamod:BurningTouch","floor":6},{"not_picked":["hexamod:ExtraCrispy","hexamod:GhostLash"],"picked":"hexamod:VolcanoVisage","floor":9},{"not_picked":["hexamod:BurningTouch","hexamod:NightmareStrike"],"picked":"hexamod:FourthSeal","floor":11},{"not_picked":["hexamod:NightmareStrike","hexamod:RetreatToShadows","hexamod:BacktrackSmack"],"picked":"SKIP","floor":12},{"not_picked":["hexamod:Firestarter","hexamod:NightmareStrike"],"picked":"hexamod:SecondSeal","floor":14},{"not_picked":["hexamod:AdvancingGuard","hexamod:SoulSteal"],"picked":"hexamod:SearingWound","floor":15},{"not_picked":["hexamod:UnleashSpirits","hexamod:UnlimitedPower"],"picked":"hexamod:SixthSeal","floor":16},{"not_picked":["hexamod:HauntingEcho","hexamod:ChargedBarrage"],"picked":"hexamod:Hexaguard+1","floor":19},{"not_picked":["hexamod:GhostOfSpirePast","hexamod:FastForward"],"picked":"hexamod:PhantomCloak","floor":20},{"not_picked":["hexamod:HeatShield","hexamod:ExtraCrispy"],"picked":"hexamod:FifthSeal","floor":21},{"not_picked":["hexamod:ThermalTransfer","hexamod:HauntingEcho"],"picked":"hexamod:RadiantFlame","floor":23}],"player_experience":671237,"relics_obtained":[{"floor":7,"key":"hubris:OldNail"},{"floor":9,"key":"Pocketwatch"},{"floor":24,"key":"hubris:BottledRain"}],"event_choices":[{"damage_healed":0,"gold_gain":0,"player_choice":"Grow","damage_taken":0,"max_hp_gain":0,"max_hp_loss":0,"event_name":"Living Wall","floor":8,"gold_loss":0,"cards_upgraded":["expansioncontent:DashGenerateEvil"]},{"damage_healed":0,"gold_gain":0,"player_choice":"Success","damage_taken":18,"relics_obtained":["hubris:BundleOfHerbs"],"max_hp_gain":0,"max_hp_loss":0,"event_name":"Scrap Ooze","floor":10,"gold_loss":0}],"is_beta":false,"boss_relics":[{"not_picked":["ChewingGum","bronze:MakeshiftBattery"],"picked":"SacredBark"}],"items_purged_floors":[],"is_endless":false,"potions_floor_spawned":[3,15,16,21],"killed_by":"Book of Stabbing","ascension_level":0}}