{"host":"xz7n3qy1zq36rzpg","time":1613988368,"event":{"mods":["BaseMod","Colored Map","Colored Powertips","Highlight Path","Minty Spire (QoL Compilation)","Quick Restart","Shop Mod"],"gold_per_floor":[119,119,135,135,135,173,173,198,223,239,274,274,297,317,317,436,436,455,237,252,167,167,167,167,167],"floor_reached":24,"language":"ENG","playtime":751,"items_purged":["Strike_R"],"score":300,"play_id":"adb113b2-3df6-4fd4-87c8-058412bdd5df","local_time":"20210222110608","is_ascension_mode":true,"campfire_choices":[{"floor":12.0,"key":"REST"},{"floor":15.0,"key":"REST"},{"data":"Body Slam","floor":23,"key":"SMITH"}],"circlet_count":0,"master_deck":["Strike_R","Strike_R","Strike_R","Defend_R","Defend_R","Defend_R","Bash","Flame Barrier","Thunderclap","Rupture","Body Slam+1","Body Slam","Spot Weakness","Demon Form","Rampage","Anger","Infernal Blade","Offering","Cleave","Combust","Rupture"],"relics":["Black Blood","NeowsBlessing","Golden Idol","Dream Catcher","Art of War","Bag of Marbles","Anchor","Champion Belt"],"acts_visited":["Exordium","TheCity"],"potions_floor_usage":[],"damage_taken":[{"damage":0.0,"enemies":"Small Slimes","floor":1.0,"turns":2.0},{"damage":0.0,"enemies":"2 Louse","floor":3.0,"turns":1.0},{"damage":0.0,"enemies":"Lagavulin","floor":6.0,"turns":2.0},{"damage":1.0,"enemies":"Cultist","floor":8.0,"turns":4.0},{"damage":24.0,"enemies":"Blue Slaver","floor":10.0,"turns":5.0},{"damage":32.0,"enemies":"Gremlin Nob","floor":11.0,"turns":5.0},{"damage":21.0,"enemies":"Lots of Slimes","floor":13.0,"turns":3.0},{"damage":20.0,"enemies":"Large Slime","floor":14.0,"turns":6.0},{"damage":44.0,"enemies":"The Guardian","floor":16.0,"turns":7.0},{"damage":31.0,"enemies":"Shell Parasite","floor":18.0,"turns":3.0},{"damage":8,"enemies":"Chosen","floor":20,"turns":3},{"damage":42,"enemies":"Snake Plant","floor":24,"turns":4}],"seed_played":"-5452631657475753742","potions_obtained":[{"floor":6.0,"key":"Ancient Potion"},{"floor":7.0,"key":"ColorlessPotion"},{"floor":7.0,"key":"EssenceOfSteel"},{"floor":11.0,"key":"FearPotion"},{"floor":16.0,"key":"SpeedPotion"}],"is_trial":false,"path_per_floor":["M","?","M","?","?","E","?","M","T","M","E","R","M","M","R","B",null,"M","$","M","?","?","R","M"],"character_chosen":"IRONCLAD","items_purchased":["Anchor"],"campfire_rested":2,"item_purchase_floors":[19],"current_hp_per_floor":[78,74,74,74,74,74,74,74,74,56,30,52,37,23,45,7,57,38,38,42,42,42,42,0,0],"gold":167,"neow_bonus":"THREE_ENEMY_KILL","is_daily":false,"chose_seed":false,"campfire_upgraded":1,"win_rate":0.0,"timestamp":1613988368,"path_taken":["M","?","M","?","?","E","?","?","T","M","E","R","M","M","R","BOSS","M","$","M","?","?","R","?"],"items_purchased_type":["Relic"],"build_version":"2020-12-22","purchased_purges":1,"victory":false,"max_hp_per_floor":[80,74,74,74,74,74,74,74,74,74,74,74,74,74,74,74,74,74,74,74,74,74,74,74,74],"card_choices":[{"not_picked":["True Grit","Feel No Pain"],"picked":"Flame Barrier","floor":1.0},{"not_picked":["Disarm","Havoc"],"picked":"Thunderclap","floor":3.0},{"not_picked":["Hemokinesis","Dropkick"],"picked":"Body Slam","floor":6.0},{"not_picked":["True Grit","Power Through"],"picked":"Body Slam","floor":8.0},{"not_picked":["True Grit","Twin Strike","Headbutt"],"picked":"SKIP","floor":10.0},{"not_picked":["Infernal Blade","Body Slam"],"picked":"Spot Weakness","floor":11.0},{"not_picked":["Armaments","Pummel"],"picked":"Demon Form","floor":12.0},{"not_picked":["Clash","Shockwave"],"picked":"Rampage","floor":13.0},{"not_picked":["True Grit","Feel No Pain"],"picked":"Anger","floor":14.0},{"not_picked":["Headbutt","Searing Blow"],"picked":"Infernal Blade","floor":15.0},{"not_picked":["Demon Form","Double Tap"],"picked":"Offering","floor":16.0},{"not_picked":["Reckless Charge+1","Feel No Pain+1"],"picked":"Cleave","floor":18.0},{"not_picked":["Clothesline","Iron Wave"],"picked":"Combust","floor":20}],"player_experience":568456,"relics_obtained":[{"floor":6.0,"key":"Dream Catcher"},{"floor":9.0,"key":"Art of War"},{"floor":11.0,"key":"Bag of Marbles"}],"event_choices":[{"damage_healed":0.0,"max_hp_gain":0.0,"max_hp_loss":6.0,"gold_gain":0.0,"event_name":"Golden Idol","player_choice":"Lose Max HP","floor":2.0,"gold_loss":0.0,"damage_taken":0.0,"relics_obtained":["Golden Idol"]},{"damage_healed":0.0,"max_hp_gain":0.0,"max_hp_loss":0.0,"gold_gain":0.0,"cards_transformed":["Strike_R"],"event_name":"Living Wall","player_choice":"Change","floor":4.0,"gold_loss":0.0,"damage_taken":0.0,"cards_obtained":["Rupture"]},{"damage_healed":0.0,"max_hp_gain":0.0,"max_hp_loss":0.0,"gold_gain":0.0,"event_name":"Golden Wing","player_choice":"Ignored","floor":5.0,"gold_loss":0.0,"damage_taken":0.0},{"damage_healed":0.0,"max_hp_gain":0.0,"max_hp_loss":0.0,"gold_gain":0.0,"event_name":"Lab","player_choice":"Got Potions","floor":7.0,"gold_loss":0.0,"damage_taken":0.0},{"damage_healed":0,"gold_gain":0,"player_choice":"Obtained Relic","damage_taken":0,"relics_obtained":["Champion Belt"],"max_hp_gain":0,"max_hp_loss":0,"event_name":"Addict","floor":21,"gold_loss":85},{"damage_healed":0,"gold_gain":0,"cards_transformed":["Defend_R"],"player_choice":"Transformed","damage_taken":0,"max_hp_gain":0,"max_hp_loss":0,"event_name":"Transmorgrifier","floor":22,"gold_loss":0,"cards_obtained":["Rupture"]}],"is_beta":false,"boss_relics":[{"not_picked":["Tiny House","Pandora\u0027s Box"],"picked":"Black Blood"}],"items_purged_floors":[19],"is_endless":false,"potions_floor_spawned":[6,8,11,13,16],"killed_by":"Snake Plant","ascension_level":6}}