{"host":"we8ay8el3o9pwc2d","time":1613969491,"event":{"mods":["Act Like it!","Aspiration","BaseMod","BetterRewards","Colored Map","Conspire","Downfall","Elementarium","GungeonMod","Minty Spire (QoL Compilation)","Reliquary","Robot Space Explorer","Ruina","Spire Arcade","StSLib","The Marked","Waifu the Spire"],"gold_per_floor":[99,116,116,116,101,101,125,125,139,164,164,179,79,92,106,210,210,210,229,243,228,241,241,241,241],"floor_reached":23,"language":"ENG","playtime":1640,"items_purged":[],"score":216,"play_id":"5b1e7c7b-1a7b-49f8-82fd-b4eae4e1cc13","local_time":"20210221215131","is_ascension_mode":false,"campfire_choices":[{"data":"bronze:Replicate","floor":1,"key":"SMITH"},{"data":"bronze:WildBeam","floor":8,"key":"SMITH"},{"floor":13,"key":"REST"},{"data":"bronze:Repulsor","floor":18,"key":"SMITH"}],"circlet_count":0,"master_deck":["bronze:Strike","bronze:Strike","bronze:Strike","bronze:Strike","bronze:Defend","bronze:Defend","bronze:Defend","bronze:Defend","bronze:Replicate+1","bronze:Goto","bronze:CutThrough","bronze:WildBeam+1","bronze:Optimize","bronze:Branch","bronze:ThunderWave","bronze:Repulsor+1","bronze:Mutator","bronze:DelayedGuard","bronze:Iterate","bronze:DigitalCarnage"],"relics":["bronze:BronzeCore","downfall:BrokenWingStatue","Regal Pillow","conspire:DeflatedDodgeball","reliquary:WeakTea","conspire:Dentures","downfall:HeartBlessingGreen","DemoMod:RiddleOfLead"],"acts_visited":["Exordium","Elementarium:Elementarium"],"potions_floor_usage":[16,16,22,23],"damage_taken":[{"damage":2,"enemies":"2 Louse","floor":2,"turns":3},{"damage":0,"enemies":"downfall:FleeingMerchant","floor":5,"turns":4},{"damage":0,"enemies":"Small Slimes","floor":9,"turns":2},{"damage":29,"enemies":"Lagavulin","floor":10,"turns":6},{"damage":0,"enemies":"Jaw Worm","floor":12,"turns":2},{"damage":1,"enemies":"downfall:LooterAlt","floor":14,"turns":3},{"damage":1,"enemies":"Exordium Wildlife","floor":15,"turns":3},{"damage":51,"enemies":"SI_SHIV_ARCHETYPE","floor":16,"turns":12},{"damage":9,"enemies":"Elementarium:2_ELEMENTALS","floor":19,"turns":6},{"damage":32,"enemies":"Elementarium:VoidCorruption","floor":20,"turns":6},{"damage":15,"enemies":"downfall:FleeingMerchant","floor":21,"turns":4},{"damage":30,"enemies":"Elementarium:CYCLONE_AND_LIVING_STORMCLOUD","floor":22,"turns":6},{"damage":2,"enemies":"downfall:FleeingMerchant","floor":23,"turns":2}],"seed_played":"-5004433092589222439","potions_obtained":[{"floor":10,"key":"ColorlessPotion"},{"floor":12,"key":"Strength Potion"},{"floor":15,"key":"SkillPotion"},{"floor":16,"key":"EssenceOfSteel"},{"floor":22,"key":"Explosive Potion"}],"is_trial":false,"path_per_floor":["R","M","?","?","$","T","T","R","M","E","?","M","R","M","M","B",null,"R","M","M","$","M","$"],"character_chosen":"THE_AUTOMATON","items_purchased":[],"campfire_rested":1,"item_purchase_floors":[],"current_hp_per_floor":[77,75,75,50,50,50,50,50,50,21,21,21,59,58,57,6,87,87,78,46,31,1,0,0,0],"gold":241,"neow_bonus":"TEN_PERCENT_HP_BONUS","is_daily":false,"chose_seed":false,"campfire_upgraded":3,"win_rate":0.0,"timestamp":1613969491,"path_taken":["R","M","?","?","$","?","T","R","M","E","?","?","R","M","M","BOSS","R","M","M","?","M","$"],"items_purchased_type":[],"build_version":"2020-12-22","purchased_purges":0,"victory":false,"max_hp_per_floor":[77,77,77,77,77,77,77,77,77,77,77,77,77,77,77,77,87,87,87,87,87,87,87,87,87],"card_choices":[{"not_picked":["bronze:Turbo","bronze:Shield"],"picked":"bronze:CutThrough","floor":2},{"not_picked":["bronze:MaxOutput","bronze:CutThrough"],"picked":"bronze:WildBeam","floor":5},{"not_picked":["bronze:Return","bronze:BuggyMess"],"picked":"bronze:Optimize","floor":9},{"not_picked":["bronze:Philosophize","bronze:Deprecate"],"picked":"bronze:Branch","floor":10},{"not_picked":["bronze:Invalidate","bronze:Shield"],"picked":"bronze:ThunderWave","floor":12},{"not_picked":["bronze:Invalidate","bronze:Deprecate","bronze:Safeguard"],"picked":"SKIP","floor":14},{"not_picked":["bronze:OilSpill","bronze:Shield"],"picked":"bronze:Repulsor","floor":15},{"not_picked":["bronze:Virus","bronze:HyperBeam"],"picked":"bronze:Mutator","floor":16},{"not_picked":["bronze:Philosophize","bronze:Repulsor","bronze:CutThrough"],"picked":"SKIP","floor":19},{"not_picked":["bronze:Shield+1","bronze:Turbo"],"picked":"bronze:DelayedGuard","floor":20},{"not_picked":["bronze:Repulsor","bronze:Overload+1"],"picked":"bronze:Iterate","floor":21},{"not_picked":["bronze:Optimize+1","bronze:Overload"],"picked":"bronze:DigitalCarnage","floor":22}],"player_experience":2152204,"relics_obtained":[{"floor":6,"key":"conspire:DeflatedDodgeball"},{"floor":7,"key":"reliquary:WeakTea"},{"floor":10,"key":"conspire:Dentures"}],"event_choices":[{"damage_healed":0,"gold_gain":0,"player_choice":"Success","damage_taken":25,"relics_obtained":["Regal Pillow"],"max_hp_gain":0,"max_hp_loss":0,"event_name":"Scrap Ooze","floor":4,"gold_loss":0},{"damage_healed":0,"gold_gain":0,"player_choice":"Leave","damage_taken":0,"max_hp_gain":0,"max_hp_loss":0,"event_name":"conspire:Investor","floor":11,"gold_loss":0}],"is_beta":false,"boss_relics":[{"not_picked":["aspiration:SecretTechniqueScroll","aspiration:DefectSkillbook"],"picked":"DemoMod:RiddleOfLead"}],"items_purged_floors":[],"is_endless":false,"potions_floor_spawned":[10,12,15,16,22],"killed_by":"downfall:FleeingMerchant","ascension_level":0}}