{"host":"l1pzlbpva2o8t11s","time":1613977162,"event":{"mods":["AchievementEnabler","BaseMod","Block Reminder","Colored Map","Minty Spire (QoL Compilation)","Random Character Button","Relic Stats","StSLib","The Jungle"],"gold_per_floor":[119,138,26,26,101,144,144,178,202,202,236,20,20,44,44,169,169,184,208,108,108,121,165,189,189,189],"floor_reached":25,"language":"ENG","playtime":1278,"items_purged":["Strike_G","Defend_G"],"score":347,"play_id":"f9fc8aa9-8e20-4fd7-8e39-0603fb435bec","local_time":"20210222075922","is_ascension_mode":true,"campfire_choices":[{"data":"Bouncing Flask","floor":7,"key":"SMITH"},{"floor":10,"key":"REST"},{"data":"Burst","floor":15,"key":"SMITH"}],"circlet_count":0,"master_deck":["Strike_G","Strike_G","Strike_G","Strike_G","Defend_G","Defend_G","Defend_G","Defend_G","Survivor","Neutralize","Bouncing Flask+1","Burst+1","Blade Dance","Blade Dance","Catalyst+1","Burst","Deadly Poison"],"relics":["Ring of the Snake","NeowsBlessing","Golden Idol","Ancient Tea Set","Question Card","MealTicket","Tiny Chest","Strange Spoon","Philosopher\u0027s Stone","StrikeDummy"],"acts_visited":["Exordium","TheCity"],"potions_floor_usage":[8,11,16,23],"damage_taken":[{"damage":0,"enemies":"2 Louse","floor":1,"turns":1},{"damage":0,"enemies":"Small Slimes","floor":2,"turns":1},{"damage":0,"enemies":"3 Sentries","floor":6,"turns":1},{"damage":16,"enemies":"Gremlin Nob","floor":8,"turns":4},{"damage":5,"enemies":"3 Sentries","floor":11,"turns":8},{"damage":0,"enemies":"Cultist","floor":14,"turns":2},{"damage":26,"enemies":"The Guardian","floor":16,"turns":6},{"damage":19,"enemies":"2 Thieves","floor":18,"turns":4},{"damage":6,"enemies":"Shell Parasite","floor":19,"turns":3},{"damage":2,"enemies":"Sentry and Sphere","floor":22,"turns":3},{"damage":38,"enemies":"Gremlin Leader","floor":23,"turns":5},{"damage":14,"enemies":"Cultist and Chosen","floor":24,"turns":4},{"damage":3,"enemies":"Slavers","floor":25,"turns":1}],"seed_played":"-5811960619678745373","potions_obtained":[{"floor":1,"key":"AttackPotion"},{"floor":8,"key":"CunningPotion"},{"floor":11,"key":"AttackPotion"},{"floor":19,"key":"Block Potion"},{"floor":22,"key":"Ancient Potion"}],"is_trial":false,"path_per_floor":["M","M","$","?","?","E","R","E","T","R","E","$","?","M","R","B",null,"M","M","$","$","M","E","M","E"],"character_chosen":"THE_SILENT","items_purchased":["Bouncing Flask","Strange Spoon","Catalyst"],"campfire_rested":1,"item_purchase_floors":[3,12,12],"current_hp_per_floor":[70,70,70,53,42,42,42,26,26,47,42,57,57,57,57,31,70,51,45,60,70,68,30,16,13,13],"gold":189,"neow_bonus":"THREE_ENEMY_KILL","is_daily":false,"chose_seed":false,"campfire_upgraded":2,"win_rate":0.0,"timestamp":1613977162,"path_taken":["M","M","$","?","?","E","R","E","T","R","E","$","?","M","R","BOSS","M","M","?","$","M","E","?","E"],"items_purchased_type":["Card","Relic","Card"],"build_version":"2020-12-22","purchased_purges":2,"victory":false,"max_hp_per_floor":[70,70,70,70,70,70,70,70,70,70,70,70,70,70,70,70,70,70,70,70,70,70,70,70,70,70],"relic_stats":{"Strange Spoon":[35],"counters":[13,43],"Golden Idol":78,"MealTicket":40,"Tiny Chest":0,"Question Card":8,"obtain_stats":[{"Strange Spoon":12,"NeowsBlessing":0,"Golden Idol":4,"MealTicket":9,"Tiny Chest":11,"Philosopher\u0027s Stone":17,"Ancient Tea Set":6,"Question Card":8,"StrikeDummy":23,"Ring of the Snake":0},{"Strange Spoon":5,"NeowsBlessing":0,"Golden Idol":2,"MealTicket":4,"Tiny Chest":5,"Philosopher\u0027s Stone":7,"Ancient Tea Set":3,"Question Card":4,"StrikeDummy":11,"Ring of the Snake":0},{"Strange Spoon":15,"NeowsBlessing":0,"Golden Idol":2,"MealTicket":7,"Tiny Chest":15,"Philosopher\u0027s Stone":23,"Ancient Tea Set":3,"Question Card":7,"StrikeDummy":38,"Ring of the Snake":0}],"Ring of the Snake":[26]},"card_choices":[{"not_picked":["Endless Agony","Sucker Punch","All Out Attack"],"picked":"SKIP","floor":1},{"not_picked":["Prepared","Predator","Eviscerate"],"picked":"SKIP","floor":2},{"not_picked":["Outmaneuver","Cloak And Dagger"],"picked":"Burst","floor":6},{"not_picked":["Setup","Sucker Punch"],"picked":"Blade Dance","floor":8},{"not_picked":["Predator","Escape Plan","Heel Hook"],"picked":"Blade Dance","floor":11},{"not_picked":["Dagger Spray","Flying Knee","Blade Dance","Finisher"],"picked":"SKIP","floor":14},{"not_picked":["Storm of Steel","Malaise","Unload"],"picked":"Burst","floor":16},{"not_picked":["Prepared+1","Outmaneuver","Escape Plan","Infinite Blades"],"picked":"SKIP","floor":18},{"not_picked":["Acrobatics+1","Escape Plan+1","Poisoned Stab"],"picked":"Deadly Poison","floor":19},{"not_picked":["Quick Slash","Underhanded Strike+1","Blade Dance","Slice"],"picked":"SKIP","floor":22},{"not_picked":["Outmaneuver+1","Noxious Fumes","Flechettes","Choke+1"],"picked":"SKIP","floor":23},{"not_picked":["Slice","Skewer","Predator","Dodge and Roll"],"picked":"SKIP","floor":24}],"player_experience":177516,"relics_obtained":[{"floor":6,"key":"Ancient Tea Set"},{"floor":8,"key":"Question Card"},{"floor":9,"key":"MealTicket"},{"floor":11,"key":"Tiny Chest"},{"floor":23,"key":"StrikeDummy"}],"event_choices":[{"damage_healed":0,"gold_gain":0,"player_choice":"Take Damage","damage_taken":17,"relics_obtained":["Golden Idol"],"max_hp_gain":0,"max_hp_loss":0,"event_name":"Golden Idol","floor":4,"gold_loss":0},{"damage_healed":0,"gold_gain":75,"player_choice":"Gather Gold","damage_taken":11,"max_hp_gain":0,"max_hp_loss":0,"event_name":"World of Goop","floor":5,"gold_loss":0},{"damage_healed":0,"gold_gain":0,"player_choice":"Upgraded","damage_taken":0,"max_hp_gain":0,"max_hp_loss":0,"event_name":"Upgrade Shrine","floor":13,"gold_loss":0,"cards_upgraded":["Catalyst"]}],"is_beta":false,"boss_relics":[{"not_picked":["Fusion Hammer","Snecko Eye"],"picked":"Philosopher\u0027s Stone"}],"items_purged_floors":[3,20],"is_endless":false,"potions_floor_spawned":[1,8,11,19,22],"killed_by":"Slavers","ascension_level":4}}