{"host":"ijtyqc57s6c9mbij","time":1613975102,"event":{"mods":["BaseMod","Colored Map","Downfall","Minty Spire (QoL Compilation)","StSLib"],"gold_per_floor":[0,17,467,642,19,36,36,36,48,78,178,78,105,9,23,119,119,19,32,48,33,43,43,43,62,74,74,90,90,90,105,120,217,217,117,132,143,155,179,92,92,104,104,104,104],"floor_reached":43,"language":"ENG","playtime":3746,"items_purged":["Doubt"],"score":500,"play_id":"1a28f220-afe2-4bd5-85bc-d9cc5abe42d4","local_time":"20210221222502","is_ascension_mode":true,"campfire_choices":[{"data":"hexamod:Defend","floor":1,"key":"PURGE"},{"floor":8,"key":"RECALL"},{"data":"downfall:Icky","floor":12,"key":"PURGE"},{"data":"hexamod:HexaLevel","floor":18,"key":"SMITH"},{"data":"hexamod:Defend","floor":23,"key":"PURGE"},{"data":"hexamod:Defend","floor":29,"key":"PURGE"},{"data":"hexamod:Strike","floor":35,"key":"PURGE"}],"circlet_count":0,"master_deck":["hexamod:Strike","hexamod:Strike","hexamod:Strike+1","hexamod:Defend+1","hexamod:Sear","hexamod:Float+1","hexamod:FastForward","hexamod:NecessarySacrifice","hexamod:EmpoweredFlame+1","hexamod:PowerFromBeyond","hexamod:ThirdSeal","hexamod:SoulSteal+1","hexamod:InspiringFlames+1","hexamod:RetreatToShadows","hexamod:PhantomFireball+1","hexamod:SpectersWail+1","hexamod:SixthSeal","hexamod:RetreatToShadows","hexamod:ShieldOfDarkness","hexamod:HexaLevel+1","hexamod:GiftsFromTheDead","hexamod:Rewind","hexamod:ExtraCrispy+1","hexamod:SpectersWail+1","hexamod:Hexaguard","hexamod:RetreatToShadows+1","hexamod:TimeOfNeed","hexamod:SkipABeat+1","hexamod:GhostLash+1","hexamod:NightmareGuise","hexamod:ChargedBarrage","Slimebound:CheckThePlaybook","hexamod:HeatCrush+1","hexamod:FirstSeal","hexamod:RecurringNightmare","hexamod:PowerFromBeyond+1","hexamod:UnleashSpirits","hexamod:UnleashSpirits","hexamod:StepThrough+1","hexamod:SecondSeal","hexamod:Again","hexamod:FastForward","hexamod:GhostOfSpirePast+1","hexamod:PhantomCloak","hexamod:FlameSwitch","hexamod:AdvancingGuard+1"],"relics":["hexamod:SpiritBrand","Peace Pipe","Torii","ClockworkSouvenir","Meat on the Bone","Blood Vial","downfall:HeartBlessingRed","Art of War","Empty Cage","downfall:HeartBlessingGreen","downfall:RedIOU","hexamod:IceCube","downfall:HeartBlessingBlue","Bottled Flame"],"acts_visited":["Exordium","TheCity","TheBeyond"],"potions_floor_usage":[13,14,16,16,16,19,21,21,26],"damage_taken":[{"damage":2,"enemies":"2 Louse","floor":2,"turns":3},{"damage":0,"enemies":"downfall:FleeingMerchant","floor":5,"turns":4},{"damage":0,"enemies":"Cultist","floor":6,"turns":3},{"damage":0,"enemies":"Small Slimes","floor":9,"turns":3},{"damage":32,"enemies":"downfall:LadyInBlue","floor":11,"turns":8},{"damage":17,"enemies":"Gremlin Nob","floor":13,"turns":5},{"damage":2,"enemies":"downfall:FleeingMerchant","floor":14,"turns":4},{"damage":3,"enemies":"downfall:LooterAlt","floor":15,"turns":2},{"damage":13,"enemies":"SI_SHIV_ARCHETYPE","floor":16,"turns":8},{"damage":20,"enemies":"Shell Parasite","floor":19,"turns":5},{"damage":23,"enemies":"Spheric Guardian","floor":20,"turns":6},{"damage":7,"enemies":"downfall:FleeingMerchant","floor":21,"turns":4},{"damage":24,"enemies":"Chosen and Byrds","floor":22,"turns":5},{"damage":6,"enemies":"Centurion and Healer","floor":25,"turns":3},{"damage":9,"enemies":"3 Cultists","floor":26,"turns":4},{"damage":15,"enemies":"Snake Plant","floor":28,"turns":3},{"damage":17,"enemies":"Snecko","floor":31,"turns":5},{"damage":10,"enemies":"3 Cultists","floor":32,"turns":4},{"damage":26,"enemies":"WA_ARCHETYPE_CALM","floor":33,"turns":7},{"damage":8,"enemies":"Orb Walker","floor":36,"turns":3},{"damage":12,"enemies":"3 Darklings","floor":37,"turns":5},{"damage":17,"enemies":"Spire Growth","floor":38,"turns":5},{"damage":11,"enemies":"Maw","floor":39,"turns":7},{"damage":4,"enemies":"downfall:FleeingMerchant","floor":40,"turns":4},{"damage":13,"enemies":"4 Shapes","floor":42,"turns":5},{"damage":48,"enemies":"Transient","floor":43,"turns":3}],"seed_played":"-4062582569367626711","potions_obtained":[{"floor":6,"key":"Energy Potion"},{"floor":11,"key":"Weak Potion"},{"floor":11,"key":"Ancient Potion"},{"floor":13,"key":"EntropicBrew"},{"floor":15,"key":"Block Potion"},{"floor":20,"key":"Swift Potion"},{"floor":22,"key":"hexamod:DoubleChargePotion"},{"floor":31,"key":"Ancient Potion"},{"floor":33,"key":"sneckomod:MuddlingPotion"},{"floor":39,"key":"bronze:BurnAndBuffPotion"}],"is_trial":false,"path_per_floor":["R","M","?","?","$","M","T","R","M","?","?","R","E","$","M","B",null,"R","M","M","$","M","R","T","M","M","?","M","R","?","M","M","B",null,"R","M","M","M","M","$","T","M","M"],"character_chosen":"THE_SPIRIT","items_purchased":["Torii","hexamod:EmpoweredFlame","ClockworkSouvenir","hexamod:RetreatToShadows","hexamod:FlameSwitch"],"campfire_rested":0,"item_purchase_floors":[5,5,5,14,40],"current_hp_per_floor":[70,68,68,68,68,68,68,68,68,68,38,38,40,45,44,48,70,70,55,46,51,41,41,41,37,47,47,34,34,34,31,35,23,63,73,65,62,47,45,50,50,46,0,0,0],"gold":104,"neow_bonus":"ONE_RARE_RELIC","is_daily":false,"chose_seed":false,"campfire_upgraded":1,"win_rate":0.0,"timestamp":1613975102,"path_taken":["R","M","?","?","$","M","T","R","M","?","?","R","E","$","M","BOSS","R","M","M","?","M","R","T","M","M","?","M","R","?","M","M","BOSS","R","M","M","M","M","$","T","M","M"],"items_purchased_type":["Relic","Card","Relic","Card","Card"],"build_version":"2020-12-22","purchased_purges":1,"victory":false,"max_hp_per_floor":[70,70,70,70,70,70,70,70,70,70,70,70,70,70,70,70,70,70,70,70,70,70,70,70,70,70,63,63,63,63,63,63,63,63,73,73,73,73,73,73,73,73,73,73,73],"card_choices":[{"not_picked":["hexamod:GhostShield","hexamod:SuperheatedStrike"],"picked":"hexamod:FastForward","floor":2},{"not_picked":["hexamod:BacktrackSmack","hexamod:GhostLash"],"picked":"hexamod:NecessarySacrifice","floor":5},{"not_picked":["hexamod:FlamesFromBeyond","hexamod:HeatCrush"],"picked":"hexamod:PowerFromBeyond","floor":6},{"not_picked":["hexamod:PhantomCloak","hexamod:FirstSeal"],"picked":"hexamod:ThirdSeal","floor":9},{"not_picked":["hexamod:StepThrough","hexamod:InspiringFlames"],"picked":"hexamod:SoulSteal","floor":11},{"not_picked":["hexamod:PhantomCloak","hexamod:FlamesFromBeyond"],"picked":"hexamod:InspiringFlames","floor":11},{"not_picked":["hexamod:ChargedBarrage","hexamod:EmpoweredFlame"],"picked":"hexamod:RetreatToShadows","floor":13},{"not_picked":["hexamod:BurningTouch","hexamod:BacktrackSmack"],"picked":"hexamod:PhantomFireball","floor":13},{"not_picked":["hexamod:HeatMetal","hexamod:BacktrackSmack"],"picked":"hexamod:SpectersWail","floor":14},{"not_picked":["hexamod:VolcanoVisage","hexamod:SecondSeal"],"picked":"hexamod:SixthSeal","floor":14},{"not_picked":["hexamod:FlamesFromBeyond","hexamod:FourthSeal"],"picked":"hexamod:ShieldOfDarkness","floor":15},{"not_picked":["hexamod:UnlimitedPower","hexamod:FlameSwitch"],"picked":"hexamod:HexaLevel","floor":16},{"not_picked":["hexamod:GhostOfSpirePresent","hexamod:VolcanoVisage"],"picked":"hexamod:GiftsFromTheDead","floor":16},{"not_picked":["hexamod:SkipABeat","hexamod:DynamicBlow+1"],"picked":"hexamod:Rewind","floor":19},{"not_picked":["hexamod:RetreatToShadows","hexamod:ThermalTransfer"],"picked":"hexamod:ExtraCrispy+1","floor":19},{"not_picked":["hexamod:BurningTouch","hexamod:BacktrackSmack"],"picked":"hexamod:SpectersWail","floor":20},{"not_picked":["hexamod:SwordOfDarkness","hexamod:GhostLash"],"picked":"hexamod:Hexaguard","floor":20},{"not_picked":["hexamod:SuperheatedStrike","hexamod:RecurringNightmare"],"picked":"hexamod:RetreatToShadows+1","floor":21},{"not_picked":["hexamod:HexaLevel","hexamod:GiftsFromTheDead"],"picked":"hexamod:TimeOfNeed","floor":21},{"not_picked":["hexamod:SpectersWail+1","hexamod:NightmareStrike"],"picked":"hexamod:SkipABeat+1","floor":22},{"not_picked":["hexamod:RadiantFlame","hexamod:SwordOfDarkness"],"picked":"hexamod:GhostLash+1","floor":25},{"not_picked":["hexamod:GhostShield","hexamod:SoulSteal"],"picked":"hexamod:NightmareGuise","floor":26},{"not_picked":["hexamod:HeatMetal+1","hexamod:ShieldOfDarkness+1"],"picked":"hexamod:ChargedBarrage","floor":26},{"not_picked":["hexamod:Firestarter","hexamod:ThermalTransfer+1"],"picked":"hexamod:HeatCrush+1","floor":28},{"not_picked":["hexamod:EtherealExpedition","hexamod:Haunt+1"],"picked":"hexamod:FirstSeal","floor":31},{"not_picked":["hexamod:EtherealExpedition","hexamod:CatchUp"],"picked":"hexamod:RecurringNightmare","floor":32},{"not_picked":["hexamod:SpectersWail","hexamod:BurningTouch+1"],"picked":"hexamod:PowerFromBeyond","floor":32},{"not_picked":["hexamod:WildfireWeapon","hexamod:TimeWarp"],"picked":"hexamod:UnleashSpirits","floor":33},{"not_picked":["hexamod:GhostOfSpirePresent","hexamod:HexaLevel"],"picked":"hexamod:UnleashSpirits","floor":33},{"not_picked":["hexamod:SuperheatedStrike+1","hexamod:RecurringNightmare","hexamod:GhostLash"],"picked":"SKIP","floor":36},{"not_picked":["hexamod:HauntingEcho","hexamod:NightmareGuise+1"],"picked":"hexamod:StepThrough+1","floor":37},{"not_picked":["hexamod:InspiringFlames+1","hexamod:GhostOfSpireFuture"],"picked":"hexamod:SecondSeal","floor":38},{"not_picked":["hexamod:NightmareGuise","hexamod:BacktrackSmack"],"picked":"hexamod:Again","floor":38},{"not_picked":["hexamod:GhostOfSpireFuture+1","hexamod:GhostflameBarrier"],"picked":"hexamod:FastForward","floor":39},{"not_picked":["hexamod:BurningTouch","hexamod:HeatMetal+1","hexamod:ThermalTransfer+1"],"picked":"SKIP","floor":39},{"not_picked":["hexamod:ExtraCrispy+1","hexamod:FastForward"],"picked":"hexamod:GhostOfSpirePast+1","floor":40},{"not_picked":["hexamod:SecondSeal","hexamod:Haunt"],"picked":"hexamod:PhantomCloak","floor":40},{"not_picked":["hexamod:StepThrough+1","hexamod:GhostShield+1"],"picked":"hexamod:AdvancingGuard+1","floor":42}],"player_experience":1033413,"relics_obtained":[{"floor":7,"key":"Meat on the Bone"},{"floor":11,"key":"Toy Ornithopter"},{"floor":13,"key":"Art of War"},{"floor":41,"key":"Bottled Flame"}],"event_choices":[],"is_beta":false,"boss_relics":[{"not_picked":["Tiny House","Coffee Dripper"],"picked":"Empty Cage"},{"not_picked":["SacredBark","SlaversCollar"],"picked":"hexamod:IceCube"}],"items_purged_floors":[5],"is_endless":false,"potions_floor_spawned":[6,11,13,15,16,20,22,31,33,37,39],"killed_by":"Transient","ascension_level":2}}