{"host":"y7wrf01yacd588jx","time":1613962157,"event":{"mods":["AchievementEnabler","Act Like it!","Aspiration","BaseMod","Better Sensory Stone","Better Skull","Colored Map","Colored Powertips","Conspire","Displayed Cursed Tome","Downfall","Energized Spire","Friendly Minions","Gensokyo","GifTheSpireLib","Googly Eyes","Hermit","Hubris","Infinite Spire","Minty Spire (QoL Compilation)","Permanent Neow","Relic Sorter","Reliquary","Replay The Spire","Ruina","Shade Mod","StSLib","Stuff the Spire","The Cursed","The Death Knight","The Hierophant","The Mystic","The Sage"],"gold_per_floor":[116,116,130,130,142,169,169,199,199,219,272,372,388,387,387,482,482,495,495,520,533,533,561,574,574,574,585,585,585],"floor_reached":28,"language":"ENG","playtime":1885,"items_purged":[],"score":240,"play_id":"5c2206b7-80ba-4e91-a3f6-10b7203d314d","local_time":"20210221214917","is_ascension_mode":false,"campfire_choices":[{"data":"hierophant:LocustPlague","floor":7,"key":"SMITH"},{"floor":15,"key":"REST"},{"data":"hierophant:ChurchCoffers","floor":25,"key":"SMITH"}],"circlet_count":0,"master_deck":["hierophant:Strike_Hierophant+1","hierophant:Strike_Hierophant+1","hierophant:Strike_Hierophant+1","hierophant:Strike_Hierophant+1","hierophant:Punish","hierophant:Defend_Hierophant+1","hierophant:Defend_Hierophant+1","hierophant:Defend_Hierophant+1","hierophant:Defend_Hierophant+1","hierophant:ChurchCoffers+1","hierophant:FieryStrike","Regret","hierophant:HolyVerse","hierophant:MirrorShield","hierophant:Exaltation","hierophant:LocustPlague+1","hierophant:RepressedViolence","hierophant:Kindle","hierophant:Batter","hierophant:Zeal","hierophant:Sermon","hierophant:Patience+1","hierophant:Community"],"relics":["hierophant:PropheticMaskRelic","hubris:Icosahedron","StuffTheSpire:RedRose","Bag of Preparation","StuffTheSpire:DarkSteelAnvil","reliquary:JackalopeAntler","StuffTheSpire:Mouthbags","energizedSpire:DeadBattery","Red Mask","StuffTheSpire:OldFever","Centennial Puzzle"],"acts_visited":["Exordium","TheCity"],"potions_floor_usage":[6,16,16,16,23,28],"damage_taken":[{"damage":5,"enemies":"Small Slimes","floor":1,"turns":4},{"damage":6,"enemies":"conspire:RoseBush","floor":3,"turns":3},{"damage":3,"enemies":"2 Louse","floor":5,"turns":2},{"damage":35,"enemies":"Gremlin Nob","floor":6,"turns":4},{"damage":16,"enemies":"Exordium Thugs","floor":10,"turns":2},{"damage":4,"enemies":"3 Louse","floor":13,"turns":1},{"damage":9,"enemies":"Large Slime","floor":14,"turns":3},{"damage":20,"enemies":"Hexaghost","floor":16,"turns":5},{"damage":0,"enemies":"Spheric Guardian","floor":18,"turns":2},{"damage":37,"enemies":"Masked Bandits","floor":20,"turns":4},{"damage":2,"enemies":"Chosen","floor":21,"turns":3},{"damage":25,"enemies":"Book of Stabbing","floor":23,"turns":4},{"damage":5,"enemies":"Centurion and Healer","floor":24,"turns":5},{"damage":3,"enemies":"Sentry and Sphere","floor":27,"turns":3},{"damage":38,"enemies":"Nightmare","floor":28,"turns":7}],"seed_played":"-6475848587029996828","potions_obtained":[{"floor":1,"key":"DeathKnight:RimePotion"},{"floor":6,"key":"sneckomod:MuddlingPotion"},{"floor":13,"key":"Adrenaline Potion"},{"floor":20,"key":"BlessingOfTheForge"},{"floor":21,"key":"FearPotion"},{"floor":23,"key":"DeathKnight:RimePotion"}],"is_trial":false,"path_per_floor":["M","?","M","?","M","E","R","?","T","M","T","?","M","M","R","B",null,"M","?","?","M","?","E","M","R","T","M","NM"],"character_chosen":"HIEROPHANT","items_purchased":[],"campfire_rested":1,"item_purchase_floors":[],"current_hp_per_floor":[77,77,71,71,68,33,33,33,33,17,17,17,13,4,28,8,82,82,82,45,43,70,45,40,40,40,37,0,0],"gold":585,"neow_bonus":"TEN_PERCENT_HP_BONUS","is_daily":false,"chose_seed":false,"campfire_upgraded":2,"win_rate":0.0,"timestamp":1613962157,"path_taken":["M","?","M","?","M","E","R","?","T","M","?","?","M","?","R","BOSS","M","?","?","M","?","E","M","R","T","M","NM"],"items_purchased_type":[],"build_version":"2020-12-22","purchased_purges":0,"victory":false,"max_hp_per_floor":[82,82,82,82,82,82,82,82,82,82,82,82,82,82,82,82,82,82,82,82,82,82,82,82,82,82,82,82,82],"card_choices":[{"not_picked":["hierophant:Encroach","hierophant:Shelter"],"picked":"hierophant:FieryStrike","floor":1},{"not_picked":["hierophant:Smite","hierophant:SealAway"],"picked":"hierophant:HolyVerse","floor":3},{"not_picked":["hierophant:Encroach","hierophant:DisplayOfPower"],"picked":"hierophant:LocustPlague","floor":5},{"not_picked":["hierophant:RustyCrate","hierophant:HolyVerse"],"picked":"hierophant:MirrorShield","floor":6},{"not_picked":["hierophant:Encroach","hierophant:HammerAndAnvil"],"picked":"hierophant:Exaltation","floor":10},{"not_picked":["hierophant:RecallFunds","hierophant:Charity"],"picked":"hierophant:RepressedViolence","floor":13},{"not_picked":["hierophant:Purify","hierophant:TollTheBells"],"picked":"hierophant:Kindle","floor":14},{"not_picked":["hierophant:LocustPlague","hierophant:Cornucopia"],"picked":"hierophant:Batter","floor":16},{"not_picked":["hierophant:EyeForCoin","hierophant:MirrorShield"],"picked":"hierophant:Zeal","floor":18},{"not_picked":["hierophant:ThreeLashes","hierophant:Mercenaries","hierophant:SealAway"],"picked":"SKIP","floor":21},{"not_picked":["hierophant:HolyVerse","hierophant:HammerAndAnvil"],"picked":"hierophant:Sermon","floor":23},{"not_picked":["hierophant:CoinFling","hierophant:Dazzle"],"picked":"hierophant:Patience+1","floor":24},{"not_picked":["hierophant:PassingBell+1","hierophant:AuricShield+1"],"picked":"hierophant:Community","floor":27}],"player_experience":155754,"relics_obtained":[{"floor":6,"key":"Bag of Preparation"},{"floor":9,"key":"reliquary:JackalopeAntler"},{"floor":11,"key":"StuffTheSpire:Mouthbags"},{"floor":20,"key":"Red Mask"},{"floor":23,"key":"StuffTheSpire:OldFever"},{"floor":26,"key":"Centennial Puzzle"}],"event_choices":[{"damage_healed":0,"gold_gain":30,"player_choice":"Searched \u00273\u0027 times","damage_taken":0,"relics_obtained":["StuffTheSpire:DarkSteelAnvil"],"max_hp_gain":0,"max_hp_loss":0,"event_name":"Dead Adventurer","floor":8,"gold_loss":0},{"damage_healed":0,"gold_gain":100,"player_choice":"Pray","damage_taken":0,"max_hp_gain":0,"max_hp_loss":0,"event_name":"Golden Shrine","floor":12,"gold_loss":0},{"damage_healed":0,"gold_gain":0,"player_choice":"Simplicity","damage_taken":0,"max_hp_gain":0,"max_hp_loss":0,"event_name":"Back to Basics","floor":19,"gold_loss":0,"cards_upgraded":["hierophant:Strike_Hierophant","hierophant:Strike_Hierophant","hierophant:Strike_Hierophant","hierophant:Strike_Hierophant","hierophant:Defend_Hierophant","hierophant:Defend_Hierophant","hierophant:Defend_Hierophant","hierophant:Defend_Hierophant"]},{"damage_healed":0,"gold_gain":0,"player_choice":"Fought Bandits","damage_taken":0,"max_hp_gain":0,"max_hp_loss":0,"event_name":"Masked Bandits","floor":20,"gold_loss":0},{"damage_healed":27,"gold_gain":0,"player_choice":"Heal","damage_taken":0,"max_hp_gain":0,"max_hp_loss":0,"event_name":"The Library","floor":22,"gold_loss":0}],"is_beta":false,"boss_relics":[{"not_picked":["Astrolabe","conspire:SeveredTorchhead"],"picked":"energizedSpire:DeadBattery"}],"items_purged_floors":[],"is_endless":false,"potions_floor_spawned":[1,6,13,20,21,23],"killed_by":"Nightmare","ascension_level":0}}