{"host":"1v3mnj67s3trvm6y","time":1613983069,"event":{"mods":["BaseMod","Challenge The Spire","Minty Spire (QoL Compilation)","StSLib","The Cursed"],"gold_per_floor":[118,193,203,214,214,241,261,186,236,265,280,293,293,305,305,403,403,384,396,44,44,344,372,372,372,372,372,385,420,420,432,432,531,531,548,1547,1547,1567,1585,1613,1387,1405,1405,1434,1461,904,915,931,931,931,931,931,140,171,171],"floor_reached":56,"language":"ENG","playtime":3716,"items_purged":["TheCursedMod:Strike_TheCursed","TheCursedMod:Defend_TheCursed","Normality","Normality"],"score":1334,"play_id":"edb27d01-6749-4fc8-91c7-15eea4c4284c","local_time":"20210222173749","is_ascension_mode":false,"campfire_choices":[{"floor":13,"key":"REST"},{"data":"TheCursedMod:Torture","floor":15,"key":"SMITH"},{"floor":24,"key":"REST"},{"floor":27,"key":"REST"},{"data":"TheCursedMod:Torture","floor":30,"key":"SMITH"},{"data":"TheCursedMod:UltimatePain","floor":32,"key":"SMITH"},{"floor":49,"key":"RECALL"},{"data":"TheCursedMod:StingEye","floor":52,"key":"SMITH"}],"circlet_count":0,"master_deck":["TheCursedMod:CursedWand","TheCursedMod:CleanUpWorkshop","TheCursedMod:Dregs","TheCursedMod:UltimatePain+1","TheCursedMod:VitalStrike","TheCursedMod:Obscuration","TheCursedMod:SoulReap","TheCursedMod:LuckyCharm+1","TheCursedMod:CursedBoomerang","TheCursedMod:Torture+1","TheCursedMod:CursedShiv","TheCursedMod:TacticalStrike","TheCursedMod:Torture+1","TheCursedMod:UltimatePain","CurseOfTheBell","TheCursedMod:Evocation+1","TheCursedMod:Stigma","TheCursedMod:SoulReap+1","TheCursedMod:RapidMovement+1","TheCursedMod:Torture+1","TheCursedMod:CollectTribute+1","TheCursedMod:SpitefulPlan+1","TheCursedMod:CollectTribute+1","TheCursedMod:CollectTribute+1","TheCursedMod:CursedAmulet+1","TheCursedMod:BlessingInDisguise+1","TheCursedMod:DarkBarrier+1","TheCursedMod:RapidMovement+1","TheCursedMod:Obscuration+1","TheCursedMod:Stigma+1","TheCursedMod:FleshFromBone+1","TheCursedMod:WearCloak+1","TheCursedMod:FleshFromBone+1","TheCursedMod:BlessingInDisguise+1","TheCursedMod:StingEye+1","TheCursedMod:HellfireBreathing+1","Magnetism+1","TheCursedMod:Wield","TheCursedMod:Stigma","TheCursedMod:Hemoplague+1","TheCursedMod:Torture+1"],"relics":["TheCursedMod:BlackMagic101","Frozen Egg 2","Juzu Bracelet","Ancient Tea Set","Calling Bell","Toy Ornithopter","Singing Bowl","FossilizedHelix","Toxic Egg 2","Old Coin","Boot","Incense Burner","Pandora\u0027s Box","Bottled Tornado","Shuriken","Bottled Lightning","Dream Catcher","HandDrill","Ornamental Fan","CaptainsWheel","Toolbox","Sundial"],"acts_visited":["Exordium","TheCity","TheBeyond","TheEnding"],"potions_floor_usage":[6,29,55],"damage_taken":[{"damage":0,"enemies":"Jaw Worm","floor":1,"turns":6},{"damage":0,"enemies":"2 Louse","floor":3,"turns":4},{"damage":5,"enemies":"Cultist","floor":4,"turns":4},{"damage":6,"enemies":"Lagavulin","floor":6,"turns":11},{"damage":13,"enemies":"3 Louse","floor":7,"turns":5},{"damage":37,"enemies":"Gremlin Nob","floor":10,"turns":7},{"damage":7,"enemies":"Blue Slaver","floor":11,"turns":4},{"damage":3,"enemies":"Red Slaver","floor":12,"turns":3},{"damage":4,"enemies":"Exordium Thugs","floor":14,"turns":6},{"damage":26,"enemies":"The Guardian","floor":16,"turns":8},{"damage":12,"enemies":"2 Thieves","floor":18,"turns":4},{"damage":12,"enemies":"Chosen","floor":19,"turns":5},{"damage":25,"enemies":"Book of Stabbing","floor":23,"turns":5},{"damage":0,"enemies":"Centurion and Healer","floor":28,"turns":7},{"damage":18,"enemies":"Gremlin Leader","floor":29,"turns":7},{"damage":10,"enemies":"Cultist and Chosen","floor":31,"turns":5},{"damage":66,"enemies":"Automaton","floor":33,"turns":11},{"damage":12,"enemies":"3 Darklings","floor":35,"turns":7},{"damage":17,"enemies":"3 Shapes","floor":38,"turns":8},{"damage":0,"enemies":"Writhing Mass","floor":39,"turns":4},{"damage":22,"enemies":"Reptomancer","floor":40,"turns":9},{"damage":30,"enemies":"Sphere and 2 Shapes","floor":42,"turns":9},{"damage":22,"enemies":"Nemesis","floor":44,"turns":5},{"damage":0,"enemies":"Spire Growth","floor":47,"turns":5},{"damage":14,"enemies":"Jaw Worm Horde","floor":48,"turns":4},{"damage":6,"enemies":"Donu and Deca","floor":50,"turns":10},{"damage":21,"enemies":"Shield and Spear","floor":54,"turns":6},{"damage":54,"enemies":"The Heart","floor":55,"turns":9}],"seed_played":"2946864962296141942","potions_obtained":[{"floor":3,"key":"ColorlessPotion"},{"floor":7,"key":"FairyPotion"},{"floor":12,"key":"SkillPotion"},{"floor":19,"key":"Dexterity Potion"},{"floor":31,"key":"SteroidPotion"}],"is_trial":false,"path_per_floor":["M","?","M","M","?","E","M","$","T","E","M","M","R","M","R","B",null,"M","M","$","?","?","E","R","?","T","R","M","E","R","M","R","B",null,"M","?","?","M","M","E","$","M","T","E","T","$","M","M","R","B",null,"R","$","E","B",null],"character_chosen":"THE_CURSED","items_purchased":["Toxic Egg 2","TheCursedMod:WearCloak+1","TheCursedMod:FleshFromBone+1","TheCursedMod:HellfireBreathing+1","Magnetism+1","HandDrill","TheCursedMod:Hemoplague+1","TheCursedMod:Torture+1","Ornamental Fan","CaptainsWheel","Toolbox"],"campfire_rested":3,"item_purchase_floors":[20,41,41,46,46,46,53,53,53,53,53],"current_hp_per_floor":[75,64,64,59,59,58,48,48,48,16,14,16,38,37,37,16,75,63,51,51,37,37,17,41,41,41,65,77,76,76,73,73,19,80,76,76,76,71,76,64,64,46,46,31,31,31,44,49,49,60,80,80,80,71,35],"gold":171,"neow_bonus":"ONE_RANDOM_RARE_CARD","is_daily":false,"chose_seed":false,"campfire_upgraded":4,"win_rate":0.0,"timestamp":1613983069,"path_taken":["M","?","M","M","?","E","?","$","T","E","M","M","R","M","R","BOSS","M","M","$","?","?","E","R","?","T","R","M","E","R","M","R","BOSS","M","?","?","M","M","E","$","M","T","E","?","$","M","M","R","BOSS","R","$","E","BOSS"],"items_purchased_type":["Relic","Card","Card","Card","Card","Relic","Card","Card","Relic","Relic","Relic"],"build_version":"2020-12-22","purchased_purges":4,"victory":true,"max_hp_per_floor":[75,75,75,75,75,75,75,75,75,75,75,75,75,75,75,75,75,75,75,75,80,80,80,80,80,80,80,80,80,80,80,80,80,80,80,80,80,80,80,80,80,80,80,80,80,80,80,80,80,80,80,80,80,82,82],"card_choices":[{"not_picked":["TheCursedMod:SoulCrush","TheCursedMod:SurpriseAttack"],"picked":"TheCursedMod:VitalStrike","floor":1},{"not_picked":["TheCursedMod:TacticalStrike","TheCursedMod:CursedShiv"],"picked":"TheCursedMod:Obscuration","floor":3},{"not_picked":["TheCursedMod:RavingStaff","TheCursedMod:CursedArmor"],"picked":"TheCursedMod:SoulReap","floor":4},{"not_picked":["TheCursedMod:DarkBarrier","TheCursedMod:FleshFromBone"],"picked":"TheCursedMod:LuckyCharm+1","floor":6},{"not_picked":["TheCursedMod:SpitefulStrike","TheCursedMod:TacticalStrike"],"picked":"TheCursedMod:CursedBoomerang","floor":7},{"not_picked":["TheCursedMod:CursedShiv","TheCursedMod:DoubleShield"],"picked":"TheCursedMod:Torture","floor":10},{"not_picked":["TheCursedMod:CursedAmulet","TheCursedMod:AbyssShockwave"],"picked":"TheCursedMod:CursedShiv","floor":11},{"not_picked":["TheCursedMod:Wield","TheCursedMod:RavingStaff"],"picked":"TheCursedMod:TacticalStrike","floor":12},{"not_picked":["TheCursedMod:WearCloak","TheCursedMod:Stretching"],"picked":"TheCursedMod:Torture","floor":14},{"not_picked":["TheCursedMod:Neurasthenia","TheCursedMod:ShockAndAwe"],"picked":"TheCursedMod:UltimatePain","floor":16},{"not_picked":["TheCursedMod:CircleOfFlame","TheCursedMod:CursedAmulet"],"picked":"TheCursedMod:Evocation+1","floor":18},{"not_picked":["TheCursedMod:TacticalStrike","TheCursedMod:WearCloak"],"picked":"TheCursedMod:Stigma","floor":19},{"not_picked":["TheCursedMod:SpitefulPray+1","TheCursedMod:CircleOfFlame+1"],"picked":"TheCursedMod:SoulReap+1","floor":23},{"not_picked":["TheCursedMod:Grudge+1","TheCursedMod:Stigma"],"picked":"TheCursedMod:Torture+1","floor":28},{"not_picked":["TheCursedMod:VitalStrike","TheCursedMod:CursedBoomerang"],"picked":"TheCursedMod:CollectTribute+1","floor":29},{"not_picked":["TheCursedMod:CursedMace","TheCursedMod:FleshFromBone+1"],"picked":"TheCursedMod:SpitefulPlan+1","floor":31},{"not_picked":["TheCursedMod:UltimatePain+1","TheCursedMod:StunningStrike"],"picked":"TheCursedMod:CollectTribute+1","floor":33},{"not_picked":["TheCursedMod:CursedShiv","TheCursedMod:Obscuration+1"],"picked":"TheCursedMod:RapidMovement+1","floor":35},{"not_picked":["TheCursedMod:TroublousMinions+1","TheCursedMod:SurpriseAttack"],"picked":"TheCursedMod:Obscuration+1","floor":38},{"not_picked":["TheCursedMod:PrepareRite+1","TheCursedMod:SpitefulStrike"],"picked":"TheCursedMod:Stigma+1","floor":39},{"not_picked":["TheCursedMod:DoubleShield+1","TheCursedMod:CursedAmulet+1"],"picked":"TheCursedMod:FleshFromBone+1","floor":40},{"not_picked":["TheCursedMod:CursedShiv+1","TheCursedMod:RavingStaff+1"],"picked":"TheCursedMod:BlessingInDisguise+1","floor":42},{"not_picked":["TheCursedMod:CursedMace+1","TheCursedMod:AshesToAshes+1"],"picked":"TheCursedMod:StingEye","floor":44},{"not_picked":["TheCursedMod:Obscuration+1","TheCursedMod:DemonicPact+1"],"picked":"TheCursedMod:Wield","floor":47},{"not_picked":["TheCursedMod:SurpriseAttack","TheCursedMod:CircleOfFocus+1"],"picked":"TheCursedMod:Stigma","floor":48},{"not_picked":["TheCursedMod:CursedBoomerang+1","TheCursedMod:CircleOfWindfury+1","TheCursedMod:CircleOfFlame+1"],"picked":"Singing Bowl","floor":54}],"player_experience":1597365,"relics_obtained":[{"floor":6,"key":"Frozen Egg 2"},{"floor":9,"key":"Juzu Bracelet"},{"floor":10,"key":"Ancient Tea Set"},{"floor":17,"key":"Toy Ornithopter"},{"floor":17,"key":"Singing Bowl"},{"floor":17,"key":"FossilizedHelix"},{"floor":23,"key":"Boot"},{"floor":29,"key":"Incense Burner"},{"floor":40,"key":"Bottled Tornado"},{"floor":43,"key":"Shuriken"},{"floor":44,"key":"Bottled Lightning"},{"floor":45,"key":"Dream Catcher"},{"floor":54,"key":"Sundial"}],"event_choices":[{"damage_healed":0,"gold_gain":75,"player_choice":"Gather Gold","damage_taken":11,"max_hp_gain":0,"max_hp_loss":0,"event_name":"World of Goop","floor":2,"gold_loss":0},{"damage_healed":0,"gold_gain":0,"cards_transformed":["TheCursedMod:Strike_TheCursed"],"player_choice":"Transformed","damage_taken":0,"max_hp_gain":0,"max_hp_loss":0,"event_name":"Transmorgrifier","floor":5,"gold_loss":0,"cards_obtained":["TheCursedMod:HellsGateOpen"]},{"damage_healed":0,"gold_gain":0,"player_choice":"Shed Blood","damage_taken":19,"max_hp_gain":5,"max_hp_loss":0,"event_name":"Forgotten Altar","floor":21,"gold_loss":0},{"cards_removed":["TheCursedMod:HellsGateOpen"],"damage_healed":0,"gold_gain":0,"player_choice":"Gave Card","damage_taken":0,"relics_obtained":["Old Coin"],"max_hp_gain":0,"max_hp_loss":0,"event_name":"WeMeetAgain","floor":22,"gold_loss":0},{"damage_healed":0,"gold_gain":0,"cards_transformed":["TheCursedMod:Defend_TheCursed"],"player_choice":"Transformed","damage_taken":0,"max_hp_gain":0,"max_hp_loss":0,"event_name":"Transmorgrifier","floor":25,"gold_loss":0,"cards_obtained":["TheCursedMod:RapidMovement"]},{"damage_healed":0,"gold_gain":999,"player_choice":"Gold","damage_taken":0,"max_hp_gain":0,"max_hp_loss":0,"event_name":"MindBloom","floor":36,"gold_loss":0,"cards_obtained":["Normality","Normality"]},{"damage_healed":0,"gold_gain":0,"player_choice":"Ignored","damage_taken":0,"max_hp_gain":0,"max_hp_loss":0,"event_name":"Tomb of Lord Red Mask","floor":37,"gold_loss":0}],"is_beta":false,"boss_relics":[{"not_picked":["Fusion Hammer","Ectoplasm"],"picked":"Calling Bell"},{"not_picked":["Snecko Eye","Astrolabe"],"picked":"Pandora\u0027s Box"}],"items_purged_floors":[8,20,41,46],"is_endless":false,"potions_floor_spawned":[3,7,12,19,28,31,39,47,54],"ascension_level":0}}