{"host":"pifa3o3uv2a0m12r","time":1613978766,"event":{"mods":["AchievementEnabler","BaseMod","Colored Map","Minty Spire (QoL Compilation)","StSLib","SuperFastMode"],"gold_per_floor":[109,109,109,129,144,144,178,192,272,272,287,307,338,356,356,356,356],"floor_reached":16,"language":"FRA","playtime":529,"items_purged":[],"score":114,"play_id":"eb8347f4-9689-406a-a0a9-a8c544e32bc6","local_time":"20210221212606","is_ascension_mode":false,"campfire_choices":[{"data":"Flame Barrier","floor":6,"key":"SMITH"},{"data":"Searing Blow","floor":10,"key":"SMITH"},{"floor":15,"key":"REST"}],"circlet_count":0,"master_deck":["Strike_R","Strike_R","Strike_R","Strike_R","Strike_R+1","Defend_R","Defend_R","Defend_R","Defend_R+1","Bash","Metallicize","Flame Barrier+1","Carnage","Searing Blow+1","Heavy Blade","Ghostly Armor"],"relics":["Burning Blood","Nunchaku","Ginger","Kunai","Art of War"],"acts_visited":["Exordium"],"potions_floor_usage":[16],"damage_taken":[{"damage":10,"enemies":"Cultist","floor":1,"turns":4},{"damage":2,"enemies":"Small Slimes","floor":4,"turns":5},{"damage":0,"enemies":"2 Louse","floor":5,"turns":3},{"damage":41,"enemies":"Lagavulin","floor":7,"turns":10},{"damage":0,"enemies":"Large Slime","floor":8,"turns":5},{"damage":2,"enemies":"3 Louse","floor":11,"turns":3},{"damage":15,"enemies":"2 Fungi Beasts","floor":12,"turns":4},{"damage":14,"enemies":"3 Sentries","floor":13,"turns":9},{"damage":3,"enemies":"Large Slime","floor":14,"turns":6},{"damage":55,"enemies":"Slime Boss","floor":16,"turns":12}],"seed_played":"-4326194857808146420","potions_obtained":[{"floor":1,"key":"FairyPotion"},{"floor":3,"key":"SmokeBomb"},{"floor":3,"key":"SteroidPotion"}],"is_trial":false,"path_per_floor":["M","?","?","M","M","R","E","M","T","R","M","M","E","M","R","B"],"character_chosen":"IRONCLAD","items_purchased":[],"campfire_rested":1,"item_purchase_floors":[],"current_hp_per_floor":[76,60,60,64,70,70,35,41,41,41,45,36,28,31,55,24,24],"gold":356,"neow_bonus":"RANDOM_COMMON_RELIC","is_daily":false,"chose_seed":false,"campfire_upgraded":2,"win_rate":0.0,"timestamp":1613978766,"path_taken":["M","?","?","M","M","R","E","?","T","R","M","M","E","M","R","BOSS"],"items_purchased_type":[],"build_version":"2020-12-22","purchased_purges":0,"victory":false,"max_hp_per_floor":[80,80,80,80,80,80,80,80,80,80,80,80,80,80,80,80,80],"card_choices":[{"not_picked":["Sever Soul","Power Through"],"picked":"Metallicize","floor":1},{"not_picked":["Body Slam","Intimidate"],"picked":"Flame Barrier","floor":4},{"not_picked":["Warcry","Heavy Blade","Evolve"],"picked":"SKIP","floor":5},{"not_picked":["Combust","Rage"],"picked":"Carnage","floor":7},{"not_picked":["Fiend Fire","Havoc"],"picked":"Searing Blow","floor":8},{"not_picked":["Twin Strike","True Grit","Wild Strike"],"picked":"SKIP","floor":11},{"not_picked":["Anger","Warcry","Burning Pact"],"picked":"SKIP","floor":12},{"not_picked":["Battle Trance","Combust"],"picked":"Heavy Blade","floor":13},{"not_picked":["Barricade","Disarm"],"picked":"Ghostly Armor","floor":14}],"player_experience":148464,"relics_obtained":[{"floor":7,"key":"Ginger"},{"floor":9,"key":"Kunai"},{"floor":13,"key":"Art of War"}],"event_choices":[{"damage_healed":0,"gold_gain":0,"player_choice":"Entered Light","damage_taken":16,"max_hp_gain":0,"max_hp_loss":0,"event_name":"Shining Light","floor":2,"gold_loss":0,"cards_upgraded":["Defend_R","Strike_R"]},{"damage_healed":0,"gold_gain":0,"player_choice":"Got Potions","damage_taken":0,"max_hp_gain":0,"max_hp_loss":0,"event_name":"Lab","floor":3,"gold_loss":0}],"is_beta":false,"boss_relics":[],"items_purged_floors":[],"is_endless":false,"potions_floor_spawned":[1,4,11,13],"killed_by":"Slime Boss","ascension_level":0}}