{"host":"l6t8kvs6xu8ynp71","time":1613983362,"event":{"mods":["BaseMod","Curses Come First","Highlight Path","Minty Spire (QoL Compilation)","Permanent Neow","Relic Stats","StSLib"],"gold_per_floor":[363,382,52,71,85,85,85],"floor_reached":6,"language":"ENG","playtime":555,"items_purged":[],"score":76,"play_id":"71dccdc6-712c-4a6a-9e1c-6ae4632efd59","local_time":"20210222014242","is_ascension_mode":true,"campfire_choices":[],"circlet_count":0,"master_deck":["AscendersBane","Strike_G","Strike_G","Strike_G","Strike_G","Strike_G","Defend_G","Defend_G","Defend_G","Defend_G","Defend_G","Survivor","Neutralize","Endless Agony","Deflect","Footwork","All Out Attack","Dodge and Roll","Cloak And Dagger"],"relics":["Ring of the Snake","Lantern"],"acts_visited":["Exordium"],"potions_floor_usage":[6],"damage_taken":[{"damage":11.0,"enemies":"Cultist","floor":1.0,"turns":6.0},{"damage":2.0,"enemies":"2 Louse","floor":2.0,"turns":5.0},{"damage":6.0,"enemies":"Jaw Worm","floor":4.0,"turns":4.0},{"damage":0.0,"enemies":"2 Fungi Beasts","floor":5.0,"turns":3.0},{"damage":41,"enemies":"Gremlin Nob","floor":6,"turns":4}],"seed_played":"7034468872486566781","potions_obtained":[{"floor":1.0,"key":"Dexterity Potion"},{"floor":2.0,"key":"EssenceOfSteel"}],"is_trial":false,"path_per_floor":["M","M","$","M","M","E"],"character_chosen":"THE_SILENT","items_purchased":["Footwork","Lantern","All Out Attack"],"campfire_rested":0,"item_purchase_floors":[3,3,3],"current_hp_per_floor":[48,46,46,40,40,0,0],"gold":85,"neow_bonus":"TWO_FIFTY_GOLD","is_daily":false,"chose_seed":false,"campfire_upgraded":0,"win_rate":0.0,"timestamp":1613983362,"path_taken":["M","M","$","?","M","E"],"items_purchased_type":["Card","Relic","Card"],"build_version":"2020-12-22","purchased_purges":0,"victory":false,"max_hp_per_floor":[60,60,60,60,60,60,60],"relic_stats":{"counters":[5,22],"obtain_stats":[{"Lantern":3,"Ring of the Snake":0},{"Lantern":2,"Ring of the Snake":0},{"Lantern":11,"Ring of the Snake":0}],"Ring of the Snake":[10]},"card_choices":[{"not_picked":["Deadly Poison","Choke"],"picked":"Endless Agony","floor":1.0},{"not_picked":["Bane","Prepared"],"picked":"Deflect","floor":2.0},{"not_picked":["Bane","Choke"],"picked":"Dodge and Roll","floor":4.0},{"not_picked":["Prepared","Outmaneuver"],"picked":"Cloak And Dagger","floor":5.0}],"player_experience":1506251,"relics_obtained":[],"event_choices":[],"is_beta":false,"boss_relics":[],"items_purged_floors":[],"is_endless":false,"potions_floor_spawned":[1,2,4],"killed_by":"Gremlin Nob","ascension_level":20}}