{"host":"seyebgsfkenzddlz","time":1613978819,"event":{"mods":["AchievementEnabler","BaseMod","Bestiary","Block Reminder","Colored Powertips","Minty Spire (QoL Compilation)","Practice Mode","Relic Stats"],"gold_per_floor":[116,135,150,150,164,193,193,222,222,222,254,269,334,299,299,403,403,423,423,423,423,393,426,200,200,200],"floor_reached":25,"language":"RUS","playtime":954,"items_purged":[],"score":275,"play_id":"155cb6d6-53b2-4856-8037-ec9c3460cce2","local_time":"20210222172659","is_ascension_mode":true,"campfire_choices":[{"data":"Shrug It Off","floor":7.0,"key":"SMITH"},{"floor":10.0,"key":"REST"},{"data":"Flex","floor":15.0,"key":"SMITH"}],"circlet_count":0,"master_deck":["Strike_R","Strike_R","Strike_R","Strike_R","Strike_R","Defend_R","Defend_R","Defend_R","Defend_R","Bash","Armaments+1","Sword Boomerang","Shrug It Off+1","Flex+1","Carnage","Berserk","Evolve","Ghostly Armor","RitualDagger","Cleave","Intimidate+1","Inflame"],"relics":["Black Blood","StoneCalendar","Juzu Bracelet","Anchor","Sundial","Meat on the Bone","Incense Burner","Toxic Egg 2","Brimstone"],"acts_visited":["Exordium","TheCity"],"potions_floor_usage":[],"damage_taken":[{"damage":8.0,"enemies":"Jaw Worm","floor":1.0,"turns":4.0},{"damage":1.0,"enemies":"Cultist","floor":2.0,"turns":3.0},{"damage":2.0,"enemies":"Small Slimes","floor":3.0,"turns":4.0},{"damage":20.0,"enemies":"Exordium Thugs","floor":5.0,"turns":4.0},{"damage":12.0,"enemies":"Lagavulin","floor":6.0,"turns":7.0},{"damage":32.0,"enemies":"Gremlin Nob","floor":8.0,"turns":4.0},{"damage":16.0,"enemies":"3 Sentries","floor":11.0,"turns":7.0},{"damage":0.0,"enemies":"Exordium Wildlife","floor":12.0,"turns":4.0},{"damage":49.0,"enemies":"The Guardian","floor":16.0,"turns":9.0},{"damage":19.0,"enemies":"Spheric Guardian","floor":18.0,"turns":4.0},{"damage":23.0,"enemies":"2 Thieves","floor":22.0,"turns":5.0},{"damage":46,"enemies":"Gremlin Leader","floor":23,"turns":8},{"damage":0,"enemies":"Slavers","floor":25,"turns":1}],"seed_played":"-4497709551685743541","potions_obtained":[{"floor":2.0,"key":"Dexterity Potion"},{"floor":3.0,"key":"BlessingOfTheForge"},{"floor":6.0,"key":"Strength Potion"},{"floor":12.0,"key":"AttackPotion"},{"floor":23,"key":"Dexterity Potion"}],"is_trial":false,"path_per_floor":["M","M","M","?","M","E","R","E","T","R","E","M","?","?","R","B",null,"M","?","?","?","M","E","$","E"],"character_chosen":"IRONCLAD","items_purchased":["Inflame","Brimstone"],"campfire_rested":1,"item_purchase_floors":[24,24],"current_hp_per_floor":[70,72,72,72,58,52,52,26,26,47,37,43,43,61,61,30,72,65,65,65,59,60,38,38,38,38],"gold":200,"neow_bonus":"ONE_RARE_RELIC","is_daily":false,"chose_seed":false,"campfire_upgraded":2,"win_rate":0.0,"timestamp":1613978819,"path_taken":["M","M","M","?","M","E","R","E","T","R","E","M","?","?","R","BOSS","M","?","?","?","M","E","$","E"],"items_purchased_type":["Card","Relic"],"build_version":"2020-12-22","purchased_purges":0,"victory":false,"max_hp_per_floor":[72,72,72,72,72,72,72,72,72,72,72,72,72,72,72,72,72,72,72,72,72,72,72,72,72,72],"relic_stats":{"counters":[13,64],"Sundial":[6],"Black Blood":83,"StoneCalendar":[274],"Juzu Bracelet":2,"obtain_stats":[{"Anchor":8,"Sundial":9,"Brimstone":24,"Black Blood":17,"StoneCalendar":0,"Juzu Bracelet":6,"Incense Burner":20,"Toxic Egg 2":23,"Burning Blood":0,"Meat on the Bone":11},{"Anchor":6,"Sundial":6,"Brimstone":12,"Black Blood":9,"StoneCalendar":0,"Juzu Bracelet":5,"Incense Burner":10,"Toxic Egg 2":12,"Burning Blood":0,"Meat on the Bone":7},{"Anchor":26,"Sundial":26,"Brimstone":63,"Black Blood":46,"StoneCalendar":0,"Juzu Bracelet":22,"Incense Burner":50,"Toxic Egg 2":63,"Burning Blood":0,"Meat on the Bone":33}],"Meat on the Bone":36},"card_choices":[{"not_picked":["Warcry","Blood for Blood"],"picked":"Armaments","floor":1.0},{"not_picked":["Warcry","Anger","Impervious"],"picked":"SKIP","floor":2.0},{"not_picked":["Warcry","Anger","Impervious"],"picked":"SKIP","floor":2.0},{"not_picked":["Combust","Havoc","Clash"],"picked":"SKIP","floor":3.0},{"not_picked":["Hemokinesis","Body Slam"],"picked":"Sword Boomerang","floor":5.0},{"not_picked":["Pommel Strike","Intimidate"],"picked":"Shrug It Off","floor":6.0},{"not_picked":["Warcry","Combust","True Grit"],"picked":"SKIP","floor":8.0},{"not_picked":["Entrench","Carnage"],"picked":"Flex","floor":11.0},{"not_picked":["Perfected Strike","Anger"],"picked":"Carnage","floor":12.0},{"not_picked":["Double Tap","Feed"],"picked":"Berserk","floor":16.0},{"not_picked":["Heavy Blade","Clash"],"picked":"Evolve","floor":18.0},{"not_picked":["True Grit","Wild Strike"],"picked":"Cleave","floor":22.0},{"not_picked":["Wild Strike","Sword Boomerang+1"],"picked":"Intimidate+1","floor":23}],"player_experience":136722,"relics_obtained":[{"floor":6.0,"key":"Juzu Bracelet"},{"floor":8.0,"key":"Anchor"},{"floor":9.0,"key":"Sundial"},{"floor":11.0,"key":"Meat on the Bone"},{"floor":23,"key":"Toxic Egg 2"}],"event_choices":[{"damage_healed":0.0,"max_hp_gain":0.0,"max_hp_loss":0.0,"gold_gain":0.0,"event_name":"Upgrade Shrine","player_choice":"Upgraded","floor":4.0,"gold_loss":0.0,"damage_taken":0.0,"cards_upgraded":["Armaments"]},{"damage_healed":0.0,"max_hp_gain":0.0,"max_hp_loss":0.0,"gold_gain":65.0,"event_name":"Golden Wing","player_choice":"Gained Gold","floor":13.0,"gold_loss":0.0,"damage_taken":0.0},{"damage_healed":18.0,"max_hp_gain":0.0,"max_hp_loss":0.0,"gold_gain":0.0,"event_name":"The Cleric","player_choice":"Healed","floor":14.0,"gold_loss":35.0,"damage_taken":0.0},{"damage_healed":0.0,"max_hp_gain":0.0,"max_hp_loss":0.0,"gold_gain":0.0,"event_name":"The Library","player_choice":"Read","floor":19.0,"gold_loss":0.0,"damage_taken":0.0,"cards_obtained":["Ghostly Armor"]},{"damage_healed":0.0,"max_hp_gain":0.0,"max_hp_loss":0.0,"gold_gain":0.0,"event_name":"The Mausoleum","player_choice":"Opened","floor":20.0,"gold_loss":0.0,"damage_taken":0.0,"relics_obtained":["Incense Burner"]},{"damage_healed":0.0,"max_hp_gain":0.0,"max_hp_loss":0.0,"gold_gain":0.0,"event_name":"Nest","player_choice":"Joined the Cult","floor":21.0,"gold_loss":0.0,"damage_taken":6.0,"cards_obtained":["RitualDagger"]}],"is_beta":false,"boss_relics":[{"not_picked":["SlaversCollar","Cursed Key"],"picked":"Black Blood"}],"items_purged_floors":[],"is_endless":false,"potions_floor_spawned":[2,3,6,12,23],"killed_by":"Slavers","ascension_level":3}}