{"host":"kvh5342rl0c7vxi5","time":1613962797,"event":{"mods":["Act Like it!","BaseMod","Bestiary","Better Third Choice","Challenge The Spire","Downfall","Duelist Mod","GifTheSpireLib","Gremlin Mod","Hermit","Hubris","Ironclad Rager","Jorbs\u0027s Wanderer Trilogy","Melee Mod","Minty Spire (QoL Compilation)","Potionbrewer","Quick Restart","Relic Stats","Replay The Spire","Spicy Shops","Spire Arcade","StSLib","SuperFastMode","The Forsaken","The Judge","The Mystic","The Poker Player","The Sage","slay the spire mod where everything is the same but ironclad has a cowboy hat"],"gold_per_floor":[523,0,35,60,94,94,94,94,124,151,179,179,179,179,209,234,259,289],"floor_reached":19,"language":"ENG","playtime":779,"items_purged":["Strike_G","Defend_G","Strike_G"],"score":615,"play_id":"0fd5601d-cc9d-431e-a801-ea8b52f5baa1","local_time":"20210221215957","daily_mods":["challengethespire:Platinum Difficulty","challengethespire:Elite Rush","Uncertain Future"],"is_ascension_mode":true,"campfire_choices":[{"data":"Pot Of Greed","floor":7,"key":"SMITH"},{"data":"Pot Of Greed","floor":7,"key":"SMITH"},{"data":"Blade Dance","floor":8,"key":"SMITH"},{"data":"A Thousand Cuts","floor":8,"key":"SMITH"},{"floor":13,"key":"REST"},{"data":"Terror","floor":14,"key":"SMITH"},{"data":"Leg Sweep","floor":14,"key":"SMITH"}],"circlet_count":0,"master_deck":["AscendersBane","Defend_G","Defend_G","Defend_G","Defend_G","Survivor","Neutralize","Dagger Spray","Endless Agony","Dagger Throw","Crippling Poison","Pot Of Greed+1","Pot Of Greed+1","Leg Sweep+1","Blade Dance+1","Backstab","ReplayTheSpireMod:Shiv Toss+1","Storm of Steel+1","Crippling Poison+1","Escape Plan","Terror+1","Well Laid Plans","Pot Of Greed","Escape Plan","hubris:DuctTapeCard"],"relics":["Ring of the Serpent","Black Star","Sling","PreservedInsect","Replay:Arrowhead","Grinning Jar","Oddly Smooth Stone","Bronze Scales","Regal Pillow","hexamod:BolsterEngine","Astrolabe","potionbrewer:Torch","Replay:Ringing Soul","Ninja Scroll","hubris:Reverence","Blood Vial","Smiling Mask","Slimebound:StickyStick","Ginger","Counterbalance","Guardian:PocketSentry","Replay:Rubber Ducky","Durian","hubris:DuctTape","StrikeDummy"],"acts_visited":["Exordium"],"potions_floor_usage":[11,16,17],"damage_taken":[{"damage":10,"enemies":"3 Sentries","floor":3,"turns":4},{"damage":2,"enemies":"Gremlin Nob","floor":4,"turns":3},{"damage":4,"enemies":"Lagavulin","floor":5,"turns":5},{"damage":3,"enemies":"Slavers","floor":9,"turns":2},{"damage":0,"enemies":"Gremlin Leader","floor":10,"turns":4},{"damage":0,"enemies":"Book of Stabbing","floor":11,"turns":3},{"damage":6,"enemies":"Giant Head","floor":15,"turns":4},{"damage":5,"enemies":"Reptomancer","floor":16,"turns":4},{"damage":17,"enemies":"Nemesis","floor":17,"turns":5},{"damage":42,"enemies":"Shield and Spear","floor":18,"turns":4}],"seed_played":"2337137645262173346","potions_obtained":[{"floor":5,"key":"BlessingOfTheForge"},{"floor":9,"key":"Death Potion"},{"floor":10,"key":"Guardian:BlockOnCardUsePotion"},{"floor":15,"key":"Block Potion"},{"floor":17,"key":"GamblersBrew"},{"floor":18,"key":"PowerPotion"}],"is_trial":true,"path_per_floor":["$","$","E","E","E","T","R","R","E","E","E","T","R","R","E","E","E","E",null],"character_chosen":"THE_SILENT","items_purchased":["Dagger Spray","Endless Agony","A Thousand Cuts","Dagger Throw","Crippling Poison"],"campfire_rested":1,"item_purchase_floors":[1,2,2,2,2],"current_hp_per_floor":[59,59,49,47,43,43,43,43,40,43,46,46,72,72,69,69,62,25],"gold":289,"neow_bonus":"","is_daily":false,"chose_seed":false,"campfire_upgraded":6,"win_rate":0.0,"timestamp":1613962797,"path_taken":["$","$","E","E","E","T","R","R","E","E","E","T","R","R","E","E","E","E"],"items_purchased_type":["Card","Card","Card","Card","Card"],"build_version":"2020-12-22","purchased_purges":3,"victory":true,"max_hp_per_floor":[66,66,66,66,66,66,66,66,66,69,72,72,72,72,75,78,86,89],"relic_stats":{"Blood Vial":6,"Regal Pillow":5,"counters":[10,38],"Bronze Scales":[66],"Astrolabe":["ReplayTheSpireMod:Shiv Toss","Storm of Steel","Crippling Poison"],"PreservedInsect":533,"Black Star":10,"Ginger":[1],"Smiling Mask":0,"obtain_stats":[{"Regal Pillow":5,"Ginger":15,"Sling":0,"Smiling Mask":11,"Replay:Rubber Ducky":17,"Blood Vial":11,"Replay:Ringing Soul":9,"Ninja Scroll":10,"Slimebound:StickyStick":15,"Ring of the Snake":0,"hubris:DuctTape":18,"Astrolabe":6,"Counterbalance":16,"Oddly Smooth Stone":4,"PreservedInsect":0,"Guardian:PocketSentry":16,"Replay:Arrowhead":3,"potionbrewer:Torch":9,"Bronze Scales":4,"Black Star":0,"Durian":17,"Grinning Jar":3,"hexamod:BolsterEngine":5,"StrikeDummy":18,"Ring of the Serpent":12,"hubris:Reverence":10},{"Regal Pillow":3,"Ginger":7,"Sling":0,"Smiling Mask":6,"Replay:Rubber Ducky":9,"Blood Vial":6,"Replay:Ringing Soul":4,"Ninja Scroll":5,"Slimebound:StickyStick":7,"Ring of the Snake":0,"hubris:DuctTape":10,"Astrolabe":3,"Counterbalance":8,"Oddly Smooth Stone":2,"PreservedInsect":0,"Guardian:PocketSentry":8,"Replay:Arrowhead":1,"potionbrewer:Torch":4,"Bronze Scales":2,"Black Star":0,"Durian":9,"Grinning Jar":1,"hexamod:BolsterEngine":3,"StrikeDummy":10,"Ring of the Serpent":6,"hubris:Reverence":5},{"Regal Pillow":12,"Ginger":25,"Sling":0,"Smiling Mask":21,"Replay:Rubber Ducky":34,"Blood Vial":21,"Replay:Ringing Soul":14,"Ninja Scroll":18,"Slimebound:StickyStick":25,"Ring of the Snake":0,"hubris:DuctTape":38,"Astrolabe":12,"Counterbalance":29,"Oddly Smooth Stone":7,"PreservedInsect":0,"Guardian:PocketSentry":29,"Replay:Arrowhead":4,"potionbrewer:Torch":14,"Bronze Scales":7,"Black Star":0,"Durian":34,"Grinning Jar":4,"hexamod:BolsterEngine":12,"StrikeDummy":38,"Ring of the Serpent":21,"hubris:Reverence":18}]},"card_choices":[],"player_experience":590678,"relics_obtained":[{"floor":3,"key":"Replay:Arrowhead"},{"floor":3,"key":"Grinning Jar"},{"floor":4,"key":"Oddly Smooth Stone"},{"floor":4,"key":"Bronze Scales"},{"floor":5,"key":"Regal Pillow"},{"floor":5,"key":"hexamod:BolsterEngine"},{"floor":9,"key":"potionbrewer:Torch"},{"floor":9,"key":"Replay:Ringing Soul"},{"floor":10,"key":"Ninja Scroll"},{"floor":10,"key":"hubris:Reverence"},{"floor":11,"key":"Blood Vial"},{"floor":11,"key":"Smiling Mask"},{"floor":15,"key":"Slimebound:StickyStick"},{"floor":15,"key":"Ginger"},{"floor":16,"key":"Counterbalance"},{"floor":16,"key":"Guardian:PocketSentry"},{"floor":17,"key":"Replay:Rubber Ducky"},{"floor":17,"key":"Durian"},{"floor":18,"key":"hubris:DuctTape"},{"floor":18,"key":"StrikeDummy"}],"event_choices":[],"is_beta":false,"boss_relics":[{"not_picked":["Empty Cage","Replay:Bronze Core"],"picked":"Astrolabe"},{"not_picked":["Coffee Dripper","Velvet Choker"],"picked":"Ring of the Serpent"}],"items_purged_floors":[1,1,2],"is_endless":false,"potions_floor_spawned":[5,9,10,15,17,18],"ascension_level":20}}