{"host":"vqun63pi4q2xs0ca","time":1613953307,"event":{"mods":["BaseMod","BetterRewards","Minty Spire (QoL Compilation)","Relic Stats","StSLib"],"gold_per_floor":[117,117,130,52,69,69,86,116,141,141,141,157,82,99,99,176,176,192,211,211,211,211,211],"floor_reached":22,"language":"ENG","playtime":696,"items_purged":["Pain"],"score":372,"play_id":"6ed6aab5-1e50-48a1-84dc-d166278e6e6b","local_time":"20210222002147","is_ascension_mode":true,"campfire_choices":[{"data":"Whirlwind","floor":6,"key":"SMITH"},{"data":"Hemokinesis","floor":10,"key":"SMITH"},{"data":"Fire Breathing","floor":15,"key":"SMITH"}],"circlet_count":0,"master_deck":["AscendersBane","Strike_R","Defend_R","Defend_R","Defend_R","Defend_R","Bash","Pommel Strike+1","Bloodletting+1","Berserk+1","Pommel Strike","Carnage","Blood for Blood","Whirlwind+1","Fire Breathing+1","Hemokinesis+1","Fire Breathing","Berserk","Warcry","Combust"],"relics":["Astrolabe","Blood Vial","Ancient Tea Set","WarpedTongs","SacredBark","Nilry\u0027s Codex"],"acts_visited":["Exordium","TheCity"],"potions_floor_usage":[16,16],"damage_taken":[{"damage":1,"enemies":"Cultist","floor":1,"turns":3},{"damage":2,"enemies":"2 Louse","floor":3,"turns":3},{"damage":5,"enemies":"Jaw Worm","floor":5,"turns":2},{"damage":3,"enemies":"Large Slime","floor":7,"turns":2},{"damage":11,"enemies":"Gremlin Nob","floor":8,"turns":3},{"damage":3,"enemies":"Blue Slaver","floor":12,"turns":1},{"damage":2,"enemies":"Exordium Wildlife","floor":14,"turns":2},{"damage":14,"enemies":"Hexaghost","floor":16,"turns":5},{"damage":11,"enemies":"Spheric Guardian","floor":18,"turns":3},{"damage":15,"enemies":"3 Byrds","floor":19,"turns":3},{"damage":26,"enemies":"Snake Plant","floor":22,"turns":3}],"seed_played":"-1570046488844480865","potions_obtained":[{"floor":5,"key":"BlessingOfTheForge"},{"floor":7,"key":"Explosive Potion"},{"floor":8,"key":"Strength Potion"},{"floor":14,"key":"Block Potion"}],"is_trial":false,"path_per_floor":["M","?","M","$","M","R","M","E","T","R","?","M","$","M","R","B",null,"M","M","?","?","M"],"character_chosen":"IRONCLAD","items_purchased":["Whirlwind"],"campfire_rested":0,"item_purchase_floors":[4],"current_hp_per_floor":[67,67,65,65,60,60,57,46,46,46,46,45,45,45,45,33,65,56,43,22,22,0,0],"gold":211,"neow_bonus":"BOSS_RELIC","is_daily":false,"chose_seed":false,"campfire_upgraded":3,"win_rate":0.0,"timestamp":1613953307,"path_taken":["M","?","M","$","M","R","?","E","T","R","?","?","$","M","R","BOSS","M","M","?","?","M"],"items_purchased_type":["Card"],"build_version":"2020-12-22","purchased_purges":1,"victory":false,"max_hp_per_floor":[75,75,75,75,75,75,75,75,75,75,75,75,75,75,75,75,75,75,75,75,75,75,75],"relic_stats":{"Blood Vial":12,"counters":[26,99],"Astrolabe":["Pommel Strike","Bloodletting","Berserk"],"obtain_stats":[{"Nilry\u0027s Codex":20,"Astrolabe":0,"SacredBark":17,"Mango":6,"Pen Nib":9,"Boot":8,"Ancient Tea Set":9,"Burning Blood":0,"WarpedTongs":11,"Blood Vial":8,"SlaversCollar":17,"Centennial Puzzle":12,"Red Mask":20},{"Nilry\u0027s Codex":25,"Astrolabe":15,"SacredBark":23,"Mango":4,"Pen Nib":6,"Boot":6,"Ancient Tea Set":20,"Burning Blood":0,"WarpedTongs":20,"Blood Vial":20,"SlaversCollar":11,"Centennial Puzzle":8,"Red Mask":14},{"Nilry\u0027s Codex":96,"Astrolabe":69,"SacredBark":90,"Mango":18,"Pen Nib":27,"Boot":27,"Ancient Tea Set":82,"Burning Blood":0,"WarpedTongs":82,"Blood Vial":82,"SlaversCollar":52,"Centennial Puzzle":36,"Red Mask":66}],"WarpedTongs":[17]},"card_choices":[{"not_picked":["Anger","Heavy Blade"],"picked":"Pommel Strike","floor":1},{"not_picked":["Anger","Thunderclap"],"picked":"Blood for Blood","floor":3},{"not_picked":["Perfected Strike","Blood for Blood","Flex"],"picked":"SKIP","floor":5},{"not_picked":["Ghostly Armor","Wild Strike"],"picked":"Fire Breathing","floor":7},{"not_picked":["Clothesline","Havoc"],"picked":"Hemokinesis","floor":8},{"not_picked":["Twin Strike","Perfected Strike"],"picked":"Fire Breathing","floor":12},{"not_picked":["Sword Boomerang","Rampage","Clothesline"],"picked":"SKIP","floor":14},{"not_picked":["Barricade","Juggernaut"],"picked":"Berserk","floor":16},{"not_picked":["Anger+1","Clash"],"picked":"Warcry","floor":18},{"not_picked":["Iron Wave+1","Hemokinesis"],"picked":"Combust","floor":19}],"player_experience":1621878,"relics_obtained":[{"floor":8,"key":"Blood Vial"},{"floor":9,"key":"Ancient Tea Set"},{"floor":20,"key":"Nilry\u0027s Codex"}],"event_choices":[{"damage_healed":0,"gold_gain":0,"cards_transformed":["Strike_R"],"player_choice":"Transformed","damage_taken":0,"max_hp_gain":0,"max_hp_loss":0,"event_name":"Transmorgrifier","floor":2,"gold_loss":0,"cards_obtained":["Carnage"]},{"damage_healed":0,"gold_gain":0,"player_choice":"Rummage","damage_taken":0,"relics_obtained":["WarpedTongs"],"max_hp_gain":0,"max_hp_loss":0,"event_name":"Accursed Blacksmith","floor":11,"gold_loss":0,"cards_obtained":["Pain"]},{"damage_healed":0,"gold_gain":0,"player_choice":"Obtained Book","damage_taken":21,"max_hp_gain":0,"max_hp_loss":0,"event_name":"Cursed Tome","floor":20,"gold_loss":0},{"damage_healed":0,"gold_gain":0,"player_choice":"Ignored","damage_taken":0,"max_hp_gain":0,"max_hp_loss":0,"event_name":"The Mausoleum","floor":21,"gold_loss":0}],"is_beta":false,"boss_relics":[{"not_picked":["Fusion Hammer","Tiny House"],"picked":"SacredBark"}],"items_purged_floors":[13],"is_endless":false,"potions_floor_spawned":[5,7,8,14],"killed_by":"Snake Plant","ascension_level":20}}