{"host":"y89x8uui45kcjy42","time":1613977119,"event":{"mods":["2.2 Compatiblity","BaseMod","CapriCore","Colored Map","Colored Powertips","Custom Start","Friendly Minions","Keyboard Shortcuts","Minty Spire (QoL Compilation)","Relic Stats","Slay the Relics Exporter","StSLib","SuperFastMode","Uncapped"],"gold_per_floor":[113,78,153,163,174,174,199,199,199,215,215,215],"floor_reached":11,"language":"KOR","playtime":294,"items_purged":[],"score":126,"play_id":"f0218f7b-175b-48f8-b015-eecabf1e4ab5","local_time":"20210222155839","is_ascension_mode":true,"campfire_choices":[{"data":"Neutralize","floor":6,"key":"SMITH"},{"data":"Corpse Explosion","floor":8,"key":"SMITH"}],"circlet_count":0,"master_deck":["Strike_G","Strike_G","Strike_G","Strike_G","Defend_G","Defend_G","Defend_G","Defend_G","Survivor","Neutralize+1","Noxious Fumes+1","Envenom+1","Corpse Explosion+1","Cloak And Dagger","Footwork"],"relics":["Ring of the Snake","WingedGreaves","Odd Mushroom"],"acts_visited":["Exordium"],"potions_floor_usage":[],"damage_taken":[{"damage":1,"enemies":"Jaw Worm","floor":1,"turns":4},{"damage":10,"enemies":"Small Slimes","floor":4,"turns":3},{"damage":1,"enemies":"Cultist","floor":5,"turns":4},{"damage":18,"enemies":"The Mushroom Lair","floor":7,"turns":3},{"damage":32,"enemies":"Gremlin Gang","floor":10,"turns":3},{"damage":37,"enemies":"3 Sentries","floor":11,"turns":4}],"seed_played":"-8081244113086071952","potions_obtained":[{"floor":4,"key":"Fruit Juice"},{"floor":10,"key":"Weak Potion"}],"is_trial":false,"path_per_floor":["M","?","?","M","M","R","?","R","T","M","E"],"character_chosen":"THE_SILENT","items_purchased":[],"campfire_rested":0,"item_purchase_floors":[],"current_hp_per_floor":[43,59,48,38,37,37,66,66,66,34,0,0],"gold":215,"neow_bonus":"THREE_RARE_CARDS","is_daily":false,"chose_seed":false,"campfire_upgraded":2,"win_rate":0.0,"timestamp":1613977119,"path_taken":["M","?","?","M","M","R","?","R","T","M","E"],"items_purchased_type":[],"build_version":"2020-12-22","purchased_purges":0,"victory":false,"max_hp_per_floor":[66,66,66,66,66,66,66,66,66,66,66,66],"relic_stats":{"counters":[6,21],"obtain_stats":[{"WingedGreaves":6,"Odd Mushroom":7,"Ring of the Snake":0},{"WingedGreaves":3,"Odd Mushroom":4,"Ring of the Snake":0},{"WingedGreaves":11,"Odd Mushroom":14,"Ring of the Snake":0}],"Ring of the Snake":[12]},"card_choices":[{"not_picked":["Glass Knife","Tools of the Trade"],"picked":"Corpse Explosion","floor":0},{"not_picked":["Prepared","Slice"],"picked":"Cloak And Dagger","floor":1},{"not_picked":["Poisoned Stab","Riddle With Holes"],"picked":"Footwork","floor":4},{"not_picked":["Quick Slash","Dagger Spray","Sucker Punch"],"picked":"SKIP","floor":5},{"not_picked":["Poisoned Stab","Quick Slash","Skewer"],"picked":"SKIP","floor":10}],"player_experience":695341,"relics_obtained":[{"floor":7,"key":"Odd Mushroom"}],"event_choices":[{"damage_healed":16,"gold_gain":0,"player_choice":"Healed","damage_taken":0,"max_hp_gain":0,"max_hp_loss":0,"event_name":"The Cleric","floor":2,"gold_loss":35},{"damage_healed":0,"gold_gain":75,"player_choice":"Gather Gold","damage_taken":11,"max_hp_gain":0,"max_hp_loss":0,"event_name":"World of Goop","floor":3,"gold_loss":0},{"damage_healed":0,"gold_gain":0,"player_choice":"Fought Mushrooms","damage_taken":0,"max_hp_gain":0,"max_hp_loss":0,"event_name":"Mushrooms","floor":7,"gold_loss":0}],"is_beta":false,"boss_relics":[],"items_purged_floors":[],"is_endless":false,"potions_floor_spawned":[4,10],"killed_by":"3 Sentries","ascension_level":20}}