{"host":"me7pax5d7uwssv6n","time":1613972335,"event":{"mods":["Act Like it!","BaseMod","Minty Spire (QoL Compilation)","Replay The Spire","StSLib","The Servant 0.9.4"],"gold_per_floor":[115,129,140,140,155,169,169,181,181,206,206,233,42,59,59,157,157,169,169,94,112,137,166,265,281,281,281,301,301,314,349,349,444,444,456,472,485,281,331,331,331,361,388,402,417,448,448,483,483,483,483,483,3,36,36],"floor_reached":56,"language":"ENG","playtime":8068,"items_purged":["Strike_S"],"score":1464,"play_id":"39de23cf-1f99-4359-b6e9-617e2c7ae67f","local_time":"20210222133855","is_ascension_mode":false,"campfire_choices":[{"data":"SilverBlades","floor":7,"key":"SMITH"},{"data":"FloweringNight","floor":11,"key":"SMITH"},{"floor":15,"key":"REST"},{"data":"Potential","floor":27,"key":"SMITH"},{"data":"Starlight","floor":29,"key":"SMITH"},{"floor":32,"key":"RECALL"},{"data":"1","floor":40,"key":"LIFT"},{"data":"2","floor":47,"key":"LIFT"},{"data":"3","floor":49,"key":"LIFT"},{"data":"TimeWarp","floor":52,"key":"SMITH"}],"circlet_count":0,"master_deck":["Strike_S","Defend_S","Defend_S","KidneyShot+1","Exchange","Defy","GearUp","FastForward","RealityMarble","SilverBlades+1","Foresight","FloweringNight+1","ShiftingGears","BottledTime+1","Starlight+1","Replace+1","Potential+1","SoulSculpture+1","TimeWarp+1","Contraction+1","Advance","TimeWarp+1","Dilation+1","Potential+1","Advance+1","Pot Of Greed+1","Pot Of Greed+1","Pot Of Greed+1","Alleviate+1","Alleviate+1","Solidify+1","KillingDoll+1"],"relics":["Uniform","NeowsBlessing","Divine Protection","Ornamental Fan","HornCleat","Oddly Smooth Stone","Empty Cage","Golden Egg","PreservedInsect","Lizard Tail","SlaversCollar","Replay:Wax Seal","Grinning Jar","Girya","Happy Flower","Bag of Marbles","Pen Nib","Chameleon Ring","Whetstone","Replay:Bottled Steam","Counterbalance"],"acts_visited":["Exordium","TheCity","TheBeyond","TheEnding"],"potions_floor_usage":[12,16,31,55,55,55],"damage_taken":[{"damage":0,"enemies":"Jaw Worm","floor":1,"turns":1},{"damage":0,"enemies":"Cultist","floor":2,"turns":1},{"damage":0,"enemies":"Small Slimes","floor":3,"turns":1},{"damage":0,"enemies":"Blue Slaver","floor":5,"turns":5},{"damage":6,"enemies":"3 Louse","floor":6,"turns":6},{"damage":4,"enemies":"2 Fungi Beasts","floor":8,"turns":5},{"damage":32,"enemies":"Gremlin Nob","floor":10,"turns":8},{"damage":2,"enemies":"3 Sentries","floor":12,"turns":9},{"damage":0,"enemies":"Exordium Wildlife","floor":14,"turns":9},{"damage":3,"enemies":"Fading Forest","floor":16,"turns":11},{"damage":2,"enemies":"Chosen","floor":18,"turns":5},{"damage":2,"enemies":"3 Byrds","floor":21,"turns":5},{"damage":0,"enemies":"Book of Stabbing","floor":23,"turns":5},{"damage":1,"enemies":"Snecko","floor":25,"turns":7},{"damage":0,"enemies":"Snake Plant","floor":28,"turns":5},{"damage":0,"enemies":"Centurion and Healer","floor":30,"turns":3},{"damage":0,"enemies":"Slavers","floor":31,"turns":4},{"damage":24,"enemies":"Automaton","floor":33,"turns":8},{"damage":0,"enemies":"3 Shapes","floor":35,"turns":4},{"damage":13,"enemies":"3 Darklings","floor":36,"turns":4},{"damage":1,"enemies":"Spire Growth","floor":37,"turns":5},{"damage":0,"enemies":"Mind Bloom Boss Battle","floor":39,"turns":3},{"damage":0,"enemies":"Nemesis","floor":42,"turns":3},{"damage":0,"enemies":"Jaw Worm Horde","floor":44,"turns":3},{"damage":0,"enemies":"Maw","floor":45,"turns":3},{"damage":0,"enemies":"Giant Head","floor":46,"turns":3},{"damage":0,"enemies":"Reptomancer","floor":48,"turns":2},{"damage":2,"enemies":"Awakened One","floor":50,"turns":6},{"damage":0,"enemies":"Shield and Spear","floor":54,"turns":3},{"damage":0,"enemies":"The Heart","floor":55,"turns":5}],"seed_played":"7079923805196290808","potions_obtained":[{"floor":3,"key":"Energy Potion"},{"floor":5,"key":"Energy Potion"},{"floor":10,"key":"Adrenaline Potion"},{"floor":16,"key":"AttackPotion"},{"floor":23,"key":"SteroidPotion"},{"floor":33,"key":"Dexterity Potion"},{"floor":37,"key":"SkillPotion"},{"floor":54,"key":"Dexterity Potion"}],"is_trial":false,"path_per_floor":["M","M","M","?","M","M","R","M","T","E","R","E","$","M","R","B",null,"M","?","?","M","T","E","?","M","T","R","M","R","M","E","R","B",null,"M","M","M","$","?","R","?","E","T","M","M","E","R","E","R","B",null,"R","$","E","B",null],"character_chosen":"THE_SERVANT","items_purchased":["Oddly Smooth Stone","BottledTime+1","Replay:Wax Seal","Grinning Jar","Whetstone","Replay:Bottled Steam"],"campfire_rested":1,"item_purchase_floors":[13,13,38,38,53,53],"current_hp_per_floor":[65,65,65,65,65,59,59,55,55,23,23,21,21,21,40,37,65,63,63,63,61,61,61,61,60,60,60,60,60,60,60,60,36,65,65,52,51,51,51,51,51,51,51,51,51,51,51,51,51,49,65,65,65,65,65],"gold":36,"neow_bonus":"THREE_ENEMY_KILL","is_daily":false,"chose_seed":false,"campfire_upgraded":5,"win_rate":0.0,"timestamp":1613972335,"path_taken":["M","M","M","?","?","M","R","M","T","E","R","E","?","M","R","BOSS","M","?","?","M","?","E","?","M","T","R","M","R","M","E","R","BOSS","M","M","M","$","?","R","?","E","T","M","M","E","R","E","R","BOSS","R","$","E","BOSS"],"items_purchased_type":["Relic","Card","Relic","Relic","Relic","Relic"],"build_version":"2020-12-22","purchased_purges":1,"victory":true,"max_hp_per_floor":[65,65,65,65,65,65,65,65,65,65,65,65,65,65,65,65,65,65,65,65,65,65,65,65,65,65,65,65,65,65,65,65,65,65,65,65,65,65,65,65,65,65,65,65,65,65,65,65,65,65,65,65,65,65,65],"card_choices":[{"not_picked":["Alleviate","Barrier"],"picked":"Defy","floor":1},{"not_picked":["Replace","Starlight"],"picked":"GearUp","floor":2},{"not_picked":["Spin","Barrier"],"picked":"FastForward","floor":3},{"not_picked":["Advance","Revamp"],"picked":"RealityMarble","floor":5},{"not_picked":["Revamp","ShatteredReality"],"picked":"SilverBlades","floor":6},{"not_picked":["Replace","Alleviate"],"picked":"Foresight","floor":8},{"not_picked":["Potential","Reset"],"picked":"FloweringNight","floor":10},{"not_picked":["BestPractice","Potential"],"picked":"ShiftingGears","floor":12},{"not_picked":["Desolation","Replace"],"picked":"Starlight","floor":14},{"not_picked":["DoubleEdge","ShiftingGears+1"],"picked":"Replace+1","floor":18},{"not_picked":["Starlight","Rewind"],"picked":"SoulSculpture","floor":21},{"not_picked":["WasteNot","Sabotage"],"picked":"TimeWarp","floor":23},{"not_picked":["Rewind+1","Misdirection"],"picked":"Contraction+1","floor":25},{"not_picked":["Replace","Collapse"],"picked":"Advance","floor":28},{"not_picked":["Starlight","Snipe"],"picked":"TimeWarp+1","floor":30},{"not_picked":["Rearm+1","LightFlow","ShatteredReality"],"picked":"SKIP","floor":31},{"not_picked":["ForgedInTime","MurderousAura"],"picked":"Dilation","floor":33},{"not_picked":["Alleviate+1","Desolation"],"picked":"Potential+1","floor":35},{"not_picked":["Desolation","Foresight","Advance"],"picked":"SKIP","floor":36},{"not_picked":["RealityMarble","Unruled+1"],"picked":"Advance+1","floor":37},{"not_picked":["Shuttle+1","Gouge+1"],"picked":"Alleviate+1","floor":39},{"not_picked":["DoubleEdge","Reset","FastForward"],"picked":"SKIP","floor":42},{"not_picked":["DoubleEdge","Barrier","SurpressingFire"],"picked":"SKIP","floor":44},{"not_picked":["FastForward","Rewind"],"picked":"Alleviate+1","floor":45},{"not_picked":["BottledTime","Shuttle+1"],"picked":"Solidify","floor":46},{"not_picked":["Unruled+1","Potential+1","FlawlessForm"],"picked":"SKIP","floor":48},{"not_picked":["SilverBlades+1","Alleviate"],"picked":"KillingDoll","floor":54}],"player_experience":38918,"relics_obtained":[{"floor":9,"key":"Divine Protection"},{"floor":10,"key":"Ornamental Fan"},{"floor":12,"key":"HornCleat"},{"floor":23,"key":"Golden Egg"},{"floor":26,"key":"PreservedInsect"},{"floor":31,"key":"Lizard Tail"},{"floor":39,"key":"Girya"},{"floor":42,"key":"Happy Flower"},{"floor":43,"key":"Bag of Marbles"},{"floor":46,"key":"Pen Nib"},{"floor":48,"key":"Chameleon Ring"},{"floor":54,"key":"Counterbalance"}],"event_choices":[{"cards_removed":["Defend_S"],"damage_healed":0,"gold_gain":0,"player_choice":"Purged","damage_taken":0,"max_hp_gain":0,"max_hp_loss":0,"event_name":"Purifier","floor":4,"gold_loss":0},{"damage_healed":0,"gold_gain":0,"player_choice":"Read","damage_taken":0,"max_hp_gain":0,"max_hp_loss":0,"event_name":"The Library","floor":19,"gold_loss":0,"cards_obtained":["Potential"]},{"cards_removed":["Strike_S"],"damage_healed":0,"gold_gain":0,"player_choice":"Gave Gold","damage_taken":0,"max_hp_gain":0,"max_hp_loss":0,"event_name":"Beggar","floor":20,"gold_loss":75},{"damage_healed":0,"gold_gain":99,"player_choice":"Stole From Cult","damage_taken":0,"max_hp_gain":0,"max_hp_loss":0,"event_name":"Nest","floor":24,"gold_loss":0},{"damage_healed":0,"gold_gain":0,"player_choice":"Fight","damage_taken":0,"max_hp_gain":0,"max_hp_loss":0,"event_name":"MindBloom","floor":39,"gold_loss":0},{"damage_healed":0,"gold_gain":0,"player_choice":"Memory 1","damage_taken":0,"max_hp_gain":0,"max_hp_loss":0,"event_name":"SensoryStone","floor":41,"gold_loss":0}],"is_beta":false,"boss_relics":[{"not_picked":["Honey Jar","ReplayTheSpireMod:DimensionalGlitch"],"picked":"Empty Cage"},{"not_picked":["Runic Dome","Replay:Drink Me"],"picked":"SlaversCollar"}],"items_purged_floors":[53],"is_endless":false,"potions_floor_spawned":[3,5,10,16,23,28,30,33,36,37,42,45,54],"ascension_level":0}}