{"host":"fxrgx7wt2cpkbhka","time":1613991137,"event":{"mods":["AchievementEnabler","BaseMod","Colored Powertips","Dark Map","Minty Spire (QoL Compilation)","Permanent Neow","Quick Restart","Slay-I","StSLib","Waifu the Spire"],"gold_per_floor":[115,115,138,138,71,106,106,131,131,206,206,206,222,246,246,344,344,357,84,107,206,256,256,271,271,351,390,237,276,276,276,276,372,372,395,395,420,420,420,420],"floor_reached":39,"language":"ENG","playtime":1053,"items_purged":["Injury"],"score":748,"play_id":"c761de8a-8b68-41ac-93aa-2b9de318d9eb","local_time":"20210222025217","is_ascension_mode":true,"campfire_choices":[{"data":"Self Repair","floor":7,"key":"SMITH"},{"data":"Static Discharge","floor":11,"key":"SMITH"},{"data":"Defragment","floor":15,"key":"SMITH"},{"data":"Electrodynamics","floor":23,"key":"SMITH"},{"data":"Zap","floor":25,"key":"SMITH"},{"floor":32,"key":"REST"}],"circlet_count":0,"master_deck":["AscendersBane","Strike_B","Strike_B","Strike_B","Defend_B","Defend_B","Defend_B","Defend_B","Zap+1","Dualcast+1","Static Discharge+1","Self Repair+1","Reboot+1","Go for the Eyes+1","Defragment+1","Glacier+1","Electrodynamics+1","Barrage+1","Fission+1","Ball Lightning+1","Glacier+1","Seek+1","Buffer+1","Defragment+1"],"relics":["Cracked Core","NeowsBlessing","Golden Idol","Toxic Egg 2","Molten Egg 2","SacredBark","Runic Capacitor","Kunai","Shovel","Frozen Egg 2","Nilry\u0027s Codex","Velvet Choker","Vajra"],"acts_visited":["Exordium","TheCity","TheBeyond"],"potions_floor_usage":[13,16,16,24],"damage_taken":[{"damage":0,"enemies":"Jaw Worm","floor":1,"turns":1},{"damage":0,"enemies":"2 Louse","floor":3,"turns":1},{"damage":0,"enemies":"3 Sentries","floor":6,"turns":1},{"damage":1,"enemies":"Cultist","floor":8,"turns":3},{"damage":2,"enemies":"Exordium Wildlife","floor":13,"turns":2},{"damage":39,"enemies":"Gremlin Gang","floor":14,"turns":4},{"damage":9,"enemies":"The Guardian","floor":16,"turns":11},{"damage":12,"enemies":"Chosen","floor":18,"turns":3},{"damage":13,"enemies":"Spheric Guardian","floor":20,"turns":3},{"damage":7,"enemies":"Snecko","floor":24,"turns":4},{"damage":29,"enemies":"Slavers","floor":27,"turns":3},{"damage":2,"enemies":"Book of Stabbing","floor":29,"turns":5},{"damage":43,"enemies":"Champ","floor":33,"turns":8},{"damage":15,"enemies":"3 Darklings","floor":35,"turns":3},{"damage":11,"enemies":"Orb Walker","floor":37,"turns":3},{"damage":2,"enemies":"Writhing Mass","floor":39,"turns":3}],"seed_played":"-7011248449290123406","potions_obtained":[{"floor":6,"key":"LiquidMemories"},{"floor":14,"key":"EntropicBrew"},{"floor":18,"key":"Energy Potion"},{"floor":29,"key":"LiquidBronze"}],"is_trial":false,"path_per_floor":["M","?","M","T","$","E","R","M","T","?","R","?","M","M","R","B",null,"M","$","M","?","?","R","M","R","T","E","$","E","?","?","R","B",null,"M","?","M","T","M"],"character_chosen":"DEFECT","items_purchased":["Self Repair","Runic Capacitor","Barrage+1","Seek+1"],"campfire_rested":1,"item_purchase_floors":[5,19,19,28],"current_hp_per_floor":[64,64,64,64,64,64,64,71,71,60,60,60,68,39,39,40,63,61,61,58,58,58,58,61,61,61,32,32,40,24,47,68,35,62,57,57,56,56,54,54],"gold":420,"neow_bonus":"THREE_ENEMY_KILL","is_daily":false,"chose_seed":false,"campfire_upgraded":5,"win_rate":0.0,"timestamp":1613991137,"path_taken":["M","?","M","?","$","E","R","M","T","?","R","?","?","M","R","BOSS","M","$","M","?","?","R","?","R","T","E","$","E","?","?","R","BOSS","M","?","M","?","M"],"items_purchased_type":["Card","Relic","Card","Card"],"build_version":"2020-12-22","purchased_purges":1,"victory":false,"max_hp_per_floor":[71,71,71,71,71,71,71,71,71,71,71,71,71,71,71,71,71,71,71,71,71,71,71,71,71,71,71,71,71,71,71,71,71,71,71,71,71,71,71,71],"card_choices":[{"not_picked":["Barrage","Gash","Hello World"],"picked":"SKIP","floor":1},{"not_picked":["Double Energy","Turbo"],"picked":"Static Discharge","floor":3},{"not_picked":["Stack+1","Recycle+1"],"picked":"Reboot+1","floor":6},{"not_picked":["Reinforced Body+1","Lockon+1"],"picked":"Go for the Eyes+1","floor":8},{"not_picked":["Steam+1","Capacitor"],"picked":"Defragment","floor":13},{"not_picked":["Fusion+1","Rip and Tear+1"],"picked":"Glacier+1","floor":14},{"not_picked":["Machine Learning","Seek+1"],"picked":"Electrodynamics","floor":16},{"not_picked":["Coolheaded+1","Recycle+1","Streamline+1"],"picked":"SKIP","floor":18},{"not_picked":["Stack+1","Cold Snap+1"],"picked":"Fission+1","floor":20},{"not_picked":["Capacitor","Recycle+1"],"picked":"Ball Lightning+1","floor":24},{"not_picked":["Hello World","Leap+1"],"picked":"Glacier+1","floor":27},{"not_picked":["Redo+1","Beam Cell+1","Streamline+1"],"picked":"SKIP","floor":29},{"not_picked":["Rainbow+1","Creative AI+1"],"picked":"Buffer+1","floor":33},{"not_picked":["Hologram+1","Chaos+1"],"picked":"Defragment+1","floor":35},{"not_picked":["Steam+1","Hologram+1","Hyperbeam+1"],"picked":"SKIP","floor":37}],"player_experience":802551,"relics_obtained":[{"floor":4,"key":"Toxic Egg 2"},{"floor":6,"key":"Molten Egg 2"},{"floor":26,"key":"Kunai"},{"floor":27,"key":"Shovel"},{"floor":29,"key":"Frozen Egg 2"},{"floor":30,"key":"Nilry\u0027s Codex"},{"floor":38,"key":"Vajra"}],"event_choices":[{"damage_healed":0,"gold_gain":0,"player_choice":"Take Wound","damage_taken":0,"relics_obtained":["Golden Idol"],"max_hp_gain":0,"max_hp_loss":0,"event_name":"Golden Idol","floor":2,"gold_loss":0,"cards_obtained":["Injury"]},{"damage_healed":0,"gold_gain":75,"player_choice":"Gather Gold","damage_taken":11,"max_hp_gain":0,"max_hp_loss":0,"event_name":"World of Goop","floor":10,"gold_loss":0},{"damage_healed":0,"gold_gain":0,"player_choice":"Upgraded","damage_taken":0,"max_hp_gain":0,"max_hp_loss":0,"event_name":"Upgrade Shrine","floor":12,"gold_loss":0,"cards_upgraded":["Dualcast"]},{"damage_healed":0,"gold_gain":99,"player_choice":"Stole From Cult","damage_taken":0,"max_hp_gain":0,"max_hp_loss":0,"event_name":"Nest","floor":21,"gold_loss":0},{"damage_healed":0,"gold_gain":100,"player_choice":"Bet on Murderer","damage_taken":0,"max_hp_gain":0,"max_hp_loss":0,"event_name":"The Joust","floor":22,"gold_loss":50},{"damage_healed":0,"gold_gain":0,"player_choice":"Obtained Book","damage_taken":16,"max_hp_gain":0,"max_hp_loss":0,"event_name":"Cursed Tome","floor":30,"gold_loss":0},{"damage_healed":23,"gold_gain":0,"player_choice":"Heal","damage_taken":0,"max_hp_gain":0,"max_hp_loss":0,"event_name":"The Library","floor":31,"gold_loss":0},{"cards_removed":["Strike_B"],"damage_healed":0,"gold_gain":0,"player_choice":"Removed Attack","damage_taken":0,"max_hp_gain":0,"max_hp_loss":0,"event_name":"Falling","floor":36,"gold_loss":0}],"is_beta":false,"boss_relics":[{"not_picked":["Tiny House","Runic Pyramid"],"picked":"SacredBark"},{"not_picked":["Snecko Eye","Coffee Dripper"],"picked":"Velvet Choker"}],"items_purged_floors":[19],"is_endless":false,"potions_floor_spawned":[6,14,18,20,29,33,35,37],"killed_by":"Writhing Mass","ascension_level":14}}