{"host":"7xwe9tmiyvwn0fou","time":1613961501,"event":{"mods":["2.2 Compatiblity","AchievementEnabler","Act Like it!","Aspiration","BaseMod","Better Altar","Better Match","Better Note","Better Sensory Stone","Better Skull","Better Third Choice","BetterRewards","CapriCore","Colored Map","Colored Powertips","Conspire","Downfall","Elementarium","Energized Spire","Friendly Minions","Gensokyo","GifTheSpireLib","Googly Eyes","Halation","Hallownest","Hero for Fun","Highlight Path","Hubris","Infinite Spire","LagranYue(???·?)","Lobotomy","Minty Spire (QoL Compilation)","MostiFishMod","Rare Cards Sparkle","Reliquary","Ruina","Shop Mod","Spikes Relics","Spire Arcade","StSLib","Stuff the Spire","Td1madao Mod","The Bug Knight","The Jungle","Waifu the Spire","everything is the same but u backflip on backflip","slay the spire mod where everything is the same but ironclad has a cowboy hat"],"gold_per_floor":[112,122,122,122,140,171,186,41,94,1,11,11,321,337,337,433,433,444,444,444,464,480,480,497,497,497,513,524,154,154,40,40,144,144,154,174,18,30,49,49,67,99,176,190,190,202,216,216,216,216,216,216,19,48,48],"floor_reached":56,"language":"ENG","playtime":5544,"items_purged":["Strike_G","Decay","Strike_G"],"score":1207,"play_id":"d15d8589-5deb-4cec-a1b7-5e479d6094ef","local_time":"20210221213821","is_ascension_mode":false,"campfire_choices":[{"data":"MostiFishMod:VineMother","floor":15.0,"key":"SMITH"},{"data":"MostiFishMod:VineMother","floor":23.0,"key":"SMITH"},{"data":"infinitespire:Neurotoxin","floor":25.0,"key":"SMITH"},{"data":"MostiFishMod:Kaleido","floor":32.0,"key":"SMITH"},{"data":"Well Laid Plans","floor":40.0,"key":"SMITH"},{"data":"Acrobatics","floor":45.0,"key":"SMITH"},{"floor":49.0,"key":"RECALL"},{"data":"MostiFishMod:ThornCasing","floor":52.0,"key":"SMITH"}],"circlet_count":0,"master_deck":["Strike_G","Strike_G","Strike_G","Defend_G","Defend_G","Defend_G","Defend_G","Defend_G","Survivor","Neutralize","Backflip","Gensokyo:LockedMedkit","Deadly Poison","Acrobatics+1","MostiFishMod:VineMother+1","Well Laid Plans+1","infinitespire:Neurotoxin+1","MostiFishMod:VineMother+1","MostiFishMod:Kaleido+1","MostiFishMod:ThornCasing+1","Venomology","Outmaneuver","Noxious Fumes","Bouncing Flask","Parasite","Outmaneuver+1","Backflip+1","Parasite","MostiFishMod:ThornCasing+1","MostiFishMod:PreservedThorns","MostiFishMod:ThornCasing","MostiFishMod:PerfectParry+1"],"relics":["Ring of the Snake","DaveBox","LagranYue:RandomDrawCardRelic","HaiYi:Twilight","SynthV:TestCard","MostiFishMod:Haymaker","DianDianMeat","Civilization","reliquary:RedPaperclip","halation:StarCompass","MerchantsRug","energizedSpire:RedRose","hubris:SphereOfDissonance","Blue Candle"],"acts_visited":["Gensokyo:Gensokyo","theJungle:Jungle","TheBeyond","TheEnding"],"potions_floor_usage":[],"damage_taken":[{"damage":1.0,"enemies":"Gensokyo:Gryphon","floor":1.0,"turns":4.0},{"damage":0.0,"enemies":"Gensokyo:3_Fairies","floor":2.0,"turns":6.0},{"damage":9.0,"enemies":"Gensokyo:Python","floor":5.0,"turns":4.0},{"damage":45.0,"enemies":"Gensokyo:Mamizou","floor":6.0,"turns":12.0},{"damage":3.0,"enemies":"Gensokyo:CorruptedTreant","floor":7.0,"turns":5.0},{"damage":11.0,"enemies":"Gensokyo:Kitsune","floor":11.0,"turns":6.0},{"damage":3.0,"enemies":"Gensokyo:VengefulSpirit","floor":13.0,"turns":5.0},{"damage":0.0,"enemies":"Gensokyo:Python_and_Kodama","floor":14.0,"turns":4.0},{"damage":0.0,"enemies":"Gensokyo:Reimu","floor":16.0,"turns":7.0},{"damage":0.0,"enemies":"theJungle:GiantWrat","floor":18.0,"turns":4.0},{"damage":0.0,"enemies":"theJungle:5_Spyders","floor":21.0,"turns":7.0},{"damage":0.0,"enemies":"theJungle:2_Flameangoes","floor":22.0,"turns":5.0},{"damage":17.0,"enemies":"theJungle:JungleHuntersEncounter","floor":24.0,"turns":5.0},{"damage":0.0,"enemies":"Snake Plant","floor":27.0,"turns":4.0},{"damage":6.0,"enemies":"theJungle:2_Snecko_Cultists","floor":28.0,"turns":4.0},{"damage":7.0,"enemies":"theJungle:QueenSpyder","floor":33.0,"turns":7.0},{"damage":4.0,"enemies":"3 Shapes","floor":35.0,"turns":4.0},{"damage":4.0,"enemies":"Orb Walker","floor":36.0,"turns":3.0},{"damage":19.0,"enemies":"Spire Growth","floor":38.0,"turns":3.0},{"damage":0.0,"enemies":"Writhing Mass","floor":39.0,"turns":4.0},{"damage":40.0,"enemies":"3 Darklings","floor":41.0,"turns":3.0},{"damage":23.0,"enemies":"4 Shapes","floor":44.0,"turns":5.0},{"damage":2.0,"enemies":"Writhing Mass","floor":46.0,"turns":4.0},{"damage":38.0,"enemies":"3 Darklings","floor":47.0,"turns":5.0},{"damage":178.0,"enemies":"conspire:OrnateMirror","floor":50.0,"turns":7.0},{"damage":68.0,"enemies":"Shield and Spear","floor":54.0,"turns":4.0},{"damage":141,"enemies":"The Heart","floor":55,"turns":7}],"seed_played":"-5431018676503006478","potions_obtained":[{"floor":1.0,"key":"SpeedPotion"},{"floor":5.0,"key":"Fire Potion"},{"floor":13.0,"key":"Energy Potion"},{"floor":16.0,"key":"hexamod:SoulburnPotion"},{"floor":18.0,"key":"Ancient Potion"},{"floor":22.0,"key":"EssenceOfSteel"},{"floor":36.0,"key":"SkillPotion"},{"floor":38.0,"key":"SteroidPotion"},{"floor":39.0,"key":"champ:CounterPotion"}],"is_trial":false,"path_per_floor":["M","M","?","T","M","E","M","$","T","COS","M","?","M","M","R","B",null,"M","?","?","M","M","R","M","R","T","M","M","$","?","$","R","B",null,"M","M","$","M","M","R","M","$","T","M","R","M","M","T","R","B",null,"R","$","E","B",null],"character_chosen":"THE_SILENT","items_purchased":["Civilization","MostiFishMod:Kaleido","MerchantsRug","MostiFishMod:ThornCasing","Noxious Fumes","MostiFishMod:PreservedThorns","MostiFishMod:ThornCasing","ColorlessPotion"],"campfire_rested":0,"item_purchase_floors":[8,29,29,31,37,53,53,53],"current_hp_per_floor":[69,69,69,69,60,15,12,12,12,15,8,12,16,26,26,38,110,123,123,123,128,133,133,121,121,121,126,125,134,144,155,155,177,195,209,210,224,225,263,263,228,228,228,228,228,270,237,237,237,64,372,372,415,375,239],"gold":48,"neow_bonus":"RANDOM_COMMON_RELIC","is_daily":false,"chose_seed":false,"campfire_upgraded":7,"win_rate":0.0,"timestamp":1613961501,"path_taken":["M","M","?","?","?","E","M","$","T","COS","M","?","M","M","R","BOSS","M","?","?","M","M","R","M","R","T","M","M","$","?","$","R","BOSS","M","M","$","?","M","R","M","?","T","?","R","?","M","?","R","BOSS","R","$","E","BOSS"],"items_purchased_type":["Relic","Card","Relic","Card","Card","Card","Card","Potion"],"build_version":"2020-12-22","purchased_purges":3,"victory":true,"max_hp_per_floor":[70,70,70,70,70,70,70,70,70,73,77,81,88,98,98,110,110,123,123,123,128,133,133,138,138,138,143,148,157,167,178,178,195,195,213,218,232,252,290,290,295,295,295,318,318,362,367,367,367,372,372,372,415,443,448],"card_choices":[{"not_picked":["Underhanded Strike","PiercingWail","Dash"],"picked":"SKIP","floor":1.0},{"not_picked":["Catalyst","MostiFishMod:PerfectParry","Deflect","After Image"],"picked":"Backflip","floor":2.0},{"not_picked":["Sucker Punch","Slice","Quick Slash","conspire:PoisonWeapons","StuffTheSpire:Sprint"],"picked":"SKIP","floor":5.0},{"not_picked":["StuffTheSpire:Python","MostiFishMod:Wind","Flying Knee","StuffTheSpire:BumpUp","All Out Attack"],"picked":"SKIP","floor":6.0},{"not_picked":["Blade Dance","StuffTheSpire:BumpUp","Dagger Spray","StuffTheSpire:Shiver","Slice"],"picked":"SKIP","floor":7.0},{"not_picked":["StuffTheSpire:ReptileScales","Backflip","MostiFishMod:Listen","PiercingWail"],"picked":"Deadly Poison","floor":11.0},{"not_picked":["Backstab","StuffTheSpire:Python","Leg Sweep","StuffTheSpire:Incantation"],"picked":"MostiFishMod:VineMother","floor":13.0},{"not_picked":["StuffTheSpire:ClusterCrunch","Quick Slash","Flying Knee","Prepared"],"picked":"Well Laid Plans","floor":14.0},{"not_picked":["StuffTheSpire:FinalStruggle","MostiFishMod:FullyArmed","Unload","MostiFishMod:Listen"],"picked":"infinitespire:Neurotoxin","floor":16.0},{"not_picked":["Acrobatics","Quick Slash","MostiFishMod:PerfectParry","Tactician"],"picked":"MostiFishMod:VineMother","floor":18.0},{"not_picked":["MostiFishMod:Wind","Underhanded Strike+1","Quick Slash","Masterful Stab","Concentrate"],"picked":"SKIP","floor":21.0},{"not_picked":["StuffTheSpire:Repulse","StuffTheSpire:BumpUp","Masterful Stab+1","Dagger Throw","Flechettes"],"picked":"SKIP","floor":22.0},{"not_picked":["MostiFishMod:PerfectParry","Dagger Spray","Pace","StuffTheSpire:Injection","Eviscerate"],"picked":"SKIP","floor":24.0},{"not_picked":["Dagger Throw","StuffTheSpire:Injection","Flying Knee+1","Poisoned Stab","Calculated Gamble"],"picked":"SKIP","floor":27.0},{"not_picked":["Backflip","Poisoned Stab","StuffTheSpire:Python","Riddle With Holes+1","Storm of Steel"],"picked":"SKIP","floor":28.0},{"not_picked":["Grand Finale","Tools of the Trade","MostiFishMod:Confrontation","Doppelganger"],"picked":"Venomology","floor":33.0},{"not_picked":["Blade Dance+1","Dodge and Roll","StuffTheSpire:ReptileScales+1","Quick Slash"],"picked":"Outmaneuver","floor":35.0},{"not_picked":["Predator+1","Flying Knee+1","Calculated Gamble","Caltrops","Endless Agony"],"picked":"SKIP","floor":36.0},{"not_picked":["MostiFishMod:FrostNova+1","MostiFishMod:PerfectParry","Deflect","Quick Slash"],"picked":"Bouncing Flask","floor":38.0},{"not_picked":["Dodge and Roll+1","StuffTheSpire:ClusterCrunch+1","MostiFishMod:PerfectParry","Quick Slash+1"],"picked":"Outmaneuver+1","floor":39.0},{"not_picked":["Blade Dance","Dagger Throw+1","Storm of Steel","Tactician","Bane"],"picked":"SKIP","floor":41.0},{"not_picked":["Deflect+1","Slice","Dagger Throw+1","Crippling Poison"],"picked":"Backflip+1","floor":44.0},{"not_picked":["Slice+1","MostiFishMod:PerfectParry+1","StuffTheSpire:Fury+1","hubris:SlightOfHand"],"picked":"MostiFishMod:ThornCasing+1","floor":46.0},{"not_picked":["Distraction","Slice","Dodge and Roll+1","Caltrops+1","Sucker Punch+1"],"picked":"SKIP","floor":47.0},{"not_picked":["Deflect+1","Dash","Accuracy","StuffTheSpire:Injection+1"],"picked":"MostiFishMod:PerfectParry+1","floor":54.0}],"player_experience":24225,"relics_obtained":[{"floor":1.0,"key":"SynthV:TestCard"},{"floor":4.0,"key":"MostiFishMod:Haymaker"},{"floor":6.0,"key":"DianDianMeat"},{"floor":9.0,"key":"Centennial Puzzle"},{"floor":26.0,"key":"infinitespire:BottledMercury"},{"floor":48.0,"key":"hubris:SphereOfDissonance"},{"floor":54.0,"key":"Blue Candle"}],"event_choices":[{"damage_healed":0.0,"max_hp_gain":0.0,"max_hp_loss":0.0,"gold_gain":0.0,"event_name":"Wheel of Change","player_choice":"Cursed","floor":30.0,"gold_loss":0.0,"damage_taken":0.0,"cards_obtained":["Decay"]}],"is_beta":false,"boss_relics":[{"not_picked":["conspire:RunicOctahedron","conspire:SlowCooker"],"picked":"reliquary:RedPaperclip"},{"not_picked":["halation:HeavySnake","energizedSpire:StickyHand"],"picked":"energizedSpire:RedRose"}],"items_purged_floors":[29,31,37],"is_endless":false,"potions_floor_spawned":[1,5,13,16,18,22,27,36,38,39],"ascension_level":0}}