{"host":"d744ndivyohnro60","time":1613963361,"event":{"mods":["BaseMod","Bestiary","Colored Powertips","Minty Spire (QoL Compilation)","Relic Stats"],"gold_per_floor":[119,44,116,96,115,115,143,143,217,233,267,267,267,291,291,414,414,432,357,357,357],"floor_reached":20,"language":"ENG","playtime":659,"items_purged":["Strike_B"],"score":252,"play_id":"426db030-baaf-4eb9-9f27-4501fe0bc78e","local_time":"20210221220921","is_ascension_mode":true,"campfire_choices":[{"data":"Chaos","floor":6,"key":"SMITH"},{"floor":8,"key":"REST"},{"floor":12,"key":"REST"},{"data":"Dualcast","floor":15,"key":"SMITH"}],"circlet_count":0,"master_deck":["Strike_B","Strike_B","Strike_B","Defend_B","Defend_B","Defend_B","Defend_B","Zap","Dualcast+1","Steam Power","Chaos+1","Capacitor","Darkness","Lockon+1","Core Surge+1","Double Energy"],"relics":["Velvet Choker","Symbiotic Virus","Molten Egg 2","Shuriken","Gambling Chip","Golden Idol","Philosopher\u0027s Stone"],"acts_visited":["Exordium","TheCity"],"potions_floor_usage":[7,7,11,11,18],"damage_taken":[{"damage":1,"enemies":"Cultist","floor":1,"turns":3},{"damage":7,"enemies":"Jaw Worm","floor":5,"turns":3},{"damage":40,"enemies":"Gremlin Nob","floor":7,"turns":5},{"damage":0,"enemies":"2 Louse","floor":10,"turns":3},{"damage":4,"enemies":"Lagavulin","floor":11,"turns":5},{"damage":18,"enemies":"Large Slime","floor":14,"turns":5},{"damage":41,"enemies":"Slime Boss","floor":16,"turns":10},{"damage":26,"enemies":"2 Thieves","floor":18,"turns":4},{"damage":31,"enemies":"Masked Bandits","floor":20,"turns":4}],"seed_played":"1501811506168747498","potions_obtained":[{"floor":4,"key":"EntropicBrew"},{"floor":7,"key":"LiquidBronze"},{"floor":18,"key":"ColorlessPotion"}],"is_trial":false,"path_per_floor":["M","$","T","?","M","R","E","R","T","M","E","R","?","M","R","B",null,"M","?","?"],"character_chosen":"DEFECT","items_purchased":[],"campfire_rested":2,"item_purchase_floors":[],"current_hp_per_floor":[67,67,67,67,60,60,20,42,42,42,38,60,60,42,42,1,57,31,31,0,0],"gold":357,"neow_bonus":"BOSS_RELIC","is_daily":false,"chose_seed":false,"campfire_upgraded":2,"win_rate":0.0,"timestamp":1613963361,"path_taken":["M","$","?","?","?","R","E","R","T","M","E","R","?","M","R","BOSS","M","?","?"],"items_purchased_type":[],"build_version":"2020-12-22","purchased_purges":1,"victory":false,"max_hp_per_floor":[75,75,75,75,75,75,75,75,75,75,75,75,75,75,75,75,75,75,75,75,75],"relic_stats":{"counters":[9,42],"Shuriken":[1],"Golden Idol":42,"Gambling Chip":[10],"obtain_stats":[{"Shuriken":9,"Golden Idol":13,"Gambling Chip":11,"Velvet Choker":0,"Molten Egg 2":7,"Philosopher\u0027s Stone":17,"Cracked Core":0,"Symbiotic Virus":3},{"Shuriken":3,"Golden Idol":5,"Gambling Chip":5,"Velvet Choker":0,"Molten Egg 2":3,"Philosopher\u0027s Stone":7,"Cracked Core":0,"Symbiotic Virus":1},{"Shuriken":11,"Golden Idol":19,"Gambling Chip":19,"Velvet Choker":0,"Molten Egg 2":11,"Philosopher\u0027s Stone":34,"Cracked Core":0,"Symbiotic Virus":3}]},"card_choices":[{"not_picked":["Streamline","Barrage"],"picked":"Steam Power","floor":1},{"not_picked":["Ball Lightning","Force Field"],"picked":"Chaos","floor":5},{"not_picked":["Ball Lightning+1","Scrape+1"],"picked":"Capacitor","floor":7},{"not_picked":["Leap","Hologram"],"picked":"Darkness","floor":10},{"not_picked":["Hologram","Steam Power","Go for the Eyes+1"],"picked":"SKIP","floor":11},{"not_picked":["Auto Shields","Conserve Battery"],"picked":"Lockon+1","floor":14},{"not_picked":["Creative AI","Hyperbeam+1"],"picked":"Core Surge+1","floor":16},{"not_picked":["Static Discharge","Cold Snap+1"],"picked":"Double Energy","floor":18}],"player_experience":267535,"relics_obtained":[{"floor":3,"key":"Symbiotic Virus"},{"floor":7,"key":"Molten Egg 2"},{"floor":9,"key":"Shuriken"},{"floor":11,"key":"Gambling Chip"}],"event_choices":[{"damage_healed":0,"gold_gain":0,"player_choice":"Bought 1 Potion","damage_taken":0,"max_hp_gain":0,"max_hp_loss":0,"event_name":"The Woman in Blue","floor":4,"gold_loss":0},{"damage_healed":0,"gold_gain":0,"player_choice":"Take Wound","damage_taken":0,"relics_obtained":["Golden Idol"],"max_hp_gain":0,"max_hp_loss":0,"event_name":"Golden Idol","floor":13,"gold_loss":0,"cards_obtained":["Injury"]},{"cards_removed":["Injury"],"damage_healed":0,"gold_gain":0,"player_choice":"Gave Gold","damage_taken":0,"max_hp_gain":0,"max_hp_loss":0,"event_name":"Beggar","floor":19,"gold_loss":75},{"damage_healed":0,"gold_gain":0,"player_choice":"Fought Bandits","damage_taken":0,"max_hp_gain":0,"max_hp_loss":0,"event_name":"Masked Bandits","floor":20,"gold_loss":0}],"is_beta":false,"boss_relics":[{"not_picked":["Coffee Dripper","Snecko Eye"],"picked":"Philosopher\u0027s Stone"}],"items_purged_floors":[2],"is_endless":false,"potions_floor_spawned":[7,10,18],"killed_by":"Masked Bandits","ascension_level":8}}