{"host":"to2s10i0cynxbiqz","time":1613991193,"event":{"mods":["BaseMod","Colored Powertips","Highlight Path","Minty Spire (QoL Compilation)","Quick Restart","StSLib","slay the spire mod where everything is the same but ironclad has a cowboy hat"],"gold_per_floor":[111,36,47,64,81,81,91,91,91,106,86,116,130,146,146,146,146],"floor_reached":16,"language":"ZHS","playtime":661,"items_purged":["Strike_G"],"score":156,"play_id":"87411564-c2fa-4d6a-8f7c-a65dd5b48c64","local_time":"20210222185313","is_ascension_mode":false,"campfire_choices":[{"data":"Outmaneuver","floor":6.0,"key":"SMITH"},{"data":"After Image","floor":8.0,"key":"SMITH"},{"floor":15,"key":"RECALL"}],"circlet_count":0,"master_deck":["Strike_G","Strike_G","Strike_G","Strike_G","Defend_G","Defend_G","Defend_G","Defend_G","Defend_G","Survivor","Neutralize","Backstab","Dash","Outmaneuver+1","Backflip","After Image+1","Acrobatics","Distraction"],"relics":["Runic Pyramid","Meat on the Bone","Gremlin Horn"],"acts_visited":["Exordium"],"potions_floor_usage":[10,12,12],"damage_taken":[{"damage":1.0,"enemies":"2 Louse","floor":1.0,"turns":3.0},{"damage":0.0,"enemies":"Cultist","floor":3.0,"turns":3.0},{"damage":0.0,"enemies":"Small Slimes","floor":4.0,"turns":3.0},{"damage":0.0,"enemies":"3 Louse","floor":5.0,"turns":5.0},{"damage":2.0,"enemies":"Blue Slaver","floor":7.0,"turns":4.0},{"damage":1,"enemies":"Exordium Wildlife","floor":10,"turns":6},{"damage":2,"enemies":"Gremlin Nob","floor":12,"turns":4},{"damage":0,"enemies":"2 Fungi Beasts","floor":13,"turns":4},{"damage":8,"enemies":"Exordium Thugs","floor":14,"turns":8},{"damage":42,"enemies":"Slime Boss","floor":16,"turns":8}],"seed_played":"7144779438630680287","potions_obtained":[{"floor":1.0,"key":"LiquidMemories"},{"floor":3.0,"key":"PowerPotion"},{"floor":4.0,"key":"LiquidMemories"},{"floor":7.0,"key":"GamblersBrew"},{"floor":11,"key":"BlessingOfTheForge"}],"is_trial":false,"path_per_floor":["M","$","M","M","M","R","M","R","T","M","?","E","M","M","R","B"],"character_chosen":"THE_SILENT","items_purchased":[],"campfire_rested":0,"item_purchase_floors":[],"current_hp_per_floor":[69,69,69,69,69,69,67,67,67,66,66,64,64,56,56,14,14],"gold":146,"neow_bonus":"BOSS_RELIC","is_daily":false,"chose_seed":false,"campfire_upgraded":2,"win_rate":0.0,"timestamp":1613991193,"path_taken":["M","$","M","M","M","R","M","R","T","M","?","E","?","M","R","BOSS"],"items_purchased_type":[],"build_version":"2020-12-22","purchased_purges":1,"victory":false,"max_hp_per_floor":[70,70,70,70,70,70,70,70,70,70,70,70,70,70,70,70,70],"card_choices":[{"not_picked":["Prepared","Deflect"],"picked":"Backstab","floor":1.0},{"not_picked":["Blade Dance","Slice"],"picked":"Dash","floor":3.0},{"not_picked":["PiercingWail","Quick Slash"],"picked":"Outmaneuver","floor":4.0},{"not_picked":["Acrobatics","Blade Dance"],"picked":"Backflip","floor":5.0},{"not_picked":["Deadly Poison","Noxious Fumes"],"picked":"After Image","floor":7.0},{"not_picked":["Prepared","Tactician","Dagger Throw"],"picked":"SKIP","floor":10},{"not_picked":["Expertise","Dagger Spray"],"picked":"Acrobatics","floor":12},{"not_picked":["Deadly Poison","Setup","Reflex"],"picked":"SKIP","floor":13},{"not_picked":["Prepared","All Out Attack"],"picked":"Distraction","floor":14}],"player_experience":179319,"relics_obtained":[{"floor":9.0,"key":"Meat on the Bone"},{"floor":12,"key":"Gremlin Horn"}],"event_choices":[{"damage_healed":0,"gold_gain":0,"player_choice":"Bought 1 Potion","damage_taken":0,"max_hp_gain":0,"max_hp_loss":0,"event_name":"The Woman in Blue","floor":11,"gold_loss":0}],"is_beta":false,"boss_relics":[],"items_purged_floors":[2],"is_endless":false,"potions_floor_spawned":[1,3,4,7],"killed_by":"Slime Boss","ascension_level":0}}