{"host":"quiy8wyoisq1qqtn","time":1613974533,"event":{"mods":["BaseMod","Downfall","Minty Spire (QoL Compilation)","StSLib"],"gold_per_floor":[99,99,99,99,99,99,99,99,99,139,164,173,173,173,10,36,143,143,143,162,162,182,32,59,59,59,59,59,86,86,86,86,52,74,181,226,226,250,327,327,62,62,62,62,84,106,106,135,165,165,206,106,106],"floor_reached":54,"language":"ZHS","playtime":7119,"items_purged":["Regret","Slimebound:Replication"],"score":787,"play_id":"358a1535-2502-48cc-b470-b66e57afc6e0","local_time":"20210222141533","is_ascension_mode":false,"campfire_choices":[{"data":"Slimebound:Split","floor":1.0,"key":"SMITH"},{"data":"Slimebound:Schlurp","floor":9.0,"key":"SMITH"},{"data":"Slimebound:Gluttony","floor":14.0,"key":"SMITH"},{"data":"Slimebound:PrepareCrush","floor":19.0,"key":"SMITH"},{"data":"expansioncontent:DashGenerateEvil","floor":27.0,"key":"SMITH"},{"data":"Slimebound:HauntingLick","floor":30.0,"key":"SMITH"},{"data":"Slimebound:Replication","floor":32.0,"key":"SMITH"},{"data":"Slimebound:Repurpose","floor":37.0,"key":"SMITH"},{"data":"expansioncontent:QuickStudy","floor":43.0,"key":"SMITH"},{"data":"Slimebound:OozeBath","floor":47.0,"key":"SMITH"},{"data":"Slimebound:Nibble","floor":50.0,"key":"SMITH"},{"floor":52.0,"key":"RECALL"}],"circlet_count":0,"master_deck":["Slimebound:Tackle","Slimebound:Split+1","Slimebound:CorrosiveSpit","Slimebound:Schlurp+1","Slimebound:ComboTackle","Slimebound:Prepare+1","Slimebound:Gluttony+1","Slimebound:SplitLeeching","expansioncontent:DashGenerateEvil+1","Slimebound:Grow","Slimebound:PrepareCrush+1","Slimebound:Replication+1","Slimebound:HauntingLick+1","Slimebound:DouseInSlime","Slimebound:Repurpose+1","Slimebound:Nibble+1","Slimebound:Prepare+1","Slimebound:WasteNot","Slimebound:Nibble+1","Slimebound:LeechEnergy+1","Slimebound:LeechLife","Slimebound:FormOfPuddle","Slimebound:OozeBath+1","Slimebound:ItLooksTasty","Slimebound:BestDefense","Slimebound:LeechLife","Slimebound:LeechingTouch+1","Slimebound:Prepare+1","expansioncontent:QuickStudy+1","expansioncontent:StudyTheSpire+1","expansioncontent:QuickStudy+1","Purity","Slimebound:TongueLash","Slimebound:LevelUp+1","Parasite","Slimebound:Prepare+1","Slimebound:BestDefense"],"relics":["Slimebound:AbsorbEndCombat","downfall:HeartsMalice","CeramicFish","Mummified Hand","Art of War","WingedGreaves","Mango","Empty Cage","Matryoshka","Boot","Gremlin Horn","Pandora\u0027s Box","Potion Belt","The Courier","PreservedInsect","Eternal Feather","Pear","Slimebound:MaxSlimesRelic","downfall:HeartBlessingGreen"],"acts_visited":["Exordium","TheCity","TheBeyond"],"potions_floor_usage":[],"damage_taken":[{"damage":0.0,"enemies":"Cultist","floor":2.0,"turns":1.0},{"damage":0.0,"enemies":"Jaw Worm","floor":3.0,"turns":1.0},{"damage":0.0,"enemies":"2 Louse","floor":4.0,"turns":1.0},{"damage":7.0,"enemies":"Lagavulin","floor":10.0,"turns":6.0},{"damage":11.0,"enemies":"Red Slaver","floor":11.0,"turns":4.0},{"damage":20.0,"enemies":"downfall:FleeingMerchant","floor":15.0,"turns":4.0},{"damage":0.0,"enemies":"3 Louse","floor":16.0,"turns":2.0},{"damage":33.0,"enemies":"IC_STATUS_ARCHETYPE","floor":17.0,"turns":9.0},{"damage":22.0,"enemies":"3 Byrds","floor":20.0,"turns":4.0},{"damage":1.0,"enemies":"Shell Parasite","floor":22.0,"turns":3.0},{"damage":6.0,"enemies":"downfall:FleeingMerchant","floor":23.0,"turns":4.0},{"damage":22.0,"enemies":"Snake Plant","floor":24.0,"turns":5.0},{"damage":25.0,"enemies":"Cultist and Chosen","floor":29.0,"turns":6.0},{"damage":15.0,"enemies":"downfall:FleeingMerchant","floor":33.0,"turns":4.0},{"damage":18.0,"enemies":"Snecko","floor":34.0,"turns":7.0},{"damage":50.0,"enemies":"DF_ARCHETYPE_CLAW","floor":35.0,"turns":8.0},{"damage":52.0,"enemies":"3 Darklings","floor":38.0,"turns":4.0},{"damage":17.0,"enemies":"downfall:FleeingMerchant","floor":41.0,"turns":4.0},{"damage":1.0,"enemies":"3 Shapes","floor":45.0,"turns":7.0},{"damage":1.0,"enemies":"Spire Growth","floor":46.0,"turns":5.0},{"damage":13.0,"enemies":"Writhing Mass","floor":48.0,"turns":5.0},{"damage":18.0,"enemies":"Nemesis","floor":49.0,"turns":7.0},{"damage":5.0,"enemies":"Reptomancer","floor":51.0,"turns":5.0},{"damage":110,"enemies":"WA_ARCHETYPE_DIVINITY","floor":53,"turns":16}],"seed_played":"-7765907972659551005","potions_obtained":[{"floor":6.0,"key":"downfall:CursedFountainPotion"},{"floor":10.0,"key":"DistilledChaos"},{"floor":11.0,"key":"ColorlessPotion"},{"floor":16.0,"key":"Ancient Potion"},{"floor":24.0,"key":"FairyPotion"},{"floor":35.0,"key":"SkillPotion"},{"floor":46.0,"key":"Swift Potion"},{"floor":48.0,"key":"BlessingOfTheForge"}],"is_trial":false,"path_per_floor":["R","M","M","M","?","?","T","T","R","E","M","?","?","R","$","M","B",null,"R","M","?","M","$","M","T","T","R","?","M","R","?","R","$","M","B",null,"R","M","?","?","$","?","R","T","M","M","R","M","E","R","E","R","B",null],"character_chosen":"SLIMEBOUND","items_purchased":["expansioncontent:DashGenerateEvil","Slimebound:Repurpose","Slimebound:Nibble","PreservedInsect","expansioncontent:QuickStudy","expansioncontent:StudyTheSpire","expansioncontent:QuickStudy","Purity"],"campfire_rested":0,"item_purchase_floors":[15,23,33,41,41,41,41,41],"current_hp_per_floor":[65,65,65,65,65,65,65,65,65,62,57,57,64,64,52,54,29,79,79,63,79,79,79,59,59,59,59,59,42,42,42,42,35,19,9,79,79,57,57,57,52,52,52,52,79,79,79,79,79,89,89,89,9],"gold":106,"neow_bonus":"THREE_ENEMY_KILL","is_daily":false,"chose_seed":false,"campfire_upgraded":11,"win_rate":0.0,"timestamp":1613974533,"path_taken":["R","M","?","M","?","?","T","T","R","E","?","?","?","R","?","M","BOSS","R","M","?","M","$","M","T","T","R","?","M","R","?","R","$","M","BOSS","R","M","?","?","$","?","R","T","M","M","R","?","E","R","E","R","BOSS"],"items_purchased_type":["Card","Card","Card","Relic","Card","Card","Card","Card"],"build_version":"2020-12-22","purchased_purges":2,"victory":true,"max_hp_per_floor":[65,65,65,65,65,65,65,65,65,65,65,65,79,79,79,79,79,79,79,79,79,79,79,79,79,79,79,79,79,79,79,79,79,79,79,79,79,79,79,79,79,79,79,79,79,79,79,79,89,89,89,89,89],"card_choices":[{"not_picked":["Slimebound:TongueLash","Slimebound:FinishingTackle"],"picked":"Slimebound:Schlurp","floor":2.0},{"not_picked":["Slimebound:RejuvenatingLick","Slimebound:Schlurp"],"picked":"Slimebound:ComboTackle","floor":3.0},{"not_picked":["Slimebound:FinishingTackle","Slimebound:ItLooksTasty"],"picked":"Slimebound:Prepare","floor":4.0},{"not_picked":["Slimebound:ComboTackle","Slimebound:LeechingTouch"],"picked":"Slimebound:Gluttony","floor":10.0},{"not_picked":["Slimebound:SamplingLick","Slimebound:BestDefense"],"picked":"Slimebound:Replication","floor":11.0},{"not_picked":["Slimebound:LeechEnergy","Slimebound:LivingWall"],"picked":"Slimebound:SplitLeeching","floor":15.0},{"not_picked":["Slimebound:SlimeSpikes","Slimebound:ViciousTackle"],"picked":"Slimebound:Grow","floor":16.0},{"not_picked":["Slimebound:Overexert","Slimebound:DouseInSlime"],"picked":"Slimebound:PrepareCrush","floor":17.0},{"not_picked":["Slimebound:SplitBruiser","Slimebound:PressTheAttack"],"picked":"Slimebound:Replication","floor":20.0},{"not_picked":["Slimebound:SlimeBrawl","Slimebound:SplitMire"],"picked":"Slimebound:HauntingLick","floor":22.0},{"not_picked":["Slimebound:PressTheAttack","Slimebound:Nibble"],"picked":"Slimebound:DouseInSlime","floor":23.0},{"not_picked":["Slimebound:ComboTackle","Slimebound:LivingWall"],"picked":"Slimebound:Nibble+1","floor":24.0},{"not_picked":["Slimebound:ComboTackle","Slimebound:LivingWall"],"picked":"Slimebound:Prepare+1","floor":29.0},{"not_picked":["Slimebound:LeadByExample","Slimebound:SlimeSpikes"],"picked":"Slimebound:WasteNot","floor":33.0},{"not_picked":["Slimebound:ComboTackle+1","Slimebound:SplitBruiser"],"picked":"Slimebound:LeechEnergy+1","floor":34.0},{"not_picked":["Slimebound:Teamwork","Slimebound:PrepareCrush"],"picked":"Slimebound:LeechLife","floor":35.0},{"not_picked":["Slimebound:SplitAcid+1","Slimebound:LeechEnergy+1"],"picked":"Slimebound:LeechingTouch+1","floor":38.0},{"not_picked":["Slimebound:BestDefense+1","Slimebound:SlimeBarrage+1"],"picked":"Slimebound:Prepare+1","floor":41.0},{"not_picked":["Slimebound:FlameTackle","Slimebound:ItLooksTasty+1"],"picked":"Slimebound:TongueLash","floor":45.0},{"not_picked":["Slimebound:SplitBruiser+1","Slimebound:SamplingLick"],"picked":"Slimebound:LevelUp+1","floor":46.0},{"not_picked":["Slimebound:SplitMire+1","Slimebound:SplitBruiser+1"],"picked":"Slimebound:Prepare+1","floor":48.0},{"not_picked":["Slimebound:HauntingLick","Slimebound:RallyTheTroops","Slimebound:FirmFortitude"],"picked":"SKIP","floor":49.0},{"not_picked":["Slimebound:SamplingLick","Slimebound:ComboTackle+1"],"picked":"Slimebound:BestDefense","floor":51.0}],"player_experience":442662,"relics_obtained":[{"floor":7.0,"key":"CeramicFish"},{"floor":8.0,"key":"Mummified Hand"},{"floor":10.0,"key":"Art of War"},{"floor":25.0,"key":"Matryoshka"},{"floor":26.0,"key":"Boot"},{"floor":26.0,"key":"Gremlin Horn"},{"floor":39.0,"key":"Potion Belt"},{"floor":39.0,"key":"The Courier"},{"floor":44.0,"key":"Eternal Feather"},{"floor":49.0,"key":"Pear"},{"floor":51.0,"key":"Slimebound:MaxSlimesRelic"}],"event_choices":[{"damage_healed":0.0,"max_hp_gain":0.0,"max_hp_loss":0.0,"gold_gain":0.0,"event_name":"Big Fish","player_choice":"Box","floor":12.0,"gold_loss":0.0,"damage_taken":0.0,"relics_obtained":["WingedGreaves"],"cards_obtained":["Regret"]},{"damage_healed":0.0,"max_hp_gain":0.0,"max_hp_loss":0.0,"gold_gain":0.0,"event_name":"Scrap Ooze","player_choice":"Success","floor":13.0,"gold_loss":0.0,"damage_taken":7.0,"relics_obtained":["Mango"]},{"damage_healed":26.0,"max_hp_gain":0.0,"max_hp_loss":0.0,"gold_gain":0.0,"event_name":"The Library","player_choice":"Heal","floor":21.0,"gold_loss":0.0,"damage_taken":0.0},{"damage_healed":0.0,"max_hp_gain":0.0,"max_hp_loss":0.0,"gold_gain":0.0,"event_name":"Ghosts","player_choice":"Ignored","floor":28.0,"gold_loss":0.0,"damage_taken":0.0}],"is_beta":false,"boss_relics":[{"not_picked":["Coffee Dripper","Fusion Hammer"],"picked":"Empty Cage"},{"not_picked":["Sozu","bronze:MakeshiftBattery"],"picked":"Pandora\u0027s Box"}],"items_purged_floors":[23,41],"is_endless":false,"potions_floor_spawned":[10,11,16,24,35,46,48],"ascension_level":0}}