{"host":"gjwzgdilc53yxmt0","time":1613963730,"event":{"mods":["2.2 Compatiblity","BaseMod","Bestiary","Highlight Path","Minty Spire (QoL Compilation)","Relic Stats","StSLib","ojb\u0027s Info Mod"],"gold_per_floor":[110,110,124,142,7,7,40,56,56,83,83,96,127,146,146,146,146],"floor_reached":16,"language":"ENG","playtime":719,"items_purged":[],"score":244,"play_id":"a56191bb-e1d4-49eb-ac3c-89d68f6de774","local_time":"20210221221530","is_ascension_mode":true,"campfire_choices":[{"floor":6.0,"key":"REST"},{"data":"Crippling Poison","floor":15,"key":"SMITH"}],"circlet_count":0,"master_deck":["AscendersBane","Strike_G+1","Strike_G","Strike_G+1","Strike_G","Defend_G","Defend_G","Defend_G","Defend_G","Survivor","Neutralize+1","Flying Knee+1","Burst","Escape Plan","Outmaneuver","Sucker Punch","Unload","Backflip","Tactician","Crippling Poison+1","Cloak And Dagger","Decay","Phantasmal Killer"],"relics":["Ring of the Snake","Whetstone","Singing Bowl","Blood Vial"],"acts_visited":["Exordium"],"potions_floor_usage":[13,13,14],"damage_taken":[{"damage":0.0,"enemies":"2 Louse","floor":1.0,"turns":4.0},{"damage":0.0,"enemies":"Cultist","floor":3.0,"turns":3.0},{"damage":0.0,"enemies":"Jaw Worm","floor":4.0,"turns":5.0},{"damage":24.0,"enemies":"Gremlin Nob","floor":7.0,"turns":4.0},{"damage":7.0,"enemies":"Exordium Wildlife","floor":8.0,"turns":4.0},{"damage":19,"enemies":"3 Sentries","floor":10,"turns":7},{"damage":3,"enemies":"3 Louse","floor":12,"turns":3},{"damage":7,"enemies":"Lagavulin","floor":13,"turns":5},{"damage":2,"enemies":"Red Slaver","floor":14,"turns":3},{"damage":12,"enemies":"Hexaghost","floor":16,"turns":7}],"seed_played":"6366395933870870144","potions_obtained":[{"floor":4.0,"key":"FairyPotion"},{"floor":10,"key":"Block Potion"},{"floor":12,"key":"Fire Potion"},{"floor":13,"key":"DuplicationPotion"}],"is_trial":false,"path_per_floor":["M","?","M","M","$","R","E","M","T","E","?","M","E","M","R","B"],"character_chosen":"THE_SILENT","items_purchased":["Unload","Backflip"],"campfire_rested":1,"item_purchase_floors":[5,5],"current_hp_per_floor":[44,24,24,24,24,43,19,12,12,12,12,11,4,6,6,0,0],"gold":146,"neow_bonus":"TRANSFORM_TWO_CARDS","is_daily":false,"chose_seed":false,"campfire_upgraded":1,"win_rate":0.0,"timestamp":1613963730,"path_taken":["M","?","M","M","$","R","E","M","T","E","?","M","E","M","R","BOSS"],"items_purchased_type":["Card","Card"],"build_version":"2020-12-22","purchased_purges":0,"victory":false,"max_hp_per_floor":[66,66,66,66,66,66,66,66,66,66,66,68,68,70,70,70,70],"relic_stats":{"Blood Vial":4,"Singing Bowl":4,"counters":[10,45],"Whetstone":["Flying Knee","Neutralize"],"obtain_stats":[{"Blood Vial":13,"Singing Bowl":10,"Whetstone":7,"Ring of the Snake":0},{"Blood Vial":8,"Singing Bowl":6,"Whetstone":4,"Ring of the Snake":0},{"Blood Vial":35,"Singing Bowl":27,"Whetstone":16,"Ring of the Snake":0}],"Ring of the Snake":[20]},"card_choices":[{"not_picked":["Acrobatics","Setup"],"picked":"Escape Plan","floor":1.0},{"not_picked":["Dagger Spray","Well Laid Plans"],"picked":"Outmaneuver","floor":3.0},{"not_picked":["Prepared","Backflip"],"picked":"Sucker Punch","floor":4.0},{"not_picked":["Masterful Stab","Infinite Blades"],"picked":"Tactician","floor":7.0},{"not_picked":["Sucker Punch","Bouncing Flask"],"picked":"Crippling Poison","floor":8.0},{"not_picked":["Poisoned Stab","Acrobatics"],"picked":"Cloak And Dagger","floor":10},{"not_picked":["Acrobatics","Flying Knee","Bane"],"picked":"Singing Bowl","floor":12},{"not_picked":["Dagger Spray","Dodge and Roll"],"picked":"Phantasmal Killer","floor":13},{"not_picked":["PiercingWail","Slice","Poisoned Stab"],"picked":"Singing Bowl","floor":14}],"player_experience":4973777,"relics_obtained":[{"floor":7.0,"key":"Whetstone"},{"floor":10,"key":"Singing Bowl"},{"floor":13,"key":"Blood Vial"}],"event_choices":[{"damage_healed":0.0,"max_hp_gain":0.0,"max_hp_loss":0.0,"gold_gain":0.0,"event_name":"Shining Light","player_choice":"Entered Light","floor":2.0,"gold_loss":0.0,"damage_taken":20.0,"cards_upgraded":["Strike_G","Strike_G"]},{"damage_healed":0,"gold_gain":0,"player_choice":"Cursed","damage_taken":0,"max_hp_gain":0,"max_hp_loss":0,"event_name":"Wheel of Change","floor":11,"gold_loss":0,"cards_obtained":["Decay"]}],"is_beta":false,"boss_relics":[],"items_purged_floors":[],"is_endless":false,"potions_floor_spawned":[4,10,12,13],"killed_by":"Hexaghost","ascension_level":20}}