{"host":"2c84cb4cp1emursg","time":1613968251,"event":{"mods":["Act Like it!","BaseMod","Better Third Choice","Bossed Relics","Hermit","Minty Spire (QoL Compilation)","Permanent Neow","Shapeshifter Mod","StSLib"],"gold_per_floor":[368,385,385,285,301,301,301,326,326,342,342,371,323,337,337,337,337],"floor_reached":16,"language":"ENG","playtime":564,"items_purged":["StSShapeShifter:ShapeShifter_Strike"],"score":116,"play_id":"5bb8278c-188b-4693-ae9f-1c00bdb6fd11","local_time":"20210221213051","is_ascension_mode":true,"campfire_choices":[{"data":"StSShapeShifter:Tortoise_Form","floor":6,"key":"SMITH"},{"data":"StSShapeShifter:SunflowerShuriken","floor":11,"key":"SMITH"},{"data":"StSShapeShifter:ReplenishingNectar","floor":15,"key":"SMITH"}],"circlet_count":0,"master_deck":["StSShapeShifter:ShapeShifter_Strike","StSShapeShifter:ShapeShifter_Strike","StSShapeShifter:ShapeShifter_Strike","StSShapeShifter:ShapeShifter_Strike","StSShapeShifter:ShapeShifter_Defend","StSShapeShifter:ShapeShifter_Defend","StSShapeShifter:ShapeShifter_Defend","StSShapeShifter:ShapeShifter_Defend","StSShapeShifter:Tortoise_Form+1","StSShapeShifter:Lynx_Form+1","StSShapeShifter:FlowerShield","StSShapeShifter:Sapling","StSShapeShifter:Maul","StSShapeShifter:Maul","StSShapeShifter:SunflowerShuriken+1","StSShapeShifter:WolfForm","StSShapeShifter:ReplenishingNectar+1"],"relics":["StSShapeShifter:AnimalHeart","StSShapeShifter:TheShapeShiftersMagnolia","StrikeDummy","Toy Ornithopter","betterThird:SlimedRelic"],"acts_visited":["Exordium"],"potions_floor_usage":[16,16],"damage_taken":[{"damage":6,"enemies":"2 Louse","floor":1,"turns":3},{"damage":3,"enemies":"Jaw Worm","floor":2,"turns":6},{"damage":0,"enemies":"Small Slimes","floor":5,"turns":3},{"damage":6,"enemies":"Gremlin Nob","floor":8,"turns":3},{"damage":0,"enemies":"Blue Slaver","floor":10,"turns":3},{"damage":18,"enemies":"3 Sentries","floor":12,"turns":6},{"damage":0,"enemies":"Lots of Slimes","floor":14,"turns":1},{"damage":42,"enemies":"Slime Boss","floor":16,"turns":6}],"seed_played":"-1984055898257397015","potions_obtained":[{"floor":10,"key":"PowerPotion"},{"floor":12,"key":"Strength Potion"}],"is_trial":false,"path_per_floor":["M","M","?","$","M","R","?","E","T","M","R","E","?","M","R","B"],"character_chosen":"SHAPESHIFTER","items_purchased":["StSShapeShifter:Maul"],"campfire_rested":0,"item_purchase_floors":[4],"current_hp_per_floor":[65,62,62,62,62,62,55,49,49,49,49,31,20,20,20,0,0],"gold":337,"neow_bonus":"TWO_FIFTY_GOLD","is_daily":false,"chose_seed":false,"campfire_upgraded":3,"win_rate":0.0,"timestamp":1613968251,"path_taken":["M","M","?","$","M","R","?","E","T","M","R","E","?","M","R","BOSS"],"items_purchased_type":["Card"],"build_version":"2020-12-22","purchased_purges":1,"victory":false,"max_hp_per_floor":[71,71,71,71,71,71,71,71,71,71,71,71,71,71,71,71,71],"card_choices":[{"not_picked":["StSShapeShifter:DeerForm","StSShapeShifter:VineHandcuffs"],"picked":"StSShapeShifter:FlowerShield","floor":1},{"not_picked":["StSShapeShifter:SquirrelForm","StSShapeShifter:Evolution"],"picked":"StSShapeShifter:Sapling","floor":2},{"not_picked":["StSShapeShifter:BladeOfGrass","StSShapeShifter:FallingLeaves"],"picked":"StSShapeShifter:Maul","floor":5},{"not_picked":["StSShapeShifter:BearForm","StSShapeShifter:EntForm"],"picked":"StSShapeShifter:SunflowerShuriken","floor":8},{"not_picked":["StSShapeShifter:MultiSpiritedStrike","StSShapeShifter:BladeOfGrass","StSShapeShifter:VineHandcuffs"],"picked":"SKIP","floor":10},{"not_picked":["StSShapeShifter:MysticalSeed","StSShapeShifter:PoisonIvy"],"picked":"StSShapeShifter:WolfForm","floor":12},{"not_picked":["StSShapeShifter:SquirrelForm","StSShapeShifter:Sapling"],"picked":"StSShapeShifter:ReplenishingNectar","floor":14}],"player_experience":581523,"relics_obtained":[{"floor":8,"key":"StrikeDummy"},{"floor":12,"key":"Toy Ornithopter"}],"event_choices":[{"damage_healed":0,"gold_gain":0,"player_choice":"Grow","damage_taken":0,"max_hp_gain":0,"max_hp_loss":0,"event_name":"Living Wall","floor":3,"gold_loss":0,"cards_upgraded":["StSShapeShifter:Lynx_Form"]},{"cards_removed":["StSShapeShifter:ShapeShifter_Defend"],"damage_healed":0,"gold_gain":0,"player_choice":"Card Removal","damage_taken":7,"max_hp_gain":0,"max_hp_loss":0,"event_name":"Golden Wing","floor":7,"gold_loss":0},{"damage_healed":0,"gold_gain":0,"player_choice":"Slimed","damage_taken":11,"max_hp_gain":0,"max_hp_loss":0,"event_name":"betterThird:BetterGoop","floor":13,"gold_loss":48}],"is_beta":false,"boss_relics":[],"items_purged_floors":[4],"is_endless":false,"potions_floor_spawned":[10,12],"killed_by":"Slime Boss","ascension_level":1}}