{"host":"72n3jwtrlpjobydj","time":1613964111,"event":{"mods":["AchievementEnabler","Act Like it!","Arknights","BaseMod","CapriCore","DeckTracker","Hermit","Koishi","Lobotomy","Marisa£¨Ùöéë¡¡Øª×âÞÞ£©","Minty Spire (QoL Compilation)","Permanent Neow","StSLib","SuperFastMode","The Cursed","The Gatherer","The Hierophant","The Immortal"],"gold_per_floor":[363,15,33,53,65,65,99,99,173,191,112,112,131,147,147,251,251,263,263,22,34,44,44,44,44],"floor_reached":24,"language":"KOR","playtime":699,"items_purged":[],"score":210,"play_id":"bb22f4d5-04b3-4c03-8503-c3e7859bae6a","local_time":"20210222122151","is_ascension_mode":true,"campfire_choices":[{"floor":6,"key":"REST"},{"floor":8,"key":"REST"},{"floor":15,"key":"REST"},{"floor":23,"key":"RECALL"}],"circlet_count":0,"master_deck":["Strike_G","Strike_G","Strike_G","Strike_G","Strike_G","Defend_G","Defend_G","Defend_G","Defend_G","Defend_G","Survivor","Neutralize","Flechettes","Deadly Poison","Backflip","Poisoned Stab","Caltrops","Deflect","Escape Plan","Footwork","Dodge and Roll+1"],"relics":["Ring of the Snake","OrangePellets","Centennial Puzzle","WingedGreaves","Bottled Tornado","Cursed Key","MealTicket","Meat on the Bone"],"acts_visited":["Exordium","TheCity"],"potions_floor_usage":[7,16],"damage_taken":[{"damage":7,"enemies":"Jaw Worm","floor":1,"turns":7},{"damage":2,"enemies":"Small Slimes","floor":3,"turns":3},{"damage":4,"enemies":"Cultist","floor":4,"turns":4},{"damage":10,"enemies":"Looter","floor":5,"turns":3},{"damage":20,"enemies":"3 Sentries","floor":7,"turns":9},{"damage":15,"enemies":"Exordium Thugs","floor":10,"turns":5},{"damage":8,"enemies":"Blue Slaver","floor":13,"turns":3},{"damage":19,"enemies":"Lots of Slimes","floor":14,"turns":4},{"damage":24,"enemies":"Hexaghost","floor":16,"turns":9},{"damage":10,"enemies":"Chosen","floor":18,"turns":5},{"damage":4,"enemies":"Shell Parasite","floor":21,"turns":6},{"damage":9,"enemies":"Shelled Parasite and Fungi","floor":22,"turns":7},{"damage":52,"enemies":"Slavers","floor":24,"turns":6}],"seed_played":"3422066170255292666","potions_obtained":[{"floor":1,"key":"SkillPotion"},{"floor":10,"key":"Energy Potion"},{"floor":18,"key":"Dexterity Potion"}],"is_trial":false,"path_per_floor":["M","$","M","M","M","R","E","R","T","M","$","?","M","M","R","B",null,"M","?","$","M","M","R","E"],"character_chosen":"THE_SILENT","items_purchased":["Deadly Poison","OrangePellets","Centennial Puzzle","Escape Plan","Meat on the Bone"],"campfire_rested":3,"item_purchase_floors":[2,2,2,11,20],"current_hp_per_floor":[56,56,54,50,40,58,38,56,56,41,41,41,33,14,32,8,63,53,53,63,59,50,50,0,0],"gold":44,"neow_bonus":"TWO_FIFTY_GOLD","is_daily":false,"chose_seed":false,"campfire_upgraded":0,"win_rate":0.0,"timestamp":1613964111,"path_taken":["M","$","M","M","M","R","E","R","T","M","$","?","M","M","R","BOSS","M","?","$","M","M","R","E"],"items_purchased_type":["Card","Relic","Relic","Card","Relic"],"build_version":"2020-12-22","purchased_purges":0,"victory":false,"max_hp_per_floor":[63,63,63,63,63,63,63,63,63,63,63,63,63,63,63,63,63,63,63,63,63,63,63,63,63],"card_choices":[{"not_picked":["Tactician","All Out Attack"],"picked":"Flechettes","floor":1},{"not_picked":["Dagger Throw","Tactician"],"picked":"Backflip","floor":3},{"not_picked":["Well Laid Plans","Reflex","Blade Dance"],"picked":"SKIP","floor":4},{"not_picked":["Accuracy","Acrobatics"],"picked":"Poisoned Stab","floor":5},{"not_picked":["Dagger Throw","Expertise"],"picked":"Caltrops","floor":7},{"not_picked":["Setup","Dagger Throw"],"picked":"Deflect","floor":10},{"not_picked":["Well Laid Plans","Backflip"],"picked":"Footwork","floor":13},{"not_picked":["Flying Knee","Quick Slash","Deadly Poison"],"picked":"SKIP","floor":14},{"not_picked":["Prepared","Dagger Spray","Terror"],"picked":"SKIP","floor":18},{"not_picked":["Poisoned Stab","Bane","Bouncing Flask"],"picked":"SKIP","floor":21},{"not_picked":["Flechettes","Heel Hook"],"picked":"Dodge and Roll+1","floor":22}],"player_experience":117631,"relics_obtained":[{"floor":7,"key":"WingedGreaves"},{"floor":9,"key":"Bottled Tornado"}],"event_choices":[{"damage_healed":0,"gold_gain":0,"player_choice":"Ignored","damage_taken":0,"max_hp_gain":0,"max_hp_loss":0,"event_name":"Shining Light","floor":12,"gold_loss":0},{"damage_healed":0,"gold_gain":0,"player_choice":"Opened","damage_taken":0,"relics_obtained":["MealTicket"],"max_hp_gain":0,"max_hp_loss":0,"event_name":"The Mausoleum","floor":19,"gold_loss":0}],"is_beta":false,"boss_relics":[{"not_picked":["Astrolabe","Sozu"],"picked":"Cursed Key"}],"items_purged_floors":[],"is_endless":false,"potions_floor_spawned":[1,10,18],"killed_by":"Slavers","ascension_level":1}}