{"host":"pifa3o3uv2a0m12r","time":1613977068,"event":{"mods":["AchievementEnabler","BaseMod","Colored Map","Minty Spire (QoL Compilation)","StSLib","SuperFastMode"],"gold_per_floor":[114,126,140,153,228,261,273,300,312,341,353,400,426,450,462,474,474],"floor_reached":16,"language":"FRA","playtime":470,"items_purged":[],"score":116,"play_id":"0c8ba60c-256a-4a8e-9104-c53b33de0983","local_time":"20210221205748","is_ascension_mode":false,"campfire_choices":[{"floor":7,"key":"REST"},{"data":"Barricade","floor":15,"key":"SMITH"}],"circlet_count":0,"master_deck":["Strike_R","Strike_R","Strike_R","Strike_R","Defend_R","Defend_R","Defend_R","Defend_R","Bash+1","Shrug It Off","Flame Barrier","Barricade+1","Carnage+1","Feed","Shrug It Off"],"relics":["Burning Blood","NeowsBlessing","MawBank","Whetstone","MealTicket"],"acts_visited":["Exordium"],"potions_floor_usage":[16,16],"damage_taken":[{"damage":0,"enemies":"2 Louse","floor":1,"turns":1},{"damage":0,"enemies":"Jaw Worm","floor":2,"turns":1},{"damage":0,"enemies":"Small Slimes","floor":3,"turns":1},{"damage":1,"enemies":"2 Fungi Beasts","floor":4,"turns":5},{"damage":39,"enemies":"3 Sentries","floor":6,"turns":17},{"damage":9,"enemies":"Looter","floor":8,"turns":4},{"damage":0,"enemies":"Large Slime","floor":10,"turns":5},{"damage":10,"enemies":"Lagavulin","floor":12,"turns":5},{"damage":14,"enemies":"3 Louse","floor":13,"turns":4},{"damage":5,"enemies":"Red Slaver","floor":14,"turns":2},{"damage":42,"enemies":"Hexaghost","floor":16,"turns":16}],"seed_played":"-9059283572359806472","potions_obtained":[{"floor":3,"key":"CultistPotion"},{"floor":4,"key":"BlessingOfTheForge"},{"floor":10,"key":"Block Potion"}],"is_trial":false,"path_per_floor":["M","M","M","M","?","E","R","M","T","M","?","E","M","M","R","B"],"character_chosen":"IRONCLAD","items_purchased":[],"campfire_rested":1,"item_purchase_floors":[],"current_hp_per_floor":[80,80,80,80,69,36,60,57,57,63,56,52,47,51,51,9,9],"gold":474,"neow_bonus":"THREE_ENEMY_KILL","is_daily":false,"chose_seed":false,"campfire_upgraded":1,"win_rate":0.0,"timestamp":1613977068,"path_taken":["M","M","M","M","?","E","R","M","T","M","?","E","M","M","R","BOSS"],"items_purchased_type":[],"build_version":"2020-12-22","purchased_purges":0,"victory":false,"max_hp_per_floor":[80,80,80,80,80,80,80,80,80,80,80,80,83,86,86,86,86],"card_choices":[{"not_picked":["Clash","Havoc"],"picked":"Shrug It Off","floor":1},{"not_picked":["Wild Strike","Anger","Armaments"],"picked":"SKIP","floor":2},{"not_picked":["Warcry","Cleave"],"picked":"Flame Barrier","floor":3},{"not_picked":["Anger","Iron Wave"],"picked":"Barricade","floor":4},{"not_picked":["Entrench","Clothesline"],"picked":"Carnage","floor":6},{"not_picked":["Uppercut","Sword Boomerang","True Grit"],"picked":"SKIP","floor":8},{"not_picked":["Clash","Thunderclap","Headbutt"],"picked":"SKIP","floor":10},{"not_picked":["Cleave","Seeing Red"],"picked":"Feed","floor":12},{"not_picked":["Clash","Twin Strike"],"picked":"Shrug It Off","floor":13},{"not_picked":["Havoc","Armaments","Anger"],"picked":"SKIP","floor":14}],"player_experience":146893,"relics_obtained":[{"floor":6,"key":"MawBank"},{"floor":9,"key":"Whetstone"},{"floor":12,"key":"MealTicket"}],"event_choices":[{"damage_healed":0,"gold_gain":75,"player_choice":"Gather Gold","damage_taken":11,"max_hp_gain":0,"max_hp_loss":0,"event_name":"World of Goop","floor":5,"gold_loss":0},{"cards_removed":["Strike_R"],"damage_healed":0,"gold_gain":0,"player_choice":"Card Removal","damage_taken":7,"max_hp_gain":0,"max_hp_loss":0,"event_name":"Golden Wing","floor":11,"gold_loss":0}],"is_beta":false,"boss_relics":[],"items_purged_floors":[],"is_endless":false,"potions_floor_spawned":[3,4,10,13],"killed_by":"Hexaghost","ascension_level":0}}