{"host":"0y90508114dtmhdq","time":1613996921,"event":{"mods":["BaseMod","Colored Powertips","Luminous","Marisa£®ÏF”Í°°ƒß¿Ì…≥£©","Minty Spire (QoL Compilation)","Reimu£®≤©¿ˆ¡È√Œ£©","Remilia£®¿Ÿ√◊¿Ú—«£©","Replay The Spire","SOS£®Àπ∞Õ¥Ô÷Æ◊”£©","StSLib","Td1madao Mod","The Bug Knight","The Cursed","The Saiyan","The Servant 0.9.4","Warlord Emblem","Youmu£®ªÍ∆«—˝√Œ£©","Yuri Mod"],"gold_per_floor":[109,127,88,98,117,117,133,34,34,54,54,54,54,68,68,171,171,182,288,307,232,232,247,262,309,309,328,328,343,343,343],"floor_reached":30,"language":"ZHS","playtime":2232,"items_purged":[],"score":226,"play_id":"4a68b7fd-74a2-44a4-8683-e91a04750748","local_time":"20210222202841","is_ascension_mode":false,"campfire_choices":[{"data":"HellFireSword","floor":6.0,"key":"SMITH"},{"data":"HumanGodSword","floor":11.0,"key":"SMITH"},{"data":"HumanKnowledgeSword","floor":13.0,"key":"SMITH"},{"floor":15.0,"key":"REST"},{"floor":28,"key":"REST"}],"circlet_count":0,"master_deck":["Strike_YM","Strike_YM","Strike_YM","Strike_YM","Defend_YM","Defend_YM","Defend_YM","Defend_YM","SlashOfPresentWorld","WheelOfPainOfLivingAndDead","HumanGodSword+1","SwordExtraction","HellFireSword+1","SanzenSekai","HumanKnowledgeSword+1","SlashOfMeditation","HumanKnowledgeSword","SlashOfSaigyouSpringWind","TwoHundredYojanaInOneSlash","ThreeKonsSevenHakus","CrescentMoonSlash","SlashOfDelusionalInnerEye","Apotheosis","HeavenGodSword","ConstancyOfTheConventionalTruth+1"],"relics":["HalfPhantom","NeowsBlessing","Nunchaku","Mummified Hand","SacredBark","Pen Nib","Quantum Egg"],"acts_visited":["Exordium","TheCity"],"potions_floor_usage":[29],"damage_taken":[{"damage":0.0,"enemies":"Small Slimes","floor":1.0,"turns":1.0},{"damage":0.0,"enemies":"Cultist","floor":2.0,"turns":1.0},{"damage":0.0,"enemies":"Jaw Worm","floor":4.0,"turns":1.0},{"damage":16.0,"enemies":"3 Louse","floor":5.0,"turns":4.0},{"damage":3.0,"enemies":"2 Fungi Beasts","floor":7.0,"turns":3.0},{"damage":4.0,"enemies":"Looter","floor":10.0,"turns":3.0},{"damage":6.0,"enemies":"Exordium Wildlife","floor":14.0,"turns":2.0},{"damage":9.0,"enemies":"Fading Forest","floor":16.0,"turns":11.0},{"damage":14.0,"enemies":"Spheric Guardian","floor":18.0,"turns":4.0},{"damage":17,"enemies":"2 Thieves","floor":20,"turns":4},{"damage":0,"enemies":"3 Cultists","floor":23,"turns":4},{"damage":18,"enemies":"Shelled Parasite and Fungi","floor":24,"turns":5},{"damage":5,"enemies":"Snecko","floor":27,"turns":6},{"damage":13,"enemies":"Cultist and Chosen","floor":29,"turns":6},{"damage":16,"enemies":"Snake Plant","floor":30,"turns":1}],"seed_played":"-7734044590660147931","potions_obtained":[{"floor":2.0,"key":"Adrenaline Potion"},{"floor":4.0,"key":"SpeedPotion"},{"floor":10.0,"key":"Cursed Concoction"},{"floor":20,"key":"Elixir"},{"floor":24,"key":"Reflective Coating"}],"is_trial":false,"path_per_floor":["M","M","$","M","M","R","M","?","T","M","R","$","R","M","R","B",null,"M","?","M","?","?","M","M","T","T","M","R","M","M"],"character_chosen":"YOUMU","items_purchased":["HellFireSword"],"campfire_rested":2,"item_purchase_floors":[3],"current_hp_per_floor":[75,75,75,75,59,59,56,56,56,52,52,52,52,46,68,59,75,61,43,26,26,26,26,8,8,8,3,25,12,0,0],"gold":343,"neow_bonus":"THREE_ENEMY_KILL","is_daily":false,"chose_seed":false,"campfire_upgraded":3,"win_rate":0.0,"timestamp":1613996921,"path_taken":["M","M","$","M","M","R","M","?","T","M","R","?","R","M","R","BOSS","M","?","M","?","?","M","M","?","T","M","R","M","M"],"items_purchased_type":["Card"],"build_version":"2020-12-22","purchased_purges":0,"victory":false,"max_hp_per_floor":[75,75,75,75,75,75,75,75,75,75,75,75,75,75,75,75,75,75,75,75,75,75,75,75,75,75,75,75,75,75,75],"card_choices":[{"not_picked":["ThreeKonsSevenHakus","CrescentMoonSlash"],"picked":"HumanGodSword","floor":1.0},{"not_picked":["KarmicPunishmentOfTheIdleAndUnfocused","TwoHundredYojanaInOneSlash"],"picked":"SwordExtraction","floor":2.0},{"not_picked":["SlashOfMeditation","DispleasureOfTheSevenHakus"],"picked":"SanzenSekai","floor":4.0},{"not_picked":["LowerRealmReflectionSlash","FlashingScatteredFlowers"],"picked":"HumanKnowledgeSword","floor":5.0},{"not_picked":["PhosphoricSlash","SlashClearingTheSixSenses"],"picked":"SlashOfMeditation","floor":7.0},{"not_picked":["SanzenSekai","PhosphoricSlash"],"picked":"HumanKnowledgeSword","floor":10.0},{"not_picked":["BizarrenessOfSixRealms","FlashingScatteredFlowers"],"picked":"HiganSword","floor":14.0},{"not_picked":["CelestialStarSword","CherryBlossomSword"],"picked":"SlashOfSaigyouSpringWind","floor":16.0},{"not_picked":["PretaSword","SpiritCuttingSword"],"picked":"TwoHundredYojanaInOneSlash","floor":18.0},{"not_picked":["HellGodSword","SpiritCuttingSword"],"picked":"ThreeKonsSevenHakus","floor":19},{"not_picked":["SwordOfBindingDesires","HellGodSword"],"picked":"CrescentMoonSlash","floor":19},{"not_picked":["EchoesOfTheInclemencyOfAllBeings","HeartExcerptSlash"],"picked":"SlashOfDelusionalInnerEye","floor":20},{"not_picked":["HumanKnowledgeSword","PreachingAvici"],"picked":"HeavenGodSword","floor":23},{"not_picked":["HumanRealmSword","TwoHundredYojanaInOneSlash+1"],"picked":"ConstancyOfTheConventionalTruth+1","floor":24},{"not_picked":["SwordExtraction","SlashOfMeditation","PretaSword"],"picked":"SKIP","floor":27},{"not_picked":["PhosphoricSlash","SlashClearingTheSixSenses","TwoHundredYojanaInOneSlash+1"],"picked":"SKIP","floor":29}],"player_experience":27863,"relics_obtained":[{"floor":9.0,"key":"Mummified Hand"},{"floor":25,"key":"Pen Nib"},{"floor":26,"key":"Quantum Egg"}],"event_choices":[{"damage_healed":0.0,"max_hp_gain":0.0,"max_hp_loss":0.0,"gold_gain":0.0,"event_name":"WeMeetAgain","player_choice":"Paid Gold","floor":8.0,"gold_loss":99.0,"damage_taken":0.0,"relics_obtained":["Nunchaku"]},{"cards_removed":["HiganSword"],"damage_healed":0,"gold_gain":0,"player_choice":"Gave Gold","damage_taken":0,"max_hp_gain":0,"max_hp_loss":0,"event_name":"Beggar","floor":21,"gold_loss":75}],"is_beta":false,"boss_relics":[{"not_picked":["Calling Bell","Replay:Drink Me"],"picked":"SacredBark"}],"items_purged_floors":[],"is_endless":false,"potions_floor_spawned":[2,4,10,20,24,27],"killed_by":"Snake Plant","ascension_level":0}}