{"host":"saki","time":1613998051,"event":{"mods":["ATMod(°¢èªMod)","BaseMod","Energized Spire","Koishi","Marisa£¨ìFÓê¡¡Ä§ÀíÉ³£©","Minty Spire (QoL Compilation)","Nova Terra(ÅµÍÞ¡¤Ì©À­)","Quick Restart","Reimu£¨²©ÀöÁéÃÎ£©","StSLib","TestMod","The Runesmith","Waifu the Spire","Youmu£¨»êÆÇÑýÃÎ£©","Yuyuko","[GremlinLeader]The Maniac","¡¾ÒÅÎï¿¨ÅÆ¡¿REMEMod"],"gold_per_floor":[111,123,123,123,123,149,149,177,177,188,188,201,219,231,231,326,326,336,347,359,377,377,405,405,103,103,103,128,128,128],"floor_reached":29,"language":"ZHS","playtime":1170,"items_purged":["Strike_YM"],"score":300,"play_id":"e58955a8-848b-4d64-8e10-f113438bb8be","local_time":"20210222204731","is_ascension_mode":false,"campfire_choices":[{"data":"AT_CaressingTears","floor":7,"key":"SMITH"},{"data":"HumanGodSword","floor":11,"key":"SMITH"},{"data":"FiveSignsOfTheDyingDeva","floor":15,"key":"SMITH"},{"data":"SuddenPhantomFormationSlashOfKarmicWind","floor":24,"key":"SMITH"}],"circlet_count":0,"master_deck":["Strike_YM","Defend_YM","Defend_YM","Defend_YM","Defend_YM","SlashOfPresentWorld+1","WheelOfPainOfLivingAndDead","AT_CaressingTears+1","VoidnessSword+1","SlashOfAscensionToBuddhahood","HumanGodSword+1","FiveSignsOfTheDyingDeva+1","HeavenlyHaloSlash","AsuraSword","FiveSignsOfTheDyingDeva","SuddenPhantomFormationSlashOfKarmicWind+1","SanzenSekai+1","REME_PuzzleBox","HiganSword","OctopathSalyBorderN:ReiMu","SlashOfTheEternalFuture","CherryBlossomSword","HeavenGodSword"],"relics":["HalfPhantom","testmod-TestBox","AT_ATBox","REME_ComplimentaryCards","testmod-ArcanaOfDestiny","NeowsBlessing","AT_TimeSand","Roukanken","Potion Belt","testmod-HeartOfDaVinci","energizedSpire:MagnifyingGlass","testmod-BouquetWithThorns","BodyOfKamiR:ReiMu","Tiny Chest"],"acts_visited":["Exordium","TheCity"],"potions_floor_usage":[29,29,29,29],"damage_taken":[{"damage":0,"enemies":"2 Louse","floor":1,"turns":1},{"damage":0,"enemies":"Small Slimes","floor":2,"turns":2},{"damage":0,"enemies":"Gremlin Nob","floor":6,"turns":1},{"damage":9,"enemies":"3 Sentries","floor":8,"turns":3},{"damage":3,"enemies":"Jaw Worm","floor":10,"turns":2},{"damage":0,"enemies":"Gremlin Gang","floor":12,"turns":2},{"damage":2,"enemies":"Looter","floor":13,"turns":2},{"damage":0,"enemies":"2 Fungi Beasts","floor":14,"turns":3},{"damage":12,"enemies":"Hexaghost","floor":16,"turns":4},{"damage":1,"enemies":"Spheric Guardian","floor":18,"turns":2},{"damage":0,"enemies":"3 Byrds","floor":19,"turns":3},{"damage":1,"enemies":"Sentry and Sphere","floor":20,"turns":3},{"damage":3,"enemies":"Chosen and Byrds","floor":21,"turns":3},{"damage":1,"enemies":"Book of Stabbing","floor":23,"turns":2},{"damage":21,"enemies":"REME_1_Revenger","floor":28,"turns":3},{"damage":12,"enemies":"Colosseum Slavers","floor":29,"turns":2},{"damage":1,"enemies":"Colosseum Nobs","floor":29,"turns":3}],"seed_played":"-3979090242516479938","potions_obtained":[{"floor":1,"key":"SpeedPotion"},{"floor":2,"key":"GrandPatriotsElixir:ReiMu"},{"floor":6,"key":"AttackPotion"},{"floor":8,"key":"Energy Potion"},{"floor":16,"key":"BlessingOfTheForge"}],"is_trial":false,"path_per_floor":["M","M","?","?","T","E","R","E","T","M","R","M","M","M","R","B",null,"M","M","M","M","?","E","R","$","T","?","E","?"],"character_chosen":"YOUMU","items_purchased":["REME_PuzzleBox","HiganSword"],"campfire_rested":0,"item_purchase_floors":[25,25],"current_hp_per_floor":[75,75,75,60,60,60,60,59,59,56,56,56,54,54,54,42,75,74,74,75,72,72,71,71,71,71,71,50,0,0],"gold":128,"neow_bonus":"THREE_ENEMY_KILL","is_daily":false,"chose_seed":false,"campfire_upgraded":4,"win_rate":0.0,"timestamp":1613998051,"path_taken":["M","M","?","?","?","E","R","E","T","M","R","M","M","M","R","BOSS","M","M","?","M","?","E","R","$","T","?","E","?"],"items_purchased_type":["Card","Card"],"build_version":"2020-12-18","purchased_purges":1,"victory":false,"max_hp_per_floor":[75,75,75,75,75,75,75,75,75,75,75,75,75,75,75,75,75,75,75,75,75,75,75,75,75,75,75,75,75,75],"card_choices":[{"not_picked":["FlashingScatteredFlowers","SanzenSekai","LowerRealmReflectionSlash"],"picked":"SKIP","floor":1},{"not_picked":["WickedSoul","SlashOfMeditation","SpiritCuttingSword"],"picked":"SKIP","floor":2},{"not_picked":["FantasyOfEnteringEnlightenment","SlashOfSaigyouSpringWind"],"picked":"SlashOfAscensionToBuddhahood","floor":6},{"not_picked":["FantasyOfEnteringEnlightenment","CrescentMoonSlash"],"picked":"HumanGodSword","floor":8},{"not_picked":["LowerRealmReflectionSlash","SwordOfBindingDesires","SwordExtraction"],"picked":"SKIP","floor":10},{"not_picked":["LowerRealmReflectionSlash","SwordOfBindingDesires","SwordExtraction"],"picked":"SKIP","floor":10},{"not_picked":["ThreeKonsSevenHakus","SpiritCuttingSword"],"picked":"FiveSignsOfTheDyingDeva","floor":12},{"not_picked":["ThreeKonsSevenHakus","SpiderLilyBurial","CelestialStarSword"],"picked":"SKIP","floor":13},{"not_picked":["TwoHundredYojanaInOneSlash","LowerRealmReflectionSlash"],"picked":"HeavenlyHaloSlash","floor":14},{"not_picked":["DeadlyForm","CelestialStarSword"],"picked":"AsuraSword","floor":16},{"not_picked":["CherryBlossomFlashing","SwordOfBindingDesires","SlashOfMeditation+1"],"picked":"SKIP","floor":18},{"not_picked":["GhostSword","PhosphoricSlash","SwordOfBindingDesires+1"],"picked":"SKIP","floor":19},{"not_picked":["LightFlashOfTheNetherworld","SwordOfBindingDesires","FlashingScatteredFlowers"],"picked":"SKIP","floor":20},{"not_picked":["CrescentMoonSlash","SwordOfBindingDesires"],"picked":"FiveSignsOfTheDyingDeva","floor":21},{"not_picked":["SpiritMediumsBind","SwordOfBindingDesires"],"picked":"SanzenSekai+1","floor":23},{"not_picked":["SlashOfDepartureFromHesitation","TwoHundredYojanaInOneSlash"],"picked":"HeavenGodSword","floor":28}],"player_experience":327267,"relics_obtained":[{"floor":5,"key":"AT_TimeSand"},{"floor":6,"key":"Roukanken"},{"floor":8,"key":"Potion Belt"},{"floor":9,"key":"testmod-HeartOfDaVinci"},{"floor":23,"key":"testmod-BouquetWithThorns"},{"floor":26,"key":"BodyOfKamiR:ReiMu"},{"floor":28,"key":"Tiny Chest"}],"event_choices":[{"damage_healed":0,"gold_gain":0,"player_choice":"Ignored","damage_taken":0,"max_hp_gain":0,"max_hp_loss":0,"event_name":"¸ø×Ô¼ºµÄºÐ×Ó","floor":3,"gold_loss":0},{"damage_healed":0,"gold_gain":0,"player_choice":"Entered Light","damage_taken":15,"max_hp_gain":0,"max_hp_loss":0,"event_name":"Shining Light","floor":4,"gold_loss":0,"cards_upgraded":["VoidnessSword","SlashOfPresentWorld"]},{"damage_healed":0,"gold_gain":0,"player_choice":"Read","damage_taken":0,"max_hp_gain":0,"max_hp_loss":0,"event_name":"The Library","floor":22,"gold_loss":0,"cards_obtained":["SuddenPhantomFormationSlashOfKarmicWind"]},{"damage_healed":0,"gold_gain":0,"cards_transformed":["Strike_YM","Strike_YM"],"player_choice":"Became Test Subject","damage_taken":0,"max_hp_gain":0,"max_hp_loss":0,"event_name":"Drug Dealer","floor":27,"gold_loss":0,"cards_obtained":["SlashOfTheEternalFuture","CherryBlossomSword"]},{"damage_healed":0,"gold_gain":0,"player_choice":"Fight","damage_taken":0,"max_hp_gain":0,"max_hp_loss":0,"event_name":"Colosseum","floor":29,"gold_loss":0},{"damage_healed":0,"gold_gain":0,"player_choice":"Fought Nobs","damage_taken":0,"max_hp_gain":0,"max_hp_loss":0,"event_name":"Colosseum","floor":29,"gold_loss":0}],"is_beta":true,"boss_relics":[{"not_picked":["energizedSpire:RedRose","testmod-PortableAltar"],"picked":"energizedSpire:MagnifyingGlass"}],"items_purged_floors":[25],"is_endless":false,"potions_floor_spawned":[1,2,6,8,16,19,20,28,29],"killed_by":"Colosseum Nobs","ascension_level":0}}