{"host":"snampf0t8p8psf53","time":1613972546,"event":{"mods":["AchievementEnabler","BaseMod","Bestiary","DeckTracker","Minty Spire (QoL Compilation)","Permanent Neow","SuperFastMode"],"gold_per_floor":[118,137,147,167,167,195,195,221,221,555,588,298,330,346,346,444,444,454,454,257,268,281,309,338,372,372,400,400,435,435,202,202,300,300,316,326,33,33,45,99,126,137,149,193,123,123,123],"floor_reached":46,"language":"ENG","playtime":3397,"items_purged":[],"score":819,"play_id":"dddc77c5-c923-423a-b121-f7eff4c9ca5c","local_time":"20210221214226","daily_mods":["Vintage","Diverse","Colorless Cards","Heirloom","Time Dilation","Flight","DeadlyEvents","Elite Swarm"],"is_ascension_mode":false,"campfire_choices":[{"floor":7.0,"key":"REST"},{"floor":15.0,"key":"REST"},{"floor":28.0,"key":"REST"},{"data":"Venomology","floor":30.0,"key":"SMITH"},{"data":"Seek","floor":32.0,"key":"SMITH"}],"circlet_count":0,"master_deck":["Demon Form","Wraith Form v2","Echo Form","DevaForm","Strike_R","Strike_R","Strike_R","Strike_R","Strike_R","Defend_R","Defend_R","Defend_R","Defend_R","Reaper","Secret Weapon","Demon Form","Demon Form","Seek+1","PiercingWail+1","Demon Form","Seek+1","Adrenaline","Venomology+1","Bandage Up","Seek","After Image+1","Parasite","Echo Form+1","Dramatic Entrance"],"relics":["Unceasing Top","Mango","Darkstone Periapt","StrikeDummy","Question Card","Dead Branch","Pear","Gremlin Horn","InkBottle","Old Coin","PreservedInsect","TungstenRod","Pantograph","Shuriken","SlaversCollar","Torii","Medical Kit","Bottled Flame","Bottled Lightning","StoneCalendar","Eternal Feather","Du-Vu Doll","Frozen Egg 2","War Paint","Magic Flower","Orichalcum","Fusion Hammer","Blue Candle","Girya","Ice Cream","White Beast Statue","Peace Pipe","Art of War","MawBank","Boot","Meat on the Bone"],"acts_visited":["Exordium","TheCity","TheBeyond"],"potions_floor_usage":[44,44,46,46],"damage_taken":[{"damage":19.0,"enemies":"Small Slimes","floor":1.0,"turns":4.0},{"damage":7.0,"enemies":"Cultist","floor":2.0,"turns":4.0},{"damage":14.0,"enemies":"Jaw Worm","floor":3.0,"turns":4.0},{"damage":18.0,"enemies":"3 Louse","floor":4.0,"turns":5.0},{"damage":24.0,"enemies":"3 Sentries","floor":6.0,"turns":6.0},{"damage":16.0,"enemies":"Gremlin Nob","floor":8.0,"turns":5.0},{"damage":1.0,"enemies":"Lagavulin","floor":10.0,"turns":6.0},{"damage":8.0,"enemies":"Gremlin Nob","floor":11.0,"turns":4.0},{"damage":27.0,"enemies":"3 Sentries","floor":13.0,"turns":8.0},{"damage":8.0,"enemies":"Lots of Slimes","floor":14.0,"turns":2.0},{"damage":3.0,"enemies":"Hexaghost","floor":16.0,"turns":6.0},{"damage":8.0,"enemies":"Chosen","floor":18.0,"turns":7.0},{"damage":24.0,"enemies":"2 Thieves","floor":21.0,"turns":5.0},{"damage":22.0,"enemies":"Cultist and Chosen","floor":22.0,"turns":7.0},{"damage":6.0,"enemies":"Gremlin Leader","floor":23.0,"turns":4.0},{"damage":21.0,"enemies":"Book of Stabbing","floor":24.0,"turns":5.0},{"damage":38.0,"enemies":"Gremlin Leader","floor":25.0,"turns":4.0},{"damage":64.0,"enemies":"Slavers","floor":27.0,"turns":6.0},{"damage":45.0,"enemies":"Book of Stabbing","floor":29.0,"turns":6.0},{"damage":80.0,"enemies":"Automaton","floor":33.0,"turns":10.0},{"damage":32.0,"enemies":"3 Shapes","floor":35.0,"turns":5.0},{"damage":50.0,"enemies":"Orb Walker","floor":36.0,"turns":6.0},{"damage":39.0,"enemies":"4 Shapes","floor":39.0,"turns":5.0},{"damage":31.0,"enemies":"Nemesis","floor":40.0,"turns":5.0},{"damage":13.0,"enemies":"Giant Head","floor":41.0,"turns":7.0},{"damage":25.0,"enemies":"Writhing Mass","floor":42.0,"turns":6.0},{"damage":55,"enemies":"Nemesis","floor":44,"turns":5},{"damage":75,"enemies":"Reptomancer","floor":46,"turns":2}],"seed_played":"-4154283114590050712","potions_obtained":[{"floor":1.0,"key":"Block Potion"},{"floor":8.0,"key":"LiquidBronze"},{"floor":13.0,"key":"HeartOfIron"},{"floor":14.0,"key":"Swift Potion"},{"floor":18.0,"key":"FearPotion"},{"floor":24.0,"key":"LiquidMemories"},{"floor":25.0,"key":"Block Potion"},{"floor":35.0,"key":"Block Potion"},{"floor":40.0,"key":"Swift Potion"},{"floor":41.0,"key":"BloodPotion"},{"floor":42.0,"key":"ColorlessPotion"}],"is_trial":true,"path_per_floor":["M","M","M","M","$","E","R","E","T","E","E","$","E","M","R","B",null,"M","?","$","M","M","E","E","E","T","E","R","E","R","$","R","B",null,"M","M","$","$","M","E","E","M","T","E","$","E"],"character_chosen":"IRONCLAD","items_purchased":["TungstenRod","Medical Kit","PiercingWail","Bandage Up","Orichalcum","Ice Cream","Dramatic Entrance"],"campfire_rested":3,"item_purchase_floors":[12,20,20,31,31,37,45],"current_hp_per_floor":[75,68,54,36,36,22,53,37,37,36,38,38,32,44,75,97,104,104,104,104,83,93,104,83,69,69,42,85,61,73,73,85,30,104,84,76,76,76,104,104,104,91,91,75,75,0,0],"gold":123,"neow_bonus":"","is_daily":false,"chose_seed":false,"campfire_upgraded":2,"win_rate":0.0,"timestamp":1613972546,"path_taken":["M","M","M","M","$","E","R","E","T","E","E","$","E","M","R","BOSS","M","?","$","M","M","E","E","E","T","E","R","E","R","$","R","BOSS","M","M","$","$","M","E","E","M","T","E","$","E"],"items_purchased_type":["Relic","Relic","Card","Card","Relic","Relic","Card"],"build_version":"2020-12-22","purchased_purges":0,"victory":false,"max_hp_per_floor":[94,94,94,94,94,104,104,104,104,104,104,104,104,104,104,104,104,104,104,104,104,104,104,104,104,104,104,104,104,104,104,104,104,104,104,104,104,104,104,104,104,110,110,110,110,110,110],"card_choices":[{"not_picked":["HandOfGreed","Doppelganger","Rainbow"],"picked":"Reaper","floor":6.0},{"not_picked":["Multi-Cast","Sadistic Nature","Night Terror","Panache"],"picked":"SKIP","floor":8.0},{"not_picked":["Juggernaut","Rainbow","Panache"],"picked":"Secret Weapon","floor":10.0},{"not_picked":["Thinking Ahead","Fiend Fire","Sadistic Nature"],"picked":"Demon Form","floor":11.0},{"not_picked":["DevaForm","Master of Strategy","Thunder Strike"],"picked":"Demon Form","floor":13.0},{"not_picked":["Tools of the Trade","Double Tap","Apotheosis"],"picked":"Seek","floor":16.0},{"not_picked":["Brilliance","Transmutation","Chrysalis","Violence"],"picked":"SKIP","floor":23.0},{"not_picked":["Rainbow","Sadistic Nature","Mayhem"],"picked":"Demon Form","floor":24.0},{"not_picked":["Amplify","Juggernaut","Bludgeon"],"picked":"Seek","floor":25.0},{"not_picked":["Brutality+1","Demon Form+1","Phantasmal Killer"],"picked":"Adrenaline","floor":27.0},{"not_picked":["ConjureBlade","Phantasmal Killer","Fission"],"picked":"Venomology","floor":29.0},{"not_picked":["Bullet Time","Multi-Cast","The Bomb"],"picked":"Seek","floor":33.0},{"not_picked":["Bullet Time","Malaise","Metamorphosis","Judgement"],"picked":"SKIP","floor":40.0},{"not_picked":["Limit Break","Meteor Strike","Biased Cognition+1"],"picked":"After Image+1","floor":41.0},{"not_picked":["Alpha","Burst","Transmutation"],"picked":"Echo Form+1","floor":44}],"player_experience":161580,"relics_obtained":[{"floor":1.0,"key":"Darkstone Periapt"},{"floor":2.0,"key":"StrikeDummy"},{"floor":3.0,"key":"Question Card"},{"floor":4.0,"key":"Dead Branch"},{"floor":6.0,"key":"Pear"},{"floor":8.0,"key":"Gremlin Horn"},{"floor":9.0,"key":"InkBottle"},{"floor":10.0,"key":"Old Coin"},{"floor":11.0,"key":"PreservedInsect"},{"floor":13.0,"key":"Pantograph"},{"floor":14.0,"key":"Shuriken"},{"floor":18.0,"key":"Torii"},{"floor":21.0,"key":"Bottled Flame"},{"floor":22.0,"key":"Bottled Lightning"},{"floor":23.0,"key":"StoneCalendar"},{"floor":24.0,"key":"Eternal Feather"},{"floor":25.0,"key":"Du-Vu Doll"},{"floor":26.0,"key":"Frozen Egg 2"},{"floor":27.0,"key":"War Paint"},{"floor":29.0,"key":"Magic Flower"},{"floor":35.0,"key":"Blue Candle"},{"floor":36.0,"key":"Girya"},{"floor":39.0,"key":"White Beast Statue"},{"floor":40.0,"key":"Peace Pipe"},{"floor":41.0,"key":"Art of War"},{"floor":42.0,"key":"MawBank"},{"floor":43,"key":"Boot"},{"floor":44,"key":"Meat on the Bone"}],"event_choices":[{"cards_removed":["Bash"],"damage_healed":0.0,"max_hp_gain":0.0,"max_hp_loss":0.0,"gold_gain":0.0,"event_name":"Purifier","player_choice":"Purged","floor":19.0,"gold_loss":0.0,"damage_taken":0.0}],"is_beta":false,"boss_relics":[{"not_picked":["Tiny House","Calling Bell"],"picked":"SlaversCollar"},{"not_picked":["Velvet Choker","Runic Pyramid"],"picked":"Fusion Hammer"}],"items_purged_floors":[],"is_endless":true,"potions_floor_spawned":[1,8,13,14,18,22,24,25,35,40,41,42,44],"killed_by":"Reptomancer","ascension_level":0}}