{"host":"dlqyscxstsnu98l1","time":1613959318,"event":{"mods":["AchievementEnabler","BaseMod","Colored Map","Colored Powertips","GifTheSpireLib","Highlight Path","Minty Spire (QoL Compilation)","Random Character Button","SacredBarkPlus","StSLib","everything is the same but u backflip on backflip"],"gold_per_floor":[117,129,145,145,220,220,249,264,264,264,264,274,292,327,327,427,427,445,462,476,476,490,522,522,556,556,590,689,247,247,257,257,361,361,377,395,409,114,336,361,361,395,395,365,92,109,109,124,124,124,124,124,74,108,108,108],"floor_reached":55,"language":"ENG","playtime":3301,"items_purged":["Strike_B","Strike_B","Strike_B","Strike_B"],"score":1035,"play_id":"b1741765-9937-4955-ac73-bfffeeaef19b","local_time":"20210221200158","is_ascension_mode":true,"campfire_choices":[{"floor":6,"key":"REST"},{"floor":11,"key":"REST"},{"floor":15,"key":"REST"},{"floor":24,"key":"REST"},{"floor":30,"key":"REST"},{"floor":32,"key":"REST"},{"floor":41,"key":"RECALL"},{"floor":47,"key":"REST"},{"floor":49,"key":"REST"},{"floor":52,"key":"REST"}],"circlet_count":0,"master_deck":["Defend_B","Defend_B","Defend_B","Defend_B","Zap","Dualcast","Cold Snap","Coolheaded+1","Cold Snap+1","Leap","Conserve Battery","Genetic Algorithm","Leap","Echo Form","Barrage","Lockon+1","Self Repair","Sweeping Beam","Turbo+1","Redo+1","Glacier","Ball Lightning","Biased Cognition","Electrodynamics","Glacier","Compile Driver","Consume+1","Turbo+1","Consume+1","Seek","Coolheaded+1","Darkness+1"],"relics":["Cracked Core","Thread and Needle","Cables","HornCleat","Smiling Mask","Fusion Hammer","Question Card","Boot","Red Mask","OrangePellets","Inserter","Kunai","Anchor","Bottled Tornado","Ginger","ClockworkSouvenir","Pear"],"acts_visited":["Exordium","TheCity","TheBeyond","TheEnding"],"potions_floor_usage":[16,16,23,23,27,33,33,33,42,46,46],"damage_taken":[{"damage":0,"enemies":"Small Slimes","floor":1,"turns":3},{"damage":2,"enemies":"2 Louse","floor":2,"turns":2},{"damage":0,"enemies":"Cultist","floor":3,"turns":4},{"damage":17,"enemies":"Gremlin Nob","floor":7,"turns":4},{"damage":5,"enemies":"3 Louse","floor":8,"turns":3},{"damage":0,"enemies":"Large Slime","floor":12,"turns":6},{"damage":0,"enemies":"Looter","floor":13,"turns":4},{"damage":0,"enemies":"3 Sentries","floor":14,"turns":10},{"damage":36,"enemies":"Slime Boss","floor":16,"turns":15},{"damage":5,"enemies":"3 Byrds","floor":18,"turns":7},{"damage":0,"enemies":"Shell Parasite","floor":19,"turns":7},{"damage":5,"enemies":"Snecko","floor":20,"turns":7},{"damage":10,"enemies":"Centurion and Healer","floor":22,"turns":6},{"damage":55,"enemies":"Slavers","floor":23,"turns":11},{"damage":12,"enemies":"Book of Stabbing","floor":25,"turns":7},{"damage":15,"enemies":"Masked Bandits","floor":27,"turns":4},{"damage":8,"enemies":"Snake Plant","floor":31,"turns":8},{"damage":36,"enemies":"Automaton","floor":33,"turns":14},{"damage":2,"enemies":"Orb Walker","floor":35,"turns":4},{"damage":8,"enemies":"3 Shapes","floor":36,"turns":5},{"damage":9,"enemies":"Sphere and 2 Shapes","floor":37,"turns":4},{"damage":0,"enemies":"Giant Head","floor":40,"turns":7},{"damage":18,"enemies":"Nemesis","floor":42,"turns":8},{"damage":0,"enemies":"4 Shapes","floor":46,"turns":5},{"damage":0,"enemies":"Maw","floor":48,"turns":7},{"damage":4,"enemies":"Time Eater","floor":50,"turns":16},{"damage":24,"enemies":"Shield and Spear","floor":54,"turns":9},{"damage":64,"enemies":"The Heart","floor":55,"turns":9}],"seed_played":"3377726203860470138","potions_obtained":[{"floor":1,"key":"CultistPotion"},{"floor":8,"key":"Dexterity Potion"},{"floor":13,"key":"AttackPotion"},{"floor":16,"key":"Strength Potion"},{"floor":18,"key":"Swift Potion"},{"floor":23,"key":"Fire Potion"},{"floor":27,"key":"Block Potion"},{"floor":33,"key":"AttackPotion"},{"floor":36,"key":"PowerPotion"},{"floor":37,"key":"Energy Potion"},{"floor":44,"key":"Fire Potion"},{"floor":46,"key":"FearPotion"},{"floor":48,"key":"SteroidPotion"}],"is_trial":false,"path_per_floor":["M","M","M","?","?","R","E","M","T","?","R","M","M","E","R","B",null,"M","M","M","?","M","E","R","E","T","?","?","$","R","M","R","B",null,"M","M","M","$","?","E","R","E","T","?","$","M","R","M","R","B",null,"R","$","E","B"],"character_chosen":"DEFECT","items_purchased":["OrangePellets","Glacier","Ball Lightning","DistilledChaos","LiquidMemories","Kunai","ClockworkSouvenir","Seek"],"campfire_rested":9,"item_purchase_floors":[29,29,29,29,29,38,45,45],"current_hp_per_floor":[50,48,48,33,22,44,27,22,22,22,44,44,44,44,66,30,64,59,59,54,75,65,17,39,34,34,19,19,19,41,47,69,40,66,64,56,54,54,54,61,61,57,57,57,57,71,75,75,75,75,75,75,75,61,0,0],"gold":108,"neow_bonus":"ONE_RARE_RELIC","is_daily":false,"chose_seed":false,"campfire_upgraded":0,"win_rate":0.0,"timestamp":1613959318,"path_taken":["M","M","M","?","?","R","E","M","T","?","R","M","M","E","R","BOSS","M","M","?","?","M","E","R","E","T","?","?","$","R","M","R","BOSS","M","M","M","$","?","E","R","E","T","?","$","M","R","?","R","BOSS","R","$","E","BOSS"],"items_purchased_type":["Relic","Card","Card","Potion","Potion","Relic","Relic","Card"],"build_version":"2020-12-22","purchased_purges":4,"victory":false,"max_hp_per_floor":[75,75,75,75,75,75,75,75,75,75,75,75,75,75,75,75,75,75,75,75,75,75,75,75,75,75,75,75,75,75,75,75,75,75,75,75,75,75,75,75,75,75,75,75,75,75,75,75,75,75,75,75,75,85,85,85],"card_choices":[{"not_picked":["Aggregate","Gash"],"picked":"Cold Snap","floor":1},{"not_picked":["Hologram","Rebound"],"picked":"Coolheaded","floor":2},{"not_picked":["Rebound","Stack"],"picked":"Cold Snap","floor":3},{"not_picked":["Conserve Battery","Rip and Tear"],"picked":"Leap","floor":7},{"not_picked":["Rebound","Force Field"],"picked":"Conserve Battery","floor":8},{"not_picked":["Go for the Eyes","Chill"],"picked":"Genetic Algorithm","floor":12},{"not_picked":["White Noise","Multi-Cast","Cold Snap"],"picked":"SKIP","floor":13},{"not_picked":["Beam Cell","Auto Shields"],"picked":"Leap","floor":14},{"not_picked":["Hyperbeam","Reboot"],"picked":"Echo Form","floor":16},{"not_picked":["Leap","Force Field+1"],"picked":"Barrage","floor":18},{"not_picked":["Hello World","Double Energy","Hologram"],"picked":"SKIP","floor":19},{"not_picked":["White Noise","Recycle"],"picked":"Lockon+1","floor":20},{"not_picked":["Turbo","Redo"],"picked":"Self Repair","floor":22},{"not_picked":["Rainbow","Self Repair"],"picked":"Sweeping Beam","floor":23},{"not_picked":["Beam Cell","Sweeping Beam","Leap"],"picked":"Turbo+1","floor":25},{"not_picked":["Steam","Storm","Leap"],"picked":"Redo+1","floor":27},{"not_picked":["White Noise","Skim","Rip and Tear"],"picked":"Biased Cognition","floor":31},{"not_picked":["All For One","Reboot","Meteor Strike"],"picked":"Electrodynamics","floor":33},{"not_picked":["Hello World","Compile Driver","Cold Snap+1"],"picked":"Glacier","floor":35},{"not_picked":["Turbo+1","Steam+1","Sweeping Beam"],"picked":"Compile Driver","floor":36},{"not_picked":["Steam+1","Redo","Go for the Eyes+1"],"picked":"Consume+1","floor":37},{"not_picked":["Steam Power+1","Electrodynamics","Fission"],"picked":"Turbo+1","floor":40},{"not_picked":["Compile Driver","Chaos+1","Heatsinks+1"],"picked":"Consume+1","floor":42},{"not_picked":["Steam","Beam Cell","Sweeping Beam","Heatsinks"],"picked":"SKIP","floor":46},{"not_picked":["Auto Shields","Turbo+1","Steam"],"picked":"Coolheaded+1","floor":48},{"not_picked":["Cold Snap","Coolheaded+1","Ball Lightning"],"picked":"Darkness+1","floor":54}],"player_experience":261740,"relics_obtained":[{"floor":7,"key":"Cables"},{"floor":9,"key":"HornCleat"},{"floor":14,"key":"Smiling Mask"},{"floor":23,"key":"Question Card"},{"floor":25,"key":"Boot"},{"floor":27,"key":"Red Mask"},{"floor":40,"key":"Anchor"},{"floor":42,"key":"Bottled Tornado"},{"floor":43,"key":"Ginger"},{"floor":54,"key":"Pear"}],"event_choices":[{"damage_healed":0,"gold_gain":0,"player_choice":"Entered Light","damage_taken":15,"max_hp_gain":0,"max_hp_loss":0,"event_name":"Shining Light","floor":4,"gold_loss":0,"cards_upgraded":["Coolheaded","Cold Snap"]},{"damage_healed":0,"gold_gain":75,"player_choice":"Gather Gold","damage_taken":11,"max_hp_gain":0,"max_hp_loss":0,"event_name":"World of Goop","floor":5,"gold_loss":0},{"damage_healed":0,"gold_gain":0,"player_choice":"0 cards matched","damage_taken":0,"max_hp_gain":0,"max_hp_loss":0,"event_name":"Match and Keep!","floor":10,"gold_loss":0,"cards_obtained":[]},{"damage_healed":25,"gold_gain":0,"player_choice":"Heal","damage_taken":0,"max_hp_gain":0,"max_hp_loss":0,"event_name":"The Library","floor":21,"gold_loss":0},{"damage_healed":0,"gold_gain":0,"player_choice":"Fought Bandits","damage_taken":0,"max_hp_gain":0,"max_hp_loss":0,"event_name":"Masked Bandits","floor":27,"gold_loss":0},{"damage_healed":0,"gold_gain":99,"player_choice":"Stole From Cult","damage_taken":0,"max_hp_gain":0,"max_hp_loss":0,"event_name":"Nest","floor":28,"gold_loss":0},{"damage_healed":0,"gold_gain":222,"player_choice":"Wore Mask","damage_taken":0,"max_hp_gain":0,"max_hp_loss":0,"event_name":"Tomb of Lord Red Mask","floor":39,"gold_loss":0},{"damage_healed":0,"gold_gain":0,"player_choice":"Bought 2 Potions","damage_taken":0,"max_hp_gain":0,"max_hp_loss":0,"event_name":"The Woman in Blue","floor":44,"gold_loss":0}],"is_beta":false,"boss_relics":[{"not_picked":["Tiny House","SacredBark"],"picked":"Fusion Hammer"},{"not_picked":["Nuclear Battery","Sozu"],"picked":"Inserter"}],"items_purged_floors":[29,38,45,53],"is_endless":false,"potions_floor_spawned":[1,8,13,16,18,23,27,33,36,37,46,48,54],"killed_by":"The Heart","ascension_level":6}}