{"host":"c59zqhrgluvxuu0k","time":1613964216,"event":{"mods":["Act Like it!","Arknights","Bartender","BaseMod","Beaked The Cultist","Better Altar","Better Third Choice","BetterRewards","Colored Map","Colored Powertips","Curses Come First","Downfall","Friendly Minions","Hermit","Highlight Path","Minty Spire (QoL Compilation)","Replay The Spire","Ruina","Shop Mod","Somnambulant","Spicy Shops","StSLib","The Blackbeard","The Cursed","The Death Knight","The Disciple","The Druid","The Jungle","The Necromancer","The Runesmith","The Wild Card"],"gold_per_floor":[99,109,109,120,33,33,59,44,101,101,201,218,228,228,243,341,341,341,360,360,360,379,411,411,311,345,365,365,426,326,2,20,118,118,118,154,154,184,197,215,261,261,295,295,330,230,250,310,329,347,347,357,357],"floor_reached":52,"language":"ENG","playtime":6510,"items_purged":["Amnesia"],"score":815,"play_id":"1e022d55-7161-46a6-ab73-b763d1160438","local_time":"20210221202336","is_ascension_mode":false,"campfire_choices":[{"data":"Bone_Wall","floor":1,"key":"SMITH"},{"data":"Vampiric_Strike","floor":6,"key":"SMITH"},{"data":"Death_March_Dance","floor":10,"key":"SMITH"},{"data":"Summon_Death_Knight","floor":18,"key":"SMITH"},{"data":"Blood_Is_Power","floor":25,"key":"SMITH"},{"floor":28,"key":"RECALL"},{"data":"Spectral_Walk","floor":30,"key":"SMITH"},{"data":"Uncharnel","floor":35,"key":"SMITH"},{"data":"Summon_Lich","floor":42,"key":"SMITH"},{"data":"Scare","floor":46,"key":"SMITH"}],"circlet_count":0,"master_deck":["Defend_W+1","Defend_W+1","Defend_W+1","Defend_W+1","Negative_Energy_Arrows","Bone_Wall+1","Blood_Shield","Blood_Is_Power+1","Vampiric_Strike+1","Death_March_Dance+1","Blood_Curse","Life_Tap","Vampiric_Strike","Summon_Death_Knight+1","Scare+1","Slimebound:Tackle+1","Slimebound:Tackle+1","Slimebound:Tackle+1","Spectral_Walk","Blood_for_Blood+1","Summon_Lich+1","Spectral_Walk+1","Uncharnel+1","Hellfire+1","Writhe","CommonCold","Delirium","Summon_Death_Knight+1","Plague_Bolt+1","Summon_Undead_Army","ReplayTheSpireMod:Splinters","Bone_Prison+1","Corrupt"],"relics":["Vampire_Amulet","Orichalcum","Medical Kit","Boot","Bag of Preparation","hexamod:BolsterEngine","SlaversCollar","Cleaning_Rag","downfall:HeartBlessingBlue","Replay:Bottled Eggs","ReplayTheSpireMod:CursedCoin","Replay:Wax Seal","Molten Egg 2","downfall:HeartBlessingRed","MealTicket","Gremlin Horn","Replay:Ancient Bell","Replay:Bandana","White_Cape","Gambling Chip","Strawberry","Protect_Vest","beaked:ShinyBauble","downfall:HeartBlessingGreen","White Beast Statue"],"acts_visited":["Exordium","TheCity","TheBeyond","TheEnding"],"potions_floor_usage":[5,5,16,27,29,29,43,50],"damage_taken":[{"damage":2,"enemies":"ats:Genji","floor":2,"turns":4},{"damage":2,"enemies":"Jaw Worm","floor":4,"turns":4},{"damage":8,"enemies":"downfall:FleeingMerchant","floor":5,"turns":4},{"damage":6,"enemies":"downfall:FleeingMerchant","floor":8,"turns":4},{"damage":10,"enemies":"3 Sentries","floor":9,"turns":9},{"damage":0,"enemies":"Small Slimes","floor":12,"turns":3},{"damage":1,"enemies":"3 Louse","floor":13,"turns":3},{"damage":4,"enemies":"Large Slime","floor":15,"turns":4},{"damage":16,"enemies":"DF_ARCHETYPE_STREAMLINE","floor":16,"turns":9},{"damage":2,"enemies":"Shell Parasite","floor":19,"turns":6},{"damage":10,"enemies":"Snake Plant","floor":22,"turns":4},{"damage":9,"enemies":"Gremlin Leader","floor":23,"turns":6},{"damage":4,"enemies":"Replay:Snechameleon","floor":26,"turns":5},{"damage":5,"enemies":"Centurion and Healer","floor":27,"turns":5},{"damage":8,"enemies":"downfall:FleeingMerchant","floor":29,"turns":4},{"damage":0,"enemies":"Snecko","floor":32,"turns":4},{"damage":17,"enemies":"IC_MUSHROOM_ARCHETYPE","floor":33,"turns":7},{"damage":6,"enemies":"3 Darklings","floor":36,"turns":3},{"damage":0,"enemies":"Orb Walker","floor":38,"turns":2},{"damage":13,"enemies":"3 Darklings","floor":39,"turns":7},{"damage":16,"enemies":"Writhing Mass","floor":40,"turns":7},{"damage":13,"enemies":"Reptomancer","floor":43,"turns":5},{"damage":33,"enemies":"Giant Head","floor":45,"turns":9},{"damage":4,"enemies":"Jaw Worm Horde","floor":47,"turns":4},{"damage":5,"enemies":"Transient","floor":49,"turns":5},{"damage":34,"enemies":"SI_POISON_ARCHETYPE","floor":50,"turns":9},{"damage":113,"enemies":"downfall:CharBossMerchant","floor":52,"turns":8}],"seed_played":"1736347389329119997","potions_obtained":[{"floor":3,"key":"hexamod:SoulburnPotion"},{"floor":3,"key":"Slimebound:ThreeZeroPotion"},{"floor":3,"key":"LifebloodPotion"},{"floor":9,"key":"hexamod:SoulburnPotion"},{"floor":12,"key":"Death Potion"},{"floor":15,"key":"DeathKnight:RimePotion"},{"floor":26,"key":"SteroidPotion"},{"floor":32,"key":"Venom Potion"},{"floor":33,"key":"Elixir"},{"floor":36,"key":"GamblersBrew"},{"floor":40,"key":"Adrenaline Potion"},{"floor":45,"key":"DistilledChaos"},{"floor":49,"key":"Death Potion"}],"is_trial":false,"path_per_floor":["R","M","?","M","$","R","T","$","?","R","?","M","M","T","M","B",null,"R","M","?","?","M","E","T","R","E","M","R","$","R","$","M","B",null,"R","M","?","M","M","M","T","R","E","?","E","R","M","?","M","B",null,"E"],"character_chosen":"NECROMANCER","items_purchased":["Medical Kit","ReplayTheSpireMod:CursedCoin","Replay:Wax Seal","Molten Egg 2","Spectral_Walk","MealTicket","Gremlin Horn"],"campfire_rested":0,"item_purchase_floors":[5,29,29,29,29,31,31],"current_hp_per_floor":[75,75,75,75,67,67,67,64,66,66,66,73,75,75,75,67,75,75,75,75,75,69,74,74,84,85,85,85,79,79,79,84,77,85,85,84,84,85,82,71,78,78,78,78,50,50,57,57,60,32,92,0,0],"gold":357,"neow_bonus":"RANDOM_COMMON_RELIC","is_daily":false,"chose_seed":false,"campfire_upgraded":9,"win_rate":0.0,"timestamp":1613964216,"path_taken":["R","M","?","M","?","R","T","$","?","R","?","M","M","?","M","BOSS","R","M","?","?","M","E","T","R","E","M","R","$","R","$","M","BOSS","R","M","?","?","M","M","T","R","E","?","E","R","?","?","M","BOSS","E"],"items_purchased_type":["Relic","Relic","Relic","Relic","Card","Relic","Relic"],"build_version":"2020-12-22","purchased_purges":1,"victory":false,"max_hp_per_floor":[75,75,75,75,75,75,75,75,75,75,75,75,75,75,75,75,75,75,75,75,75,75,75,75,85,85,85,85,85,85,85,85,85,85,85,85,85,85,85,85,92,92,92,92,92,92,92,92,92,92,92,92,92],"card_choices":[{"not_picked":["Vampiric_Strike","Bone_Shift"],"picked":"Blood_Shield","floor":2},{"not_picked":["Exploit","Corrupt"],"picked":"Blood_Is_Power","floor":4},{"not_picked":["Chill_Blood","Necromantic_Selection"],"picked":"Vampiric_Strike","floor":5},{"not_picked":["Death_Knell","Pandemic"],"picked":"Death_March_Dance","floor":8},{"not_picked":["Strike_from_Beyond","Negative_Energy_Sphere"],"picked":"Blood_Curse","floor":9},{"not_picked":["Life_Drain","Bone_Bullets","Pandemic"],"picked":"SKIP","floor":12},{"not_picked":["Finger_Of_Death","Strike_from_Beyond"],"picked":"Life_Tap","floor":13},{"not_picked":["Bone_Bullets","Blood_Whip"],"picked":"Vampiric_Strike","floor":15},{"not_picked":["Skeleton_Dragon","Requiem"],"picked":"Summon_Death_Knight","floor":16},{"not_picked":["Necromantic_Selection","Blood_Curse"],"picked":"Scare","floor":19},{"not_picked":["Necromantic_Selection","Life_Tap"],"picked":"Spectral_Walk","floor":22},{"not_picked":["Bones_to_Steel+1","Bone_Armor"],"picked":"Blood_for_Blood+1","floor":23},{"not_picked":["Bone_Armor","Stop_Heart"],"picked":"Summon_Lich","floor":26},{"not_picked":["Bone_Armory","Slay_Living+1","Chill_Blood"],"picked":"SKIP","floor":27},{"not_picked":["Bone_Shift","Death_March_Dance","Flesh_Made_Foul+1"],"picked":"SKIP","floor":29},{"not_picked":["Bones_to_Steel+1","Death_Coil+1"],"picked":"Uncharnel","floor":32},{"not_picked":["Cloudkill","Requiem+1"],"picked":"Hellfire+1","floor":33},{"not_picked":["Pain","Shame"],"picked":"Writhe","floor":34},{"not_picked":["downfall:Bewildered","Shame"],"picked":"CommonCold","floor":34},{"not_picked":["downfall:Bewildered","Replay:Hysterical Blindness"],"picked":"Delirium","floor":34},{"not_picked":["Necrotic_Claws+1","Bone_Shift"],"picked":"Summon_Death_Knight","floor":36},{"not_picked":["Bone_Armor","Bone_Spikes+1","Vampiric_Strike+1"],"picked":"SKIP","floor":38},{"not_picked":["Death_Coil+1","Flesh_Made_Foul+1","Exploit+1"],"picked":"SKIP","floor":39},{"not_picked":["Negative_Energy_Shield+1","Death_Coil+1","Scare+1"],"picked":"SKIP","floor":40},{"not_picked":["Hellfire+1","Cloudkill"],"picked":"Plague_Bolt+1","floor":43},{"not_picked":["Slay_Living+1","Exploit+1","Bone_Bullets+1"],"picked":"SKIP","floor":45},{"not_picked":["Negative_Energy_Mist+1","Toxic_Smoke_Screen"],"picked":"Summon_Undead_Army","floor":47},{"not_picked":["Negative_Energy_Javelin+1","Finger_Of_Death+1"],"picked":"Bone_Prison+1","floor":48},{"not_picked":["Necrotic_Claws+1","Stop_Heart"],"picked":"Corrupt","floor":48},{"not_picked":["Bones_to_Steel","Negative_Energy_Javelin+1","Reap_The_Weak+1"],"picked":"SKIP","floor":49}],"player_experience":2489028,"relics_obtained":[{"floor":7,"key":"Boot"},{"floor":14,"key":"hexamod:BolsterEngine"},{"floor":23,"key":"Cleaning_Rag"},{"floor":26,"key":"Replay:Bottled Eggs"},{"floor":41,"key":"Strawberry"},{"floor":43,"key":"Protect_Vest"},{"floor":45,"key":"beaked:ShinyBauble"},{"floor":48,"key":"White Beast Statue"}],"event_choices":[{"damage_healed":0,"gold_gain":0,"player_choice":"Got Potions","damage_taken":0,"max_hp_gain":0,"max_hp_loss":0,"event_name":"Lab","floor":3,"gold_loss":0},{"damage_healed":0,"gold_gain":0,"player_choice":"Forge","damage_taken":0,"max_hp_gain":0,"max_hp_loss":0,"event_name":"Accursed Blacksmith","floor":37,"gold_loss":0,"cards_upgraded":["Summon_Death_Knight"]}],"is_beta":false,"boss_relics":[{"not_picked":["Replay:Fungal Core","Busted Crown"],"picked":"SlaversCollar"},{"not_picked":["ReplayTheSpireMod:DimensionalGlitch","ChewingGum"],"picked":"Replay:Ancient Bell"},{"not_picked":["Oddly Smooth Stone","Blood Vial"],"picked":"Replay:Bandana"},{"not_picked":["Sundial","Darkstone Periapt"],"picked":"White_Cape"},{"not_picked":["Pocketwatch","Peace Pipe"],"picked":"Gambling Chip"}],"items_purged_floors":[29],"is_endless":false,"potions_floor_spawned":[4,9,12,15,26,32,33,36,40,45,49],"killed_by":"downfall:CharBossMerchant","ascension_level":0}}