{"host":"p8bnstsjdxjza4jm","time":1613984893,"event":{"mods":["BaseMod","Colored Powertips","Minty Spire (QoL Compilation)","Quick Restart","StSLib","Together in Spire"],"gold_per_floor":[109,34,34,34,109,109,135,135,158,169,169,199,215,215,215,315,365,382,382,235,251,92,120,137,137,137,152,62,76,76,88,88,88,88],"floor_reached":33,"language":"KOR","playtime":2035,"items_purged":["Strike_B","Defend_B","Strike_B"],"score":313,"play_id":"e5332f9c-f3e7-4da4-9da7-50b0c10d787e","local_time":"20210222180813","is_ascension_mode":true,"campfire_choices":[{"data":"Ball Lightning","floor":6,"key":"SMITH"},{"floor":15,"key":"REST"},{"floor":25,"key":"REST"},{"floor":32,"key":"REST"}],"circlet_count":0,"master_deck":["Strike_B+1","Defend_B+1","Zap","Dualcast+1","Ball Lightning+1","Loop","Capacitor","Conserve Battery","Redo","Electrodynamics","Steam","Barrage+1","Redo","Storm","Capacitor+1","Steam+1","Redo+1","Ball Lightning+1","Steam"],"relics":["Cracked Core","Gremlin Horn","Bag of Marbles","Torii","Molten Egg 2","Tiny House","Nloth\u0027s Gift","Ice Cream","Kunai"],"acts_visited":["Exordium","TheCity"],"potions_floor_usage":[13,13,16,21,27,29],"damage_taken":[{"damage":0,"enemies":"2 Louse","floor":1,"turns":1},{"damage":0,"enemies":"Gremlin Nob","floor":7,"turns":1},{"damage":0,"enemies":"Small Slimes","floor":10,"turns":1},{"damage":24,"enemies":"3 Sentries","floor":12,"turns":6},{"damage":0,"enemies":"Cultist","floor":13,"turns":1},{"damage":28,"enemies":"The Guardian","floor":16,"turns":8},{"damage":4,"enemies":"Chosen","floor":18,"turns":5},{"damage":15,"enemies":"3 Byrds","floor":21,"turns":2},{"damage":32,"enemies":"Gremlin Leader","floor":23,"turns":5},{"damage":33,"enemies":"Shelled Parasite and Fungi","floor":24,"turns":4},{"damage":1,"enemies":"Centurion and Healer","floor":27,"turns":5},{"damage":21,"enemies":"Snake Plant","floor":29,"turns":4},{"damage":1,"enemies":"3 Cultists","floor":31,"turns":3},{"damage":45,"enemies":"Collector","floor":33,"turns":5}],"seed_played":"2915664552151773076","potions_obtained":[{"floor":7,"key":"Regen Potion"},{"floor":12,"key":"DistilledChaos"},{"floor":13,"key":"AttackPotion"},{"floor":16,"key":"PowerPotion"},{"floor":17,"key":"SpeedPotion"},{"floor":23,"key":"SpeedPotion"},{"floor":27,"key":"SpeedPotion"},{"floor":29,"key":"Ancient Potion"}],"is_trial":false,"path_per_floor":["M","$","?","?","?","R","E","?","T","M","?","E","M","T","R","B",null,"M","?","$","M","$","E","M","R","T","M","?","M","?","M","R","B"],"character_chosen":"DEFECT","items_purchased":["Barrage+1","Storm"],"campfire_rested":3,"item_purchase_floors":[20,22],"current_hp_per_floor":[75,75,60,65,54,54,54,54,54,54,54,30,30,30,54,26,85,81,81,81,66,66,34,1,26,26,25,25,4,4,3,28,0,0],"gold":88,"neow_bonus":"THREE_ENEMY_KILL","is_daily":false,"chose_seed":false,"campfire_upgraded":1,"win_rate":0.0,"timestamp":1613984893,"path_taken":["M","$","?","?","?","R","E","?","T","?","?","E","?","?","R","BOSS","M","?","$","M","?","E","?","R","T","M","?","?","?","M","R","BOSS"],"items_purchased_type":["Card","Card"],"build_version":"2020-12-22","purchased_purges":3,"victory":false,"max_hp_per_floor":[75,75,75,80,80,80,80,80,80,80,80,80,80,80,80,80,85,85,85,85,85,85,85,85,85,85,85,85,85,85,85,85,85,85],"card_choices":[{"not_picked":["Rebound","Leap"],"picked":"Ball Lightning","floor":1},{"not_picked":["Consume","FTL"],"picked":"Loop","floor":7},{"not_picked":["Streamline","Skim"],"picked":"Capacitor","floor":10},{"not_picked":["Undo","Sweeping Beam"],"picked":"Conserve Battery","floor":12},{"not_picked":["Stack","Hologram"],"picked":"Redo","floor":13},{"not_picked":["Thunder Strike+1","Hyperbeam+1"],"picked":"Electrodynamics","floor":16},{"not_picked":["Coolheaded","Auto Shields"],"picked":"Steam","floor":17},{"not_picked":["Rebound+1","Undo","Steam Power+1"],"picked":"SKIP","floor":18},{"not_picked":["Compile Driver+1","Leap+1"],"picked":"Redo","floor":21},{"not_picked":["Electrodynamics","Barrage+1"],"picked":"Capacitor","floor":23},{"not_picked":["Consume+1","Seek"],"picked":"Steam+1","floor":24},{"not_picked":["Beam Cell+1","Rebound+1"],"picked":"Redo+1","floor":27},{"not_picked":["Turbo","Melter+1"],"picked":"Ball Lightning+1","floor":29},{"not_picked":["Leap","FTL+1"],"picked":"Steam","floor":31}],"player_experience":110609,"relics_obtained":[{"floor":7,"key":"Gremlin Horn"},{"floor":9,"key":"Bag of Marbles"},{"floor":12,"key":"Torii"},{"floor":14,"key":"Molten Egg 2"},{"floor":23,"key":"Ice Cream"},{"floor":26,"key":"Kunai"}],"event_choices":[{"damage_healed":0,"gold_gain":0,"player_choice":"Entered Light","damage_taken":15,"max_hp_gain":0,"max_hp_loss":0,"event_name":"Shining Light","floor":3,"gold_loss":0,"cards_upgraded":["Strike_B","Defend_B"]},{"damage_healed":0,"gold_gain":0,"player_choice":"Donut","damage_taken":0,"max_hp_gain":5,"max_hp_loss":0,"event_name":"Big Fish","floor":4,"gold_loss":0},{"damage_healed":0,"gold_gain":75,"player_choice":"Gather Gold","damage_taken":11,"max_hp_gain":0,"max_hp_loss":0,"event_name":"World of Goop","floor":5,"gold_loss":0},{"cards_removed":["Defend_B"],"damage_healed":0,"gold_gain":0,"player_choice":"Purged","damage_taken":0,"max_hp_gain":0,"max_hp_loss":0,"event_name":"Purifier","floor":8,"gold_loss":0},{"cards_removed":["Strike_B"],"damage_healed":0,"gold_gain":0,"player_choice":"Offered Basic","damage_taken":0,"max_hp_gain":0,"max_hp_loss":0,"event_name":"Bonfire Elementals","floor":11,"gold_loss":0},{"damage_healed":0,"gold_gain":0,"player_choice":"Traded Relic","damage_taken":0,"relics_obtained":["Nloth\u0027s Gift"],"max_hp_gain":0,"max_hp_loss":0,"event_name":"N\u0027loth","floor":19,"relics_lost":["NeowsBlessing"],"gold_loss":0},{"cards_removed":["Defend_B"],"damage_healed":0,"gold_gain":0,"player_choice":"Upgrade and Remove","damage_taken":0,"max_hp_gain":0,"max_hp_loss":0,"event_name":"Designer","floor":28,"gold_loss":90,"cards_upgraded":["Capacitor"]},{"damage_healed":0,"gold_gain":0,"player_choice":"Ignored","damage_taken":0,"max_hp_gain":0,"max_hp_loss":0,"event_name":"Cursed Tome","floor":30,"gold_loss":0}],"is_beta":false,"boss_relics":[{"not_picked":["Busted Crown","Sozu"],"picked":"Tiny House"}],"items_purged_floors":[2,20,22],"is_endless":false,"potions_floor_spawned":[7,12,13,16,23,27,29],"killed_by":"Collector","ascension_level":1}}