{"host":"aapp7ew3jk5k1bvd","time":1613995068,"event":{"mods":["AchievementEnabler","BaseMod","Colored Map","Custom Start","Keyboard Shortcuts","Minty Spire (QoL Compilation)","Permanent Neow","Quick Restart","StSLib","SuperFastMode"],"gold_per_floor":[109,122,140,315,330,365,56,56,56,56,56,73,73,85,85,156,156,171,270,286,286],"floor_reached":20,"language":"KOR","playtime":553,"items_purged":["Doubt"],"score":290,"play_id":"faaa95f4-678b-4ed3-8849-4b73f8633659","local_time":"20210222205748","is_ascension_mode":true,"campfire_choices":[{"data":"Apotheosis","floor":8.0,"key":"SMITH"},{"floor":10.0,"key":"REST"},{"data":"Shrug It Off","floor":13.0,"key":"SMITH"},{"data":"Shrug It Off","floor":15,"key":"SMITH"}],"circlet_count":0,"master_deck":["AscendersBane","Strike_R","Strike_R","Strike_R","Defend_R","Defend_R","Defend_R","Defend_R","Bash+1","Shrug It Off+1","Clothesline","Carnage+1","Apotheosis+1","Shrug It Off+1","Pommel Strike+1","Double Tap"],"relics":["Burning Blood","Molten Egg 2","StrikeDummy","Empty Cage"],"acts_visited":["Exordium","TheCity"],"potions_floor_usage":[],"damage_taken":[{"damage":0.0,"enemies":"Cultist","floor":1.0,"turns":4.0},{"damage":1.0,"enemies":"2 Louse","floor":2.0,"turns":4.0},{"damage":0.0,"enemies":"Small Slimes","floor":3.0,"turns":3.0},{"damage":18.0,"enemies":"3 Louse","floor":5.0,"turns":6.0},{"damage":55.0,"enemies":"3 Sentries","floor":6.0,"turns":14.0},{"damage":0.0,"enemies":"Exordium Wildlife","floor":12.0,"turns":3.0},{"damage":1,"enemies":"Large Slime","floor":14,"turns":5},{"damage":12,"enemies":"The Guardian","floor":16,"turns":11},{"damage":31,"enemies":"Shell Parasite","floor":18,"turns":6},{"damage":2,"enemies":"Chosen","floor":20,"turns":5}],"seed_played":"-1959297132385680744","potions_obtained":[{"floor":5.0,"key":"Strength Potion"},{"floor":6.0,"key":"DuplicationPotion"}],"is_trial":false,"path_per_floor":["M","M","M","?","M","E","$","R","T","R","?","M","R","M","R","B",null,"M","?","M"],"character_chosen":"IRONCLAD","items_purchased":["Apotheosis","Shrug It Off"],"campfire_rested":1,"item_purchase_floors":[7,7],"current_hp_per_floor":[78,80,80,80,68,19,19,19,19,43,43,49,49,54,54,48,72,47,47,51,51],"gold":286,"neow_bonus":"UPGRADE_CARD","is_daily":false,"chose_seed":false,"campfire_upgraded":3,"win_rate":0.0,"timestamp":1613995068,"path_taken":["M","M","M","?","M","E","$","R","T","R","?","M","R","M","R","BOSS","M","?","M"],"items_purchased_type":["Card","Card"],"build_version":"2020-12-22","purchased_purges":1,"victory":false,"max_hp_per_floor":[80,80,80,80,80,80,80,80,80,80,80,80,80,80,80,80,80,80,80,80,80],"card_choices":[{"not_picked":["Warcry","Blood for Blood"],"picked":"Shrug It Off","floor":1.0},{"not_picked":["Heavy Blade","Havoc","Thunderclap"],"picked":"SKIP","floor":2.0},{"not_picked":["Infernal Blade","Thunderclap","Warcry"],"picked":"SKIP","floor":3.0},{"not_picked":["Perfected Strike","Sever Soul"],"picked":"Clothesline","floor":5.0},{"not_picked":["Inflame","Feed+1"],"picked":"Carnage+1","floor":6.0},{"not_picked":["Rupture","True Grit"],"picked":"Pommel Strike+1","floor":12.0},{"not_picked":["Havoc","Pommel Strike+1","Heavy Blade+1"],"picked":"SKIP","floor":14},{"not_picked":["Corruption","Impervious"],"picked":"Double Tap","floor":16},{"not_picked":["Flex","Wild Strike+1","Burning Pact"],"picked":"SKIP","floor":18}],"player_experience":1053582,"relics_obtained":[{"floor":6.0,"key":"Molten Egg 2"},{"floor":9.0,"key":"StrikeDummy"}],"event_choices":[{"damage_healed":0.0,"max_hp_gain":0.0,"max_hp_loss":0.0,"gold_gain":175.0,"event_name":"Liars Game","player_choice":"AGREE","floor":4.0,"gold_loss":0.0,"damage_taken":0.0,"cards_obtained":["Doubt"]},{"damage_healed":0.0,"max_hp_gain":0.0,"max_hp_loss":0.0,"gold_gain":0.0,"event_name":"The Woman in Blue","player_choice":"Bought 0 Potions","floor":11.0,"gold_loss":0.0,"damage_taken":0.0},{"damage_healed":0,"gold_gain":99,"player_choice":"Stole From Cult","damage_taken":0,"max_hp_gain":0,"max_hp_loss":0,"event_name":"Nest","floor":19,"gold_loss":0}],"is_beta":false,"boss_relics":[{"not_picked":["Tiny House","Coffee Dripper"],"picked":"Empty Cage"}],"items_purged_floors":[7],"is_endless":false,"potions_floor_spawned":[5,6,14,16],"killed_by":"Chosen","ascension_level":13}}