{"host":"g907ck67u7c3hrs6","time":1613972798,"event":{"mods":["BaseMod","Colored Map","DeckTracker","Force Act Four","Highlight Path","Keyboard Shortcuts","Minty Spire (QoL Compilation)","Permanent Neow","Say the Spire","SuperFastMode"],"gold_per_floor":[111,130,142,158,174,174,174,203,229,264,293,305,332,358,358,430,430,446,461,478,489,249,280,314,346,371,403,431,431,431,431],"floor_reached":30,"language":"KOR","playtime":1266,"items_purged":["Hemokinesis"],"score":1090,"play_id":"444e9369-077e-485b-af57-1e551c89fa6c","local_time":"20210222144638","daily_mods":["SealedDeck","Heirloom","Time Dilation","Flight","DeadlyEvents","Elite Swarm"],"is_ascension_mode":true,"campfire_choices":[{"data":"Entrench","floor":6,"key":"SMITH"},{"data":"Armaments","floor":7,"key":"SMITH"},{"data":"Barricade","floor":15,"key":"SMITH"}],"circlet_count":0,"master_deck":["AscendersBane","Burning Pact","Armaments+1","Ghostly Armor","Sentinel+1","Rampage","Metallicize","Evolve","Entrench+1","Shockwave+1","Barricade+1","Offering","Offering","Impervious","Disarm","Headbutt","Corruption","Impervious","Dark Embrace","Inflame"],"relics":["Burning Blood","Ice Cream","Blue Candle","War Paint","Art of War","Akabeko","Letter Opener","Coffee Dripper","Strawberry","Ginger","Bag of Preparation","Bird Faced Urn","Orichalcum","Ancient Tea Set","Tiny Chest"],"acts_visited":["Exordium","TheCity"],"potions_floor_usage":[25],"damage_taken":[{"damage":6,"enemies":"Jaw Worm","floor":1,"turns":2},{"damage":4,"enemies":"2 Louse","floor":2,"turns":3},{"damage":4,"enemies":"Cultist","floor":3,"turns":3},{"damage":5,"enemies":"3 Louse","floor":4,"turns":3},{"damage":6,"enemies":"Exordium Thugs","floor":5,"turns":5},{"damage":16,"enemies":"3 Sentries","floor":8,"turns":7},{"damage":2,"enemies":"Lagavulin","floor":10,"turns":7},{"damage":18,"enemies":"3 Sentries","floor":11,"turns":11},{"damage":12,"enemies":"Large Slime","floor":12,"turns":7},{"damage":12,"enemies":"Lagavulin","floor":13,"turns":10},{"damage":10,"enemies":"Gremlin Nob","floor":14,"turns":3},{"damage":21,"enemies":"The Guardian","floor":16,"turns":11},{"damage":16,"enemies":"Chosen","floor":18,"turns":3},{"damage":14,"enemies":"3 Byrds","floor":19,"turns":3},{"damage":16,"enemies":"3 Cultists","floor":20,"turns":6},{"damage":12,"enemies":"Snake Plant","floor":21,"turns":4},{"damage":6,"enemies":"Book of Stabbing","floor":23,"turns":7},{"damage":16,"enemies":"Slavers","floor":24,"turns":6},{"damage":12,"enemies":"Gremlin Leader","floor":25,"turns":8},{"damage":12,"enemies":"Book of Stabbing","floor":27,"turns":5},{"damage":18,"enemies":"Slavers","floor":28,"turns":4}],"seed_played":"772057987965082895","potions_obtained":[{"floor":1,"key":"LiquidMemories"},{"floor":2,"key":"SkillPotion"},{"floor":28,"key":"Weak Potion"}],"is_trial":true,"path_per_floor":["M","M","M","M","M","R","R","E","T","E","E","M","E","E","R","B",null,"M","M","M","M","$","E","E","E","T","E","E","?","$"],"character_chosen":"IRONCLAD","items_purchased":["Strawberry"],"campfire_rested":0,"item_purchase_floors":[22],"current_hp_per_floor":[68,70,72,73,73,73,73,63,63,67,55,49,43,39,39,24,62,52,44,34,28,35,35,25,19,19,21,17,17,17,17],"gold":431,"neow_bonus":"","is_daily":false,"chose_seed":false,"campfire_upgraded":3,"win_rate":0.0,"timestamp":1613972798,"path_taken":["M","M","M","M","M","R","R","E","T","E","E","M","E","E","R","BOSS","M","M","M","M","$","E","E","E","T","E","E","?","$"],"items_purchased_type":["Relic"],"build_version":"2020-12-22","purchased_purges":1,"victory":false,"max_hp_per_floor":[75,75,75,75,75,75,75,75,75,75,75,75,75,75,75,75,75,75,75,75,75,82,82,82,82,82,82,82,82,82,82],"card_choices":[{"not_picked":["Inflame","Flex","True Grit"],"picked":"SKIP","floor":1},{"not_picked":["Anger","Heavy Blade"],"picked":"Shockwave","floor":2},{"not_picked":["Clothesline","Uppercut","True Grit"],"picked":"SKIP","floor":3},{"not_picked":["Pommel Strike","Havoc","Reckless Charge"],"picked":"SKIP","floor":4},{"not_picked":["Dual Wield","Juggernaut","Perfected Strike"],"picked":"SKIP","floor":5},{"not_picked":["Dual Wield","Juggernaut","Perfected Strike"],"picked":"SKIP","floor":5},{"not_picked":["Demon Form","Feed"],"picked":"Barricade","floor":8},{"not_picked":["Corruption","Double Tap"],"picked":"Offering","floor":10},{"not_picked":["Immolate","Berserk"],"picked":"Offering","floor":11},{"not_picked":["Sword Boomerang","Inflame","Clothesline"],"picked":"SKIP","floor":12},{"not_picked":["Exhume","Immolate","Double Tap"],"picked":"SKIP","floor":13},{"not_picked":["Brutality","Fiend Fire"],"picked":"Offering","floor":14},{"not_picked":["Feed","Juggernaut"],"picked":"Impervious","floor":16},{"not_picked":["Uppercut","True Grit+1"],"picked":"Disarm","floor":18},{"not_picked":["Havoc+1","Heavy Blade"],"picked":"Headbutt","floor":19},{"not_picked":["Twin Strike+1","Perfected Strike","Thunderclap"],"picked":"SKIP","floor":20},{"not_picked":["Flex","Twin Strike+1","Havoc+1"],"picked":"SKIP","floor":21},{"not_picked":["Immolate","Berserk","Demon Form"],"picked":"SKIP","floor":23},{"not_picked":["Offering","Brutality","Barricade"],"picked":"SKIP","floor":24},{"not_picked":["Juggernaut","Offering"],"picked":"Corruption","floor":25},{"not_picked":["Demon Form","Immolate","Bludgeon"],"picked":"SKIP","floor":27},{"not_picked":["Immolate","Barricade"],"picked":"Impervious","floor":28}],"player_experience":339712,"relics_obtained":[{"floor":8,"key":"Blue Candle"},{"floor":10,"key":"War Paint"},{"floor":11,"key":"Art of War"},{"floor":13,"key":"Akabeko"},{"floor":14,"key":"Letter Opener"},{"floor":23,"key":"Ginger"},{"floor":24,"key":"Bag of Preparation"},{"floor":25,"key":"Bird Faced Urn"},{"floor":26,"key":"Orichalcum"},{"floor":27,"key":"Ancient Tea Set"},{"floor":28,"key":"Tiny Chest"}],"event_choices":[{"damage_healed":0,"gold_gain":0,"cards_transformed":["Flame Barrier","Offering"],"player_choice":"Became Test Subject","damage_taken":0,"max_hp_gain":0,"max_hp_loss":0,"event_name":"Drug Dealer","floor":29,"gold_loss":0,"cards_obtained":["Dark Embrace","Inflame"]}],"is_beta":false,"boss_relics":[{"not_picked":["Velvet Choker","Fusion Hammer"],"picked":"Coffee Dripper"}],"items_purged_floors":[22],"is_endless":false,"potions_floor_spawned":[1,2,4,10,11,14,18,20,28],"ascension_level":20}}