{"host":"am9dcwhv7hq2nlsk","time":1613980984,"event":{"mods":["ATMod(°¢èªMod)","AchievementEnabler","Act Like it!","Aspiration","BaseMod","BetterRewards","Conspire","Custom Start","Dota2Spire","Marisa£¨ìFÓê¡¡Ä§ÀíÉ³£©","Minty Spire (QoL Compilation)","Reimu£¨²©ÀöÁéÃÎ£©","Remilia£¨ÀÙÃ×ÀòÑÇ£©","Replay The Spire","RumiaBox-Â¶Ã×æ«µÄÉñÃØºÐ×Ó","Shop Mod","Spicy Shops","StSLib","TestMod","The Cursed","The Hierophant","UnlockEverythingMod","[IsaacMod]ÒÔÈö¼âËþ","noobMod","¡¾ÒÅÎï¿¨ÅÆ¡¿REMEMod","óô»ðÖ¸ÄÏ"],"gold_per_floor":[109,127,149,169,169,169,197,212,212,212,235,235,248,294,294,409,409,445,19,28,28,45,77,88,115,115,115,139,139,216,231,231,303,303,319,335,335,352,365,389,406,412,412,443,458,458,333,1331,909,915,915,915,582,70,101,185],"floor_reached":57,"language":"ZHS","playtime":2835,"items_purged":["Strike_R","Strike_R","Strike_R"],"score":3941,"play_id":"3b959144-9147-4bd3-8499-cd6e0d06436b","local_time":"20210222160304","is_ascension_mode":true,"campfire_choices":[{"data":"Armaments","floor":6.0,"key":"SMITH"},{"data":"Sword Boomerang","floor":15.0,"key":"SMITH"},{"data":"Corruption","floor":27.0,"key":"SMITH"},{"floor":29.0,"key":"RECALL"},{"floor":32.0,"key":"DIG"},{"data":"AT_CaressingTears","floor":46.0,"key":"SMITH"}],"circlet_count":0,"master_deck":["AscendersBane","Strike_R","Defend_R","Defend_R","Defend_R","Defend_R","AT_FamilyPortrait","Strike_R","Armaments+1","REME_FearOfPain","AT_DiedThrough","Sword Boomerang+1","Corruption+1","Evolve","AT_CaressingTears+1","Dark Embrace","AT_DiedThrough","Limit Break"],"relics":["Burning Blood","AT_ATBox","testmod-TestBox","ice","HushsDoor","REME_ComplimentaryCards","testmod-Charity","SalivaCoin","Dead Branch","ReplayTheSpireMod:Shallot","SatanicBible","testmod-IntensifyImprint","FossilizedHelix","testmod-Nyarlathotep","testmod-TurbochargingSystem","Shuriken","Frozen Egg 2","aspiration:Stabinomicon","TheBean","conspire:SpecialSausage","Ccalipers","AT_BladeRuinedKing","Dota2Spire:LotusOrb","Dota2Spire:BlackKingBar","Sling","testmod-Maize","Vajra","Lantern","Counterbalance"],"acts_visited":["Exordium","TheCity","TheBeyond","TheEnding"],"potions_floor_usage":[],"damage_taken":[{"damage":0.0,"enemies":"Cultist","floor":1.0,"turns":3.0},{"damage":7.0,"enemies":"Small Slimes","floor":2.0,"turns":4.0},{"damage":12.0,"enemies":"Jaw Worm","floor":3.0,"turns":5.0},{"damage":7.0,"enemies":"Looter","floor":4.0,"turns":5.0},{"damage":0.0,"enemies":"Gremlin Nob","floor":7.0,"turns":2.0},{"damage":2.0,"enemies":"Blue Slaver","floor":8.0,"turns":5.0},{"damage":4.0,"enemies":"3 Louse","floor":11.0,"turns":2.0},{"damage":0.0,"enemies":"2 Fungi Beasts","floor":13.0,"turns":3.0},{"damage":23.0,"enemies":"Gremlin Gang","floor":14.0,"turns":8.0},{"damage":44.0,"enemies":"Hexaghost","floor":16.0,"turns":9.0},{"damage":24.0,"enemies":"Spheric Guardian","floor":18.0,"turns":6.0},{"damage":0.0,"enemies":"2 Thieves","floor":20.0,"turns":1.0},{"damage":1.0,"enemies":"Shelled Parasite and Fungi","floor":22.0,"turns":3.0},{"damage":0.0,"enemies":"REME_1_Revenger","floor":23.0,"turns":3.0},{"damage":0.0,"enemies":"Cultist and Chosen","floor":24.0,"turns":3.0},{"damage":0.0,"enemies":"Slavers","floor":25.0,"turns":2.0},{"damage":0.0,"enemies":"Snecko","floor":31.0,"turns":2.0},{"damage":0.0,"enemies":"Pondfish","floor":33.0,"turns":2.0},{"damage":0.0,"enemies":"3 Shapes","floor":35.0,"turns":1.0},{"damage":0.0,"enemies":"Orb Walker","floor":36.0,"turns":2.0},{"damage":0.0,"enemies":"Writhing Mass","floor":38.0,"turns":1.0},{"damage":0.0,"enemies":"4 Shapes","floor":39.0,"turns":2.0},{"damage":0.0,"enemies":"Nemesis","floor":40.0,"turns":2.0},{"damage":0.0,"enemies":"3 Darklings","floor":41.0,"turns":2.0},{"damage":0.0,"enemies":"Reptomancer","floor":44.0,"turns":1.0},{"damage":0.0,"enemies":"Maw","floor":45.0,"turns":3.0},{"damage":12.0,"enemies":"Donu and Deca","floor":50.0,"turns":2.0},{"damage":0.0,"enemies":"Time Eater","floor":51.0,"turns":2.0},{"damage":0,"enemies":"Shield and Spear","floor":55,"turns":2},{"damage":15,"enemies":"The Heart","floor":56,"turns":4}],"seed_played":"-2878170921029137918","potions_obtained":[{"floor":2.0,"key":"AttackPotion"},{"floor":4.0,"key":"ZuzhouPotion:ReiMu"},{"floor":8.0,"key":"Dota2Spire:HealingSalve"},{"floor":16.0,"key":"Dexterity Potion"},{"floor":25.0,"key":"FairyPotion"},{"floor":38.0,"key":"ElixirPotion"}],"is_trial":false,"path_per_floor":["M","M","M","M","?","R","E","M","T","?","M","T","M","M","R","B",null,"M","$","M","?","M","E","M","E","T","R","?","R","?","M","R","B",null,"M","M","?","M","M","E","M","?","T","E","M","R","$","?","R","B","B",null,"R","$","E","B",null],"character_chosen":"IRONCLAD","items_purchased":["Armaments","ReplayTheSpireMod:Shallot","SatanicBible","testmod-Nyarlathotep","Dota2Spire:BlackKingBar","Sling","testmod-Maize","Limit Break","Vajra","Lantern"],"campfire_rested":0,"item_purchase_floors":[0,0,0,19,49,49,53,54,54,54],"current_hp_per_floor":[45,46,42,44,44,44,51,57,57,62,66,66,73,63,63,45,96,82,82,89,89,102,109,122,123,123,123,106,106,93,101,101,112,126,134,135,135,136,137,138,139,125,125,132,142,142,142,143,143,138,144,144,144,144,145,151],"gold":185,"neow_bonus":"","is_daily":false,"chose_seed":false,"campfire_upgraded":4,"win_rate":0.0,"timestamp":1613980984,"path_taken":["M","?","M","M","?","R","E","M","T","?","M","?","M","M","R","BOSS","M","$","M","?","M","E","?","E","T","R","?","R","?","M","R","BOSS","M","M","?","?","M","E","M","?","T","E","M","R","$","?","R","BOSS","BOSS","R","$","E","BOSS"],"items_purchased_type":["Card","Relic","Relic","Relic","Relic","Relic","Relic","Card","Relic","Relic"],"build_version":"2020-12-22","purchased_purges":3,"victory":true,"max_hp_per_floor":[80,82,84,87,87,87,88,90,90,95,97,97,98,105,105,113,113,117,117,118,118,120,121,122,123,123,123,127,127,129,130,130,131,131,134,135,135,136,137,138,139,140,140,141,142,142,142,143,143,144,144,144,144,144,145,159],"card_choices":[{"not_picked":["Sword Boomerang","Armaments"],"picked":"Bomb","floor":1.0},{"not_picked":["Pommel Strike","Iron Wave"],"picked":"REME_FearOfPain","floor":2.0},{"not_picked":["AT_Dispersion","Havoc","Anger"],"picked":"SKIP","floor":3.0},{"not_picked":["Armaments","Battle Trance","Cleave"],"picked":"SKIP","floor":4.0},{"not_picked":["Rage","Anger","Twin Strike"],"picked":"SKIP","floor":7.0},{"not_picked":["Iron Wave","Headbutt"],"picked":"AT_DiedThrough","floor":8.0},{"not_picked":["Twin Strike","Dropkick","Iron Wave"],"picked":"SKIP","floor":11.0},{"not_picked":["AT_DrawKnifeCut","Uppercut","ReplayTheSpireMod:Strike From Hell"],"picked":"SKIP","floor":13.0},{"not_picked":["Iron Wave","ReplayTheSpireMod:Strike From Hell"],"picked":"Sword Boomerang","floor":14.0},{"not_picked":["Double Tap","Juggernaut"],"picked":"Corruption","floor":16.0},{"not_picked":["AT_BodySlamDance","Whirlwind+1"],"picked":"Evolve","floor":18.0},{"not_picked":["Heavy Blade+1","Cleave"],"picked":"AT_CaressingTears","floor":20.0},{"not_picked":["AT_BodySlamDance","Inflame","Havoc"],"picked":"SKIP","floor":22.0},{"not_picked":["Juggernaut","Pommel Strike","Infernal Blade"],"picked":"SKIP","floor":23.0},{"not_picked":["Headbutt","Infernal Blade+1","Uppercut"],"picked":"SKIP","floor":24.0},{"not_picked":["Perfected Strike+1","Anger","Disarm"],"picked":"SKIP","floor":25.0},{"not_picked":["Sword Boomerang","Clash","Reckless Charge"],"picked":"SKIP","floor":31.0},{"not_picked":["Warcry","Fire Breathing+1","Rupture+1"],"picked":"SKIP","floor":35.0},{"not_picked":["Shrug It Off","Life Link+1","Pommel Strike"],"picked":"SKIP","floor":36.0},{"not_picked":["Warcry+1","Heavy Blade+1","Pummel"],"picked":"SKIP","floor":38.0},{"not_picked":["Thunderclap","REME_SingleHolding","Battle Trance"],"picked":"SKIP","floor":39.0},{"not_picked":["Rampage","Infernal Blade","conspire:Purge"],"picked":"SKIP","floor":40.0},{"not_picked":["Havoc","Twin Strike"],"picked":"AT_DiedThrough","floor":41.0},{"not_picked":["Run Through","Power Through+1","Iron Wave"],"picked":"SKIP","floor":44.0},{"not_picked":["Armaments","Iron Wave","Warcry"],"picked":"SKIP","floor":45.0},{"not_picked":["Reaper","Clash+1","Thunderclap+1"],"picked":"SKIP","floor":55}],"player_experience":550537,"relics_obtained":[{"floor":9.0,"key":"testmod-IntensifyImprint"},{"floor":12.0,"key":"FossilizedHelix"},{"floor":23.0,"key":"testmod-TurbochargingSystem"},{"floor":25.0,"key":"Shuriken"},{"floor":26.0,"key":"Frozen Egg 2"},{"floor":28.0,"key":"aspiration:Stabinomicon"},{"floor":32.0,"key":"TheBean"},{"floor":40.0,"key":"Ccalipers"},{"floor":44.0,"key":"Dota2Spire:LotusOrb"},{"floor":55,"key":"Counterbalance"}],"event_choices":[{"damage_healed":0.0,"max_hp_gain":0.0,"max_hp_loss":0.0,"gold_gain":0.0,"event_name":"WeMeetAgain","player_choice":"Ignored","floor":5.0,"gold_loss":0.0,"damage_taken":0.0},{"damage_healed":0.0,"max_hp_gain":5.0,"max_hp_loss":0.0,"gold_gain":0.0,"event_name":"Big Fish","player_choice":"Donut","floor":10.0,"gold_loss":0.0,"damage_taken":0.0},{"damage_healed":0.0,"max_hp_gain":0.0,"max_hp_loss":0.0,"gold_gain":0.0,"event_name":"The Library","player_choice":"Read","floor":21.0,"gold_loss":0.0,"damage_taken":0.0,"cards_obtained":["Dark Embrace"]},{"damage_healed":0.0,"max_hp_gain":0.0,"max_hp_loss":0.0,"gold_gain":0.0,"event_name":"Cursed Tome","player_choice":"Obtained Book","floor":28.0,"gold_loss":0.0,"damage_taken":21.0},{"cards_removed":["Strike_R"],"damage_healed":0.0,"max_hp_gain":0.0,"max_hp_loss":0.0,"gold_gain":0.0,"event_name":"Falling","player_choice":"Removed Attack","floor":37.0,"gold_loss":0.0,"damage_taken":0.0},{"damage_healed":0.0,"max_hp_gain":0.0,"max_hp_loss":0.0,"gold_gain":999.0,"event_name":"¶÷ÂåË¹µÄÅÌ×Ó","player_choice":"Sell","floor":48.0,"relics_lost":["testmod-Temperance"],"gold_loss":0.0,"damage_taken":0.0}],"is_beta":false,"boss_relics":[{"not_picked":["testmod-NegativeEmotionEnhancer","Runic Pyramid"],"picked":"testmod-Temperance"},{"not_picked":[]},{"not_picked":["testmod-Fanaticism","REME_ChargedStone"],"picked":"conspire:SpecialSausage"},{"not_picked":[]}],"items_purged_floors":[0,19,47],"is_endless":false,"potions_floor_spawned":[2,4,8,16,23,24,25,31,36,38,41,44,45,55],"ascension_level":20}}