{"host":"hbrjinenk1akq1dy","time":1613984095,"event":{"mods":["AchievementEnabler","BaseMod","Bestiary","Colored Map","Colored Powertips","Curses Come First","Highlight Path","Minty Spire (QoL Compilation)","Permanent Neow","Quick Restart","StSLib","SuperFastMode"],"gold_per_floor":[10,10,10,22,35,35,69,82,132,157,168,180,30,49,49,146,146,162,162,162,175,175,175,190,90,90,90,108,108,133,149,149,251,251,265,276,276,330,73,73,83,83,83,83,99,131,131,0,0,0],"floor_reached":51,"language":"ENG","playtime":14236,"items_purged":["Strike_P","Writhe"],"score":807,"play_id":"1d8549f7-c63b-4821-a960-eab081a72020","local_time":"20210222165455","is_ascension_mode":false,"campfire_choices":[{"data":"FearNoEvil","floor":6.0,"key":"SMITH"},{"data":"FlurryOfBlows","floor":15.0,"key":"SMITH"},{"data":"Ragnarok","floor":23.0,"key":"SMITH"},{"data":"CrushJoints","floor":27.0,"key":"SMITH"},{"data":"Tantrum","floor":32.0,"key":"SMITH"},{"data":"Protect","floor":40.0,"key":"SMITH"},{"data":"SandsOfTime","floor":42.0,"key":"SMITH"},{"data":"ThirdEye","floor":44.0,"key":"SMITH"},{"data":"SashWhip","floor":49,"key":"SMITH"}],"circlet_count":0,"master_deck":["Strike_P","Strike_P+1","Strike_P","Defend_P","Defend_P","Defend_P","Defend_P","Eruption+1","Vigilance+1","FlurryOfBlows+1","InnerPeace","FearNoEvil+1","CutThroughFate+1","FlurryOfBlows+1","SashWhip+1","CrushJoints+1","SandsOfTime+1","ThirdEye+1","Ragnarok+1","FearNoEvil","Protect+1","Evaluate","Tantrum+1","CutThroughFate+1","Conclude","DevaForm","CurseOfTheBell","Fasting2+1","CrushJoints+1","Parasite","SandsOfTime+1","Protect+1"],"relics":["PureWater","Thread and Needle","White Beast Statue","Whetstone","Vajra","SlaversCollar","Juzu Bracelet","Question Card","Nilry\u0027s Codex","Pantograph","Calling Bell","PreservedInsect","Darkstone Periapt","GoldenEye","Torii","Gremlin Horn","StoneCalendar","Shuriken","Red Mask"],"acts_visited":["Exordium","TheCity","TheBeyond"],"potions_floor_usage":[45,50,50,50],"damage_taken":[{"damage":1.0,"enemies":"2 Louse","floor":1.0,"turns":4.0},{"damage":0.0,"enemies":"Small Slimes","floor":4.0,"turns":2.0},{"damage":0.0,"enemies":"Jaw Worm","floor":5.0,"turns":4.0},{"damage":0.0,"enemies":"3 Sentries","floor":7.0,"turns":7.0},{"damage":3.0,"enemies":"Blue Slaver","floor":8.0,"turns":3.0},{"damage":0.0,"enemies":"Lagavulin","floor":10.0,"turns":4.0},{"damage":0.0,"enemies":"Exordium Thugs","floor":11.0,"turns":2.0},{"damage":0.0,"enemies":"2 Fungi Beasts","floor":12.0,"turns":2.0},{"damage":0.0,"enemies":"Looter","floor":14.0,"turns":2.0},{"damage":0.0,"enemies":"Slime Boss","floor":16.0,"turns":5.0},{"damage":1.0,"enemies":"Spheric Guardian","floor":18.0,"turns":3.0},{"damage":6.0,"enemies":"Chosen","floor":21.0,"turns":3.0},{"damage":5.0,"enemies":"Centurion and Healer","floor":24.0,"turns":3.0},{"damage":5.0,"enemies":"Shelled Parasite and Fungi","floor":28.0,"turns":3.0},{"damage":0.0,"enemies":"Gremlin Leader","floor":30.0,"turns":3.0},{"damage":0.0,"enemies":"Snake Plant","floor":31.0,"turns":2.0},{"damage":27.0,"enemies":"Collector","floor":33.0,"turns":4.0},{"damage":0.0,"enemies":"Orb Walker","floor":35.0,"turns":3.0},{"damage":3.0,"enemies":"3 Darklings","floor":36.0,"turns":2.0},{"damage":10.0,"enemies":"2 Orb Walkers","floor":38.0,"turns":3.0},{"damage":17.0,"enemies":"Writhing Mass","floor":41.0,"turns":5.0},{"damage":29,"enemies":"Maw","floor":45,"turns":8},{"damage":0,"enemies":"Reptomancer","floor":46,"turns":2},{"damage":25,"enemies":"Time Eater","floor":50,"turns":7}],"seed_played":"2388492559752346311","potions_obtained":[{"floor":5.0,"key":"DistilledChaos"},{"floor":8.0,"key":"BottledMiracle"},{"floor":10.0,"key":"Ancient Potion"},{"floor":14.0,"key":"AttackPotion"},{"floor":30.0,"key":"BlessingOfTheForge"},{"floor":33.0,"key":"SteroidPotion"},{"floor":35.0,"key":"Strength Potion"},{"floor":36.0,"key":"Explosive Potion"},{"floor":38.0,"key":"EssenceOfSteel"},{"floor":41.0,"key":"SpeedPotion"},{"floor":45,"key":"EntropicBrew"},{"floor":46,"key":"BottledMiracle"}],"is_trial":false,"path_per_floor":["M","?","?","M","M","R","E","M","T","E","M","M","$","M","R","B",null,"M","?","?","M","?","R","M","$","T","R","M","?","E","M","R","B",null,"M","M","?","?","$","R","M","R","T","R","M","E","?","?","R","B",null],"character_chosen":"WATCHER","items_purchased":["SandsOfTime","Gremlin Horn"],"campfire_rested":0,"item_purchase_floors":[13,39],"current_hp_per_floor":[71,71,57,57,57,57,57,54,54,54,54,54,54,54,54,54,72,71,71,71,65,52,52,47,47,47,47,42,26,26,26,26,24,77,77,74,74,64,64,64,53,53,53,53,24,24,73,73,73,48],"gold":0,"neow_bonus":"ONE_RARE_RELIC","is_daily":false,"chose_seed":false,"campfire_upgraded":9,"win_rate":0.0,"timestamp":1613984095,"path_taken":["M","?","?","M","M","R","E","M","T","E","M","M","$","M","R","BOSS","M","?","?","M","?","R","M","$","T","R","M","?","E","M","R","BOSS","M","M","?","?","$","R","M","R","T","R","M","E","?","?","R","BOSS"],"items_purchased_type":["Card","Relic"],"build_version":"2020-12-22","purchased_purges":2,"victory":true,"max_hp_per_floor":[72,72,72,72,72,72,72,72,72,72,72,72,72,72,72,72,72,72,72,72,72,77,77,77,77,77,77,77,77,77,77,77,77,77,77,77,77,77,77,77,83,83,83,83,83,83,73,73,73,73],"card_choices":[{"not_picked":["FlyingSleeves","Study"],"picked":"FlurryOfBlows","floor":1.0},{"not_picked":["BowlingBash","Halt"],"picked":"InnerPeace","floor":4.0},{"not_picked":["PathToVictory","Wallop"],"picked":"FearNoEvil","floor":5.0},{"not_picked":["ConjureBlade","JustLucky"],"picked":"Meditate","floor":7.0},{"not_picked":["Pray","Tantrum"],"picked":"CutThroughFate","floor":8.0},{"not_picked":["Perseverance","InnerPeace"],"picked":"FlurryOfBlows","floor":10.0},{"not_picked":["FlyingSleeves","Omniscience"],"picked":"SashWhip","floor":11.0},{"not_picked":["Worship","Swivel"],"picked":"CrushJoints","floor":12.0},{"not_picked":["CrushJoints","Collect"],"picked":"ThirdEye","floor":14.0},{"not_picked":["Judgement","Brilliance"],"picked":"Ragnarok","floor":16.0},{"not_picked":["SashWhip","PathToVictory+1"],"picked":"FearNoEvil","floor":18.0},{"not_picked":["ClearTheMind","ThirdEye"],"picked":"Protect","floor":21.0},{"not_picked":["Adaptation","Halt"],"picked":"Evaluate","floor":24.0},{"not_picked":["CarveReality","Halt","Wallop"],"picked":"Tantrum","floor":28.0},{"not_picked":["Sanctity","Study","Consecrate"],"picked":"CutThroughFate+1","floor":30.0},{"not_picked":["Study","InnerPeace","CrushJoints+1"],"picked":"Conclude","floor":31.0},{"not_picked":["Ragnarok","ConjureBlade","MasterReality"],"picked":"DevaForm","floor":33.0},{"not_picked":["FlyingSleeves+1","Consecrate","Swivel+1"],"picked":"Fasting2+1","floor":35.0},{"not_picked":["FollowUp","Indignation","Consecrate","Sanctity"],"picked":"SKIP","floor":36.0},{"not_picked":["Brilliance","BowlingBash","Meditate"],"picked":"CrushJoints+1","floor":38.0},{"not_picked":["JustLucky","Conclude","Consecrate"],"picked":"SandsOfTime+1","floor":41.0},{"not_picked":["CutThroughFate","Pray+1","ReachHeaven"],"picked":"Protect+1","floor":45},{"not_picked":["EmptyBody+1","BowlingBash","FlurryOfBlows+1","Wallop"],"picked":"SKIP","floor":46}],"player_experience":238186,"relics_obtained":[{"floor":7.0,"key":"White Beast Statue"},{"floor":9.0,"key":"Whetstone"},{"floor":10.0,"key":"Vajra"},{"floor":26.0,"key":"Question Card"},{"floor":29.0,"key":"Nilry\u0027s Codex"},{"floor":30.0,"key":"Pantograph"},{"floor":34.0,"key":"PreservedInsect"},{"floor":34.0,"key":"Darkstone Periapt"},{"floor":34.0,"key":"GoldenEye"},{"floor":38.0,"key":"Torii"},{"floor":43.0,"key":"StoneCalendar"},{"floor":46,"key":"Shuriken"}],"event_choices":[{"damage_healed":0.0,"max_hp_gain":0.0,"max_hp_loss":0.0,"gold_gain":0.0,"event_name":"Living Wall","player_choice":"Grow","floor":2.0,"gold_loss":0.0,"damage_taken":0.0,"cards_upgraded":["Eruption"]},{"damage_healed":0.0,"max_hp_gain":0.0,"max_hp_loss":0.0,"gold_gain":0.0,"event_name":"Shining Light","player_choice":"Entered Light","floor":3.0,"gold_loss":0.0,"damage_taken":14.0,"cards_upgraded":["FlurryOfBlows","Vigilance"]},{"damage_healed":0.0,"max_hp_gain":0.0,"max_hp_loss":0.0,"gold_gain":0.0,"event_name":"The Mausoleum","player_choice":"Opened","floor":19.0,"gold_loss":0.0,"damage_taken":0.0,"relics_obtained":["Juzu Bracelet"],"cards_obtained":["Writhe"]},{"damage_healed":0.0,"max_hp_gain":0.0,"max_hp_loss":0.0,"gold_gain":0.0,"event_name":"Ghosts","player_choice":"Ignored","floor":20.0,"gold_loss":0.0,"damage_taken":0.0},{"damage_healed":0.0,"max_hp_gain":5.0,"max_hp_loss":0.0,"gold_gain":0.0,"event_name":"Forgotten Altar","player_choice":"Shed Blood","floor":22.0,"gold_loss":0.0,"damage_taken":18.0},{"damage_healed":0.0,"max_hp_gain":0.0,"max_hp_loss":0.0,"gold_gain":0.0,"event_name":"Cursed Tome","player_choice":"Obtained Book","floor":29.0,"gold_loss":0.0,"damage_taken":16.0},{"cards_removed":["Meditate"],"damage_healed":0.0,"max_hp_gain":0.0,"max_hp_loss":0.0,"gold_gain":0.0,"event_name":"Falling","player_choice":"Removed Skill","floor":37.0,"gold_loss":0.0,"damage_taken":0.0},{"damage_healed":0.0,"max_hp_gain":0.0,"max_hp_loss":0.0,"gold_gain":0.0,"event_name":"Mysterious Sphere","player_choice":"Fight","floor":38.0,"gold_loss":0.0,"damage_taken":0.0},{"damage_healed":73,"gold_gain":0,"player_choice":"Heal","damage_taken":0,"max_hp_gain":0,"max_hp_loss":10,"event_name":"The Moai Head","floor":47,"gold_loss":0},{"damage_healed":0,"gold_gain":0,"player_choice":"Paid","damage_taken":0,"relics_obtained":["Red Mask"],"max_hp_gain":0,"max_hp_loss":0,"event_name":"Tomb of Lord Red Mask","floor":48,"gold_loss":131}],"is_beta":false,"boss_relics":[{"not_picked":["Tiny House","Empty Cage"],"picked":"SlaversCollar"},{"not_picked":["Coffee Dripper","Black Star"],"picked":"Calling Bell"}],"items_purged_floors":[13,25],"is_endless":false,"potions_floor_spawned":[5,8,10,11,12,14,16,18,21,24,28,30,31,33,35,36,38,41,45,46],"ascension_level":0}}