{"host":"wbn3xdfsa5pc2kse","time":1613995224,"event":{"mods":["AchievementEnabler","BaseMod","Bestiary","Colored Map","Colored Powertips","Curses Come First","Highlight Path","Minty Spire (QoL Compilation)","Permanent Neow","Rare Cards Sparkle","Relic Stats","StSLib"],"gold_per_floor":[111,127,127,142,157,157,175,175,175,200,219,235,265,265,265,339,339,356,356,76,76,92,92,112,112,112],"floor_reached":25,"language":"ZHT","playtime":757,"items_purged":["Strike_R"],"score":394,"play_id":"5af04ddb-9b9b-49ac-8f69-481b8c6262fb","local_time":"20210222200024","is_ascension_mode":true,"campfire_choices":[{"data":"Armaments","floor":6,"key":"SMITH"},{"data":"Uppercut","floor":8,"key":"SMITH"},{"data":"Inflame","floor":15,"key":"SMITH"},{"data":"Disarm","floor":23,"key":"SMITH"}],"circlet_count":0,"master_deck":["AscendersBane","Strike_R","Strike_R","Defend_R","Defend_R","Defend_R","Bash","Iron Wave","Armaments+1","Uppercut+1","Dropkick","Clash","Inflame+1","Fiend Fire","Decay","Exhume","Disarm+1","Armaments","Sword Boomerang","Inflame","True Grit"],"relics":["Burning Blood","HornCleat","Singing Bowl","Eternal Feather","Cursed Key","Bag of Marbles"],"acts_visited":["Exordium","TheCity"],"potions_floor_usage":[7,10,16,18],"damage_taken":[{"damage":14,"enemies":"Small Slimes","floor":1,"turns":5},{"damage":2,"enemies":"Jaw Worm","floor":2,"turns":4},{"damage":2,"enemies":"Cultist","floor":4,"turns":5},{"damage":4,"enemies":"Looter","floor":5,"turns":4},{"damage":12,"enemies":"2 Fungi Beasts","floor":7,"turns":3},{"damage":50,"enemies":"3 Sentries","floor":10,"turns":11},{"damage":2,"enemies":"3 Louse","floor":11,"turns":4},{"damage":5,"enemies":"Large Slime","floor":12,"turns":5},{"damage":22,"enemies":"Hexaghost","floor":16,"turns":10},{"damage":0,"enemies":"Spheric Guardian","floor":18,"turns":3},{"damage":30,"enemies":"2 Thieves","floor":22,"turns":4},{"damage":21,"enemies":"Snake Plant","floor":24,"turns":5},{"damage":26,"enemies":"Slavers","floor":25,"turns":2}],"seed_played":"-3085815327360588358","potions_obtained":[{"floor":2,"key":"SneckoOil"},{"floor":4,"key":"Regen Potion"},{"floor":11,"key":"Weak Potion"},{"floor":12,"key":"GamblersBrew"}],"is_trial":false,"path_per_floor":["M","M","?","M","M","R","M","R","T","E","M","M","?","?","R","B",null,"M","?","$","?","M","R","M","E"],"character_chosen":"IRONCLAD","items_purchased":["Bag of Marbles","Inflame"],"campfire_rested":0,"item_purchase_floors":[20,20],"current_hp_per_floor":[56,60,53,57,59,59,58,58,58,14,18,21,21,21,30,14,72,78,78,78,51,27,39,26,0,0],"gold":112,"neow_bonus":"TWENTY_PERCENT_HP_BONUS","is_daily":false,"chose_seed":false,"campfire_upgraded":4,"win_rate":0.0,"timestamp":1613995224,"path_taken":["M","M","?","M","M","R","M","R","T","E","M","M","?","?","R","BOSS","M","?","$","?","M","R","M","E"],"items_purchased_type":["Relic","Card"],"build_version":"2020-12-22","purchased_purges":1,"victory":false,"max_hp_per_floor":[89,89,89,89,89,89,89,89,89,89,89,91,91,91,91,91,91,91,91,91,96,96,96,98,98,98],"relic_stats":{"Singing Bowl":4,"counters":[13,65],"Eternal Feather":21,"Cursed Key":0,"obtain_stats":[{"HornCleat":9,"Singing Bowl":10,"Eternal Feather":13,"Bag of Marbles":20,"Cursed Key":17,"Burning Blood":0},{"HornCleat":5,"Singing Bowl":6,"Eternal Feather":8,"Bag of Marbles":10,"Cursed Key":9,"Burning Blood":0},{"HornCleat":21,"Singing Bowl":32,"Eternal Feather":41,"Bag of Marbles":54,"Cursed Key":51,"Burning Blood":0}],"Burning Blood":72},"card_choices":[{"not_picked":["Warcry","Infernal Blade"],"picked":"Iron Wave","floor":1},{"not_picked":["Burning Pact","Havoc"],"picked":"Armaments","floor":2},{"not_picked":["Body Slam","Cleave"],"picked":"Uppercut","floor":4},{"not_picked":["Cleave","Sword Boomerang"],"picked":"Dropkick","floor":5},{"not_picked":["Twin Strike","Havoc"],"picked":"Clash","floor":7},{"not_picked":["Whirlwind","Perfected Strike"],"picked":"Inflame","floor":10},{"not_picked":["Heavy Blade","Blood for Blood"],"picked":"Fiend Fire","floor":11},{"not_picked":["Warcry","Heavy Blade","Sword Boomerang"],"picked":"Singing Bowl","floor":12},{"not_picked":["Limit Break","Juggernaut"],"picked":"Exhume","floor":16},{"not_picked":["Clothesline","Sever Soul"],"picked":"Disarm","floor":18},{"not_picked":["Anger","Havoc"],"picked":"True Grit","floor":22},{"not_picked":["Warcry","Pommel Strike","Armaments"],"picked":"Singing Bowl","floor":24}],"player_experience":852003,"relics_obtained":[{"floor":9,"key":"HornCleat"},{"floor":10,"key":"Singing Bowl"}],"event_choices":[{"cards_removed":["Defend_R"],"damage_healed":0,"gold_gain":0,"player_choice":"Card Removal","damage_taken":7,"max_hp_gain":0,"max_hp_loss":0,"event_name":"Golden Wing","floor":3,"gold_loss":0},{"damage_healed":0,"gold_gain":30,"player_choice":"Searched \u00272\u0027 times","damage_taken":0,"relics_obtained":["Eternal Feather"],"max_hp_gain":0,"max_hp_loss":0,"event_name":"Dead Adventurer","floor":13,"gold_loss":0},{"damage_healed":0,"gold_gain":0,"player_choice":"Cursed","damage_taken":0,"max_hp_gain":0,"max_hp_loss":0,"event_name":"Wheel of Change","floor":14,"gold_loss":0,"cards_obtained":["Decay"]},{"damage_healed":0,"gold_gain":0,"cards_transformed":["Strike_R","Strike_R"],"player_choice":"Became Test Subject","damage_taken":0,"max_hp_gain":0,"max_hp_loss":0,"event_name":"Drug Dealer","floor":19,"gold_loss":0,"cards_obtained":["Armaments","Sword Boomerang"]},{"damage_healed":0,"gold_gain":0,"player_choice":"Shed Blood","damage_taken":32,"max_hp_gain":5,"max_hp_loss":0,"event_name":"Forgotten Altar","floor":21,"gold_loss":0}],"is_beta":false,"boss_relics":[{"not_picked":["Ectoplasm","Runic Cube"],"picked":"Cursed Key"}],"items_purged_floors":[20],"is_endless":false,"potions_floor_spawned":[2,4,11,12],"killed_by":"Slavers","ascension_level":16}}