{"host":"cpsutu8lprjuipd6","time":1613967063,"event":{"mods":["BaseMod","Colored Map","Minty Spire (QoL Compilation)","Permanent Neow","Quick Restart","StSLib","SuperFastMode","The Bug Knight","Together in Spire"],"gold_per_floor":[116,40,40,40,53,53,87,103,103,120,136,150,150,150,150,246,246,262,274,274,274],"floor_reached":20,"language":"KOR","playtime":563,"items_purged":[],"score":211,"play_id":"9860a56a-25a0-4b9a-8a4d-13dc2fe528b0","local_time":"20210222131103","is_ascension_mode":true,"campfire_choices":[{"floor":6,"key":"RECALL"},{"data":"Bash","floor":13,"key":"SMITH"},{"floor":15,"key":"REST"}],"circlet_count":0,"master_deck":["Strike_R","Strike_R","Strike_R","Strike_R","Strike_R","Defend_R","Defend_R","Defend_R","Defend_R","Bash+1","Spot Weakness","Dropkick+1","Dropkick+1","Warcry+1","Clash+1"],"relics":["Burning Blood","NeowsBlessing","Molten Egg 2","Gremlin Horn","Centennial Puzzle","Black Star"],"acts_visited":["Exordium","TheCity"],"potions_floor_usage":[16,16],"damage_taken":[{"damage":0,"enemies":"Jaw Worm","floor":1,"turns":1},{"damage":0,"enemies":"2 Louse","floor":5,"turns":1},{"damage":0,"enemies":"Lagavulin","floor":7,"turns":1},{"damage":1,"enemies":"Cultist","floor":8,"turns":3},{"damage":3,"enemies":"2 Fungi Beasts","floor":10,"turns":4},{"damage":0,"enemies":"Large Slime","floor":11,"turns":4},{"damage":12,"enemies":"Looter","floor":12,"turns":4},{"damage":19,"enemies":"Slime Boss","floor":16,"turns":8},{"damage":22,"enemies":"Shell Parasite","floor":18,"turns":5},{"damage":56,"enemies":"Shelled Parasite and Fungi","floor":19,"turns":7},{"damage":0,"enemies":"Masked Bandits","floor":20,"turns":2}],"seed_played":"-7132587246887993308","potions_obtained":[{"floor":5,"key":"ElixirPotion"},{"floor":7,"key":"Swift Potion"},{"floor":12,"key":"ColorlessPotion"}],"is_trial":false,"path_per_floor":["M","$","?","?","M","R","E","M","T","M","M","M","R","?","R","B",null,"M","M","?"],"character_chosen":"IRONCLAD","items_purchased":["Dropkick"],"campfire_rested":1,"item_purchase_floors":[2],"current_hp_per_floor":[80,80,80,80,80,80,80,80,80,80,80,74,74,32,56,43,80,64,14,14,14],"gold":274,"neow_bonus":"THREE_ENEMY_KILL","is_daily":false,"chose_seed":false,"campfire_upgraded":1,"win_rate":0.0,"timestamp":1613967063,"path_taken":["M","$","?","?","?","R","E","M","T","M","M","M","R","?","R","BOSS","M","M","?"],"items_purchased_type":["Card"],"build_version":"2020-12-22","purchased_purges":0,"victory":false,"max_hp_per_floor":[80,80,80,80,80,80,80,80,80,80,80,80,80,80,80,80,80,80,80,80,80],"card_choices":[{"not_picked":["Headbutt","Havoc"],"picked":"Spot Weakness","floor":1},{"not_picked":["Pommel Strike","Cleave","Combust"],"picked":"SKIP","floor":5},{"not_picked":["Clothesline+1","Searing Blow+1","Twin Strike+1"],"picked":"SKIP","floor":7},{"not_picked":["Headbutt+1","Wild Strike+1","True Grit"],"picked":"SKIP","floor":8},{"not_picked":["Rupture","Searing Blow+1"],"picked":"Dropkick+1","floor":10},{"not_picked":["Rage","Wild Strike+1","True Grit"],"picked":"SKIP","floor":11},{"not_picked":["Clothesline+1","Iron Wave+1","Wild Strike+1"],"picked":"SKIP","floor":12},{"not_picked":["Sword Boomerang+1","Anger+1"],"picked":"Warcry+1","floor":18},{"not_picked":["Body Slam+1","Headbutt+1"],"picked":"Clash+1","floor":19}],"player_experience":142882,"relics_obtained":[{"floor":7,"key":"Molten Egg 2"},{"floor":9,"key":"Gremlin Horn"}],"event_choices":[{"damage_healed":0,"gold_gain":0,"player_choice":"Leave","damage_taken":0,"max_hp_gain":0,"max_hp_loss":0,"event_name":"The Cleric","floor":3,"gold_loss":0},{"damage_healed":0,"gold_gain":0,"player_choice":"Forge","damage_taken":0,"max_hp_gain":0,"max_hp_loss":0,"event_name":"Accursed Blacksmith","floor":4,"gold_loss":0,"cards_upgraded":["Dropkick"]},{"damage_healed":0,"gold_gain":0,"player_choice":"Success","damage_taken":42,"relics_obtained":["Centennial Puzzle"],"max_hp_gain":0,"max_hp_loss":0,"event_name":"Scrap Ooze","floor":14,"gold_loss":0},{"damage_healed":0,"gold_gain":0,"player_choice":"Fought Bandits","damage_taken":0,"max_hp_gain":0,"max_hp_loss":0,"event_name":"Masked Bandits","floor":20,"gold_loss":0}],"is_beta":false,"boss_relics":[{"not_picked":["Black Blood","Astrolabe"],"picked":"Black Star"}],"items_purged_floors":[],"is_endless":false,"potions_floor_spawned":[5,7,12],"killed_by":"Masked Bandits","ascension_level":1}}