{"host":"2c84cb4cp1emursg","time":1613969939,"event":{"mods":["Act Like it!","BaseMod","Better Third Choice","Bossed Relics","Hermit","Minty Spire (QoL Compilation)","Permanent Neow","Shapeshifter Mod","StSLib"],"gold_per_floor":[118,118,128,146,0,29,29,61,61,61,8,22,37,54,54,54,54],"floor_reached":16,"language":"ENG","playtime":767,"items_purged":[],"score":118,"play_id":"442ec286-00ca-4e0f-a77e-b73b7e131198","local_time":"20210221215859","is_ascension_mode":true,"campfire_choices":[{"data":"Enlightenment","floor":7,"key":"SMITH"},{"data":"StSShapeShifter:WolfForm","floor":15,"key":"SMITH"}],"circlet_count":0,"master_deck":["StSShapeShifter:ShapeShifter_Strike+1","StSShapeShifter:ShapeShifter_Strike+1","StSShapeShifter:ShapeShifter_Strike","StSShapeShifter:ShapeShifter_Strike","StSShapeShifter:ShapeShifter_Defend","StSShapeShifter:ShapeShifter_Defend","StSShapeShifter:ShapeShifter_Defend","StSShapeShifter:ShapeShifter_Defend","StSShapeShifter:Tortoise_Form","StSShapeShifter:Lynx_Form","StSShapeShifter:DeerForm","StSShapeShifter:VineHandcuffs","StSShapeShifter:WolfForm+1","StSShapeShifter:BurstingSpore","StSShapeShifter:WaspSwarmForm","Enlightenment+1","StSShapeShifter:RaptorForm","StSShapeShifter:RestoreBalance","StSShapeShifter:BurstingSpore","StSShapeShifter:Flourish","StSShapeShifter:ReplenishingNectar","StSShapeShifter:Guard"],"relics":["StSShapeShifter:AnimalHeart","StSShapeShifter:TheShapeShiftersMagnolia","Torii","StSShapeShifter:ThornsOfSummi","Frozen Egg 2","FaceOfCleric"],"acts_visited":["Exordium"],"potions_floor_usage":[6,16],"damage_taken":[{"damage":0,"enemies":"Small Slimes","floor":1,"turns":4},{"damage":0,"enemies":"2 Louse","floor":3,"turns":2},{"damage":1,"enemies":"Cultist","floor":4,"turns":4},{"damage":30,"enemies":"Gremlin Nob","floor":6,"turns":5},{"damage":26,"enemies":"3 Sentries","floor":8,"turns":4},{"damage":12,"enemies":"3 Louse","floor":12,"turns":3},{"damage":8,"enemies":"Exordium Wildlife","floor":13,"turns":5},{"damage":13,"enemies":"Red Slaver","floor":14,"turns":2},{"damage":61,"enemies":"Slime Boss","floor":16,"turns":9}],"seed_played":"-6042027195837735687","potions_obtained":[{"floor":3,"key":"Swift Potion"},{"floor":13,"key":"FairyPotion"},{"floor":14,"key":"FearPotion"}],"is_trial":false,"path_per_floor":["M","?","M","M","?","E","R","E","T","?","$","M","M","M","R","B"],"character_chosen":"SHAPESHIFTER","items_purchased":["StSShapeShifter:BurstingSpore"],"campfire_rested":0,"item_purchase_floors":[11],"current_hp_per_floor":[71,57,61,68,74,44,44,20,20,20,20,11,18,7,7,0,0],"gold":54,"neow_bonus":"TRANSFORM_TWO_CARDS","is_daily":false,"chose_seed":false,"campfire_upgraded":2,"win_rate":0.0,"timestamp":1613969939,"path_taken":["M","?","M","M","?","E","R","E","T","?","$","M","M","M","R","BOSS"],"items_purchased_type":["Card"],"build_version":"2020-12-22","purchased_purges":0,"victory":false,"max_hp_per_floor":[71,71,71,71,77,77,77,77,77,77,77,78,79,80,80,80,80],"card_choices":[{"not_picked":["StSShapeShifter:Guard","StSShapeShifter:DeerForm"],"picked":"StSShapeShifter:WolfForm","floor":1},{"not_picked":["StSShapeShifter:BearForm","StSShapeShifter:Roar"],"picked":"StSShapeShifter:BurstingSpore","floor":3},{"not_picked":["StSShapeShifter:RockSlide","StSShapeShifter:Rest"],"picked":"StSShapeShifter:WaspSwarmForm","floor":4},{"not_picked":["StSShapeShifter:BurrBomb","StSShapeShifter:PoisonIvy"],"picked":"StSShapeShifter:RaptorForm","floor":6},{"not_picked":["StSShapeShifter:ThornToss","StSShapeShifter:Guard"],"picked":"StSShapeShifter:RestoreBalance","floor":8},{"not_picked":["StSShapeShifter:Sapling","StSShapeShifter:Roar"],"picked":"StSShapeShifter:Flourish","floor":12},{"not_picked":["StSShapeShifter:BarkSkin","StSShapeShifter:DeerForm"],"picked":"StSShapeShifter:ReplenishingNectar","floor":13},{"not_picked":["StSShapeShifter:Roar","StSShapeShifter:EntForm"],"picked":"StSShapeShifter:Guard","floor":14}],"player_experience":582987,"relics_obtained":[{"floor":6,"key":"Torii"},{"floor":8,"key":"StSShapeShifter:ThornsOfSummi"},{"floor":9,"key":"Frozen Egg 2"}],"event_choices":[{"damage_healed":71,"gold_gain":0,"player_choice":"Upgrade","damage_taken":14,"max_hp_gain":0,"max_hp_loss":71,"event_name":"betterThird:BetterShining","floor":2,"gold_loss":0,"cards_upgraded":["StSShapeShifter:ShapeShifter_Strike","StSShapeShifter:ShapeShifter_Strike"]},{"damage_healed":0,"gold_gain":0,"player_choice":"RENOUNCE","damage_taken":146,"max_hp_gain":0,"max_hp_loss":0,"event_name":"betterThird:BetterSerpent","floor":5,"gold_loss":146,"cards_obtained":["Enlightenment"]},{"damage_healed":0,"gold_gain":0,"player_choice":"Trade","damage_taken":0,"relics_obtained":["FaceOfCleric"],"max_hp_gain":0,"max_hp_loss":0,"event_name":"FaceTrader","floor":10,"gold_loss":0}],"is_beta":false,"boss_relics":[],"items_purged_floors":[],"is_endless":false,"potions_floor_spawned":[3,13,14],"killed_by":"Slime Boss","ascension_level":1}}