{"host":"kdt6w7ix8lwe69i9","time":1613989228,"event":{"mods":["100% Spire Juice","BaseMod","ChefMod","Evolution","Koishi","Minty Spire (QoL Compilation)","Poor People Problems","Reimu（博丽灵梦）","Robot Space Explorer","Shade Mod","Shapeshifter Mod","StSLib","The Druid","The Gatherer","The Poker Player","The Servant 0.9.4","TheSurvivalist"],"gold_per_floor":[113,188,188,38,50,50,84,94,94,94,113,34,34,34,34,131,131,155,198,198,198,198,224,236,267,306,318,28,28,52,78,78,196,196,239,239,1238,789,789,789,803,836,836,836,859,859],"floor_reached":45,"language":"ENG","playtime":3459,"items_purged":[],"score":573,"play_id":"126f8cc2-3315-473f-9c85-a8c3dd8934fd","local_time":"20210222052028","is_ascension_mode":false,"campfire_choices":[{"data":"StSShapeShifter:FoxForm","floor":6,"key":"SMITH"},{"floor":10,"key":"RECALL"},{"data":"StSShapeShifter:Ensconce","floor":13,"key":"SMITH"},{"data":"StSShapeShifter:PorcupineForm","floor":15,"key":"SMITH"},{"floor":24,"key":"REST"},{"floor":27,"key":"REST"},{"data":"1","floor":32,"key":"LIFT"},{"data":"2","floor":40,"key":"LIFT"},{"floor":44,"key":"REST"}],"circlet_count":0,"master_deck":["StSShapeShifter:RockSlide","StSShapeShifter:RockSlide","StSShapeShifter:RockSlide","StSShapeShifter:RockSlide","StSShapeShifter:FallingLeaves","StSShapeShifter:FallingLeaves","StSShapeShifter:FallingLeaves","StSShapeShifter:Tortoise_Form","StSShapeShifter:Lynx_Form","StSShapeShifter:FoxForm+1","StSShapeShifter:HippoForm","StSShapeShifter:SpiritOfTheEarth","StSShapeShifter:BarkSkin","StSShapeShifter:PorcupineForm+1","StSShapeShifter:Ensconce+1","StSShapeShifter:PowerShifter","StSShapeShifter:ShiftingStrike+1","StSShapeShifter:ThornToss+1","StSShapeShifter:BarkSkin+1","StSShapeShifter:Efflorescence+1","StSShapeShifter:DiverseSpirit","StSShapeShifter:BloomingSlash","StSShapeShifter:Hunt+1","StSShapeShifter:Summer","StSShapeShifter:Summer","StSShapeShifter:BarkSkin+1","Sadistic Nature","HandOfGreed","Trip","StSShapeShifter:EntForm+1","StSShapeShifter:Synchronicity+1"],"relics":["StSShapeShifter:AnimalHeart","StSShapeShifter:TheShapeShiftersMagnolia","EVO:Axolotl","NeowsBlessing","Thread and Needle","Tiny Chest","Bag of Marbles","Question Card","Astrolabe","Pear","MawBank","Toy Ornithopter","Girya","MutagenicStrength","Omamori","Mercury Hourglass","SacredBark","StSShapeShifter:AlchemistsNecklace","Boot","HandDrill","Akabeko","StSShapeShifter:ThornsOfSummi"],"acts_visited":["Exordium","TheCity","TheBeyond"],"potions_floor_usage":[16,18,19,23,23,23,33],"damage_taken":[{"damage":0,"enemies":"Cultist","floor":1,"turns":1},{"damage":0,"enemies":"Small Slimes","floor":5,"turns":1},{"damage":0,"enemies":"Lagavulin","floor":7,"turns":1},{"damage":0,"enemies":"Jaw Worm","floor":8,"turns":2},{"damage":0,"enemies":"Lots of Slimes","floor":11,"turns":1},{"damage":44,"enemies":"Hexaghost","floor":16,"turns":8},{"damage":0,"enemies":"3 Byrds","floor":18,"turns":3},{"damage":22,"enemies":"Shell Parasite","floor":19,"turns":7},{"damage":14,"enemies":"Slavers","floor":23,"turns":3},{"damage":32,"enemies":"3 Cultists","floor":25,"turns":5},{"damage":28,"enemies":"Book of Stabbing","floor":31,"turns":5},{"damage":42,"enemies":"Champ","floor":33,"turns":13},{"damage":3,"enemies":"3 Shapes","floor":35,"turns":7},{"damage":11,"enemies":"Orb Walker","floor":41,"turns":3},{"damage":65,"enemies":"Nemesis","floor":42,"turns":7},{"damage":66,"enemies":"Giant Head","floor":45,"turns":9}],"seed_played":"-6543005863378699618","potions_obtained":[{"floor":5,"key":"DistilledChaos"},{"floor":7,"key":"GamblersBrew"},{"floor":8,"key":"GrandPatriotsElixir:ReiMu"},{"floor":14,"key":"LiquidBronze"},{"floor":16,"key":"Energy Potion"},{"floor":18,"key":"SteroidPotion"},{"floor":19,"key":"SteroidPotion"},{"floor":31,"key":"ColorlessPotion"}],"is_trial":false,"path_per_floor":["M","?","?","$","M","R","E","M","T","R","M","$","R","?","R","B",null,"M","M","?","T","?","E","R","M","T","R","$","?","T","E","R","B",null,"M","?","?","$","?","R","M","E","T","R","E"],"character_chosen":"SHAPESHIFTER","items_purchased":["Tiny Chest","StSShapeShifter:Ensconce","Girya","StSShapeShifter:AlchemistsNecklace","Boot","HandDrill"],"campfire_rested":3,"item_purchase_floors":[4,12,28,38,38,38],"current_hp_per_floor":[88,77,77,77,77,77,77,77,77,77,77,77,77,77,77,33,88,88,66,66,76,76,62,91,59,59,88,88,88,88,60,60,23,98,95,95,95,95,85,85,74,21,21,50,0,0],"gold":859,"neow_bonus":"THREE_ENEMY_KILL","is_daily":false,"chose_seed":false,"campfire_upgraded":3,"win_rate":0.0,"timestamp":1613989228,"path_taken":["M","?","?","?","M","R","E","M","T","R","?","$","R","?","R","BOSS","M","M","?","?","?","E","R","?","T","R","$","?","?","E","R","BOSS","M","?","?","$","?","R","M","E","T","R","E"],"items_purchased_type":["Relic","Card","Relic","Relic","Relic","Relic"],"build_version":"2020-12-22","purchased_purges":0,"victory":false,"max_hp_per_floor":[88,88,88,88,88,88,88,88,88,88,88,88,88,88,88,88,88,88,88,88,98,98,98,98,98,98,98,98,98,98,98,98,98,98,98,98,98,98,98,98,98,98,98,98,98,98],"card_choices":[{"not_picked":["StSShapeShifter:OakBlade","StSShapeShifter:EagleForm"],"picked":"StSShapeShifter:FoxForm","floor":1},{"not_picked":["StSShapeShifter:Evolution","StSShapeShifter:Maul"],"picked":"StSShapeShifter:HippoForm","floor":5},{"not_picked":["StSShapeShifter:DiverseSpirit","StSShapeShifter:FoxForm"],"picked":"StSShapeShifter:SpiritOfTheEarth","floor":7},{"not_picked":["StSShapeShifter:PoisonIvy","StSShapeShifter:Mystical_Branch"],"picked":"StSShapeShifter:BarkSkin","floor":8},{"not_picked":["StSShapeShifter:PoisonIvy","StSShapeShifter:ShiftingStrike","StSShapeShifter:Rabid"],"picked":"StSShapeShifter:PorcupineForm","floor":11},{"not_picked":["StSShapeShifter:Spring","StSShapeShifter:Blossom2","StSShapeShifter:Tornado"],"picked":"StSShapeShifter:PowerShifter","floor":16},{"not_picked":["StSShapeShifter:BurstingSpore","StSShapeShifter:ThrashAbout","StSShapeShifter:Rest"],"picked":"StSShapeShifter:Efflorescence+1","floor":18},{"not_picked":["StSShapeShifter:FesteringBite","StSShapeShifter:IntimidatingAura+1","StSShapeShifter:BarkSkin"],"picked":"StSShapeShifter:DiverseSpirit","floor":19},{"not_picked":["StSShapeShifter:Rest","StSShapeShifter:Tornado","StSShapeShifter:CursedApple"],"picked":"StSShapeShifter:BloomingSlash","floor":23},{"not_picked":["StSShapeShifter:TopazSkin+1","StSShapeShifter:Ensconce","StSShapeShifter:BladeOfGrass"],"picked":"StSShapeShifter:Hunt+1","floor":25},{"not_picked":["StSShapeShifter:RatForm","StSShapeShifter:Autumn","StSShapeShifter:Pounce"],"picked":"StSShapeShifter:Summer","floor":31},{"not_picked":["StSShapeShifter:Earthquake","StSShapeShifter:RhinoCalfForm","StSShapeShifter:MooseForm"],"picked":"StSShapeShifter:Summer","floor":33},{"not_picked":["StSShapeShifter:PoisonIvy+1","StSShapeShifter:Roar+1","StSShapeShifter:Maul+1"],"picked":"StSShapeShifter:BarkSkin+1","floor":35},{"not_picked":["Panacea","Master of Strategy","HandOfGreed"],"picked":"Sadistic Nature","floor":39},{"not_picked":["The Bomb","Purity","Secret Technique"],"picked":"HandOfGreed","floor":39},{"not_picked":["PanicButton","Violence","Purity"],"picked":"Trip","floor":39},{"not_picked":["StSShapeShifter:BurstingSpore+1","StSShapeShifter:TopazSkin+1","StSShapeShifter:OakBlade+1"],"picked":"StSShapeShifter:EntForm+1","floor":41},{"not_picked":["StSShapeShifter:HippoForm+1","StSShapeShifter:BladeOfGrass+1","StSShapeShifter:Roar+1"],"picked":"StSShapeShifter:Synchronicity+1","floor":42}],"player_experience":1764090,"relics_obtained":[{"floor":7,"key":"Bag of Marbles"},{"floor":9,"key":"Question Card"},{"floor":21,"key":"Pear"},{"floor":23,"key":"MawBank"},{"floor":26,"key":"Toy Ornithopter"},{"floor":30,"key":"Omamori"},{"floor":31,"key":"Mercury Hourglass"},{"floor":42,"key":"Akabeko"},{"floor":43,"key":"StSShapeShifter:ThornsOfSummi"}],"event_choices":[{"damage_healed":0,"gold_gain":75,"player_choice":"Gather Gold","damage_taken":11,"max_hp_gain":0,"max_hp_loss":0,"event_name":"World of Goop","floor":2,"gold_loss":0},{"damage_healed":0,"gold_gain":0,"player_choice":"Box","damage_taken":0,"relics_obtained":["Thread and Needle"],"max_hp_gain":0,"max_hp_loss":0,"event_name":"Big Fish","floor":3,"gold_loss":0,"cards_obtained":["Regret"]},{"damage_healed":0,"gold_gain":0,"player_choice":"Got Potions","damage_taken":0,"max_hp_gain":0,"max_hp_loss":0,"event_name":"Lab","floor":14,"gold_loss":0},{"cards_removed":["Regret"],"damage_healed":0,"gold_gain":0,"player_choice":"Elegance","damage_taken":0,"max_hp_gain":0,"max_hp_loss":0,"event_name":"Back to Basics","floor":20,"gold_loss":0},{"damage_healed":0,"gold_gain":0,"player_choice":"Ignored","damage_taken":0,"max_hp_gain":0,"max_hp_loss":0,"event_name":"Vampires","floor":22,"gold_loss":0},{"damage_healed":0,"gold_gain":0,"player_choice":"Inject Mutagens","damage_taken":0,"relics_obtained":["MutagenicStrength"],"max_hp_gain":0,"max_hp_loss":0,"event_name":"Drug Dealer","floor":29,"gold_loss":0},{"damage_healed":0,"gold_gain":0,"player_choice":"Ignored","damage_taken":0,"max_hp_gain":0,"max_hp_loss":0,"event_name":"Tomb of Lord Red Mask","floor":36,"gold_loss":0},{"damage_healed":0,"gold_gain":999,"player_choice":"Gold","damage_taken":0,"max_hp_gain":0,"max_hp_loss":0,"event_name":"MindBloom","floor":37,"gold_loss":0,"cards_obtained":["Normality","Normality"]},{"damage_healed":0,"gold_gain":0,"player_choice":"Memory 3","damage_taken":10,"max_hp_gain":0,"max_hp_loss":0,"event_name":"SensoryStone","floor":39,"gold_loss":0}],"is_beta":false,"boss_relics":[{"not_picked":["Sozu","Velvet Choker"],"picked":"Astrolabe"},{"not_picked":["Runic Dome","Runic Pyramid"],"picked":"SacredBark"}],"items_purged_floors":[],"is_endless":false,"potions_floor_spawned":[5,7,8,16,18,19,31],"killed_by":"Giant Head","ascension_level":0}}