{"host":"yy1cu9q9bsxhflzi","time":1613993667,"event":{"mods":["BaseMod","DeckTracker","Minty Spire (QoL Compilation)","Quick Restart","StSLib","SuperFastMode","everything is the same but u backflip on backflip"],"gold_per_floor":[110,120,120,133,133,133,169,192,219,262,349,382,409,421,421],"floor_reached":14,"language":"KOR","playtime":277,"items_purged":[],"score":204,"play_id":"0a7a8433-0aa5-4b92-9c5a-5fc7ad3a29fa","local_time":"20210222203427","is_ascension_mode":true,"campfire_choices":[{"data":"Juggernaut","floor":6.0,"key":"SMITH"}],"circlet_count":0,"master_deck":["AscendersBane","Strike_G","Strike_G","Strike_G","Strike_G","Strike_G","Defend_G","Defend_G","Defend_G","Defend_G","Defend_G","Survivor","Neutralize","After Image","Juggernaut+1","Blade Dance","Backflip","Footwork","Backflip","Well Laid Plans","Dodge and Roll","Reflex"],"relics":["Ring of the Snake","Mummified Hand","Golden Idol","Art of War","MawBank"],"acts_visited":["Exordium"],"potions_floor_usage":[14],"damage_taken":[{"damage":0.0,"enemies":"Cultist","floor":1.0,"turns":4.0},{"damage":0.0,"enemies":"Jaw Worm","floor":2.0,"turns":1.0},{"damage":3.0,"enemies":"Small Slimes","floor":4.0,"turns":3.0},{"damage":2.0,"enemies":"Gremlin Nob","floor":7.0,"turns":3.0},{"damage":6.0,"enemies":"Blue Slaver","floor":8.0,"turns":3.0},{"damage":11.0,"enemies":"Lagavulin","floor":10.0,"turns":5.0},{"damage":7.0,"enemies":"Red Slaver","floor":12.0,"turns":2.0},{"damage":0.0,"enemies":"3 Louse","floor":13.0,"turns":2.0},{"damage":21,"enemies":"Gremlin Nob","floor":14,"turns":3}],"seed_played":"-7350871265452799904","potions_obtained":[{"floor":2.0,"key":"DistilledChaos"},{"floor":4.0,"key":"Strength Potion"},{"floor":5.0,"key":"FearPotion"},{"floor":8.0,"key":"Dexterity Potion"}],"is_trial":true,"path_per_floor":["M","M","?","M","?","R","E","M","T","E","?","M","M","E"],"character_chosen":"THE_SILENT","items_purchased":[],"campfire_rested":0,"item_purchase_floors":[],"current_hp_per_floor":[59,59,59,56,56,56,54,48,48,37,26,19,19,0,0],"gold":421,"neow_bonus":"","is_daily":false,"chose_seed":false,"campfire_upgraded":1,"win_rate":0.0,"timestamp":1613993667,"path_taken":["M","M","?","M","?","R","E","?","T","E","?","M","M","E"],"items_purchased_type":[],"build_version":"2020-12-22","purchased_purges":0,"victory":false,"max_hp_per_floor":[66,66,60,60,60,60,60,60,60,60,60,60,60,60,60],"card_choices":[{"not_picked":["Dagger Throw","Quick Slash"],"picked":"Blade Dance","floor":1.0},{"not_picked":["Escape Plan","Setup"],"picked":"Backflip","floor":2.0},{"not_picked":["Flechettes","Dagger Throw"],"picked":"Footwork","floor":4.0},{"not_picked":["Blade Dance","PiercingWail"],"picked":"Backflip","floor":7.0},{"not_picked":["Leg Sweep","Deadly Poison"],"picked":"Well Laid Plans","floor":8.0},{"not_picked":["Backstab","Doppelganger"],"picked":"Dodge and Roll","floor":10.0},{"not_picked":["Finisher","Footwork"],"picked":"Reflex","floor":12.0},{"not_picked":["Sucker Punch","Quick Slash","Underhanded Strike"],"picked":"SKIP","floor":13.0}],"player_experience":3935102,"relics_obtained":[{"floor":7.0,"key":"Art of War"},{"floor":10.0,"key":"MawBank"}],"event_choices":[{"damage_healed":0.0,"max_hp_gain":0.0,"max_hp_loss":6.0,"gold_gain":0.0,"event_name":"Golden Idol","player_choice":"Lose Max HP","floor":3.0,"gold_loss":0.0,"damage_taken":0.0,"relics_obtained":["Golden Idol"]},{"damage_healed":0.0,"max_hp_gain":0.0,"max_hp_loss":0.0,"gold_gain":0.0,"event_name":"Lab","player_choice":"Got Potions","floor":5.0,"gold_loss":0.0,"damage_taken":0.0},{"damage_healed":0.0,"max_hp_gain":0.0,"max_hp_loss":0.0,"gold_gain":75.0,"event_name":"World of Goop","player_choice":"Gather Gold","floor":11.0,"gold_loss":0.0,"damage_taken":11.0}],"is_beta":false,"boss_relics":[],"items_purged_floors":[],"is_endless":false,"potions_floor_spawned":[2,4,8],"killed_by":"Gremlin Nob","ascension_level":20}}