{"host":"gkr15ngkoxye0yue","time":1613980432,"event":{"mods":["2.2 Compatiblity","Act Like it!","BaseMod","Downfall","Minty Spire (QoL Compilation)","Rare Cards Sparkle","Replay The Spire","StSLib"],"gold_per_floor":[99,99,99,99,99,130,154,154,181,181,195,195,195,227,245,346,346,424,439,451,58,58,43,43,43,43,43,61,77,107,122,138,241,241,241,261,246,246,261,6,6,6,6,6,61,73,73,423,436,436],"floor_reached":51,"language":"ENG","playtime":9160,"items_purged":["hexamod:Strike"],"score":802,"play_id":"5e9b7035-4141-46d2-a1ba-9bd9fb0ed401","local_time":"20210221235352","is_ascension_mode":true,"campfire_choices":[{"data":"hexamod:Float","floor":8.0,"key":"SMITH"},{"floor":10.0,"key":"REST"},{"data":"hexamod:UnlimitedPower","floor":25.0,"key":"SMITH"},{"data":"hexamod:NecessarySacrifice","floor":35.0,"key":"SMITH"},{"floor":43.0,"key":"REST"},{"floor":47.0,"key":"REST"}],"circlet_count":0,"master_deck":["hexamod:Strike+1","hexamod:Strike","hexamod:Strike","hexamod:Defend","hexamod:Defend+1","hexamod:Defend+1","hexamod:Sear+1","hexamod:Float+1","hexamod:UnlimitedPower+1","hexamod:Rewind+1","hexamod:Firestarter","hexamod:GhostOfSpireFuture","hexamod:NecessarySacrifice+1","hexamod:SpectersWail","hexamod:ThermalTransfer+1","hexamod:TimeOfNeed+1","hexamod:SwordOfDarkness+1","hexamod:Again","hexamod:PowerFromBeyond+1","hexamod:FlamesFromBeyond+1","hexamod:SoulSteal+1","hexamod:ShieldOfDarkness","hexamod:InspiringFlames","hexamod:HauntingEcho","hexamod:SixthSeal","hexamod:FastForward","hexamod:Hexaguard+1","hexamod:ThermalTransfer+1","Apotheosis","Parasite","Languid","hexamod:PhantomCloak+1","hexamod:GhostOfSpirePast+1"],"relics":["hexamod:SpiritBrand","downfall:HeartsMalice","Durian","Strawberry","Onion Ring","Toy Ornithopter","Du-Vu Doll","sneckomod:SneckoTalon","Replay:Kaleidoscope","Lantern","Bag of Preparation","Cursed Key","sneckomod:BlankCard","hexamod:SoulConsumer","Pondfish Scales","ReplayTheSpireMod:CursedCoin","Guardian:PocketSentry","Replay:Bottled Eggs","Old Coin"],"acts_visited":["Exordium","TheCity","TheBeyond"],"potions_floor_usage":[50],"damage_taken":[{"damage":0.0,"enemies":"Small Slimes","floor":3.0,"turns":1.0},{"damage":0.0,"enemies":"2 Louse","floor":5.0,"turns":1.0},{"damage":0.0,"enemies":"Replay:BlueRogue","floor":6.0,"turns":1.0},{"damage":41.0,"enemies":"3 Sentries","floor":9.0,"turns":11.0},{"damage":0.0,"enemies":"Cultist","floor":11.0,"turns":3.0},{"damage":6.0,"enemies":"Replay:BlueRogue","floor":14.0,"turns":3.0},{"damage":7.0,"enemies":"Exordium Wildlife","floor":15.0,"turns":2.0},{"damage":5.0,"enemies":"IC_STATUS_ARCHETYPE","floor":16.0,"turns":7.0},{"damage":14.0,"enemies":"3 Byrds","floor":19.0,"turns":4.0},{"damage":11.0,"enemies":"Shell Parasite","floor":20.0,"turns":4.0},{"damage":0.0,"enemies":"downfall:FleeingMerchant","floor":21.0,"turns":4.0},{"damage":2.0,"enemies":"downfall:FleeingMerchant","floor":23.0,"turns":5.0},{"damage":13.0,"enemies":"3 Cultists","floor":28.0,"turns":4.0},{"damage":12.0,"enemies":"Snecko","floor":29.0,"turns":3.0},{"damage":7.0,"enemies":"Book of Stabbing","floor":30.0,"turns":3.0},{"damage":9.0,"enemies":"Centurion and Healer","floor":31.0,"turns":3.0},{"damage":0.0,"enemies":"Sentry and Sphere","floor":32.0,"turns":3.0},{"damage":38.0,"enemies":"WA_ARCHETYPE_CALM","floor":33.0,"turns":9.0},{"damage":42.0,"enemies":"3 Darklings","floor":36.0,"turns":4.0},{"damage":15.0,"enemies":"downfall:FleeingMerchant","floor":37.0,"turns":4.0},{"damage":2.0,"enemies":"3 Shapes","floor":39.0,"turns":3.0},{"damage":7.0,"enemies":"downfall:FleeingMerchant","floor":40.0,"turns":3.0},{"damage":25.0,"enemies":"Transient","floor":46.0,"turns":5.0},{"damage":0.0,"enemies":"Transient","floor":48.0,"turns":5.0},{"damage":0.0,"enemies":"Maw","floor":49.0,"turns":7.0},{"damage":13,"enemies":"DF_ARCHETYPE_ORBS","floor":50,"turns":16}],"seed_played":"900994177099254701","potions_obtained":[{"floor":4.0,"key":"downfall:CursedFountainPotion"},{"floor":6.0,"key":"Milkshake"},{"floor":11.0,"key":"Reflective Coating"},{"floor":15.0,"key":"DistilledChaos"},{"floor":16.0,"key":"Dexterity Potion"},{"floor":28.0,"key":"champ:CounterPotion"},{"floor":29.0,"key":"Adrenaline Potion"},{"floor":30.0,"key":"hexamod:SoulburnPotion"},{"floor":32.0,"key":"Swift Potion"},{"floor":36.0,"key":"EssenceOfSteel"},{"floor":46.0,"key":"GamblersBrew"},{"floor":49.0,"key":"Languid Potion"}],"is_trial":false,"path_per_floor":["R","?","M","?","M","E","T","R","E","R","M","?","?","E","M","B",null,"R","M","M","$","?","$","T","R","?","?","M","M","E","M","M","B",null,"R","M","$","?","M","$","T","$","R","?","?","M","R","?","M","B",null],"character_chosen":"THE_SPIRIT","items_purchased":["Replay:Kaleidoscope","sneckomod:BlankCard","Apotheosis","hexamod:SoulConsumer","ReplayTheSpireMod:CursedCoin","Guardian:PocketSentry"],"campfire_rested":3,"item_purchase_floors":[21,40,40,40,42,42],"current_hp_per_floor":[70,70,70,70,70,75,82,82,41,65,65,58,58,52,45,45,82,82,68,57,62,62,60,60,60,60,60,47,35,33,24,29,6,82,82,40,25,25,28,21,21,21,45,72,44,23,44,53,57,53],"gold":436,"neow_bonus":"THREE_ENEMY_KILL","is_daily":false,"chose_seed":false,"campfire_upgraded":3,"win_rate":0.0,"timestamp":1613980432,"path_taken":["R","?","M","?","?","E","T","R","E","R","M","?","?","E","M","BOSS","R","M","M","$","?","$","T","R","?","?","?","M","E","M","M","BOSS","R","M","$","?","?","$","T","?","R","?","?","M","R","?","M","BOSS"],"items_purchased_type":["Relic","Relic","Card","Relic","Relic","Relic"],"build_version":"2020-12-22","purchased_purges":1,"victory":true,"max_hp_per_floor":[70,70,70,70,70,75,82,82,82,82,82,82,82,82,82,82,82,82,82,82,82,82,82,82,82,82,82,82,82,82,82,82,82,82,82,82,82,82,82,82,82,82,82,72,72,72,72,72,72,72],"card_choices":[{"not_picked":["hexamod:SuperheatedStrike","hexamod:RecurringNightmare"],"picked":"hexamod:Rewind","floor":3.0},{"not_picked":["hexamod:BacktrackSmack","hexamod:BurningTouch"],"picked":"hexamod:Firestarter","floor":5.0},{"not_picked":["hexamod:BurningTouch","hexamod:CatchUp"],"picked":"hexamod:GhostOfSpireFuture","floor":6.0},{"not_picked":["hexamod:GhostLash","hexamod:SuperheatedStrike"],"picked":"hexamod:SkipABeat","floor":9.0},{"not_picked":["hexamod:RetreatToShadows","hexamod:AdvancingGuard"],"picked":"hexamod:NecessarySacrifice","floor":11.0},{"not_picked":["hexamod:GhostOfSpirePresent","hexamod:NightmareGuise"],"picked":"hexamod:SpectersWail","floor":14.0},{"not_picked":["hexamod:Rewind","hexamod:SuperheatedStrike"],"picked":"hexamod:ThermalTransfer","floor":15.0},{"not_picked":["hexamod:ParanormalForm","hexamod:TurnItUp"],"picked":"hexamod:TimeOfNeed","floor":16.0},{"not_picked":["hexamod:FourthSeal","hexamod:NecessarySacrifice+1"],"picked":"hexamod:SwordOfDarkness","floor":19.0},{"not_picked":["hexamod:EmpoweredFlame","hexamod:Firestarter"],"picked":"hexamod:Again","floor":20.0},{"not_picked":["hexamod:SpectralAdrenaline+1","hexamod:Rewind"],"picked":"hexamod:PowerFromBeyond+1","floor":21.0},{"not_picked":["hexamod:AdvancingGuard","hexamod:HeatMetal+1"],"picked":"hexamod:FlamesFromBeyond+1","floor":23.0},{"not_picked":["hexamod:Hexaguard","hexamod:GhostLash"],"picked":"hexamod:SoulSteal+1","floor":28.0},{"not_picked":["hexamod:ApocalypseNow","hexamod:FirstSeal"],"picked":"hexamod:ShieldOfDarkness","floor":29.0},{"not_picked":["hexamod:DynamicBlow","hexamod:SpectersWail"],"picked":"hexamod:InspiringFlames","floor":30.0},{"not_picked":["hexamod:FlamesFromBeyond","hexamod:PhantomFireball"],"picked":"hexamod:HauntingEcho","floor":31.0},{"not_picked":["hexamod:HauntingEcho","hexamod:ThermalTransfer","hexamod:ShieldOfDarkness"],"picked":"SKIP","floor":32.0},{"not_picked":["hexamod:UnleashSpirits","hexamod:FifthSeal"],"picked":"hexamod:SixthSeal","floor":33.0},{"not_picked":["hexamod:BurningTouch","hexamod:RadiantFlame"],"picked":"hexamod:FastForward","floor":36.0},{"not_picked":["hexamod:Firestarter","hexamod:FirstSeal"],"picked":"hexamod:Hexaguard+1","floor":37.0},{"not_picked":["hexamod:AdvancingGuard","hexamod:SpectersWail","hexamod:SwordOfDarkness+1"],"picked":"SKIP","floor":39.0},{"not_picked":["hexamod:HexaLevel","hexamod:InspiringFlames","hexamod:NightmareGuise+1"],"picked":"SKIP","floor":40.0},{"not_picked":["hexamod:BurningTouch","hexamod:DynamicBlow","hexamod:RetreatToShadows+1"],"picked":"SKIP","floor":46.0},{"not_picked":["hexamod:Firestarter","hexamod:CatchUp"],"picked":"hexamod:PhantomCloak+1","floor":48.0},{"not_picked":["hexamod:BacktrackSmack","hexamod:FastForward"],"picked":"hexamod:GhostOfSpirePast+1","floor":49.0}],"player_experience":1382105,"relics_obtained":[{"floor":6.0,"key":"Durian"},{"floor":7.0,"key":"Strawberry"},{"floor":9.0,"key":"Onion Ring"},{"floor":14.0,"key":"Du-Vu Doll"},{"floor":24.0,"key":"Lantern"},{"floor":30.0,"key":"Bag of Preparation"},{"floor":41.0,"key":"Pondfish Scales"},{"floor":45.0,"key":"Replay:Bottled Eggs"},{"floor":48.0,"key":"Old Coin"}],"event_choices":[{"damage_healed":0.0,"max_hp_gain":0.0,"max_hp_loss":0.0,"gold_gain":0.0,"event_name":"Scrap Ooze","player_choice":"Success","floor":12.0,"gold_loss":0.0,"damage_taken":7.0,"relics_obtained":["Toy Ornithopter"]},{"cards_removed":["downfall:Malfunctioning"],"damage_healed":0.0,"max_hp_gain":0.0,"max_hp_loss":0.0,"gold_gain":0.0,"event_name":"The Cleric","player_choice":"Card Removal","floor":13.0,"gold_loss":0.0,"damage_taken":0.0},{"damage_healed":0.0,"max_hp_gain":0.0,"max_hp_loss":0.0,"gold_gain":0.0,"event_name":"Vampires","player_choice":"Ignored","floor":22.0,"gold_loss":0.0,"damage_taken":0.0}],"is_beta":false,"boss_relics":[{"not_picked":["SlaversCollar","Honey Jar"],"picked":"sneckomod:SneckoTalon"},{"not_picked":["SacredBark","Replay:Wanted Poster"],"picked":"Cursed Key"}],"items_purged_floors":[21],"is_endless":false,"potions_floor_spawned":[6,11,15,16,28,29,30,31,32,36,46,49],"ascension_level":3}}