{"host":"h49usdrjeju7gyhi","time":1613957963,"event":{"mods":["Act Like it!","BaseMod","Minty Spire (QoL Compilation)","Ruina","StSLib","The Animator"],"gold_per_floor":[126,126,145,145,163,163,204,204,204,204,129,159,190,190,190],"floor_reached":14,"language":"ENG","playtime":996,"items_purged":[],"score":180,"play_id":"7763bf23-1c77-48b5-b889-68d5ca7a7f89","local_time":"20210221203923","is_ascension_mode":true,"campfire_choices":[{"floor":6,"key":"REST"},{"floor":8,"key":"REST"},{"floor":10,"key":"REST"}],"circlet_count":0,"master_deck":["AscendersBane","animator:Strike_AccelWorld","animator:Defend_AccelWorld","animator:Strike","animator:Strike","animator:Defend","animator:Defend","animator:Kuroyukihime","animator:LimeBell","animator:NononJakuzure","animator:MumenRider","animator:ChlammyZell","animator:GuildGirl","animator:Sonic","animator:SilverFang","animator:Emonzaemon"],"relics":["animator:LivingPicture","animator:TheMissingPiece","animator:PurgingStone","Bronze Scales","animator:WornHelmet","animator:Hoodie"],"acts_visited":["Exordium"],"potions_floor_usage":[7],"damage_taken":[{"damage":0,"enemies":"2 Louse","floor":1,"turns":3},{"damage":7,"enemies":"Cultist","floor":3,"turns":6},{"damage":0,"enemies":"Jaw Worm","floor":5,"turns":5},{"damage":43,"enemies":"3 Sentries","floor":7,"turns":12},{"damage":4,"enemies":"Blue Slaver","floor":12,"turns":5},{"damage":6,"enemies":"Large Slime","floor":13,"turns":10},{"damage":32,"enemies":"Gremlin Nob","floor":14,"turns":5}],"seed_played":"-5601059161257240146","potions_obtained":[{"floor":1,"key":"ColorlessPotion"},{"floor":12,"key":"PowerPotion"},{"floor":13,"key":"GamblersBrew"}],"is_trial":false,"path_per_floor":["M","?","M","?","M","R","E","R","T","R","?","M","M","E"],"character_chosen":"THE_ANIMATOR","items_purchased":[],"campfire_rested":3,"item_purchase_floors":[],"current_hp_per_floor":[54,54,47,29,29,47,5,23,23,41,41,37,31,0,0],"gold":190,"neow_bonus":"RANDOM_COLORLESS","is_daily":false,"chose_seed":false,"campfire_upgraded":0,"win_rate":0.0,"timestamp":1613957963,"path_taken":["M","?","?","?","M","R","E","R","T","R","?","M","M","E"],"items_purchased_type":[],"build_version":"2020-12-22","purchased_purges":0,"victory":false,"max_hp_per_floor":[60,60,60,60,60,60,61,61,61,61,61,61,61,61,61],"card_choices":[{"not_picked":["animator:Zero","animator:Cirno"],"picked":"animator:NononJakuzure","floor":0},{"not_picked":["animator:Add","animator:SayakaMiki"],"picked":"animator:MumenRider","floor":1},{"not_picked":["animator:Konayuki","animator:TsurugaMeisai"],"picked":"animator:ChlammyZell","floor":3},{"not_picked":["animator:Konayuki","animator:TsurugaMeisai"],"picked":"animator:GuildGirl","floor":5},{"not_picked":["animator:SilverFang","animator:Genos"],"picked":"animator:Sonic","floor":7},{"not_picked":["animator:DolaStephanie","animator:Melzalgald"],"picked":"animator:SilverFang","floor":12},{"not_picked":["animator:Ain","animator:Chung"],"picked":"animator:Emonzaemon","floor":13}],"player_experience":1588331,"relics_obtained":[{"floor":7,"key":"animator:WornHelmet"},{"floor":9,"key":"animator:Hoodie"}],"event_choices":[{"cards_removed":["animator:Strike"],"damage_healed":0,"gold_gain":0,"player_choice":"Offered Basic","damage_taken":0,"max_hp_gain":0,"max_hp_loss":0,"event_name":"Bonfire Elementals","floor":2,"gold_loss":0},{"damage_healed":0,"gold_gain":0,"player_choice":"Success","damage_taken":18,"relics_obtained":["Bronze Scales"],"max_hp_gain":0,"max_hp_loss":0,"event_name":"Scrap Ooze","floor":4,"gold_loss":0},{"cards_removed":["animator:Defend"],"damage_healed":0,"gold_gain":0,"player_choice":"Card Removal","damage_taken":0,"max_hp_gain":0,"max_hp_loss":0,"event_name":"The Cleric","floor":11,"gold_loss":75}],"is_beta":false,"boss_relics":[],"items_purged_floors":[],"is_endless":false,"potions_floor_spawned":[1,12,13],"killed_by":"Gremlin Nob","ascension_level":20}}