{"host":"tr0r177cvmpvg89h","time":1613998214,"event":{"mods":["BaseMod","Colored Map","DeckTracker","Minty Spire (QoL Compilation)","StSLib","SuperFastMode"],"gold_per_floor":[113,133,145,145,163,163,88,114,114,114,289,289,37,51,51,155,155,175,193,203,213,232,232,107,117,117,132,132,151,151,483,483,580,580,593,611,611,166,180,208,208,33,59,71,71,71,90,90,90,90],"floor_reached":51,"language":"KOR","playtime":3405,"items_purged":["Strike_G","Doubt","Defend_G","Strike_G","Flechettes"],"score":826,"play_id":"e6042341-cd72-4753-b878-41ba35357d96","local_time":"20210222215014","is_ascension_mode":false,"campfire_choices":[{"data":"Noxious Fumes","floor":6,"key":"SMITH"},{"data":"Neutralize","floor":10,"key":"SMITH"},{"data":"PiercingWail","floor":12,"key":"SMITH"},{"data":"Footwork","floor":15,"key":"SMITH"},{"data":"Sucker Punch","floor":23,"key":"SMITH"},{"data":"Bane","floor":28,"key":"SMITH"},{"floor":30,"key":"REST"},{"data":"Backflip","floor":32,"key":"SMITH"},{"data":"Burst","floor":41,"key":"SMITH"},{"data":"Bouncing Flask","floor":45,"key":"SMITH"},{"data":"Acrobatics","floor":49,"key":"SMITH"}],"circlet_count":0,"master_deck":["Strike_G","Strike_G","Strike_G","Defend_G+1","Defend_G","Defend_G","Survivor+1","Neutralize+1","Noxious Fumes+1","Acrobatics+1","Bouncing Flask+1","PiercingWail+1","Footwork+1","Corpse Explosion","Sucker Punch+1","Bane+1","Backflip+1","Burst+1","Escape Plan"],"relics":["Ring of the Snake","Lantern","Gremlin Horn","War Paint","SlaversCollar","Matryoshka","Old Coin","Coffee Dripper","TungstenRod","PreservedInsect","Orichalcum","Pen Nib"],"acts_visited":["Exordium","TheCity","TheBeyond"],"potions_floor_usage":[3,14,16,25,27,29,33,39,47,50],"damage_taken":[{"damage":2,"enemies":"2 Louse","floor":1,"turns":3},{"damage":0,"enemies":"Jaw Worm","floor":2,"turns":3},{"damage":0,"enemies":"Small Slimes","floor":3,"turns":4},{"damage":9,"enemies":"Red Slaver","floor":5,"turns":6},{"damage":23,"enemies":"3 Sentries","floor":8,"turns":7},{"damage":0,"enemies":"Large Slime","floor":14,"turns":5},{"damage":30,"enemies":"Hexaghost","floor":16,"turns":8},{"damage":17,"enemies":"3 Byrds","floor":18,"turns":5},{"damage":6,"enemies":"2 Thieves","floor":19,"turns":4},{"damage":2,"enemies":"Chosen and Byrds","floor":20,"turns":8},{"damage":4,"enemies":"Snake Plant","floor":21,"turns":4},{"damage":27,"enemies":"Cultist and Chosen","floor":22,"turns":6},{"damage":2,"enemies":"Shelled Parasite and Fungi","floor":25,"turns":7},{"damage":0,"enemies":"Snecko","floor":27,"turns":5},{"damage":25,"enemies":"Sentry and Sphere","floor":29,"turns":5},{"damage":3,"enemies":"Gremlin Leader","floor":31,"turns":8},{"damage":22,"enemies":"Automaton","floor":33,"turns":8},{"damage":0,"enemies":"Orb Walker","floor":35,"turns":3},{"damage":0,"enemies":"3 Darklings","floor":36,"turns":4},{"damage":9,"enemies":"Transient","floor":39,"turns":5},{"damage":17,"enemies":"Nemesis","floor":40,"turns":9},{"damage":19,"enemies":"Spire Growth","floor":44,"turns":6},{"damage":8,"enemies":"Sphere and 2 Shapes","floor":47,"turns":3},{"damage":62,"enemies":"Awakened One","floor":50,"turns":13}],"seed_played":"-2744186861335571078","potions_obtained":[{"floor":3,"key":"EntropicBrew"},{"floor":5,"key":"DuplicationPotion"},{"floor":14,"key":"Fruit Juice"},{"floor":16,"key":"LiquidBronze"},{"floor":20,"key":"Weak Potion"},{"floor":22,"key":"GhostInAJar"},{"floor":25,"key":"AttackPotion"},{"floor":31,"key":"LiquidMemories"},{"floor":33,"key":"ColorlessPotion"},{"floor":36,"key":"ColorlessPotion"},{"floor":39,"key":"FearPotion"},{"floor":47,"key":"LiquidBronze"}],"is_trial":false,"path_per_floor":["M","M","M","?","M","R","$","E","T","R","?","R","$","M","R","B",null,"M","M","M","M","M","R","$","M","T","M","R","M","R","E","R","B",null,"M","M","?","$","M","E","R","$","T","M","R","?","M","?","R","B",null],"character_chosen":"THE_SILENT","items_purchased":["War Paint","TungstenRod"],"campfire_rested":1,"item_purchase_floors":[13,38],"current_hp_per_floor":[75,75,75,68,59,59,59,36,36,36,36,36,36,41,41,11,82,65,59,57,53,26,26,26,24,24,24,24,24,48,45,45,23,82,82,82,82,82,73,56,56,56,56,37,37,72,64,64,64,2],"gold":90,"neow_bonus":"TEN_PERCENT_HP_BONUS","is_daily":false,"chose_seed":false,"campfire_upgraded":10,"win_rate":0.0,"timestamp":1613998214,"path_taken":["M","M","M","?","M","R","$","E","T","R","?","R","$","M","R","BOSS","M","M","M","M","M","R","$","M","T","M","R","M","R","E","R","BOSS","M","M","?","$","M","E","R","$","T","M","R","?","M","?","R","BOSS"],"items_purchased_type":["Relic","Relic"],"build_version":"2020-12-22","purchased_purges":5,"victory":true,"max_hp_per_floor":[77,77,77,77,77,77,77,77,77,77,77,77,77,82,82,82,82,82,82,82,82,82,82,82,82,82,82,82,82,82,82,82,82,82,82,82,82,82,82,82,82,82,82,82,82,72,72,72,72,72],"card_choices":[{"not_picked":["Prepared","PiercingWail"],"picked":"Flechettes","floor":1},{"not_picked":["Cloak And Dagger","Dash"],"picked":"Noxious Fumes","floor":2},{"not_picked":["Outmaneuver","Dagger Spray"],"picked":"Acrobatics","floor":3},{"not_picked":["Deflect","Noxious Fumes"],"picked":"Bouncing Flask","floor":5},{"not_picked":["Underhanded Strike","Noxious Fumes"],"picked":"PiercingWail","floor":8},{"not_picked":["Backflip","Sucker Punch"],"picked":"Footwork","floor":14},{"not_picked":["A Thousand Cuts","Bullet Time"],"picked":"Corpse Explosion","floor":16},{"not_picked":["Crippling Poison+1","Masterful Stab","Prepared"],"picked":"SKIP","floor":18},{"not_picked":["Poisoned Stab","Outmaneuver","Backstab"],"picked":"SKIP","floor":19},{"not_picked":["Acrobatics","Cloak And Dagger"],"picked":"Sucker Punch","floor":20},{"not_picked":["Poisoned Stab","Phantasmal Killer","Endless Agony+1"],"picked":"SKIP","floor":21},{"not_picked":["Crippling Poison","Choke"],"picked":"Bane","floor":22},{"not_picked":["Blade Dance","Acrobatics","Cloak And Dagger"],"picked":"SKIP","floor":25},{"not_picked":["Deflect","Deadly Poison","Bane+1"],"picked":"SKIP","floor":27},{"not_picked":["Dagger Spray","All Out Attack"],"picked":"Backflip","floor":29},{"not_picked":["Bane+1","Blade Dance","Masterful Stab"],"picked":"SKIP","floor":31},{"not_picked":["Storm of Steel","Venomology"],"picked":"Burst","floor":33},{"not_picked":["Dagger Spray+1","Blade Dance+1","PiercingWail"],"picked":"SKIP","floor":35},{"not_picked":["Distraction+1","Terror+1"],"picked":"Escape Plan","floor":36},{"not_picked":["Prepared+1","Cloak And Dagger+1","Sucker Punch"],"picked":"SKIP","floor":39},{"not_picked":["Backstab","Acrobatics+1","Slice"],"picked":"SKIP","floor":40},{"not_picked":["Prepared+1","Slice+1","Quick Slash"],"picked":"SKIP","floor":44},{"not_picked":["Flying Knee+1","Deadly Poison+1","Skewer+1"],"picked":"SKIP","floor":47}],"player_experience":126112,"relics_obtained":[{"floor":8,"key":"Lantern"},{"floor":9,"key":"Gremlin Horn"},{"floor":26,"key":"Matryoshka"},{"floor":31,"key":"Old Coin"},{"floor":40,"key":"PreservedInsect"},{"floor":43,"key":"Orichalcum"},{"floor":43,"key":"Pen Nib"}],"event_choices":[{"cards_removed":["Defend_G"],"damage_healed":0,"gold_gain":0,"player_choice":"Card Removal","damage_taken":7,"max_hp_gain":0,"max_hp_loss":0,"event_name":"Golden Wing","floor":4,"gold_loss":0},{"damage_healed":0,"gold_gain":175,"player_choice":"AGREE","damage_taken":0,"max_hp_gain":0,"max_hp_loss":0,"event_name":"Liars Game","floor":11,"gold_loss":0,"cards_obtained":["Doubt"]},{"damage_healed":0,"gold_gain":0,"player_choice":"Ignored","damage_taken":0,"max_hp_gain":0,"max_hp_loss":0,"event_name":"Tomb of Lord Red Mask","floor":37,"gold_loss":0},{"damage_healed":72,"gold_gain":0,"player_choice":"Heal","damage_taken":0,"max_hp_gain":0,"max_hp_loss":10,"event_name":"The Moai Head","floor":46,"gold_loss":0},{"damage_healed":0,"gold_gain":0,"player_choice":"Ignored","damage_taken":0,"max_hp_gain":0,"max_hp_loss":0,"event_name":"Transmorgrifier","floor":48,"gold_loss":0}],"is_beta":false,"boss_relics":[{"not_picked":["Ectoplasm","Fusion Hammer"],"picked":"SlaversCollar"},{"not_picked":["SacredBark","Tiny House"],"picked":"Coffee Dripper"}],"items_purged_floors":[7,13,24,38,42],"is_endless":false,"potions_floor_spawned":[3,5,14,16,20,22,25,31,33,36,39,47],"ascension_level":0}}