{"host":"f5gffvlv6a66yqkd","time":1613981916,"event":{"mods":["2.2 Compatiblity","BaseMod","Colored Map","Custom Start","DeckTracker","Keyboard Shortcuts","Minty Spire (QoL Compilation)","Permanent Neow","Quick Restart","Relic Stats","StSLib","SuperFastMode"],"gold_per_floor":[118,118,142,142,142,142,165,9,9,9,9,9,9,23,23,117,117,132,147,182,107,107,122,22,35,35,35,53,53,76,91,91,189,189,202,226,448,448,448],"floor_reached":38,"language":"KOR","playtime":678,"items_purged":["Strike_B","Defend_B"],"score":832,"play_id":"6ddc51e3-a7f3-4eed-9eb6-8f63a74ed7eb","local_time":"20210222171836","is_ascension_mode":true,"campfire_choices":[{"data":"Zap","floor":6.0,"key":"SMITH"},{"data":"Storm","floor":10.0,"key":"SMITH"},{"data":"Defragment","floor":12.0,"key":"SMITH"},{"data":"Loop","floor":15.0,"key":"SMITH"},{"floor":27,"key":"REST"},{"data":"Creative AI","floor":29,"key":"SMITH"},{"data":"Dualcast","floor":32,"key":"SMITH"}],"circlet_count":0,"master_deck":["AscendersBane","Zap+1","Dualcast+1","Storm+1","Rebound","Cold Snap","Ball Lightning","Defragment+1","Loop+1","Creative AI+1","Electrodynamics+1","Meteor Strike+1","Fusion+1","Reinforced Body","Conserve Battery+1","Turbo","Core Surge"],"relics":["Cracked Core","Golden Idol","Mummified Hand","FossilizedHelix","Astrolabe","Red Mask","White Beast Statue","Nuclear Battery"],"acts_visited":["Exordium","TheCity","TheBeyond"],"potions_floor_usage":[],"damage_taken":[{"damage":1.0,"enemies":"2 Louse","floor":1.0,"turns":3.0},{"damage":4.0,"enemies":"Jaw Worm","floor":3.0,"turns":4.0},{"damage":5.0,"enemies":"Small Slimes","floor":7.0,"turns":3.0},{"damage":0.0,"enemies":"Blue Slaver","floor":14.0,"turns":2.0},{"damage":15.0,"enemies":"Hexaghost","floor":16.0,"turns":8.0},{"damage":11.0,"enemies":"2 Thieves","floor":18.0,"turns":2.0},{"damage":0.0,"enemies":"Chosen","floor":19.0,"turns":3.0},{"damage":16.0,"enemies":"Masked Bandits","floor":20.0,"turns":3.0},{"damage":0,"enemies":"3 Cultists","floor":23,"turns":2},{"damage":0,"enemies":"Snake Plant","floor":25,"turns":2},{"damage":0,"enemies":"Sentry and Sphere","floor":28,"turns":4},{"damage":0,"enemies":"Shelled Parasite and Fungi","floor":30,"turns":2},{"damage":0,"enemies":"Cultist and Chosen","floor":31,"turns":3},{"damage":0,"enemies":"Collector","floor":33,"turns":6},{"damage":0,"enemies":"Orb Walker","floor":35,"turns":2},{"damage":41,"enemies":"3 Darklings","floor":36,"turns":3},{"damage":20,"enemies":"Writhing Mass","floor":38,"turns":4}],"seed_played":"-6672326920345691581","potions_obtained":[{"floor":7.0,"key":"FocusPotion"},{"floor":16.0,"key":"Ancient Potion"}],"is_trial":false,"path_per_floor":["M","?","M","?","?","R","M","$","T","R","?","R","$","M","R","B",null,"M","M","?","?","?","M","$","M","T","R","M","R","M","M","R","B",null,"M","M","?","M"],"character_chosen":"DEFECT","items_purchased":["Defragment"],"campfire_rested":1,"item_purchase_floors":[8],"current_hp_per_floor":[63,63,59,52,52,52,47,47,47,47,42,42,42,42,42,27,55,44,44,28,28,28,28,28,28,28,47,47,47,47,47,47,47,60,60,19,19,0,0],"gold":448,"neow_bonus":"TRANSFORM_CARD","is_daily":false,"chose_seed":false,"campfire_upgraded":6,"win_rate":0.0,"timestamp":1613981916,"path_taken":["M","?","M","?","?","R","M","$","T","R","?","R","$","M","R","BOSS","M","M","?","?","?","M","?","M","T","R","M","R","M","M","R","BOSS","M","?","?","M"],"items_purchased_type":["Card"],"build_version":"2020-12-22","purchased_purges":2,"victory":false,"max_hp_per_floor":[71,64,64,64,64,64,64,64,64,64,64,64,64,64,64,64,64,64,64,64,64,64,64,64,64,64,64,64,64,64,64,64,64,64,64,64,64,64,64],"relic_stats":{"counters":[17,56],"Golden Idol":91,"Mummified Hand":[90],"Astrolabe":["Electrodynamics","Meteor Strike","Fusion"],"obtain_stats":[{"Golden Idol":2,"Mummified Hand":9,"Astrolabe":17,"Red Mask":20,"Cracked Core":0,"FossilizedHelix":11,"White Beast Statue":26,"Nuclear Battery":34},{"Golden Idol":1,"Mummified Hand":3,"Astrolabe":5,"Red Mask":8,"Cracked Core":0,"FossilizedHelix":3,"White Beast Statue":10,"Nuclear Battery":14},{"Golden Idol":3,"Mummified Hand":10,"Astrolabe":20,"Red Mask":28,"Cracked Core":0,"FossilizedHelix":10,"White Beast Statue":32,"Nuclear Battery":47}]},"card_choices":[{"not_picked":["Hologram","Tempest"],"picked":"Rebound","floor":1.0},{"not_picked":["Leap","Redo"],"picked":"Cold Snap","floor":3.0},{"not_picked":["Hello World","Go for the Eyes"],"picked":"Ball Lightning","floor":7.0},{"not_picked":["Redo","Rip and Tear"],"picked":"Loop","floor":14.0},{"not_picked":["Amplify","Echo Form"],"picked":"Creative AI","floor":16.0},{"not_picked":["Cold Snap","Streamline+1"],"picked":"Reinforced Body","floor":18.0},{"not_picked":["Streamline","Lockon","Fusion"],"picked":"SKIP","floor":19.0},{"not_picked":["Gash","Compile Driver"],"picked":"Conserve Battery+1","floor":23},{"not_picked":["Steam Power","Stack+1","Hologram"],"picked":"SKIP","floor":25},{"not_picked":["Stack+1","Redo","Rip and Tear"],"picked":"SKIP","floor":28},{"not_picked":["Blizzard","Ball Lightning"],"picked":"Turbo","floor":30},{"not_picked":["Electrodynamics","Amplify"],"picked":"Core Surge","floor":33},{"not_picked":["Tempest+1","Turbo","Scrape"],"picked":"SKIP","floor":35},{"not_picked":["Steam","Barrage","Stack"],"picked":"SKIP","floor":36}],"player_experience":1547582,"relics_obtained":[{"floor":9.0,"key":"Mummified Hand"},{"floor":20.0,"key":"Red Mask"},{"floor":26,"key":"White Beast Statue"}],"event_choices":[{"damage_healed":0.0,"max_hp_gain":0.0,"max_hp_loss":7.0,"gold_gain":0.0,"event_name":"Golden Idol","player_choice":"Lose Max HP","floor":2.0,"gold_loss":0.0,"damage_taken":0.0,"relics_obtained":["Golden Idol"]},{"cards_removed":["Strike_B"],"damage_healed":0.0,"max_hp_gain":0.0,"max_hp_loss":0.0,"gold_gain":0.0,"event_name":"Golden Wing","player_choice":"Card Removal","floor":4.0,"gold_loss":0.0,"damage_taken":7.0},{"damage_healed":0.0,"max_hp_gain":0.0,"max_hp_loss":0.0,"gold_gain":0.0,"event_name":"Liars Game","player_choice":"Ignored","floor":5.0,"gold_loss":0.0,"damage_taken":0.0},{"damage_healed":0.0,"max_hp_gain":0.0,"max_hp_loss":0.0,"gold_gain":0.0,"event_name":"Scrap Ooze","player_choice":"Success","floor":11.0,"gold_loss":0.0,"damage_taken":5.0,"relics_obtained":["FossilizedHelix"]},{"damage_healed":0.0,"max_hp_gain":0.0,"max_hp_loss":0.0,"gold_gain":0.0,"event_name":"Masked Bandits","player_choice":"Fought Bandits","floor":20.0,"gold_loss":0.0,"damage_taken":0.0},{"cards_removed":["Defend_B"],"damage_healed":0.0,"max_hp_gain":0.0,"max_hp_loss":0.0,"gold_gain":0.0,"event_name":"Beggar","player_choice":"Gave Gold","floor":21.0,"gold_loss":75.0,"damage_taken":0.0},{"damage_healed":0.0,"max_hp_gain":0.0,"max_hp_loss":0.0,"gold_gain":0.0,"event_name":"Cursed Tome","player_choice":"Ignored","floor":22.0,"gold_loss":0.0,"damage_taken":0.0},{"damage_healed":0,"gold_gain":222,"player_choice":"Wore Mask","damage_taken":0,"max_hp_gain":0,"max_hp_loss":0,"event_name":"Tomb of Lord Red Mask","floor":37,"gold_loss":0}],"is_beta":false,"boss_relics":[{"not_picked":["Inserter","Coffee Dripper"],"picked":"Astrolabe"},{"not_picked":["Tiny House","Fusion Hammer"],"picked":"Nuclear Battery"}],"items_purged_floors":[8,24],"is_endless":false,"potions_floor_spawned":[7,16,23,25,28,30,31,33,35,36],"killed_by":"Writhing Mass","ascension_level":20}}