{"host":"xbvuessano29wpkb","time":1613963584,"event":{"mods":["BaseMod","Colored Powertips","GifTheSpireLib","Minty Spire (QoL Compilation)","Shop Mod","StSLib","The Marked","óô»ðÖ¸ÄÏ"],"gold_per_floor":[115,115,115,134,153,153,186,186,186,186,34,45,7,26,1,1,1],"floor_reached":16,"language":"ZHS","playtime":777,"items_purged":["theMarked:Strike"],"score":100,"play_id":"a08952ec-b6be-4cad-8437-d5084343cb00","local_time":"20210222111304","is_ascension_mode":false,"campfire_choices":[{"data":"theMarked:SoldierOfQuellstein","floor":6.0,"key":"SMITH"},{"data":"theMarked:UnarmedFury","floor":8.0,"key":"SMITH"}],"circlet_count":0,"master_deck":["theMarked:Strike","theMarked:Strike","theMarked:Defend","theMarked:Defend","theMarked:Defend","theMarked:Defend","theMarked:SoldierOfQuellstein+1","theMarked:UnarmedFury+1"],"relics":["theMarked:ArtifactOfAir","NeowsBlessing","Bag of Marbles","Meat on the Bone","Darkstone Periapt","Membership Card"],"acts_visited":["Exordium"],"potions_floor_usage":[16,16],"damage_taken":[{"damage":0.0,"enemies":"Jaw Worm","floor":1.0,"turns":1.0},{"damage":0.0,"enemies":"2 Louse","floor":4.0,"turns":1.0},{"damage":0.0,"enemies":"Small Slimes","floor":5.0,"turns":1.0},{"damage":16.0,"enemies":"Lagavulin","floor":7.0,"turns":6.0},{"damage":0,"enemies":"Red Slaver","floor":12,"turns":1},{"damage":2,"enemies":"Large Slime","floor":14,"turns":6},{"damage":47,"enemies":"Hexaghost","floor":16,"turns":9}],"seed_played":"-1137264023875839377","potions_obtained":[{"floor":1.0,"key":"AttackPotion"},{"floor":7.0,"key":"DuplicationPotion"}],"is_trial":false,"path_per_floor":["M","?","?","M","M","R","E","R","T","?","R","M","$","M","R","B"],"character_chosen":"THE_DEFAULT","items_purchased":["Membership Card","FearPotion"],"campfire_rested":0,"item_purchase_floors":[11,15],"current_hp_per_floor":[72,72,65,65,65,65,49,49,49,49,49,49,49,47,47,0,0],"gold":1,"neow_bonus":"THREE_ENEMY_KILL","is_daily":false,"chose_seed":false,"campfire_upgraded":2,"win_rate":0.0,"timestamp":1613963584,"path_taken":["M","?","?","M","M","R","E","R","T","?","R","?","$","M","R","BOSS"],"items_purchased_type":["Relic","Potion"],"build_version":"2020-12-22","purchased_purges":1,"victory":false,"max_hp_per_floor":[72,72,72,72,72,72,72,72,72,72,72,72,72,72,72,72,72],"card_choices":[{"not_picked":["theMarked:GodGivenPower","theMarked:WastefulAttack","theMarked:Improvise"],"picked":"SKIP","floor":1.0},{"not_picked":["theMarked:StartUp","theMarked:Parkour","theMarked:ResourceFulStrike"],"picked":"SKIP","floor":4.0},{"not_picked":["theMarked:Frustration","theMarked:ElectricStrings"],"picked":"theMarked:BanishingStrike","floor":5.0},{"not_picked":["theMarked:ChainLightning","theMarked:TakeCover"],"picked":"theMarked:UnarmedFury","floor":7.0},{"not_picked":["theMarked:ChainLightning","theMarked:Aftermath","theMarked:HeightenedSenses"],"picked":"SKIP","floor":12},{"not_picked":["theMarked:WardOff","theMarked:TunnelVision","theMarked:Aftermath"],"picked":"SKIP","floor":14}],"player_experience":207439,"relics_obtained":[{"floor":7.0,"key":"Bag of Marbles"},{"floor":9.0,"key":"Meat on the Bone"}],"event_choices":[{"cards_removed":["theMarked:Strike"],"damage_healed":0.0,"max_hp_gain":0.0,"max_hp_loss":0.0,"gold_gain":0.0,"event_name":"Living Wall","player_choice":"Forget","floor":2.0,"gold_loss":0.0,"damage_taken":0.0},{"cards_removed":["theMarked:Strike"],"damage_healed":0.0,"max_hp_gain":0.0,"max_hp_loss":0.0,"gold_gain":0.0,"event_name":"Golden Wing","player_choice":"Card Removal","floor":3.0,"gold_loss":0.0,"damage_taken":7.0},{"cards_removed":["theMarked:BanishingStrike"],"damage_healed":0.0,"max_hp_gain":0.0,"max_hp_loss":0.0,"gold_gain":0.0,"event_name":"WeMeetAgain","player_choice":"Gave Card","floor":10.0,"gold_loss":0.0,"damage_taken":0.0,"relics_obtained":["Darkstone Periapt"]}],"is_beta":false,"boss_relics":[],"items_purged_floors":[13],"is_endless":false,"potions_floor_spawned":[1,7],"killed_by":"Hexaghost","ascension_level":0}}