{"host":"fm9e0lfunjlbhzxv","time":1613974431,"event":{"mods":["Alarm Clock","BaseMod","Bestiary","Better Match","Better Skull","Better Third Choice","Colored Map","Colored Powertips","Downfall","Good Game Mod","Key Reminder","Minty Spire (QoL Compilation)","Permanent Neow","Random Character Button","Rare Cards Sparkle","Relic Stats","Spire Arcade","StSLib","slay the spire mod where everything is the same but ironclad has a cowboy hat"],"gold_per_floor":[149,167,167,185,185,195,218,18,49,49,67,84,69,97,113,216,216,116,132,43,63,16,56,56,80,107,107,107,107,107],"floor_reached":28,"language":"ENG","playtime":2481,"items_purged":[],"score":325,"play_id":"8b1c5fea-85b2-4686-a05a-24721fb28770","local_time":"20210221221351","is_ascension_mode":false,"campfire_choices":[{"floor":1,"key":"RECALL"},{"data":"hexamod:GhostflameBarrier","floor":8,"key":"SMITH"},{"data":"hexamod:CatchUp","floor":10,"key":"SMITH"},{"data":"hexamod:Toasty","floor":18,"key":"SMITH"}],"circlet_count":0,"master_deck":["hexamod:Strike","hexamod:Strike+1","hexamod:Strike+1","hexamod:Strike+1","hexamod:Defend+1","hexamod:Defend+1","hexamod:Defend+1","hexamod:Defend+1","hexamod:Sear+1","hexamod:Float+1","hexamod:CatchUp+1","Uppercut+1","hexamod:GhostflameBarrier+1","hexamod:FourthSeal","downfall:Malfunctioning","hexamod:ThermalTransfer+1","hexamod:FifthSeal","hexamod:SixthSeal","hexamod:EmpoweredFlame+1","hexamod:FirstSeal","hexamod:PhantomFireball","hexamod:SecondSeal","hexamod:Toasty+1","hexamod:TimeWarp+1","hexamod:ThirdSeal","hexamod:AdvancingGuard+1","hexamod:FirstSeal","hexamod:EmpoweredFlame+1","hexamod:RadiantFlame+1","hexamod:Incineration","hexamod:GhostOfSpireFuture+1","hexamod:SwordOfDarkness+1","hexamod:FirstSeal","hexamod:FlamesFromBeyond+1","hexamod:DynamicBlow","hexamod:UnlimitedPower","hexamod:ThirdSeal","hexamod:RainOfEmbers+1","Pain"],"relics":["REME:ComplimentaryCards","Tiny House","Frozen Egg 2","downfall:HeartBlessingRed","downfall:HeartBlessingBlue","Centennial Puzzle","Boot","Snecko Eye","downfall:HeartBlessingGreen","War Paint","Blue Candle","WarpedTongs"],"acts_visited":["Exordium","TheCity"],"potions_floor_usage":[9,14,22,23,28],"damage_taken":[{"damage":0,"enemies":"Cultist","floor":2,"turns":4},{"damage":0,"enemies":"Jaw Worm","floor":4,"turns":4},{"damage":0,"enemies":"2 Louse","floor":6,"turns":5},{"damage":0,"enemies":"Lagavulin","floor":9,"turns":7},{"damage":12,"enemies":"Large Slime","floor":11,"turns":6},{"damage":17,"enemies":"Exordium Thugs","floor":12,"turns":4},{"damage":0,"enemies":"downfall:FleeingMerchant","floor":13,"turns":4},{"damage":46,"enemies":"3 Sentries","floor":14,"turns":9},{"damage":16,"enemies":"Blue Slaver","floor":15,"turns":5},{"damage":8,"enemies":"SI_SHIV_ARCHETYPE","floor":16,"turns":8},{"damage":8,"enemies":"downfall:LooterAlt2","floor":19,"turns":5},{"damage":10,"enemies":"downfall:FleeingMerchant","floor":20,"turns":4},{"damage":20,"enemies":"Spheric Guardian","floor":21,"turns":4},{"damage":2,"enemies":"downfall:FleeingMerchant","floor":22,"turns":4},{"damage":59,"enemies":"Slavers","floor":23,"turns":6},{"damage":19,"enemies":"3 Cultists","floor":25,"turns":5},{"damage":4,"enemies":"Snecko","floor":26,"turns":3},{"damage":27,"enemies":"Cultist and Chosen","floor":28,"turns":4}],"seed_played":"4290541142303903800","potions_obtained":[{"floor":0,"key":"Guardian:BlockOnCardUsePotion"},{"floor":6,"key":"Fire Potion"},{"floor":9,"key":"FairyPotion"},{"floor":9,"key":"sneckomod:MuddlingPotion"},{"floor":11,"key":"BlessingOfTheForge"},{"floor":12,"key":"Dexterity Potion"},{"floor":13,"key":"SkillPotion"},{"floor":14,"key":"FearPotion"},{"floor":16,"key":"FearPotion"},{"floor":21,"key":"DuplicationPotion"},{"floor":25,"key":"hexamod:SoulburnPotion"},{"floor":25,"key":"SteroidPotion"}],"is_trial":false,"path_per_floor":["R","M","?","M","?","M","T","R","E","R","M","M","$","E","M","B",null,"R","M","$","M","$","E","T","M","M","?","M"],"character_chosen":"THE_SPIRIT","items_purchased":["hexamod:RadiantFlame+1","hexamod:DynamicBlow"],"campfire_rested":0,"item_purchase_floors":[20,22],"current_hp_per_floor":[75,75,75,75,75,75,75,85,85,85,73,56,56,17,1,21,85,85,77,74,61,66,21,21,9,26,26,0,0,0],"gold":107,"neow_bonus":"BOSS_RELIC","is_daily":false,"chose_seed":false,"campfire_upgraded":3,"win_rate":0.0,"timestamp":1613974431,"path_taken":["R","M","?","M","?","M","T","R","E","R","?","M","?","E","M","BOSS","R","M","$","M","$","E","T","M","M","?","M"],"items_purchased_type":["Card","Card"],"build_version":"2020-12-22","purchased_purges":0,"victory":false,"max_hp_per_floor":[75,75,75,75,75,75,75,85,85,85,85,85,85,85,85,85,85,85,85,85,85,85,85,85,85,85,85,85,85,85],"relic_stats":{"Centennial Puzzle":[39],"counters":[18,91],"Blue Candle":[3],"Snecko Eye":[66,58,66,74],"War Paint":["hexamod:FlamesFromBeyond"],"Boot":[4],"obtain_stats":[{"Tiny House":0,"downfall:HeartBlessingRed":8,"Blue Candle":24,"downfall:HeartBlessingGreen":18,"Frozen Egg 2":3,"War Paint":23,"Boot":14,"WarpedTongs":27,"keyreminder:keyreminder":1,"REME:ComplimentaryCards":0,"Centennial Puzzle":9,"downfall:HeartBlessingBlue":8,"Snecko Eye":17,"hexamod:SpiritBrand":0},{"Tiny House":0,"downfall:HeartBlessingRed":3,"Blue Candle":15,"downfall:HeartBlessingGreen":10,"Frozen Egg 2":1,"War Paint":15,"Boot":8,"WarpedTongs":17,"keyreminder:keyreminder":0,"REME:ComplimentaryCards":0,"Centennial Puzzle":4,"downfall:HeartBlessingBlue":3,"Snecko Eye":10,"hexamod:SpiritBrand":0},{"Tiny House":0,"downfall:HeartBlessingRed":13,"Blue Candle":79,"downfall:HeartBlessingGreen":56,"Frozen Egg 2":4,"War Paint":79,"Boot":43,"WarpedTongs":87,"keyreminder:keyreminder":0,"REME:ComplimentaryCards":0,"Centennial Puzzle":20,"downfall:HeartBlessingBlue":13,"Snecko Eye":56,"hexamod:SpiritBrand":0}],"WarpedTongs":[2]},"card_choices":[{"not_picked":["hexamod:SuperheatedStrike","hexamod:SpectralAdrenaline"],"picked":"hexamod:CatchUp","floor":0},{"not_picked":["hexamod:HauntingEcho","hexamod:NightmareGuise"],"picked":"hexamod:GhostflameBarrier","floor":2},{"not_picked":["hexamod:FlamesFromBeyond","hexamod:NightmareStrike"],"picked":"hexamod:FourthSeal","floor":4},{"not_picked":["hexamod:SuperheatedStrike","hexamod:HeatMetal"],"picked":"hexamod:ThermalTransfer","floor":6},{"not_picked":["hexamod:SpectralSpark","hexamod:FlamesFromBeyond"],"picked":"hexamod:FifthSeal","floor":9},{"not_picked":["hexamod:ThirdSeal","hexamod:FourthSeal"],"picked":"hexamod:SixthSeal","floor":11},{"not_picked":["hexamod:NightmareGuise","hexamod:NightmareStrike","hexamod:ThermalTransfer"],"picked":"SKIP","floor":11},{"not_picked":["hexamod:HauntingEcho","hexamod:Hexaguard"],"picked":"hexamod:EmpoweredFlame+1","floor":12},{"not_picked":["hexamod:ThirdSeal","hexamod:SecondSeal"],"picked":"hexamod:FirstSeal","floor":13},{"not_picked":["hexamod:SwordOfDarkness","hexamod:FlamesFromBeyond"],"picked":"hexamod:PhantomFireball","floor":13},{"not_picked":["hexamod:ShieldOfDarkness","hexamod:SpectralSpark","hexamod:HeatCrush"],"picked":"SKIP","floor":14},{"not_picked":["hexamod:SixthSeal","hexamod:FourthSeal"],"picked":"hexamod:SecondSeal","floor":15},{"not_picked":["hexamod:GhostShield","hexamod:CatchUp"],"picked":"hexamod:Toasty","floor":15},{"not_picked":["hexamod:UnlimitedPower","hexamod:ApocalypseNow"],"picked":"hexamod:TimeWarp","floor":16},{"not_picked":["hexamod:FourthSeal","hexamod:FirstSeal"],"picked":"hexamod:ThirdSeal","floor":19},{"not_picked":["hexamod:SuperheatedStrike+1","hexamod:Incineration+1"],"picked":"hexamod:AdvancingGuard+1","floor":19},{"not_picked":["hexamod:ThirdSeal","hexamod:SecondSeal"],"picked":"hexamod:FirstSeal","floor":20},{"not_picked":["hexamod:SpectralAdrenaline+1","hexamod:SpectersWail"],"picked":"hexamod:EmpoweredFlame+1","floor":20},{"not_picked":["hexamod:GhostLash","hexamod:StepThrough"],"picked":"hexamod:Incineration","floor":21},{"not_picked":["hexamod:BurningTouch","hexamod:HauntingEcho"],"picked":"hexamod:GhostOfSpireFuture+1","floor":21},{"not_picked":["hexamod:Haunt","hexamod:GhostLash"],"picked":"hexamod:SwordOfDarkness","floor":22},{"not_picked":["hexamod:FourthSeal","hexamod:SecondSeal"],"picked":"hexamod:FirstSeal","floor":22},{"not_picked":["hexamod:EtherealExpedition","hexamod:GhostShield"],"picked":"hexamod:FlamesFromBeyond","floor":22},{"not_picked":["hexamod:FlamesFromBeyond+1","hexamod:BurningTouch+1","hexamod:Firestarter"],"picked":"SKIP","floor":23},{"not_picked":["hexamod:FourthSeal","hexamod:SwordOfDarkness"],"picked":"hexamod:UnlimitedPower","floor":25},{"not_picked":["hexamod:SecondSeal","hexamod:FourthSeal"],"picked":"hexamod:ThirdSeal","floor":25},{"not_picked":["hexamod:HauntingEcho","hexamod:Hexaguard"],"picked":"hexamod:RainOfEmbers+1","floor":25},{"not_picked":["hexamod:SuperheatedStrike+1","hexamod:FourthSeal","hexamod:BacktrackSmack"],"picked":"SKIP","floor":26}],"player_experience":569889,"relics_obtained":[{"floor":9,"key":"Centennial Puzzle"},{"floor":14,"key":"Boot"},{"floor":23,"key":"War Paint"},{"floor":24,"key":"Blue Candle"}],"event_choices":[{"damage_healed":0,"gold_gain":0,"player_choice":"Rummage","damage_taken":0,"relics_obtained":["WarpedTongs"],"max_hp_gain":0,"max_hp_loss":0,"event_name":"Accursed Blacksmith","floor":27,"gold_loss":0,"cards_obtained":["Pain"]}],"is_beta":false,"boss_relics":[{"not_picked":["Astrolabe","Empty Cage"],"picked":"Snecko Eye"}],"items_purged_floors":[],"is_endless":false,"potions_floor_spawned":[6,9,11,15,19,21,25,26],"killed_by":"Cultist and Chosen","ascension_level":0}}