{"host":"8d3fefv2347kqkpz","time":1613971442,"event":{"mods":["AchievementEnabler","BaseMod","Better Vampires","BetterRewards","Colored Map","Colored Powertips","Downfall","Emptier Cage","Highlight Path","Marked Mod","Minty Spire (QoL Compilation)","Permanent Neow","Quick Restart","Rare Cards Sparkle","Relic Stats","Say the Spire","Spicy Shops","StSLib","Waifu the Spire"],"gold_per_floor":[119,194,194,208,219,219,4,4,31,21,21,41,76,92,92,195,195,215,81,93,93,93,93,121,132,132,132,146,146,21,37,37,134,134,149,149,160,10,30,30,48,48,48],"floor_reached":42,"language":"ZHS","playtime":1594,"items_purged":["Strike_B","Leap","Zap","Doom and Gloom+1"],"score":420,"play_id":"cbe4670b-68fd-4bda-ae74-b43069ae1de8","local_time":"20210222132402","is_ascension_mode":false,"campfire_choices":[{"data":"Reinforced Body","floor":6.0,"key":"SMITH"},{"data":"Streamline","floor":11.0,"key":"SMITH"},{"data":"Coolheaded","floor":15.0,"key":"SMITH"},{"data":"Conserve Battery","floor":23.0,"key":"SMITH"},{"data":"Hyperbeam","floor":29.0,"key":"SMITH"},{"data":"Core Surge","floor":32.0,"key":"SMITH"},{"floor":40,"key":"RECALL"}],"circlet_count":0,"master_deck":["Reinforced Body+1","Streamline+1","Conserve Battery+1","Coolheaded+1","Recycle+1","Self Repair","All For One+1","Gash","Core Surge+1","Self Repair","Skim","Conserve Battery+1","Gash","Hyperbeam+1","Leap+1","Echo Form","Auto Shields+1","Compile Driver+1","Finesse","Glacier","Reprogram"],"relics":["Cracked Core","Whetstone","Empty Cage","Nilry\u0027s Codex","Lizard Tail","Pantograph","Astrolabe"],"acts_visited":["Exordium","TheCity","TheBeyond"],"potions_floor_usage":[],"damage_taken":[{"damage":1.0,"enemies":"2 Louse","floor":1.0,"turns":3.0},{"damage":5.0,"enemies":"Small Slimes","floor":4.0,"turns":3.0},{"damage":0.0,"enemies":"Cultist","floor":5.0,"turns":3.0},{"damage":6.0,"enemies":"Exordium Thugs","floor":10.0,"turns":6.0},{"damage":0.0,"enemies":"Red Slaver","floor":12.0,"turns":4.0},{"damage":34.0,"enemies":"Gremlin Nob","floor":13.0,"turns":5.0},{"damage":4.0,"enemies":"2 Fungi Beasts","floor":14.0,"turns":3.0},{"damage":39.0,"enemies":"Slime Boss","floor":16.0,"turns":8.0},{"damage":9.0,"enemies":"2 Thieves","floor":18.0,"turns":4.0},{"damage":19.0,"enemies":"Shell Parasite","floor":20.0,"turns":5.0},{"damage":47.0,"enemies":"Slavers","floor":24.0,"turns":8.0},{"damage":12.0,"enemies":"Centurion and Healer","floor":25.0,"turns":6.0},{"damage":28.0,"enemies":"Snake Plant","floor":28.0,"turns":5.0},{"damage":8.0,"enemies":"3 Cultists","floor":31.0,"turns":4.0},{"damage":73.0,"enemies":"Collector","floor":33.0,"turns":9.0},{"damage":38.0,"enemies":"3 Darklings","floor":35.0,"turns":6.0},{"damage":11.0,"enemies":"3 Shapes","floor":37.0,"turns":9.0},{"damage":6,"enemies":"Writhing Mass","floor":39,"turns":12},{"damage":34,"enemies":"Jaw Worm Horde","floor":41,"turns":4},{"damage":46,"enemies":"Transient","floor":42,"turns":3}],"seed_played":"5253736288102815301","potions_obtained":[{"floor":1.0,"key":"Weak Potion"},{"floor":4.0,"key":"Fruit Juice"},{"floor":12.0,"key":"ColorlessPotion"},{"floor":14.0,"key":"FairyPotion"},{"floor":18.0,"key":"BlessingOfTheForge"},{"floor":25.0,"key":"SpeedPotion"},{"floor":31.0,"key":"ColorlessPotion"}],"is_trial":false,"path_per_floor":["M","?","?","M","M","R","$","?","T","M","R","M","E","M","R","B",null,"M","$","M","?","?","R","E","M","T","?","M","R","$","M","R","B",null,"M","?","M","$","M","R","M","M"],"character_chosen":"DEFECT","items_purchased":["Recycle","Self Repair","Skim"],"campfire_rested":0,"item_purchase_floors":[7,7,19],"current_hp_per_floor":[53,42,42,42,42,42,42,42,42,43,43,50,23,26,26,21,80,78,78,73,57,57,57,24,26,26,26,54,54,54,60,60,7,80,56,56,59,59,67,67,40,0,0],"gold":48,"neow_bonus":"TRANSFORM_TWO_CARDS","is_daily":false,"chose_seed":false,"campfire_upgraded":6,"win_rate":0.0,"timestamp":1613971442,"path_taken":["M","?","?","M","?","R","$","?","T","M","R","M","E","?","R","BOSS","M","$","M","?","?","R","E","M","T","?","M","R","?","M","R","BOSS","M","?","M","$","M","R","M","M"],"items_purchased_type":["Card","Card","Card"],"build_version":"2020-12-22","purchased_purges":4,"victory":false,"max_hp_per_floor":[75,75,75,80,80,80,80,80,80,80,80,80,80,80,80,80,80,80,80,80,80,80,80,80,80,80,80,80,80,80,80,80,80,80,80,80,80,80,80,80,80,80,80],"relic_stats":{"Lizard Tail":40,"counters":[20,110],"Pantograph":20,"Astrolabe":["Auto Shields","Doom and Gloom","Compile Driver"],"Whetstone":["All For One","Strike_B"],"obtain_stats":[{"Lizard Tail":24,"Nilry\u0027s Codex":21,"Pantograph":26,"Astrolabe":34,"Whetstone":13,"Cracked Core":0,"Empty Cage":17},{"Lizard Tail":11,"Nilry\u0027s Codex":10,"Pantograph":12,"Astrolabe":15,"Whetstone":6,"Cracked Core":0,"Empty Cage":8},{"Lizard Tail":52,"Nilry\u0027s Codex":44,"Pantograph":58,"Astrolabe":76,"Whetstone":24,"Cracked Core":0,"Empty Cage":35}]},"card_choices":[{"not_picked":["Hello World","Barrage"],"picked":"Streamline","floor":1.0},{"not_picked":["Rebound","Streamline"],"picked":"Leap","floor":4.0},{"not_picked":["Heatsinks","Beam Cell"],"picked":"Coolheaded","floor":5.0},{"not_picked":["Static Discharge","Turbo","Coolheaded"],"picked":"SKIP","floor":10.0},{"not_picked":["Sweeping Beam","Chaos"],"picked":"All For One","floor":12.0},{"not_picked":["Consume","Hello World"],"picked":"Gash","floor":13.0},{"not_picked":["Streamline","Barrage","Ball Lightning"],"picked":"SKIP","floor":14.0},{"not_picked":["Thunder Strike","Rainbow"],"picked":"Core Surge","floor":16.0},{"not_picked":["Sunder+1","Double Energy"],"picked":"Self Repair","floor":18.0},{"not_picked":["Compile Driver","Auto Shields+1"],"picked":"Conserve Battery+1","floor":20.0},{"not_picked":["Chaos","Rebound"],"picked":"Gash","floor":24.0},{"not_picked":["Scrape","Steam+1","Cold Snap"],"picked":"SKIP","floor":25.0},{"not_picked":["Auto Shields+1","Consume"],"picked":"Hyperbeam","floor":28.0},{"not_picked":["Compile Driver","Force Field"],"picked":"Leap+1","floor":31.0},{"not_picked":["Buffer","Seek"],"picked":"Echo Form","floor":33.0},{"not_picked":["Loop","Rebound+1","Chill"],"picked":"SKIP","floor":35.0},{"not_picked":["Dark Shackles","HandOfGreed"],"picked":"Finesse","floor":36.0},{"not_picked":["Fusion+1","Aggregate"],"picked":"Glacier","floor":37.0},{"not_picked":["Undo+1","Leap","Go for the Eyes+1"],"picked":"SKIP","floor":39},{"not_picked":["Scrape","FTL"],"picked":"Reprogram","floor":41}],"player_experience":510648,"relics_obtained":[{"floor":13.0,"key":"Whetstone"},{"floor":21.0,"key":"Nilry\u0027s Codex"},{"floor":24.0,"key":"Lizard Tail"},{"floor":26.0,"key":"Pantograph"}],"event_choices":[{"damage_healed":0.0,"max_hp_gain":0.0,"max_hp_loss":0.0,"gold_gain":75.0,"event_name":"World of Goop","player_choice":"Gather Gold","floor":2.0,"gold_loss":0.0,"damage_taken":11.0},{"damage_healed":0.0,"max_hp_gain":0.0,"max_hp_loss":0.0,"gold_gain":0.0,"cards_transformed":["Stack"],"event_name":"Transmorgrifier","player_choice":"Transformed","floor":3.0,"gold_loss":0.0,"damage_taken":0.0,"cards_obtained":["Conserve Battery"]},{"damage_healed":0.0,"max_hp_gain":0.0,"max_hp_loss":0.0,"gold_gain":0.0,"event_name":"Accursed Blacksmith","player_choice":"Forge","floor":8.0,"gold_loss":0.0,"damage_taken":0.0,"cards_upgraded":["Recycle"]},{"damage_healed":0.0,"max_hp_gain":0.0,"max_hp_loss":0.0,"gold_gain":0.0,"event_name":"Cursed Tome","player_choice":"Obtained Book","floor":21.0,"gold_loss":0.0,"damage_taken":16.0},{"damage_healed":0.0,"max_hp_gain":0.0,"max_hp_loss":0.0,"gold_gain":0.0,"event_name":"Vampires","player_choice":"Ignored","floor":22.0,"gold_loss":0.0,"damage_taken":0.0},{"damage_healed":0.0,"max_hp_gain":0.0,"max_hp_loss":0.0,"gold_gain":0.0,"event_name":"Ghosts","player_choice":"Ignored","floor":27.0,"gold_loss":0.0,"damage_taken":0.0},{"damage_healed":0.0,"max_hp_gain":0.0,"max_hp_loss":0.0,"gold_gain":0.0,"event_name":"SensoryStone","player_choice":"Memory 1","floor":36.0,"gold_loss":0.0,"damage_taken":0.0}],"is_beta":false,"boss_relics":[{"not_picked":["SacredBark","Velvet Choker"],"picked":"Empty Cage"},{"not_picked":["Runic Pyramid","Tiny House"],"picked":"Astrolabe"}],"items_purged_floors":[7,19,30,38],"is_endless":false,"potions_floor_spawned":[1,4,12,14,18,25,31,35],"killed_by":"Transient","ascension_level":0}}