{"host":"4yf2n7l3ni368tvf","time":1613998137,"event":{"mods":["AchievementEnabler","BaseMod","Colored Map","DeckTracker","Minty Spire (QoL Compilation)","SuperFastMode"],"gold_per_floor":[109,129,46,46,64,64,99,99,99,113,113,113,139,156,156,260,260,277,295,295,295,313,340,340,192,192,219,219,119,119,119],"floor_reached":30,"language":"KOR","playtime":753,"items_purged":["Strike_G","Envenom"],"score":356,"play_id":"796af805-7869-45ed-b5a4-5b27d74ab0f4","local_time":"20210222214857","is_ascension_mode":true,"campfire_choices":[{"data":"Bouncing Flask","floor":6.0,"key":"SMITH"},{"floor":8.0,"key":"REST"},{"data":"Crippling Poison","floor":12.0,"key":"SMITH"},{"floor":15.0,"key":"REST"},{"floor":24,"key":"REST"},{"floor":28,"key":"REST"}],"circlet_count":0,"master_deck":["Strike_G","Strike_G","Strike_G","Strike_G","Defend_G","Defend_G","Defend_G","Defend_G","Defend_G","Survivor","Neutralize","Cloak And Dagger","Bouncing Flask+1","Deadly Poison","Caltrops","Bouncing Flask","Crippling Poison+1","Bullet Time","Bouncing Flask","Catalyst","Deadly Poison+1","Bouncing Flask","Poisoned Stab"],"relics":["Ring of the Snake","NeowsBlessing","Bag of Marbles","Bottled Tornado","Tingsha","WristBlade","Potion Belt","Orichalcum","StoneCalendar"],"acts_visited":["Exordium","TheCity"],"potions_floor_usage":[16,23,27],"damage_taken":[{"damage":0.0,"enemies":"2 Louse","floor":1.0,"turns":1.0},{"damage":0.0,"enemies":"Jaw Worm","floor":2.0,"turns":1.0},{"damage":0.0,"enemies":"Cultist","floor":5.0,"turns":1.0},{"damage":47.0,"enemies":"3 Sentries","floor":7.0,"turns":8.0},{"damage":15.0,"enemies":"Exordium Wildlife","floor":10.0,"turns":3.0},{"damage":10.0,"enemies":"Lagavulin","floor":13.0,"turns":4.0},{"damage":6.0,"enemies":"Blue Slaver","floor":14.0,"turns":3.0},{"damage":8,"enemies":"The Guardian","floor":16,"turns":6},{"damage":0,"enemies":"Chosen","floor":18,"turns":3},{"damage":28,"enemies":"2 Thieves","floor":19,"turns":4},{"damage":16,"enemies":"Snecko","floor":22,"turns":4},{"damage":11,"enemies":"Gremlin Leader","floor":23,"turns":4},{"damage":14,"enemies":"Book of Stabbing","floor":27,"turns":3},{"damage":47,"enemies":"Slavers","floor":30,"turns":2}],"seed_played":"-956947328309356076","potions_obtained":[{"floor":2.0,"key":"CunningPotion"},{"floor":10.0,"key":"Weak Potion"},{"floor":14.0,"key":"DuplicationPotion"},{"floor":16,"key":"Swift Potion"},{"floor":18,"key":"Explosive Potion"}],"is_trial":false,"path_per_floor":["M","M","$","?","M","R","E","R","T","M","?","R","E","M","R","B",null,"M","M","?","?","M","E","R","$","T","E","R","$","E"],"character_chosen":"THE_SILENT","items_purchased":["Deadly Poison","Caltrops","Bouncing Flask"],"campfire_rested":4,"item_purchase_floors":[3,3,25],"current_hp_per_floor":[70,70,70,70,70,70,23,44,44,29,52,52,42,36,57,49,70,70,42,42,42,26,15,36,36,36,22,43,43,0,0],"gold":119,"neow_bonus":"THREE_ENEMY_KILL","is_daily":false,"chose_seed":false,"campfire_upgraded":2,"win_rate":0.0,"timestamp":1613998137,"path_taken":["M","M","$","?","M","R","E","R","T","M","?","R","E","M","R","BOSS","M","M","?","?","M","E","R","$","T","E","R","?","E"],"items_purchased_type":["Card","Card","Card"],"build_version":"2020-12-22","purchased_purges":2,"victory":false,"max_hp_per_floor":[70,70,70,70,70,70,70,70,70,70,70,70,70,70,70,70,70,70,70,70,70,70,70,70,70,70,70,70,70,70,70],"card_choices":[{"not_picked":["Deflect","Underhanded Strike"],"picked":"Cloak And Dagger","floor":1.0},{"not_picked":["Setup","Eviscerate"],"picked":"Bouncing Flask","floor":2.0},{"not_picked":["Endless Agony","Noxious Fumes"],"picked":"Bouncing Flask","floor":5.0},{"not_picked":["Flying Knee","Poisoned Stab"],"picked":"Crippling Poison","floor":7.0},{"not_picked":["Endless Agony","Sucker Punch"],"picked":"Bullet Time","floor":10.0},{"not_picked":["Prepared","Deflect"],"picked":"Bouncing Flask","floor":13.0},{"not_picked":["Sucker Punch","Expertise"],"picked":"Envenom","floor":14.0},{"not_picked":["Underhanded Strike","Heel Hook","Flying Knee"],"picked":"SKIP","floor":18},{"not_picked":["Dagger Throw","Expertise","Acrobatics"],"picked":"SKIP","floor":19},{"not_picked":["Poisoned Stab","Blade Dance"],"picked":"Catalyst","floor":22},{"not_picked":["Crippling Poison","Distraction"],"picked":"Deadly Poison+1","floor":23},{"not_picked":["Quick Slash+1","Dagger Throw"],"picked":"Poisoned Stab","floor":27}],"player_experience":265104,"relics_obtained":[{"floor":7.0,"key":"Bag of Marbles"},{"floor":9.0,"key":"Bottled Tornado"},{"floor":13.0,"key":"Tingsha"},{"floor":23,"key":"Potion Belt"},{"floor":26,"key":"Orichalcum"},{"floor":27,"key":"StoneCalendar"}],"event_choices":[{"damage_healed":0.0,"max_hp_gain":0.0,"max_hp_loss":0.0,"gold_gain":0.0,"event_name":"Liars Game","player_choice":"Ignored","floor":4.0,"gold_loss":0.0,"damage_taken":0.0},{"damage_healed":23.0,"max_hp_gain":0.0,"max_hp_loss":0.0,"gold_gain":0.0,"event_name":"Big Fish","player_choice":"Banana","floor":11.0,"gold_loss":0.0,"damage_taken":0.0},{"damage_healed":0,"gold_gain":0,"player_choice":"Ignored","damage_taken":0,"max_hp_gain":0,"max_hp_loss":0,"event_name":"Vampires","floor":20,"gold_loss":0},{"damage_healed":0,"gold_gain":0,"player_choice":"Ignored","damage_taken":0,"max_hp_gain":0,"max_hp_loss":0,"event_name":"Ghosts","floor":21,"gold_loss":0}],"is_beta":false,"boss_relics":[{"not_picked":["Ring of the Serpent","Empty Cage"],"picked":"WristBlade"}],"items_purged_floors":[25,29],"is_endless":false,"potions_floor_spawned":[2,10,14,16,18,22],"killed_by":"Slavers","ascension_level":4}}