{"host":"Cenci","time":1613998965,"event":{"mods":["BaseMod","Bestiary","Downfall","Highlight Path","Minty Spire (QoL Compilation)","StSLib","The Marked"],"gold_per_floor":[110,62,62,73,73,101,120,120,145,155,175,190,222,239,239,239,239],"floor_reached":16,"language":"ENG","playtime":611,"items_purged":[],"score":120,"play_id":"529ccbe4-6eb1-4ba2-a4cb-727b50b294f2","local_time":"20210222140245","is_ascension_mode":true,"campfire_choices":[{"floor":8,"key":"RECALL"},{"data":"theMarked:ThrowWeapon","floor":15,"key":"SMITH"}],"circlet_count":0,"master_deck":["theMarked:Strike","theMarked:Strike","theMarked:Strike","theMarked:Strike","theMarked:Strike","theMarked:Defend","theMarked:Defend","theMarked:Defend","theMarked:Defend","theMarked:SoldierOfQuellstein","theMarked:UnarmedFury+1","theMarked:RepellingDischarge","theMarked:ChainLightning","theMarked:ElectricStrings","theMarked:ElectricStrings","theMarked:ThrowWeapon+1","theMarked:ElectricStrings","theMarked:ChainLightning"],"relics":["theMarked:ArtifactOfAir","Bag of Preparation","Tiny Chest"],"acts_visited":["Exordium"],"potions_floor_usage":[],"damage_taken":[{"damage":1,"enemies":"Jaw Worm","floor":1,"turns":3},{"damage":2,"enemies":"2 Louse","floor":4,"turns":3},{"damage":17,"enemies":"3 Sentries","floor":6,"turns":7},{"damage":0,"enemies":"Cultist","floor":7,"turns":3},{"damage":0,"enemies":"Blue Slaver","floor":10,"turns":2},{"damage":0,"enemies":"3 Louse","floor":11,"turns":2},{"damage":0,"enemies":"Looter","floor":12,"turns":3},{"damage":13,"enemies":"Lagavulin","floor":13,"turns":6},{"damage":5,"enemies":"Large Slime","floor":14,"turns":4},{"damage":0,"enemies":"Slime Boss","floor":16,"turns":1}],"seed_played":"8438570480073442575","potions_obtained":[{"floor":1,"key":"Fire Potion"},{"floor":4,"key":"GamblersBrew"},{"floor":7,"key":"theMarked:SummonPotion"}],"is_trial":false,"path_per_floor":["M","$","?","M","$","E","M","R","T","M","M","M","E","M","R","B"],"character_chosen":"THE_DEFAULT","items_purchased":["theMarked:ChainLightning"],"campfire_rested":0,"item_purchase_floors":[2],"current_hp_per_floor":[71,71,71,69,69,52,52,52,52,52,52,52,39,34,34,34,34],"gold":239,"neow_bonus":"ONE_RANDOM_RARE_CARD","is_daily":false,"chose_seed":false,"campfire_upgraded":1,"win_rate":0.0,"timestamp":1613998965,"path_taken":["M","$","?","M","$","E","M","R","T","M","M","M","E","M","R","BOSS"],"items_purchased_type":["Card"],"build_version":"2020-11-17","purchased_purges":0,"victory":false,"max_hp_per_floor":[72,72,72,72,72,72,72,72,72,72,72,72,72,72,72,72,72],"card_choices":[{"not_picked":["theMarked:MysticalArsenal","theMarked:StartUp"],"picked":"theMarked:RepellingDischarge","floor":1},{"not_picked":["theMarked:BanishingStrike","theMarked:Generate"],"picked":"theMarked:ElectricStrings","floor":4},{"not_picked":["theMarked:Convert","theMarked:BanishingStrike"],"picked":"theMarked:ElectricStrings","floor":6},{"not_picked":["theMarked:RepellingDischarge","theMarked:AttractMetal","theMarked:Improvise"],"picked":"SKIP","floor":7},{"not_picked":["theMarked:Reabsorb","theMarked:WardOff"],"picked":"theMarked:ThrowWeapon","floor":10},{"not_picked":["theMarked:Reabsorb","theMarked:Memento","theMarked:Overcharge"],"picked":"SKIP","floor":11},{"not_picked":["theMarked:WardOff","theMarked:Indomitable"],"picked":"theMarked:ElectricStrings","floor":12},{"not_picked":["theMarked:WastefulAttack","theMarked:RepellingDischarge"],"picked":"theMarked:ChainLightning","floor":13},{"not_picked":["theMarked:EternalStudent","theMarked:OneWithTheBlade","theMarked:Improvise"],"picked":"SKIP","floor":14}],"player_experience":388085,"relics_obtained":[{"floor":6,"key":"Bag of Preparation"},{"floor":13,"key":"Tiny Chest"}],"event_choices":[{"damage_healed":0,"gold_gain":0,"player_choice":"Grow","damage_taken":0,"max_hp_gain":0,"max_hp_loss":0,"event_name":"Living Wall","floor":3,"gold_loss":0,"cards_upgraded":["theMarked:UnarmedFury"]}],"is_beta":true,"boss_relics":[],"items_purged_floors":[],"is_endless":false,"potions_floor_spawned":[1,4,7,10,12],"killed_by":"Slime Boss","ascension_level":1}}