{"host":"jfbo3eu2ui08ej1u","time":1613963920,"event":{"mods":["2.2 Compatiblity","AchievementEnabler","Act Like it!","Aspiration","BaseMod","Better Altar","Better Match","Better Note","Better Sensory Stone","Better Skull","Better Third Choice","Block Reminder","Colored Map","Colored Powertips","Conspire","DeckTracker","Displayed Cursed Tome","Energized Spire","Fox Events","GifTheSpireLib","Hermit","Hubris","Infinite Spire","Marked Mod","Minty Spire (QoL Compilation)","Monster B Gone","Pale of the Ancients","Poor People Problems","Quick Restart","Relic Filter","Reliquary","Reorder Act Four","Replay The Spire","Shop Mod","Spicy Shops","Spire Arcade","StSLib","Stuff the Spire","The Blue Laboratory","The Disciple","The Forsaken","The Hierophant","The Marked","Uncapped","Unceasing Turn Reminder","Wandering Minibosses"],"gold_per_floor":[110,285,302,302,87,418,418,456,526,539,51,51,64,83,83,203,203,226,247,55,68,68,68,108,121,121,121,165,165,178,196,196,317,317,332,332,332,355,157,157,207,207,207,207,207,234,40,40,40,40,67,86,86,139,139,168,168,15,15,15],"floor_reached":61,"language":"ENG","playtime":2488,"items_purged":["Doubt","Injury","theForsaken:TheForsaken_Strike","theForsaken:TheForsaken_Strike"],"score":2000,"play_id":"aac1ce6a-304c-4b4e-a8b0-56078a5611c0","local_time":"20210221221840","is_ascension_mode":true,"campfire_choices":[{"floor":7.0,"key":"REST"},{"data":"theForsaken:CorruptedForm","floor":15.0,"key":"SMITH"},{"data":"infinitespire:NeuralNetwork","floor":23.0,"key":"SMITH"},{"data":"Apotheosis","floor":27.0,"key":"SMITH"},{"data":"theForsaken:SpreadingPlague","floor":32.0,"key":"SMITH"},{"data":"theForsaken:Horror","floor":40.0,"key":"SMITH"},{"data":"theForsaken:Smite","floor":42,"key":"SMITH"},{"data":"theForsaken:BountifulSunlight","floor":45,"key":"SMITH"},{"data":"theForsaken:TheForsaken_Strike","floor":49,"key":"PURGE"},{"data":"theForsaken:Mantra","floor":55,"key":"SMITH"},{"data":"theForsaken:DefensiveStance","floor":57,"key":"SMITH"}],"circlet_count":0,"master_deck":["theForsaken:TheForsaken_Strike","theForsaken:TheForsaken_Defend","theForsaken:TheForsaken_Defend","theForsaken:TheForsaken_Defend","theForsaken:TheForsaken_Defend","theForsaken:Smite+1","theForsaken:Penitence","theForsaken:FountainOfLife","theForsaken:BountifulSunlight+1","theForsaken:DefensiveStance","theForsaken:Purification","theForsaken:Terrorize","Apotheosis+1","theForsaken:CorruptedForm+1","theForsaken:Mantra+1","theForsaken:BottledPlague","theForsaken:CleansingLight","theForsaken:DefensiveStance+1","theForsaken:HorrifyingStrike","infinitespire:NeuralNetwork+1","theForsaken:HealingLight+1","theForsaken:SpreadingPlague+1","theForsaken:Tranquility+1","theForsaken:SolarFlare","theForsaken:Purification","theForsaken:Horror+1","theForsaken:WordsOfMight+1","theForsaken:CowardsBrand","theForsaken:BlightOfFamine+1","theForsaken:DefensiveStance"],"relics":["theForsaken:JudgementScales","Golden Idol","Torii","Old Coin","PreservedInsect","reliquary:TridentHead","Membership Card","StuffTheSpire:Gunfinga","Omamori","hubris:Towel","SacredBark","hubris:EmptyBottle","reliquary:BrokenClock","energizedSpire:NeverEndingSparkler","Replay:Rubber Ducky","Orichalcum","Sundial","Bottled Tornado","hubris:Icosahedron","ReplayTheSpireMod:CursedCoin","StuffTheSpire:Expresso","Onion Ring","Toy Ornithopter","infinitespire:EvilPickle","Centennial Puzzle","reliquary:BallBearing","Ancient Tea Set","aspiration:VileToxins","Bag of Marbles","hubris:HerbalPaste","paleoftheancients:Timepiece","paleoftheancients:KeyRelic","Gremlin Horn","CultistMask","paleoftheancients:SoulOfTheWokeBloke","Blood Vial","StuffTheSpire:PointBlank"],"acts_visited":["Exordium","TheCity","TheBeyond","paleoftheancients:PaleOfTheAncients"],"potions_floor_usage":[50,50,51,51,51,51,52,52,52,52,56,56,60,60,60,60],"damage_taken":[{"damage":9.0,"enemies":"2 Louse","floor":1.0,"turns":4.0},{"damage":16.0,"enemies":"Small Slimes","floor":3.0,"turns":8.0},{"damage":53.0,"enemies":"3 Sentries","floor":6.0,"turns":11.0},{"damage":24.0,"enemies":"Replay:BlueRogue","floor":8.0,"turns":11.0},{"damage":2.0,"enemies":"Jaw Worm","floor":10.0,"turns":5.0},{"damage":26.0,"enemies":"Lots of Slimes","floor":13.0,"turns":7.0},{"damage":7.0,"enemies":"2 Fungi Beasts","floor":14.0,"turns":6.0},{"damage":39.0,"enemies":"Slime Boss","floor":16.0,"turns":14.0},{"damage":94.0,"enemies":"3 Byrds","floor":18.0,"turns":13.0},{"damage":29.0,"enemies":"Chosen","floor":19.0,"turns":7.0},{"damage":75.0,"enemies":"Sentry and Sphere","floor":21.0,"turns":13.0},{"damage":4.0,"enemies":"Book of Stabbing","floor":24.0,"turns":3.0},{"damage":0.0,"enemies":"Snecko","floor":25.0,"turns":9.0},{"damage":17.0,"enemies":"Slavers","floor":28.0,"turns":11.0},{"damage":8.0,"enemies":"Cultist and Chosen","floor":30.0,"turns":7.0},{"damage":15.0,"enemies":"Snake Plant","floor":31.0,"turns":5.0},{"damage":50.0,"enemies":"Pondfish","floor":33.0,"turns":11.0},{"damage":3.0,"enemies":"Orb Walker","floor":35.0,"turns":7.0},{"damage":18.0,"enemies":"3 Shapes","floor":38.0,"turns":4.0},{"damage":16,"enemies":"Nemesis","floor":41,"turns":17},{"damage":0,"enemies":"Spire Growth","floor":46,"turns":7},{"damage":65,"enemies":"conspire:OrnateMirror","floor":50,"turns":12},{"damage":53,"enemies":"conspire:OrnateMirror","floor":51,"turns":9},{"damage":43,"enemies":"conspire:OrnateMirror","floor":52,"turns":15},{"damage":28,"enemies":"conspire:OrnateMirror","floor":56,"turns":8},{"damage":58,"enemies":"paleoftheancients:N","floor":60,"turns":15}],"seed_played":"-8919928899793599985","potions_obtained":[{"floor":1.0,"key":"theForsaken:FearPotion"},{"floor":10.0,"key":"blueLaboratory:FrostheartPotion"},{"floor":19.0,"key":"Regen Potion"},{"floor":24.0,"key":"blueLaboratory:BottledHope"},{"floor":28.0,"key":"blueLaboratory:PhilterOfMotion"},{"floor":30.0,"key":"blueLaboratory:StoneskinPotion"},{"floor":33.0,"key":"Adrenaline Potion"},{"floor":35.0,"key":"Toxic Potion"}],"is_trial":false,"path_per_floor":["M","?","M","?","$","E","R","E","T","M","$","?","M","M","R","B",null,"M","M","$","M","AVR","R","E","M","T","R","E","?","M","M","R","B",null,"M","?","?","M","$","R","E","R","T","?","R","M","$","?","R_BF","B","M","M","?","T","R","M","R","$","?","B",null],"character_chosen":"THE_FORSAKEN","items_purchased":["Torii","blueLaboratory:FruitPunch","Membership Card","Apotheosis","StuffTheSpire:Gunfinga","Omamori","blueLaboratory:TrueEctoplasm","theForsaken:CleansingLight","theForsaken:DefensiveStance","hubris:EmptyBottle","reliquary:BrokenClock","ReplayTheSpireMod:CursedCoin","StuffTheSpire:Expresso","Onion Ring","Toy Ornithopter","aspiration:VileToxins","Bag of Marbles","hubris:HerbalPaste","StuffTheSpire:PointBlank","theForsaken:DefensiveStance"],"campfire_rested":1,"item_purchase_floors":[5,5,11,11,11,11,11,20,20,20,20,39,39,39,39,47,47,47,58,58],"current_hp_per_floor":[61,61,59,59,59,31,52,50,50,59,59,59,55,61,61,79,84,51,32,32,90,90,90,86,93,93,93,96,96,91,94,94,100,104,105,105,105,90,90,90,111,111,111,111,111,111,111,111,111,115,112,123,123,123,123,125,125,125,125,142],"gold":15,"neow_bonus":"ONE_RANDOM_RARE_CARD","is_daily":false,"chose_seed":false,"campfire_upgraded":9,"win_rate":0.0,"timestamp":1613963920,"path_taken":["M","?","M","?","$","E","R","E","T","M","$","?","M","?","R","BOSS","M","?","$","M","AVR","R","E","M","T","R","E","?","M","M","R","BOSS","M","?","?","M","$","R","E","R","T","?","R","M","$","?","R_BF","BOSS","M","M","?","T","R","M","R","$","?","BOSS"],"items_purchased_type":["Relic","Potion","Relic","Card","Relic","Relic","Potion","Card","Card","Relic","Relic","Relic","Relic","Relic","Relic","Relic","Relic","Relic","Relic","Card"],"build_version":"2020-12-22","purchased_purges":4,"victory":true,"max_hp_per_floor":[67,67,69,69,69,73,73,75,75,77,77,77,80,82,82,85,85,88,88,88,90,90,90,90,93,93,93,96,96,99,102,102,105,105,109,109,109,112,112,112,121,121,121,121,121,121,121,121,121,130,133,136,136,136,136,139,139,139,139,142],"card_choices":[{"not_picked":["theForsaken:StoreUp","theForsaken:HorrifyingStrike"],"picked":"theForsaken:BountifulSunlight","floor":1.0},{"not_picked":["theForsaken:NobleSacrifice","theForsaken:Riposte","theForsaken:Parry"],"picked":"SKIP","floor":3.0},{"not_picked":["theForsaken:ChargeAttack","theForsaken:HymnOfPatience"],"picked":"theForsaken:DefensiveStance","floor":6.0},{"not_picked":["theForsaken:CleansingLight","theForsaken:WardingHymn"],"picked":"theForsaken:Purification","floor":8.0},{"not_picked":["theForsaken:PowerUp","theForsaken:ScorchingSunlight"],"picked":"theForsaken:Terrorize","floor":10.0},{"not_picked":["theForsaken:ChargeAttack","theForsaken:Parry","theForsaken:WordOfPower"],"picked":"SKIP","floor":13.0},{"not_picked":["theForsaken:RainingSunlight","theForsaken:Eulogy"],"picked":"theForsaken:CorruptedForm","floor":14.0},{"not_picked":["theForsaken:SacrificeSoul","theForsaken:CorruptDeck"],"picked":"theForsaken:Mantra","floor":16.0},{"not_picked":["theForsaken:QuickAttack","theForsaken:InspiringBlow+1"],"picked":"theForsaken:BottledPlague","floor":18.0},{"not_picked":["theForsaken:InspiringBlow","theForsaken:HymnOfPatience","theForsaken:FatRoll+1"],"picked":"SKIP","floor":19.0},{"not_picked":["theForsaken:BattleHymn","theForsaken:WordsOfMight"],"picked":"theForsaken:HorrifyingStrike","floor":21.0},{"not_picked":["theForsaken:Terrorize","theForsaken:ShieldCharge+1"],"picked":"theForsaken:HealingLight+1","floor":24.0},{"not_picked":["theForsaken:Parry+1","theForsaken:SolarFlare","theForsaken:BlessedWeapon"],"picked":"SKIP","floor":25.0},{"not_picked":["theForsaken:CorruptedForm","theForsaken:PanicDive"],"picked":"theForsaken:SpreadingPlague","floor":28.0},{"not_picked":["theForsaken:HymnOfPatience","theForsaken:Enfeeble"],"picked":"theForsaken:Tranquility+1","floor":30.0},{"not_picked":["theForsaken:Eulogy","theForsaken:ShieldCharge","theForsaken:SolarFlare"],"picked":"SKIP","floor":31.0},{"not_picked":["theForsaken:Eulogy","theForsaken:ShieldCharge"],"picked":"theForsaken:SolarFlare","floor":31.0},{"not_picked":["theForsaken:CorruptedForm","theForsaken:DarkRift"],"picked":"theForsaken:Purification","floor":33.0},{"not_picked":["theForsaken:Thunderbolt+1","theForsaken:Tranquility","theForsaken:Eulogy+1"],"picked":"SKIP","floor":35.0},{"not_picked":["theForsaken:BlessedWeapon+1","theForsaken:QuickAttack"],"picked":"theForsaken:Horror","floor":38.0},{"not_picked":["theForsaken:BattleHymn+1","theForsaken:NobleSacrifice"],"picked":"theForsaken:WordsOfMight+1","floor":41},{"not_picked":["theForsaken:ShieldCharge+1","theForsaken:ScorchingSunlight"],"picked":"theForsaken:CowardsBrand","floor":46},{"not_picked":["theForsaken:HymnOfPatience+1","theForsaken:Eulogy","theForsaken:BlessedWeapon"],"picked":"SKIP","floor":51},{"not_picked":["theForsaken:QuickAttack","theForsaken:Eulogy"],"picked":"theForsaken:BlightOfFamine+1","floor":52},{"not_picked":["theForsaken:ScorchingSunlight+1","theForsaken:Thunderbolt","theForsaken:Parry+1"],"picked":"SKIP","floor":56}],"player_experience":1362572,"relics_obtained":[{"floor":6.0,"key":"Old Coin"},{"floor":8.0,"key":"PreservedInsect"},{"floor":9.0,"key":"reliquary:TridentHead"},{"floor":24.0,"key":"Orichalcum"},{"floor":26.0,"key":"Sundial"},{"floor":28.0,"key":"Bottled Tornado"},{"floor":41,"key":"Centennial Puzzle"},{"floor":43,"key":"reliquary:BallBearing"},{"floor":52,"key":"paleoftheancients:SoulOfTheWokeBloke"},{"floor":54,"key":"Blood Vial"}],"event_choices":[{"damage_healed":0.0,"max_hp_gain":0.0,"max_hp_loss":0.0,"gold_gain":175.0,"event_name":"betterThird:BetterSerpent","player_choice":"AGREE","floor":2.0,"gold_loss":0.0,"damage_taken":110.0},{"damage_healed":0.0,"max_hp_gain":0.0,"max_hp_loss":0.0,"gold_gain":0.0,"event_name":"Golden Idol","player_choice":"Take Wound","floor":4.0,"gold_loss":0.0,"damage_taken":0.0,"relics_obtained":["Golden Idol"],"cards_obtained":["Injury"]},{"damage_healed":0.0,"max_hp_gain":0.0,"max_hp_loss":0.0,"gold_gain":0.0,"event_name":"Tomb of Lord Red Mask","player_choice":"Ignored","floor":37.0,"gold_loss":0.0,"damage_taken":0.0},{"damage_healed":0,"gold_gain":0,"player_choice":"Leave","damage_taken":0,"max_hp_gain":0,"max_hp_loss":0,"event_name":"conspire:Investor","floor":53,"gold_loss":0}],"is_beta":false,"boss_relics":[{"not_picked":["hubris:CrackedHourglass","reliquary:Craggleroot"],"picked":"SacredBark"},{"not_picked":["aspiration:RitualDagger","ChewingGum","aspiration:SecretTechniqueScroll"]}],"items_purged_floors":[5,11,39,58],"is_endless":false,"potions_floor_spawned":[1,10,13,19,24,28,30,33,35,41],"ascension_level":5}}