{"host":"9c5s71vpq5e0ob8c","time":1613962624,"event":{"mods":["BaseMod","DeckTracker","Minty Spire (QoL Compilation)","StSLib"],"gold_per_floor":[115,133,58,133,133,158,158,89,89,89,89,109,170,185,185,259,259,270,270,287,300,399,399,425,367,420,433,453,453,453,122,122,196,196,209,226,242,45,61,86,86,99,99,99,99,99,117,133,133,133,133],"floor_reached":50,"language":"ENG","playtime":1755,"items_purged":["Strike_G","Strike_G","Defend_G"],"score":879,"play_id":"47412da7-f352-4df2-ac65-33d7add64a96","local_time":"20210221215704","is_ascension_mode":true,"campfire_choices":[{"data":"Cloak And Dagger","floor":7,"key":"SMITH"},{"data":"Accuracy","floor":10,"key":"SMITH"},{"data":"Cloak And Dagger","floor":15,"key":"SMITH"},{"data":"Blur","floor":23,"key":"SMITH"},{"floor":29,"key":"REST"},{"data":"Accuracy","floor":32,"key":"SMITH"},{"floor":41,"key":"REST"},{"floor":44,"key":"REST"},{"floor":46,"key":"REST"},{"floor":49,"key":"REST"}],"circlet_count":0,"master_deck":["AscendersBane","Defend_G","Defend_G","Defend_G","Defend_G","Survivor","Neutralize","Cloak And Dagger+1","Backflip","Deflect","Accuracy+1","Blur+1","Cloak And Dagger+1","Phantasmal Killer","Deflect","Dodge and Roll+1","Blade Dance","Deflect","Accuracy+1","Dodge and Roll+1","Backflip+1","Accuracy+1","Infinite Blades+1","Parasite","Backstab"],"relics":["Ring of the Snake","NeowsBlessing","Vajra","Mercury Hourglass","Paper Crane","Torii","WristBlade","MutagenicStrength","PreservedInsect","Dead Branch","Bag of Marbles","Lee\u0027s Waffle","Empty Cage","Dream Catcher","Girya"],"acts_visited":["Exordium","TheCity","TheBeyond"],"potions_floor_usage":[13,13,16,21,24,33,37,39,40,50],"damage_taken":[{"damage":0,"enemies":"Jaw Worm","floor":1,"turns":1},{"damage":0,"enemies":"Small Slimes","floor":2,"turns":1},{"damage":0,"enemies":"Gremlin Nob","floor":6,"turns":1},{"damage":0,"enemies":"Cultist","floor":12,"turns":3},{"damage":0,"enemies":"3 Sentries","floor":13,"turns":6},{"damage":0,"enemies":"3 Louse","floor":14,"turns":3},{"damage":15,"enemies":"Slime Boss","floor":16,"turns":9},{"damage":1,"enemies":"2 Thieves","floor":18,"turns":5},{"damage":10,"enemies":"Spheric Guardian","floor":20,"turns":4},{"damage":1,"enemies":"Centurion and Healer","floor":21,"turns":6},{"damage":11,"enemies":"Slavers","floor":24,"turns":4},{"damage":1,"enemies":"Snake Plant","floor":27,"turns":4},{"damage":7,"enemies":"Sentry and Sphere","floor":28,"turns":4},{"damage":44,"enemies":"Collector","floor":33,"turns":5},{"damage":1,"enemies":"3 Darklings","floor":35,"turns":5},{"damage":0,"enemies":"3 Shapes","floor":36,"turns":5},{"damage":0,"enemies":"Sphere and 2 Shapes","floor":37,"turns":3},{"damage":0,"enemies":"Spire Growth","floor":39,"turns":3},{"damage":52,"enemies":"Giant Head","floor":40,"turns":7},{"damage":8,"enemies":"Maw","floor":42,"turns":4},{"damage":0,"enemies":"Writhing Mass","floor":47,"turns":4},{"damage":0,"enemies":"Jaw Worm Horde","floor":48,"turns":4},{"damage":74,"enemies":"Donu and Deca","floor":50,"turns":5}],"seed_played":"1465825800821515376","potions_obtained":[{"floor":1,"key":"AttackPotion"},{"floor":6,"key":"DistilledChaos"},{"floor":13,"key":"SteroidPotion"},{"floor":14,"key":"Weak Potion"},{"floor":18,"key":"Strength Potion"},{"floor":27,"key":"Poison Potion"},{"floor":36,"key":"Fire Potion"},{"floor":37,"key":"AttackPotion"},{"floor":39,"key":"SpeedPotion"},{"floor":48,"key":"Strength Potion"}],"is_trial":false,"path_per_floor":["M","M","$","?","?","E","R","$","T","R","$","M","?","M","R","B",null,"M","?","M","M","?","R","E","?","T","M","M","R","?","$","R","B",null,"M","M","M","$","M","E","R","M","T","R","?","R","M","M","R","B"],"character_chosen":"THE_SILENT","items_purchased":["Accuracy","Accuracy","Lee\u0027s Waffle","Accuracy"],"campfire_rested":5,"item_purchase_floors":[8,31,31,38],"current_hp_per_floor":[59,59,59,48,36,36,36,36,36,36,36,36,36,36,36,21,55,54,54,44,43,43,43,32,32,32,31,24,43,43,73,73,29,62,61,61,61,61,61,9,30,22,22,43,43,64,64,64,73,0,0],"gold":133,"neow_bonus":"THREE_ENEMY_KILL","is_daily":false,"chose_seed":false,"campfire_upgraded":5,"win_rate":0.0,"timestamp":1613962624,"path_taken":["M","M","$","?","?","E","R","$","T","R","?","?","?","M","R","BOSS","M","?","M","M","?","R","E","?","T","?","M","R","?","$","R","BOSS","M","M","M","$","M","E","R","M","T","R","?","R","?","M","R","BOSS"],"items_purchased_type":["Card","Card","Relic","Card"],"build_version":"2020-12-22","purchased_purges":3,"victory":false,"max_hp_per_floor":[66,66,66,66,66,66,66,66,66,66,66,66,66,66,66,66,66,66,66,66,66,66,66,66,66,66,66,66,66,66,73,73,73,73,73,73,73,73,73,73,73,73,73,73,73,73,73,73,73,73,73],"card_choices":[{"not_picked":["Setup","Predator"],"picked":"Cloak And Dagger","floor":1},{"not_picked":["Slice","Deadly Poison"],"picked":"Backflip","floor":2},{"not_picked":["Flying Knee","PiercingWail"],"picked":"Deflect","floor":6},{"not_picked":["Acrobatics","Deadly Poison","PiercingWail"],"picked":"SKIP","floor":12},{"not_picked":["Dodge and Roll","Blade Dance"],"picked":"Blur","floor":13},{"not_picked":["Blade Dance","Wraith Form v2"],"picked":"Cloak And Dagger","floor":14},{"not_picked":["Night Terror","Malaise"],"picked":"Phantasmal Killer","floor":16},{"not_picked":["Slice","Dagger Spray"],"picked":"Deflect","floor":18},{"not_picked":["Bullet Time","Endless Agony"],"picked":"Dodge and Roll+1","floor":20},{"not_picked":["Bane","Poisoned Stab"],"picked":"Blade Dance","floor":21},{"not_picked":["Reflex+1","Masterful Stab"],"picked":"Deflect","floor":24},{"not_picked":["Predator","Distraction","Acrobatics"],"picked":"SKIP","floor":27},{"not_picked":["Deadly Poison","Noxious Fumes","Dagger Spray+1"],"picked":"SKIP","floor":28},{"not_picked":["Endless Agony","Backflip+1"],"picked":"Dodge and Roll+1","floor":35},{"not_picked":["Flying Knee+1","Sucker Punch+1","Cloak And Dagger"],"picked":"SKIP","floor":36},{"not_picked":["Slice","Cloak And Dagger"],"picked":"Backflip+1","floor":37},{"not_picked":["Dagger Throw+1","Escape Plan"],"picked":"Infinite Blades+1","floor":39},{"not_picked":["Blade Dance","Bane","Choke"],"picked":"SKIP","floor":40},{"not_picked":["Blade Dance","Poisoned Stab","Quick Slash+1"],"picked":"SKIP","floor":42},{"not_picked":["Deadly Poison","Dagger Spray","Masterful Stab"],"picked":"SKIP","floor":47},{"not_picked":["Poisoned Stab","Quick Slash"],"picked":"Backstab","floor":48}],"player_experience":357006,"relics_obtained":[{"floor":6,"key":"Mercury Hourglass"},{"floor":9,"key":"Paper Crane"},{"floor":13,"key":"Torii"},{"floor":24,"key":"PreservedInsect"},{"floor":26,"key":"Bag of Marbles"},{"floor":40,"key":"Dream Catcher"},{"floor":43,"key":"Girya"}],"event_choices":[{"damage_healed":0,"gold_gain":75,"player_choice":"Gather Gold","damage_taken":11,"max_hp_gain":0,"max_hp_loss":0,"event_name":"World of Goop","floor":4,"gold_loss":0},{"damage_healed":0,"gold_gain":0,"player_choice":"Success","damage_taken":12,"relics_obtained":["Vajra"],"max_hp_gain":0,"max_hp_loss":0,"event_name":"Scrap Ooze","floor":5,"gold_loss":0},{"damage_healed":0,"gold_gain":0,"player_choice":"Searched \u00272\u0027 times","damage_taken":0,"max_hp_gain":0,"max_hp_loss":0,"event_name":"Dead Adventurer","floor":13,"gold_loss":0},{"damage_healed":0,"gold_gain":0,"player_choice":"Inject Mutagens","damage_taken":0,"relics_obtained":["MutagenicStrength"],"max_hp_gain":0,"max_hp_loss":0,"event_name":"Drug Dealer","floor":19,"gold_loss":0},{"damage_healed":0,"gold_gain":99,"player_choice":"Stole From Cult","damage_taken":0,"max_hp_gain":0,"max_hp_loss":0,"event_name":"Nest","floor":22,"gold_loss":0},{"damage_healed":0,"gold_gain":0,"player_choice":"Paid Gold","damage_taken":0,"relics_obtained":["Dead Branch"],"max_hp_gain":0,"max_hp_loss":0,"event_name":"WeMeetAgain","floor":25,"gold_loss":58},{"cards_removed":["Strike_G"],"damage_healed":0,"gold_gain":0,"player_choice":"Offered Basic","damage_taken":0,"max_hp_gain":0,"max_hp_loss":0,"event_name":"Bonfire Elementals","floor":30,"gold_loss":0},{"damage_healed":0,"gold_gain":0,"player_choice":"Forge","damage_taken":0,"max_hp_gain":0,"max_hp_loss":0,"event_name":"Accursed Blacksmith","floor":45,"gold_loss":0,"cards_upgraded":["Accuracy"]}],"is_beta":false,"boss_relics":[{"not_picked":["Sozu","Runic Pyramid"],"picked":"WristBlade"},{"not_picked":["SacredBark","Pandora\u0027s Box"],"picked":"Empty Cage"}],"items_purged_floors":[3,31,38],"is_endless":false,"potions_floor_spawned":[1,6,13,14,18,27,36,37,39,48],"killed_by":"Donu and Deca","ascension_level":14}}