{"host":"oigynbtg272c19pw","time":1613989124,"event":{"mods":["BaseMod","Colored Map","Minty Spire (QoL Compilation)","Relic Stats","Slay the Relics Exporter","StSLib"],"gold_per_floor":[111,129,139,65,78,78,78,78,78,91,91,15,15,30,30,30,30],"floor_reached":16,"playtime":599,"items_purged":[],"score":184,"play_id":"155ea2f3-1665-48a2-bb5b-88be5a65c293","local_time":"20210222111844","is_ascension_mode":true,"campfire_choices":[{"data":"Well Laid Plans","floor":6.0,"key":"SMITH"},{"floor":8.0,"key":"REST"},{"floor":13.0,"key":"REST"},{"data":"Escape Plan","floor":15.0,"key":"SMITH"}],"circlet_count":0,"master_deck":["AscendersBane","Strike_G+1","Strike_G","Strike_G","Strike_G","Strike_G","Defend_G","Defend_G+1","Defend_G","Defend_G","Defend_G","Survivor","Neutralize","Clumsy","Grand Finale","Underhanded Strike","Expertise","Well Laid Plans+1","Escape Plan+1"],"relics":["Ring of the Snake","Golden Idol","Akabeko","Blue Candle"],"acts_visited":["Exordium"],"potions_floor_usage":[16,16],"damage_taken":[{"damage":11.0,"enemies":"Cultist","floor":1.0,"turns":5.0},{"damage":8.0,"enemies":"Small Slimes","floor":2.0,"turns":5.0},{"damage":3.0,"enemies":"2 Louse","floor":3.0,"turns":4.0},{"damage":18.0,"enemies":"Gremlin Gang","floor":5.0,"turns":7.0},{"damage":5.0,"enemies":"Large Slime","floor":10.0,"turns":4.0},{"damage":4.0,"enemies":"Blue Slaver","floor":14.0,"turns":5.0},{"damage":12,"enemies":"Hexaghost","floor":16,"turns":9}],"seed_played":"-3826236456762259175","potions_obtained":[{"floor":1.0,"key":"FearPotion"},{"floor":3.0,"key":"FearPotion"},{"floor":10.0,"key":"Dexterity Potion"},{"floor":14.0,"key":"ColorlessPotion"}],"is_trial":false,"path_per_floor":["M","M","M","$","M","R","?","R","T","M","?","?","R","M","R","B"],"character_chosen":"THE_SILENT","items_purchased":["Well Laid Plans"],"campfire_rested":2,"item_purchase_floors":[4],"current_hp_per_floor":[48,40,37,37,19,19,19,37,37,32,14,14,32,28,28,16,16],"gold":30,"neow_bonus":"THREE_RARE_CARDS","is_daily":false,"chose_seed":false,"campfire_upgraded":2,"win_rate":0.0,"timestamp":1613989124,"path_taken":["M","M","?","$","M","R","?","R","T","M","?","?","R","M","R","BOSS"],"items_purchased_type":["Card"],"build_version":"2020-12-13","purchased_purges":0,"victory":false,"max_hp_per_floor":[66,66,66,66,66,66,60,60,60,60,60,60,60,60,60,60,60],"relic_stats":{"counters":[7,39],"Golden Idol":6,"Blue Candle":[0],"obtain_stats":[{"Golden Idol":7,"Blue Candle":12,"Akabeko":9,"Ring of the Snake":0},{"Golden Idol":4,"Blue Candle":5,"Akabeko":4,"Ring of the Snake":0},{"Golden Idol":21,"Blue Candle":25,"Akabeko":21,"Ring of the Snake":0}],"Ring of the Snake":[14]},"card_choices":[{"not_picked":["Doppelganger","Burst"],"picked":"Grand Finale","floor":0.0},{"not_picked":["Skewer","Slice"],"picked":"Underhanded Strike","floor":1.0},{"not_picked":["Poisoned Stab","Deadly Poison"],"picked":"Expertise","floor":2.0},{"not_picked":["Slice","Finisher","Catalyst"],"picked":"SKIP","floor":3.0},{"not_picked":["Dash","Expertise","Crippling Poison"],"picked":"SKIP","floor":5.0},{"not_picked":["Heel Hook","Flying Knee"],"picked":"Escape Plan","floor":10.0},{"not_picked":["Dodge and Roll","Bane","Bouncing Flask"],"picked":"SKIP","floor":14.0}],"player_experience":1648291,"relics_obtained":[{"floor":9.0,"key":"Akabeko"}],"event_choices":[{"damage_healed":0.0,"max_hp_gain":0.0,"max_hp_loss":6.0,"gold_gain":0.0,"event_name":"Golden Idol","player_choice":"Lose Max HP","floor":7.0,"gold_loss":0.0,"damage_taken":0.0,"relics_obtained":["Golden Idol"]},{"damage_healed":0.0,"max_hp_gain":0.0,"max_hp_loss":0.0,"gold_gain":0.0,"event_name":"Shining Light","player_choice":"Entered Light","floor":11.0,"gold_loss":0.0,"damage_taken":18.0,"cards_upgraded":["Defend_G","Strike_G"]},{"damage_healed":0.0,"max_hp_gain":0.0,"max_hp_loss":0.0,"gold_gain":0.0,"event_name":"WeMeetAgain","player_choice":"Paid Gold","floor":12.0,"gold_loss":76.0,"damage_taken":0.0,"relics_obtained":["Blue Candle"]}],"is_beta":false,"boss_relics":[],"items_purged_floors":[],"is_endless":false,"potions_floor_spawned":[1,3,10,14],"killed_by":"Hexaghost","ascension_level":20}}