{"host":"tnuwi4l1p9i8nc6x","time":1613991527,"event":{"mods":["Act Like it!","BaseMod","BetterRewards","Colored Map","Colored Powertips","Downfall","Friendly Minions","Hermit","Hubris","Infinite Spire","Jorbs\u0027s Wanderer Trilogy","Marisa????????","Minty Spire (QoL Compilation)","Permanent Neow","Remilia??????","Replay The Spire","Shop Mod","StSLib","The Bug Knight","The Construct","The Cursed","The Disciple","The Hierophant","The Jungle","The Necromancer","The Runesmith","The Senshi","The Servant 0.9.4"],"gold_per_floor":[99,116,132,149,249,305,305,305,305,305,243,243,243,276,286,47,62,62,62,62],"floor_reached":18,"language":"ENG","playtime":1238,"items_purged":[],"score":110,"play_id":"7798073b-3bb5-46f6-9066-a07bffbc29a9","local_time":"20210222055847","is_ascension_mode":false,"campfire_choices":[{"data":"bronze:Replicate","floor":1,"key":"SMITH"},{"floor":13,"key":"REST"}],"circlet_count":0,"master_deck":["bronze:Strike","bronze:Strike","bronze:Strike","bronze:Strike","bronze:Defend","bronze:Defend","bronze:Defend","bronze:Replicate+1","bronze:Goto","bronze:FindAndReplace","bronze:DelayedSlice+1","bronze:ChosenStrike","bronze:OilSpill+1","bronze:MaxOutput","bronze:BronzeOrb","bronze:DarkDash","bronze:Iterate","Parasite","bronze:Overheat","bronze:Iterate","bronze:DelayedSlice","bronze:Philosophize"],"relics":["bronze:BronzeCore","Oddly Smooth Stone","Shuriken","Darkstone Periapt","Membership Card","Omamori"],"acts_visited":["Exordium"],"potions_floor_usage":[5,11,16,16,18],"damage_taken":[{"damage":10,"enemies":"Small Slimes","floor":2,"turns":4},{"damage":1,"enemies":"Jaw Worm","floor":3,"turns":2},{"damage":1,"enemies":"2 Louse","floor":4,"turns":2},{"damage":32,"enemies":"downfall:Heads","floor":5,"turns":8},{"damage":35,"enemies":"3 Sentries","floor":6,"turns":6},{"damage":4,"enemies":"downfall:FleeingMerchant","floor":11,"turns":4},{"damage":18,"enemies":"Lagavulin","floor":14,"turns":3},{"damage":0,"enemies":"2 Fungi Beasts","floor":15,"turns":2},{"damage":3,"enemies":"downfall:FleeingMerchant","floor":16,"turns":4},{"damage":0,"enemies":"3 Louse","floor":17,"turns":1},{"damage":20,"enemies":"SI_SHIV_ARCHETYPE","floor":18,"turns":3}],"seed_played":"4643438450405054087","potions_obtained":[{"floor":4,"key":"Regen Potion"},{"floor":5,"key":"SkillPotion"},{"floor":14,"key":"hexamod:SoulburnPotion"},{"floor":15,"key":"SkillPotion"},{"floor":17,"key":"BlessingOfTheForge"}],"is_trial":false,"path_per_floor":["R","M","M","M","?","?","PTL","PTL","T","?","$","?","R","E","M","$","M","B"],"character_chosen":"THE_AUTOMATON","items_purchased":["bronze:Iterate","Membership Card","Omamori"],"campfire_rested":1,"item_purchase_floors":[11,16,16],"current_hp_per_floor":[70,60,59,58,41,6,6,6,6,6,2,19,40,22,22,19,19,0,0,0],"gold":62,"neow_bonus":"ONE_RANDOM_RARE_CARD","is_daily":false,"chose_seed":false,"campfire_upgraded":1,"win_rate":0.0,"timestamp":1613991527,"path_taken":["R","M","M","M","?","?","PTL","PTL","T","?","?","?","R","E","M","$","M","BOSS"],"items_purchased_type":["Card","Relic","Relic"],"build_version":"2020-12-22","purchased_purges":0,"victory":false,"max_hp_per_floor":[70,70,70,70,70,70,70,70,70,70,70,70,70,70,70,70,70,70,70,70],"card_choices":[{"not_picked":["bronze:Repulsor","bronze:BitShift"],"picked":"bronze:DelayedSlice","floor":2},{"not_picked":["bronze:Allocate","bronze:Repulsor"],"picked":"bronze:ChosenStrike","floor":3},{"not_picked":["bronze:Invalidate","bronze:CutThrough"],"picked":"bronze:OilSpill","floor":4},{"not_picked":["bronze:ShipIt","bronze:CutThrough"],"picked":"bronze:MaxOutput","floor":5},{"not_picked":["bronze:OilSpill","bronze:Frontload"],"picked":"bronze:BronzeOrb","floor":6},{"not_picked":["bronze:Deprecate","bronze:CutThrough"],"picked":"bronze:DarkDash","floor":11},{"not_picked":["bronze:Allocate","bronze:MaxOutput"],"picked":"bronze:Overheat","floor":14},{"not_picked":["bronze:OilSpill","bronze:Turbo"],"picked":"bronze:Iterate","floor":15},{"not_picked":["bronze:Branch","bronze:Turbo"],"picked":"bronze:DelayedSlice","floor":16},{"not_picked":["bronze:WhirlingStrike","bronze:Turbo"],"picked":"bronze:Philosophize","floor":17}],"player_experience":707675,"relics_obtained":[{"floor":6,"key":"Oddly Smooth Stone"},{"floor":9,"key":"Shuriken"},{"floor":14,"key":"Darkstone Periapt"}],"event_choices":[{"damage_healed":17,"gold_gain":0,"player_choice":"Healed and dodged fight","damage_taken":0,"max_hp_gain":0,"max_hp_loss":0,"event_name":"Mushrooms","floor":12,"gold_loss":0,"cards_obtained":["Parasite"]}],"is_beta":false,"boss_relics":[],"items_purged_floors":[],"is_endless":false,"potions_floor_spawned":[4,5,14,15,17],"killed_by":"SI_SHIV_ARCHETYPE","ascension_level":0}}