{"host":"dg9ago0zd82drrsw","time":1613981092,"event":{"mods":["BaseMod","Bestiary","Downfall","GifTheSpireLib","Minty Spire (QoL Compilation)","Relic Stats","StSLib"],"gold_per_floor":[99,199,215,215,48,66,92,92,133,27,27,47,47,47,80,80,80,80],"floor_reached":16,"language":"ENG","playtime":499,"items_purged":["hexamod:Strike"],"score":98,"play_id":"3e248648-6f1a-4896-8eb0-1799741ac43b","local_time":"20210222110452","is_ascension_mode":false,"campfire_choices":[{"data":"hexamod:GhostflameInferno","floor":1,"key":"SMITH"},{"data":"hexamod:Float","floor":8,"key":"SMITH"},{"floor":13,"key":"REST"}],"circlet_count":0,"master_deck":["hexamod:Strike","hexamod:Strike","hexamod:Defend","hexamod:Defend","hexamod:Defend","hexamod:Defend","hexamod:Sear","hexamod:Float+1","hexamod:GhostflameInferno+1","hexamod:FastForward","hexamod:SuperheatedStrike","hexamod:SkipABeat","hexamod:InspiringFlames","hexamod:ThermalTransfer","hexamod:Again","hexamod:DynamicBlow","hexamod:GhostOfSpireFuture","hexamod:SecondSeal","hexamod:FastForward"],"relics":["hexamod:SpiritBrand","Blue Candle","CeramicFish","Pen Nib","downfall:BrokenWingStatue","StrikeDummy"],"acts_visited":["Exordium"],"potions_floor_usage":[],"damage_taken":[{"damage":6,"enemies":"Jaw Worm","floor":3,"turns":3},{"damage":5,"enemies":"downfall:FleeingMerchant","floor":5,"turns":4},{"damage":2,"enemies":"Small Slimes","floor":6,"turns":4},{"damage":32,"enemies":"Gremlin Nob","floor":9,"turns":5},{"damage":0,"enemies":"downfall:FleeingMerchant","floor":10,"turns":4},{"damage":2,"enemies":"2 Louse","floor":12,"turns":3},{"damage":6,"enemies":"downfall:LooterAlt","floor":15,"turns":4},{"damage":35,"enemies":"DF_ARCHETYPE_STREAMLINE","floor":16,"turns":9}],"seed_played":"-7717628330918077027","potions_obtained":[{"floor":6,"key":"bronze:BurnAndBuffPotion"},{"floor":12,"key":"SteroidPotion"},{"floor":15,"key":"DistilledChaos"}],"is_trial":false,"path_per_floor":["R","?","M","?","$","M","T","R","E","$","?","M","R","T","M","B"],"character_chosen":"THE_SPIRIT","items_purchased":["hexamod:SkipABeat","hexamod:DynamicBlow","hexamod:GhostOfSpireFuture"],"campfire_rested":1,"item_purchase_floors":[5,10,10],"current_hp_per_floor":[70,70,64,59,54,52,52,52,20,20,20,18,39,39,33,0,0,0],"gold":80,"neow_bonus":"TRANSFORM_CARD","is_daily":false,"chose_seed":false,"campfire_upgraded":2,"win_rate":0.0,"timestamp":1613981092,"path_taken":["R","?","M","?","$","M","T","R","E","$","?","M","R","?","M","BOSS"],"items_purchased_type":["Card","Card","Card"],"build_version":"2020-12-22","purchased_purges":1,"victory":false,"max_hp_per_floor":[70,70,70,70,70,70,70,70,70,70,70,70,70,70,70,70,70,70],"relic_stats":{"counters":[8,36],"Blue Candle":[0],"CeramicFish":54,"Pen Nib":[2],"obtain_stats":[{"downfall:BrokenWingStatue":11,"Blue Candle":4,"CeramicFish":7,"Pen Nib":9,"StrikeDummy":14,"hexamod:SpiritBrand":0},{"downfall:BrokenWingStatue":5,"Blue Candle":1,"CeramicFish":3,"Pen Nib":4,"StrikeDummy":6,"hexamod:SpiritBrand":0},{"downfall:BrokenWingStatue":20,"Blue Candle":3,"CeramicFish":11,"Pen Nib":16,"StrikeDummy":23,"hexamod:SpiritBrand":0}]},"card_choices":[{"not_picked":["hexamod:ExtraCrispy","hexamod:PhantomCloak"],"picked":"hexamod:FastForward","floor":3},{"not_picked":["hexamod:Hexaguard","hexamod:CatchUp"],"picked":"hexamod:SuperheatedStrike","floor":5},{"not_picked":["hexamod:SoulSteal","hexamod:SpectersWail"],"picked":"hexamod:InspiringFlames","floor":6},{"not_picked":["hexamod:RecurringNightmare","hexamod:FlamesFromBeyond"],"picked":"hexamod:ThermalTransfer","floor":9},{"not_picked":["hexamod:BacktrackSmack","hexamod:SecondSeal"],"picked":"hexamod:Again","floor":10},{"not_picked":["hexamod:SwordOfDarkness","hexamod:RecurringNightmare"],"picked":"hexamod:SecondSeal","floor":12},{"not_picked":["hexamod:ExtraCrispy","hexamod:SwordOfDarkness"],"picked":"hexamod:FastForward","floor":15}],"player_experience":769779,"relics_obtained":[{"floor":7,"key":"CeramicFish"},{"floor":9,"key":"Pen Nib"},{"floor":14,"key":"StrikeDummy"}],"event_choices":[],"is_beta":false,"boss_relics":[],"items_purged_floors":[5],"is_endless":false,"potions_floor_spawned":[6,12,15],"killed_by":"DF_ARCHETYPE_STREAMLINE","ascension_level":0}}