{"host":"xz7n3qy1zq36rzpg","time":1613995035,"event":{"mods":["BaseMod","Colored Map","Colored Powertips","Highlight Path","Minty Spire (QoL Compilation)","Quick Restart","Shop Mod"],"gold_per_floor":[109,120,120,120,145,171,187,200,200,215,229,229,229,66,66,167,167,167,167,167,167,167,167,167],"floor_reached":23,"language":"ENG","playtime":3129,"items_purged":[],"score":283,"play_id":"e64d9e52-feb4-488f-8ece-eb3cf8724808","local_time":"20210222125715","is_ascension_mode":true,"campfire_choices":[{"data":"Blur","floor":13.0,"key":"SMITH"},{"data":"Infinite Blades","floor":15.0,"key":"SMITH"}],"circlet_count":0,"master_deck":["Strike_G","Strike_G","Strike_G","Strike_G","Strike_G","Defend_G","Defend_G","Defend_G","Defend_G","Defend_G+1","Survivor","Neutralize+1","Caltrops","Blur+1","Footwork","Infinite Blades+1","Leg Sweep","All Out Attack","Noxious Fumes","Underhanded Strike","Burst","Finisher+1","Choke","Dash"],"relics":["Ring of the Snake","NeowsBlessing","Tiny Chest","Centennial Puzzle","Singing Bowl","Ectoplasm","PreservedInsect"],"acts_visited":["Exordium","TheCity"],"potions_floor_usage":[23],"damage_taken":[{"damage":0.0,"enemies":"Jaw Worm","floor":1.0,"turns":1.0},{"damage":0.0,"enemies":"Small Slimes","floor":2.0,"turns":1.0},{"damage":0.0,"enemies":"Lagavulin","floor":6.0,"turns":1.0},{"damage":0.0,"enemies":"Cultist","floor":7.0,"turns":4.0},{"damage":4.0,"enemies":"Looter","floor":8.0,"turns":4.0},{"damage":3.0,"enemies":"2 Fungi Beasts","floor":10.0,"turns":5.0},{"damage":9.0,"enemies":"Exordium Thugs","floor":11.0,"turns":7.0},{"damage":10.0,"enemies":"Hexaghost","floor":16.0,"turns":11.0},{"damage":6.0,"enemies":"Chosen","floor":18.0,"turns":5.0},{"damage":8.0,"enemies":"Shell Parasite","floor":19.0,"turns":5.0},{"damage":24.0,"enemies":"Snake Plant","floor":22.0,"turns":3.0},{"damage":36,"enemies":"Slavers","floor":23,"turns":4}],"seed_played":"-109499024072966063","potions_obtained":[{"floor":2.0,"key":"Explosive Potion"},{"floor":7.0,"key":"PowerPotion"},{"floor":8.0,"key":"DuplicationPotion"},{"floor":11.0,"key":"Regen Potion"},{"floor":16.0,"key":"CunningPotion"},{"floor":19.0,"key":"SkillPotion"},{"floor":22.0,"key":"SmokeBomb"}],"is_trial":false,"path_per_floor":["M","M","?","?","T","E","M","M","T","M","M","?","R","$","R","B",null,"M","M","?","T","M","E"],"character_chosen":"THE_SILENT","items_purchased":["All Out Attack","Noxious Fumes","Underhanded Strike"],"campfire_rested":0,"item_purchase_floors":[14,14,14],"current_hp_per_floor":[63,63,63,49,49,49,49,45,45,44,35,59,59,59,59,64,70,64,56,56,56,32,0,0],"gold":167,"neow_bonus":"THREE_ENEMY_KILL","is_daily":false,"chose_seed":false,"campfire_upgraded":2,"win_rate":0.0,"timestamp":1613995035,"path_taken":["M","M","?","?","?","E","M","M","T","M","?","?","R","$","R","BOSS","M","M","?","?","?","E"],"items_purchased_type":["Card","Card","Card"],"build_version":"2020-12-22","purchased_purges":0,"victory":false,"max_hp_per_floor":[70,70,70,70,70,70,70,70,70,72,72,72,72,72,72,72,72,72,72,72,72,72,72,72],"card_choices":[{"not_picked":["Dagger Spray","Bane"],"picked":"Caltrops","floor":1.0},{"not_picked":["Underhanded Strike","Slice"],"picked":"Blur","floor":2.0},{"not_picked":["Sucker Punch","Bane"],"picked":"Footwork","floor":6.0},{"not_picked":["Dagger Throw","Terror","Setup"],"picked":"SKIP","floor":7.0},{"not_picked":["Dodge and Roll","Backstab"],"picked":"Infinite Blades","floor":8.0},{"not_picked":["Concentrate","Dagger Throw","Terror"],"picked":"SKIP","floor":10.0},{"not_picked":["Concentrate","Dagger Throw","Terror"],"picked":"Singing Bowl","floor":10.0},{"not_picked":["Doppelganger","Crippling Poison"],"picked":"Leg Sweep","floor":11.0},{"not_picked":["A Thousand Cuts","Phantasmal Killer"],"picked":"Burst","floor":16.0},{"not_picked":["Prepared","Deflect"],"picked":"Finisher+1","floor":18.0},{"not_picked":["Terror","Acrobatics"],"picked":"Choke","floor":19.0},{"not_picked":["Dagger Spray","Calculated Gamble+1"],"picked":"Dash","floor":22.0}],"player_experience":572881,"relics_obtained":[{"floor":5.0,"key":"Tiny Chest"},{"floor":6.0,"key":"Centennial Puzzle"},{"floor":9.0,"key":"Singing Bowl"},{"floor":21.0,"key":"PreservedInsect"}],"event_choices":[{"damage_healed":0.0,"max_hp_gain":0.0,"max_hp_loss":0.0,"gold_gain":0.0,"event_name":"Liars Game","player_choice":"Ignored","floor":3.0,"gold_loss":0.0,"damage_taken":0.0},{"damage_healed":0.0,"max_hp_gain":0.0,"max_hp_loss":0.0,"gold_gain":0.0,"event_name":"Shining Light","player_choice":"Entered Light","floor":4.0,"gold_loss":0.0,"damage_taken":14.0,"cards_upgraded":["Neutralize","Defend_G"]},{"damage_healed":24.0,"max_hp_gain":0.0,"max_hp_loss":0.0,"gold_gain":0.0,"event_name":"Big Fish","player_choice":"Banana","floor":12.0,"gold_loss":0.0,"damage_taken":0.0},{"damage_healed":0.0,"max_hp_gain":0.0,"max_hp_loss":0.0,"gold_gain":99.0,"event_name":"Nest","player_choice":"Stole From Cult","floor":20.0,"gold_loss":0.0,"damage_taken":0.0}],"is_beta":false,"boss_relics":[{"not_picked":["Velvet Choker","Empty Cage"],"picked":"Ectoplasm"}],"items_purged_floors":[],"is_endless":false,"potions_floor_spawned":[2,7,8,11,16,19,22],"killed_by":"Slavers","ascension_level":6}}