{"host":"y13mj1mxwnd5xx1x","time":1613984118,"event":{"mods":["AchievementEnabler","BaseMod","Minty Spire (QoL Compilation)"],"gold_per_floor":[118,118,135,210,32,64,64,81,106,133,133,167,167,13,13,109,109,119,119,34,34,33,67,13,43,43,43,56,56,86,86,86,191,191,203,203,203,222,233,267,267,285,310,336,378,410,449,461,473,485],"floor_reached":51,"language":"ENG","playtime":3215,"items_purged":["Strike_G","Strike_G"],"score":1009,"play_id":"b6ac1cec-b152-4086-8a4d-241910e63177","local_time":"20210222025518","is_ascension_mode":true,"campfire_choices":[{"data":"Dash","floor":7,"key":"SMITH"},{"data":"Bane","floor":11,"key":"SMITH"},{"data":"Die Die Die","floor":13,"key":"SMITH"},{"data":"Deadly Poison","floor":15,"key":"SMITH"},{"data":"Well Laid Plans","floor":27,"key":"SMITH"},{"data":"Backflip","floor":29,"key":"SMITH"},{"data":"Deflect","floor":32,"key":"SMITH"},{"data":"Survivor","floor":41,"key":"SMITH"},{"floor":49,"key":"REST"}],"circlet_count":0,"master_deck":["Defend_G+1","Defend_G+1","Defend_G+1","Defend_G+1","Defend_G+1","Survivor+1","Neutralize+1","Noxious Fumes+1","Dash+1","Backflip+1","Bane+1","Die Die Die+1","Deadly Poison+1","Corpse Explosion+1","Deflect+1","Bite","Bite","Bite","Bite","Bite","Well Laid Plans+1","Leg Sweep+1","Backflip+1","Doppelganger+1","Expertise+1","Tactician+1","Venomology+1","Deadly Poison+1","Blur+1","Deadly Poison+1","Normality"],"relics":["Ring of the Snake","NeowsBlessing","Oddly Smooth Stone","Whetstone","Eternal Feather","Mummified Hand","Cursed Key","Toy Ornithopter","Toxic Egg 2","Nunchaku","Bag of Preparation","SlaversCollar","Singing Bowl","MawBank","Tingsha","Shuriken"],"acts_visited":["Exordium","TheCity","TheBeyond"],"potions_floor_usage":[18,30,38,38,39,40,44,45,46,47,47,47,50],"damage_taken":[{"damage":0,"enemies":"Cultist","floor":1,"turns":1},{"damage":0,"enemies":"2 Louse","floor":3,"turns":1},{"damage":0,"enemies":"3 Sentries","floor":6,"turns":2},{"damage":0,"enemies":"Jaw Worm","floor":8,"turns":3},{"damage":10,"enemies":"Lagavulin","floor":10,"turns":6},{"damage":6,"enemies":"3 Sentries","floor":12,"turns":7},{"damage":4,"enemies":"The Guardian","floor":16,"turns":9},{"damage":12,"enemies":"Spheric Guardian","floor":18,"turns":6},{"damage":1,"enemies":"2 Thieves","floor":22,"turns":4},{"damage":15,"enemies":"Gremlin Leader","floor":23,"turns":6},{"damage":16,"enemies":"Book of Stabbing","floor":25,"turns":7},{"damage":0,"enemies":"3 Cultists","floor":28,"turns":3},{"damage":6,"enemies":"Slavers","floor":30,"turns":3},{"damage":19,"enemies":"Champ","floor":33,"turns":13},{"damage":3,"enemies":"3 Shapes","floor":35,"turns":5},{"damage":16,"enemies":"3 Darklings","floor":38,"turns":4},{"damage":0,"enemies":"Spire Growth","floor":39,"turns":6},{"damage":34,"enemies":"Reptomancer","floor":40,"turns":8},{"damage":2,"enemies":"Jaw Worm Horde","floor":42,"turns":2},{"damage":5,"enemies":"3 Darklings","floor":44,"turns":5},{"damage":0,"enemies":"Nemesis","floor":45,"turns":7},{"damage":23,"enemies":"Sphere and 2 Shapes","floor":46,"turns":7},{"damage":28,"enemies":"Giant Head","floor":47,"turns":9},{"damage":37,"enemies":"Awakened One","floor":50,"turns":16}],"seed_played":"2977226723540072929","potions_obtained":[{"floor":1,"key":"BlessingOfTheForge"},{"floor":12,"key":"SteroidPotion"},{"floor":16,"key":"FearPotion"},{"floor":18,"key":"DuplicationPotion"},{"floor":23,"key":"Energy Potion"},{"floor":39,"key":"SmokeBomb"},{"floor":40,"key":"Regen Potion"},{"floor":47,"key":"AttackPotion"}],"is_trial":false,"path_per_floor":["M","?","M","?","$","E","R","M","T","E","R","E","R","$","R","B",null,"M","?","?","?","M","E","$","E","T","R","M","R","E","?","R","B",null,"M","?","?","M","M","E","R","M","T","M","E","M","E","?","R","B",null],"character_chosen":"THE_SILENT","items_purchased":["Dash","Backflip","Deadly Poison","Backflip+1"],"campfire_rested":1,"item_purchase_floors":[5,5,14,24],"current_hp_per_floor":[70,70,70,59,59,59,59,59,59,49,58,52,61,61,70,66,70,58,58,58,49,49,42,42,41,41,49,49,49,47,47,49,34,49,46,46,46,40,49,33,51,53,53,55,57,59,42,44,63,53],"gold":497,"neow_bonus":"THREE_ENEMY_KILL","is_daily":false,"chose_seed":false,"campfire_upgraded":8,"win_rate":0.0,"timestamp":1613984118,"path_taken":["M","?","M","?","$","E","R","M","T","E","R","E","R","?","R","BOSS","M","?","?","?","M","E","?","E","T","R","M","R","E","?","R","BOSS","M","?","?","M","M","E","R","?","T","M","E","M","E","?","R","BOSS"],"items_purchased_type":["Card","Card","Card","Card"],"build_version":"2020-12-22","purchased_purges":2,"victory":true,"max_hp_per_floor":[70,70,70,70,70,70,70,70,70,70,70,70,70,70,70,70,70,70,70,70,49,49,49,49,49,49,49,49,49,49,49,49,49,49,49,49,49,49,49,51,51,53,53,55,57,59,61,63,63,63],"card_choices":[{"not_picked":["Quick Slash","Concentrate"],"picked":"Noxious Fumes","floor":1},{"not_picked":["Quick Slash","Masterful Stab"],"picked":"Outmaneuver","floor":3},{"not_picked":["Dagger Throw","Flying Knee"],"picked":"Bane","floor":6},{"not_picked":["Dagger Throw","All Out Attack","Reflex"],"picked":"SKIP","floor":8},{"not_picked":["Sucker Punch","Deflect","Setup"],"picked":"SKIP","floor":10},{"not_picked":["Flying Knee","Cloak And Dagger"],"picked":"Die Die Die","floor":12},{"not_picked":["Malaise","Burst"],"picked":"Corpse Explosion","floor":16},{"not_picked":["Flying Knee","Choke"],"picked":"Deflect","floor":18},{"not_picked":["Outmaneuver","Bouncing Flask"],"picked":"Well Laid Plans","floor":22},{"not_picked":["Eviscerate","Infinite Blades"],"picked":"Leg Sweep+1","floor":23},{"not_picked":["Tactician+1","Choke","Flying Knee"],"picked":"SKIP","floor":25},{"not_picked":["Well Laid Plans+1","Underhanded Strike+1"],"picked":"Doppelganger+1","floor":28},{"not_picked":["Sucker Punch","Prepared+1"],"picked":"Expertise+1","floor":30},{"not_picked":["Tools of the Trade","After Image"],"picked":"Venomology+1","floor":33},{"not_picked":["Deflect+1","Poisoned Stab"],"picked":"Deadly Poison+1","floor":35},{"not_picked":["Deadly Poison+1","Prepared+1"],"picked":"Blur+1","floor":38},{"not_picked":["Dagger Spray+1","Corpse Explosion+1"],"picked":"Deadly Poison+1","floor":39},{"not_picked":["Sucker Punch+1","Infinite Blades","Underhanded Strike+1"],"picked":"Singing Bowl","floor":40},{"not_picked":["Dash+1","Acrobatics+1","Bane+1"],"picked":"Singing Bowl","floor":42},{"not_picked":["Endless Agony","Prepared+1","Slice"],"picked":"Singing Bowl","floor":44},{"not_picked":["Night Terror+1","Predator","Underhanded Strike"],"picked":"Singing Bowl","floor":45},{"not_picked":["Quick Slash+1","Poisoned Stab","Flying Knee+1"],"picked":"Singing Bowl","floor":46},{"not_picked":["Setup+1","Die Die Die","Quick Slash+1"],"picked":"Singing Bowl","floor":47},{"not_picked":["Secret Weapon+1","Panache","Thinking Ahead+1"],"picked":"Singing Bowl","floor":48}],"player_experience":195369,"relics_obtained":[{"floor":6,"key":"Oddly Smooth Stone"},{"floor":9,"key":"Whetstone"},{"floor":10,"key":"Eternal Feather"},{"floor":12,"key":"Mummified Hand"},{"floor":23,"key":"Toxic Egg 2"},{"floor":25,"key":"Nunchaku"},{"floor":30,"key":"Bag of Preparation"},{"floor":40,"key":"Singing Bowl"},{"floor":43,"key":"MawBank"},{"floor":45,"key":"Tingsha"},{"floor":47,"key":"Shuriken"}],"event_choices":[{"damage_healed":0,"gold_gain":0,"player_choice":"Grow","damage_taken":0,"max_hp_gain":0,"max_hp_loss":0,"event_name":"Living Wall","floor":2,"gold_loss":0,"cards_upgraded":["Noxious Fumes"]},{"damage_healed":0,"gold_gain":75,"player_choice":"Gather Gold","damage_taken":11,"max_hp_gain":0,"max_hp_loss":0,"event_name":"World of Goop","floor":4,"gold_loss":0},{"damage_healed":0,"gold_gain":0,"player_choice":"Simplicity","damage_taken":0,"max_hp_gain":0,"max_hp_loss":0,"event_name":"Back to Basics","floor":19,"gold_loss":0,"cards_upgraded":["Strike_G","Strike_G","Defend_G","Defend_G","Defend_G","Defend_G","Defend_G"]},{"damage_healed":0,"gold_gain":0,"player_choice":"Obtained Relic","damage_taken":0,"relics_obtained":["Toy Ornithopter"],"max_hp_gain":0,"max_hp_loss":0,"event_name":"Addict","floor":20,"gold_loss":85},{"damage_healed":0,"gold_gain":0,"player_choice":"Became a vampire","damage_taken":0,"max_hp_gain":0,"max_hp_loss":21,"event_name":"Vampires","floor":21,"gold_loss":0,"cards_obtained":["Bite","Bite","Bite","Bite","Bite"]},{"damage_healed":0,"gold_gain":0,"cards_transformed":["Outmaneuver"],"player_choice":"Transformed","damage_taken":0,"max_hp_gain":0,"max_hp_loss":0,"event_name":"Transmorgrifier","floor":31,"gold_loss":0,"cards_obtained":["Tactician"]},{"damage_healed":0,"gold_gain":0,"player_choice":"Ignored","damage_taken":0,"max_hp_gain":0,"max_hp_loss":0,"event_name":"Tomb of Lord Red Mask","floor":36,"gold_loss":0},{"damage_healed":0,"gold_gain":0,"player_choice":"Upgraded","damage_taken":0,"max_hp_gain":0,"max_hp_loss":0,"event_name":"Upgrade Shrine","floor":37,"gold_loss":0,"cards_upgraded":["Corpse Explosion"]},{"damage_healed":0,"gold_gain":0,"player_choice":"Memory 1","damage_taken":0,"max_hp_gain":0,"max_hp_loss":0,"event_name":"SensoryStone","floor":48,"gold_loss":0}],"is_beta":false,"boss_relics":[{"not_picked":["Ectoplasm","Black Star"],"picked":"Cursed Key"},{"not_picked":["Runic Pyramid","Fusion Hammer"],"picked":"SlaversCollar"}],"items_purged_floors":[5,14],"is_endless":false,"potions_floor_spawned":[1,12,16,18,22,23,39,40,46,47],"ascension_level":3}}