{"host":"2hea6pl5vmah38iy","time":1613973049,"event":{"mods":["AchievementEnabler","BaseMod","Colored Map","DeckTracker","Keyboard Shortcuts","Minty Spire (QoL Compilation)","Rare Cards Sparkle","StSLib","SuperFastMode","everything is the same but u backflip on backflip"],"gold_per_floor":[113,113,113,6,6,34,48,48,48,83,83,133,150,165,165,239,239,257,257,303,228,228,228,228,228],"floor_reached":24,"language":"KOR","playtime":909,"items_purged":["Strike_P"],"score":431,"play_id":"55a88591-b1c1-4eae-85a0-fdc305387121","local_time":"20210222145049","is_ascension_mode":true,"campfire_choices":[{"data":"Eruption","floor":8.0,"key":"SMITH"},{"data":"Wish","floor":11.0,"key":"SMITH"},{"data":"SashWhip","floor":15.0,"key":"SMITH"},{"floor":23,"key":"REST"}],"circlet_count":0,"master_deck":["AscendersBane","Strike_P","Strike_P","Defend_P","Defend_P","Defend_P","Defend_P","Eruption+1","Vigilance","Flash of Steel","Wish+1","SashWhip+1","WheelKick","EmptyMind","FollowUp","Vault","InnerPeace","Decay"],"relics":["PureWater","NeowsBlessing","Lantern","Dream Catcher","Runic Pyramid","Frozen Egg 2"],"acts_visited":["Exordium","TheCity"],"potions_floor_usage":[16,16,20,24],"damage_taken":[{"damage":0.0,"enemies":"Small Slimes","floor":1.0,"turns":2.0},{"damage":0.0,"enemies":"Gremlin Nob","floor":6.0,"turns":1.0},{"damage":0.0,"enemies":"Cultist","floor":7.0,"turns":1.0},{"damage":2.0,"enemies":"2 Louse","floor":10.0,"turns":3.0},{"damage":2.0,"enemies":"Red Slaver","floor":12.0,"turns":3.0},{"damage":25.0,"enemies":"Gremlin Gang","floor":13.0,"turns":4.0},{"damage":10.0,"enemies":"Exordium Thugs","floor":14.0,"turns":4.0},{"damage":20,"enemies":"Hexaghost","floor":16,"turns":9},{"damage":24,"enemies":"3 Byrds","floor":18,"turns":6},{"damage":12,"enemies":"2 Thieves","floor":20,"turns":4},{"damage":11,"enemies":"Chosen and Byrds","floor":24,"turns":8}],"seed_played":"-67547449567712854","potions_obtained":[{"floor":6.0,"key":"Weak Potion"},{"floor":12.0,"key":"AttackPotion"},{"floor":13.0,"key":"DuplicationPotion"},{"floor":14.0,"key":"GamblersBrew"},{"floor":16,"key":"Strength Potion"},{"floor":18,"key":"AttackPotion"},{"floor":20,"key":"Explosive Potion"}],"is_trial":false,"path_per_floor":["M","?","$","$","?","E","M","R","T","M","R","M","M","M","R","B",null,"M","T","M","$","?","R","M"],"character_chosen":"WATCHER","items_purchased":["Flash of Steel"],"campfire_rested":1,"item_purchase_floors":[4],"current_hp_per_floor":[61,61,61,61,61,61,61,61,61,59,59,57,32,22,22,2,52,28,28,16,16,16,36,25,25],"gold":228,"neow_bonus":"THREE_ENEMY_KILL","is_daily":false,"chose_seed":false,"campfire_upgraded":3,"win_rate":0.0,"timestamp":1613973049,"path_taken":["M","?","?","$","?","E","?","R","T","M","R","M","?","M","R","BOSS","M","?","M","$","?","R","M"],"items_purchased_type":["Card"],"build_version":"2020-12-22","purchased_purges":1,"victory":false,"max_hp_per_floor":[68,68,68,68,68,68,68,68,68,68,68,68,68,68,68,68,68,68,68,68,68,68,68,68,68],"card_choices":[{"not_picked":["EmptyBody","Perseverance","JustLucky"],"picked":"SKIP","floor":1.0},{"not_picked":["SashWhip","Wireheading","BowlingBash"],"picked":"SKIP","floor":6.0},{"not_picked":["WindmillStrike","BowlingBash","Vengeance"],"picked":"SKIP","floor":7.0},{"not_picked":["Evaluate","PathToVictory"],"picked":"WheelKick","floor":10.0},{"not_picked":["Nirvana","ClearTheMind"],"picked":"EmptyMind","floor":12.0},{"not_picked":["BowlingBash","PathToVictory","Fasting2"],"picked":"SKIP","floor":13.0},{"not_picked":["Crescendo","ForeignInfluence"],"picked":"FollowUp","floor":14.0},{"not_picked":["Scrawl","Establishment"],"picked":"Vault","floor":16},{"not_picked":["Protect","Prostrate+1"],"picked":"InnerPeace","floor":18},{"not_picked":["Fasting2+1","Wireheading+1","EmptyBody"],"picked":"SKIP","floor":20}],"player_experience":610369,"relics_obtained":[{"floor":6.0,"key":"Lantern"},{"floor":9.0,"key":"Dream Catcher"},{"floor":19,"key":"Frozen Egg 2"}],"event_choices":[{"cards_removed":["Strike_P"],"damage_healed":0.0,"max_hp_gain":0.0,"max_hp_loss":0.0,"gold_gain":0.0,"event_name":"Bonfire Elementals","player_choice":"Offered Basic","floor":2.0,"gold_loss":0.0,"damage_taken":0.0},{"damage_healed":0.0,"max_hp_gain":0.0,"max_hp_loss":0.0,"gold_gain":0.0,"event_name":"Match and Keep!","player_choice":"2 cards matched","floor":5.0,"gold_loss":0.0,"damage_taken":0.0,"cards_obtained":["Wish","SashWhip"]},{"damage_healed":0,"gold_gain":0,"player_choice":"Smashed Altar","damage_taken":0,"max_hp_gain":0,"max_hp_loss":0,"event_name":"Forgotten Altar","floor":22,"gold_loss":0,"cards_obtained":["Decay"]}],"is_beta":false,"boss_relics":[{"not_picked":["VioletLotus","Fusion Hammer"],"picked":"Runic Pyramid"}],"items_purged_floors":[21],"is_endless":false,"potions_floor_spawned":[6,12,13,14,16,18,20],"killed_by":"Chosen and Byrds","ascension_level":19}}