{"host":"aapp7ew3jk5k1bvd","time":1613997198,"event":{"mods":["AchievementEnabler","BaseMod","Colored Map","Custom Start","Keyboard Shortcuts","Minty Spire (QoL Compilation)","Permanent Neow","Quick Restart","StSLib","SuperFastMode"],"gold_per_floor":[118,128,146,157,47,47,68,103,103,103,103,103,178,192,192,192,192],"floor_reached":16,"language":"KOR","playtime":381,"items_purged":["Strike_R"],"score":195,"play_id":"4da16926-ab91-4b37-991a-7b6687d21a69","local_time":"20210222213318","is_ascension_mode":true,"campfire_choices":[{"data":"Body Slam","floor":6,"key":"SMITH"},{"data":"Flex","floor":10,"key":"SMITH"},{"floor":15,"key":"REST"}],"circlet_count":0,"master_deck":["AscendersBane","Strike_R","Strike_R","Strike_R","Strike_R","Defend_R","Defend_R","Defend_R","Defend_R","Bash","Feed","Body Slam+1","Pummel","Offering","Pummel","Flex+1","Sword Boomerang","Body Slam"],"relics":["Burning Blood","Odd Mushroom","Champion Belt","The Courier","Eternal Feather"],"acts_visited":["Exordium"],"potions_floor_usage":[14],"damage_taken":[{"damage":4,"enemies":"Jaw Worm","floor":1,"turns":4},{"damage":19,"enemies":"Small Slimes","floor":2,"turns":7},{"damage":0,"enemies":"2 Louse","floor":3,"turns":3},{"damage":3,"enemies":"2 Fungi Beasts","floor":4,"turns":4},{"damage":19,"enemies":"The Mushroom Lair","floor":7,"turns":5},{"damage":46,"enemies":"3 Sentries","floor":8,"turns":11},{"damage":4,"enemies":"Red Slaver","floor":14,"turns":3},{"damage":5,"enemies":"The Guardian","floor":16,"turns":3}],"seed_played":"-6498973608003048956","potions_obtained":[{"floor":2,"key":"Block Potion"},{"floor":4,"key":"GamblersBrew"},{"floor":8,"key":"ColorlessPotion"}],"is_trial":false,"path_per_floor":["M","M","M","M","$","R","?","E","T","R","?","?","?","M","R","B"],"character_chosen":"IRONCLAD","items_purchased":["Pummel"],"campfire_rested":1,"item_purchase_floors":[5],"current_hp_per_floor":[73,63,69,75,75,75,65,28,28,28,16,21,10,12,49,44,44],"gold":192,"neow_bonus":"ONE_RANDOM_RARE_CARD","is_daily":false,"chose_seed":false,"campfire_upgraded":2,"win_rate":0.0,"timestamp":1613997198,"path_taken":["M","M","M","M","$","R","?","E","T","R","?","?","?","M","R","BOSS"],"items_purchased_type":["Card"],"build_version":"2020-12-22","purchased_purges":1,"victory":false,"max_hp_per_floor":[78,81,81,84,84,84,87,90,90,90,90,95,95,95,95,95,95],"card_choices":[{"not_picked":["Iron Wave","Clash"],"picked":"Body Slam","floor":1},{"not_picked":["True Grit","Wild Strike","Twin Strike"],"picked":"SKIP","floor":2},{"not_picked":["Havoc","Twin Strike"],"picked":"Pummel","floor":3},{"not_picked":["Clothesline","Flex"],"picked":"Offering","floor":4},{"not_picked":["Evolve","Iron Wave"],"picked":"Flex","floor":7},{"not_picked":["Dark Embrace","Thunderclap"],"picked":"Sword Boomerang","floor":8},{"not_picked":["Pommel Strike","Infernal Blade"],"picked":"Body Slam","floor":14}],"player_experience":1055472,"relics_obtained":[{"floor":7,"key":"Odd Mushroom"},{"floor":8,"key":"Champion Belt"},{"floor":9,"key":"The Courier"}],"event_choices":[{"damage_healed":0,"gold_gain":0,"player_choice":"Fought Mushrooms","damage_taken":0,"max_hp_gain":0,"max_hp_loss":0,"event_name":"Mushrooms","floor":7,"gold_loss":0},{"damage_healed":0,"gold_gain":0,"player_choice":"Success","damage_taken":12,"relics_obtained":["Eternal Feather"],"max_hp_gain":0,"max_hp_loss":0,"event_name":"Scrap Ooze","floor":11,"gold_loss":0},{"damage_healed":0,"gold_gain":0,"player_choice":"Donut","damage_taken":0,"max_hp_gain":5,"max_hp_loss":0,"event_name":"Big Fish","floor":12,"gold_loss":0},{"damage_healed":0,"gold_gain":75,"player_choice":"Gather Gold","damage_taken":11,"max_hp_gain":0,"max_hp_loss":0,"event_name":"World of Goop","floor":13,"gold_loss":0}],"is_beta":false,"boss_relics":[],"items_purged_floors":[5],"is_endless":false,"potions_floor_spawned":[2,4,8],"killed_by":"The Guardian","ascension_level":14}}