{"host":"jxmsv4d84jcvxth5","time":1613957458,"event":{"mods":["AchievementEnabler","BaseMod","Colored Map","Minty Spire (QoL Compilation)","Relic Stats","StSLib"],"gold_per_floor":[117,135,153,72,84,111,111,168,193,226,245,245,320,0,0,72,72,91,16,31,31,42,42,92,92,117,149,163,195,0,13,13,90,90,108,160,160,160],"floor_reached":37,"language":"ENG","playtime":3631,"items_purged":["Strike_P"],"score":862,"play_id":"4d5525c1-ee5b-4897-b547-3b05d246b7a3","local_time":"20210221203058","is_ascension_mode":true,"campfire_choices":[{"data":"TalkToTheHand","floor":7.0,"key":"SMITH"},{"floor":12.0,"key":"REST"},{"data":"LikeWater","floor":15.0,"key":"SMITH"},{"floor":23.0,"key":"REST"},{"data":"Eruption","floor":25.0,"key":"SMITH"},{"floor":32,"key":"REST"}],"circlet_count":0,"master_deck":["AscendersBane","Strike_P+1","Strike_P+1","Defend_P+1","Defend_P+1","Defend_P+1","Defend_P+1","Eruption+1","Vigilance","FlurryOfBlows+1","CutThroughFate","BowlingBash+1","BattleHymn+1","TalkToTheHand+1","ClearTheMind","LikeWater+1","JustLucky+1","WheelKick+1","LessonLearned","Consecrate","EmptyBody","Protect+1","LikeWater","DevaForm","FlurryOfBlows"],"relics":["PureWater","Regal Pillow","Ancient Tea Set","Oddly Smooth Stone","Bag of Preparation","Ornamental Fan","TheAbacus","SlaversCollar","Nunchaku","Pocketwatch","Mercury Hourglass","Cursed Key","Ginger"],"acts_visited":["Exordium","TheCity","TheBeyond"],"potions_floor_usage":[],"damage_taken":[{"damage":0.0,"enemies":"Cultist","floor":1.0,"turns":3.0},{"damage":4.0,"enemies":"Small Slimes","floor":2.0,"turns":3.0},{"damage":4.0,"enemies":"Jaw Worm","floor":3.0,"turns":4.0},{"damage":1.0,"enemies":"3 Louse","floor":5.0,"turns":3.0},{"damage":16.0,"enemies":"Lagavulin","floor":6.0,"turns":7.0},{"damage":0.0,"enemies":"Gremlin Nob","floor":8.0,"turns":3.0},{"damage":16.0,"enemies":"Gremlin Nob","floor":10.0,"turns":4.0},{"damage":4.0,"enemies":"Blue Slaver","floor":11.0,"turns":3.0},{"damage":15.0,"enemies":"The Guardian","floor":16.0,"turns":9.0},{"damage":10.0,"enemies":"3 Byrds","floor":18.0,"turns":10.0},{"damage":18.0,"enemies":"2 Thieves","floor":20.0,"turns":5.0},{"damage":20.0,"enemies":"Snake Plant","floor":22.0,"turns":5.0},{"damage":0.0,"enemies":"Book of Stabbing","floor":27.0,"turns":6.0},{"damage":16.0,"enemies":"Shelled Parasite and Fungi","floor":28.0,"turns":4.0},{"damage":22.0,"enemies":"Gremlin Leader","floor":29.0,"turns":6.0},{"damage":1,"enemies":"Snecko","floor":31,"turns":7},{"damage":7,"enemies":"Automaton","floor":33,"turns":12},{"damage":0,"enemies":"Orb Walker","floor":35,"turns":4},{"damage":50,"enemies":"2 Orb Walkers","floor":36,"turns":7},{"damage":23,"enemies":"3 Darklings","floor":37,"turns":5}],"seed_played":"5426753822190858795","potions_obtained":[{"floor":2.0,"key":"SkillPotion"},{"floor":3.0,"key":"SkillPotion"},{"floor":6.0,"key":"BlessingOfTheForge"},{"floor":11.0,"key":"PowerPotion"},{"floor":20.0,"key":"Ancient Potion"},{"floor":22.0,"key":"DuplicationPotion"},{"floor":28.0,"key":"AttackPotion"},{"floor":36,"key":"BottledMiracle"}],"is_trial":false,"path_per_floor":["M","M","M","$","M","E","R","?","T","E","M","R","?","$","R","B",null,"M","?","M","?","M","R","?","R","T","E","M","E","?","M","R","B",null,"M","?","M"],"character_chosen":"WATCHER","items_purchased":["BattleHymn","TheAbacus","WheelKick"],"campfire_rested":3,"item_purchase_floors":[4,14,14],"current_hp_per_floor":[61,57,53,53,52,36,36,36,36,20,16,51,40,40,40,25,57,47,47,29,29,9,44,44,44,44,44,28,6,6,5,40,33,59,59,9,0,0],"gold":160,"neow_bonus":"RANDOM_COMMON_RELIC","is_daily":false,"chose_seed":false,"campfire_upgraded":3,"win_rate":0.0,"timestamp":1613957458,"path_taken":["M","M","?","$","M","E","R","?","T","E","M","R","?","$","R","BOSS","M","?","M","?","M","R","?","R","T","E","?","E","?","M","R","BOSS","M","?","M"],"items_purchased_type":["Card","Relic","Card"],"build_version":"2020-12-22","purchased_purges":1,"victory":false,"max_hp_per_floor":[68,68,68,68,68,68,68,68,68,68,68,68,68,68,68,68,68,68,68,68,68,68,68,68,68,68,68,68,68,68,68,68,68,68,68,68,68,68],"relic_stats":{"Regal Pillow":45,"Nunchaku":[15],"TheAbacus":[138],"counters":[20,110],"Ornamental Fan":[216],"Bag of Preparation":[28],"Ginger":[0],"Cursed Key":0,"obtain_stats":[{"Regal Pillow":0,"Oddly Smooth Stone":8,"Bag of Preparation":9,"Ginger":36,"Ancient Tea Set":6,"Cursed Key":34,"Mercury Hourglass":29,"SlaversCollar":17,"Nunchaku":26,"TheAbacus":14,"Ornamental Fan":10,"PureWater":0,"Pocketwatch":27},{"Regal Pillow":0,"Oddly Smooth Stone":6,"Bag of Preparation":6,"Ginger":19,"Ancient Tea Set":5,"Cursed Key":17,"Mercury Hourglass":15,"SlaversCollar":9,"Nunchaku":12,"TheAbacus":8,"Ornamental Fan":7,"PureWater":0,"Pocketwatch":13},{"Regal Pillow":0,"Oddly Smooth Stone":23,"Bag of Preparation":23,"Ginger":105,"Ancient Tea Set":20,"Cursed Key":94,"Mercury Hourglass":75,"SlaversCollar":39,"Nunchaku":59,"TheAbacus":30,"Ornamental Fan":27,"PureWater":0,"Pocketwatch":65}],"Pocketwatch":[25],"Mercury Hourglass":[132]},"card_choices":[{"not_picked":["FollowUp","SignatureMove"],"picked":"FlurryOfBlows","floor":1.0},{"not_picked":["WreathOfFlame","ForeignInfluence"],"picked":"CutThroughFate","floor":2.0},{"not_picked":["LikeWater","FlyingSleeves"],"picked":"BowlingBash","floor":3.0},{"not_picked":["SashWhip","Vengeance"],"picked":"TalkToTheHand","floor":5.0},{"not_picked":["FollowUp","CrushJoints"],"picked":"ClearTheMind","floor":6.0},{"not_picked":["Study","CutThroughFate"],"picked":"LikeWater","floor":8.0},{"not_picked":["Indignation","DeusExMachina","SashWhip"],"picked":"SKIP","floor":10.0},{"not_picked":["Halt","Consecrate"],"picked":"JustLucky","floor":11.0},{"not_picked":["Ragnarok","Omniscience"],"picked":"LessonLearned","floor":16.0},{"not_picked":["Crescendo","Worship"],"picked":"Consecrate","floor":18.0},{"not_picked":["PathToVictory+1","Crescendo","WheelKick"],"picked":"SKIP","floor":20.0},{"not_picked":["Adaptation","CutThroughFate"],"picked":"EmptyBody","floor":22.0},{"not_picked":["CutThroughFate+1","ForeignInfluence","ClearTheMind"],"picked":"SKIP","floor":27.0},{"not_picked":["CutThroughFate","Prostrate"],"picked":"Protect","floor":28.0},{"not_picked":["Devotion","Consecrate","Weave"],"picked":"SKIP","floor":29.0},{"not_picked":["EmptyBody+1","CrushJoints"],"picked":"LikeWater","floor":31},{"not_picked":["Scrawl","DeusExMachina"],"picked":"DevaForm","floor":33},{"not_picked":["Consecrate","FollowUp+1"],"picked":"FlurryOfBlows","floor":35}],"player_experience":1591342,"relics_obtained":[{"floor":6.0,"key":"Ancient Tea Set"},{"floor":8.0,"key":"Oddly Smooth Stone"},{"floor":9.0,"key":"Bag of Preparation"},{"floor":10.0,"key":"Ornamental Fan"},{"floor":26.0,"key":"Nunchaku"},{"floor":27.0,"key":"Pocketwatch"},{"floor":29.0,"key":"Mercury Hourglass"},{"floor":36,"key":"Ginger"}],"event_choices":[{"damage_healed":0.0,"max_hp_gain":0.0,"max_hp_loss":0.0,"gold_gain":30.0,"event_name":"Dead Adventurer","player_choice":"Searched \u00272\u0027 times","floor":8.0,"gold_loss":0.0,"damage_taken":0.0},{"damage_healed":0.0,"max_hp_gain":0.0,"max_hp_loss":0.0,"gold_gain":75.0,"event_name":"World of Goop","player_choice":"Gather Gold","floor":13.0,"gold_loss":0.0,"damage_taken":11.0},{"cards_removed":["Strike_P"],"damage_healed":0.0,"max_hp_gain":0.0,"max_hp_loss":0.0,"gold_gain":0.0,"event_name":"Beggar","player_choice":"Gave Gold","floor":19.0,"gold_loss":75.0,"damage_taken":0.0},{"damage_healed":0.0,"max_hp_gain":0.0,"max_hp_loss":0.0,"gold_gain":0.0,"event_name":"Back to Basics","player_choice":"Simplicity","floor":21.0,"gold_loss":0.0,"damage_taken":0.0,"cards_upgraded":["Strike_P","Strike_P","Defend_P","Defend_P","Defend_P"]},{"damage_healed":0.0,"max_hp_gain":0.0,"max_hp_loss":0.0,"gold_gain":50.0,"event_name":"Nest","player_choice":"Stole From Cult","floor":24.0,"gold_loss":0.0,"damage_taken":0.0},{"damage_healed":0.0,"max_hp_gain":0.0,"max_hp_loss":0.0,"gold_gain":0.0,"event_name":"Masked Bandits","player_choice":"Paid Fearfully","floor":30.0,"gold_loss":195.0,"damage_taken":0.0},{"damage_healed":0,"gold_gain":0,"player_choice":"Fight","damage_taken":0,"max_hp_gain":0,"max_hp_loss":0,"event_name":"Mysterious Sphere","floor":36,"gold_loss":0}],"is_beta":false,"boss_relics":[{"not_picked":["HolyWater","Calling Bell"],"picked":"SlaversCollar"},{"not_picked":["Snecko Eye","Busted Crown"],"picked":"Cursed Key"}],"items_purged_floors":[14],"is_endless":false,"potions_floor_spawned":[2,3,6,11,20,22,27,28,36],"killed_by":"3 Darklings","ascension_level":19}}