{"host":"126yiuos2nq86se7","time":1613981767,"event":{"mods":["2.2 Compatiblity","AchievementEnabler","Act Like it!","BaseMod","Colored Map","Colored Powertips","Friendly Minions","Hermit","Highlight Path","KomeijiMod","Minty Spire (QoL Compilation)","StSLib","SuperFastMode","The Bug Knight","The Hierophant"],"gold_per_floor":[213,230,230,248,261,261,273,273,326,343,418,418,418,448,448,551,551,564,564,564,564],"floor_reached":20,"language":"ENG","playtime":577,"items_purged":[],"score":174,"play_id":"c218a6b8-8001-48ee-8375-613d72dc042e","local_time":"20210222191607","is_ascension_mode":false,"campfire_choices":[{"floor":6,"key":"REST"},{"floor":8,"key":"REST"},{"floor":15,"key":"REST"}],"circlet_count":0,"master_deck":["Strike_R","Strike_R","Strike_R","Strike_R","Strike_R+1","Defend_R","Defend_R","Defend_R","Defend_R","Bash","Uppercut","Warcry+1","Dark Embrace","Perfected Strike","Shockwave","Trip","Wild Strike","Inflame","Berserk","Evolve"],"relics":["Burning Blood","Oddly Smooth Stone","Singing Bowl","Snecko Eye","Bag of Marbles"],"acts_visited":["Exordium","TheCity"],"potions_floor_usage":[14,14,14],"damage_taken":[{"damage":6,"enemies":"Jaw Worm","floor":1,"turns":5},{"damage":0,"enemies":"2 Louse","floor":2,"turns":2},{"damage":6,"enemies":"Cultist","floor":4,"turns":3},{"damage":45,"enemies":"Gremlin Gang","floor":5,"turns":6},{"damage":29,"enemies":"Blue Slaver","floor":7,"turns":6},{"damage":18,"enemies":"Large Slime","floor":10,"turns":6},{"damage":11,"enemies":"HollowMod:MossKnight","floor":14,"turns":7},{"damage":32,"enemies":"Slime Boss","floor":16,"turns":11},{"damage":31,"enemies":"3 Byrds","floor":18,"turns":7},{"damage":59,"enemies":"Centurion and Healer","floor":20,"turns":6}],"seed_played":"-2257740160932954989","potions_obtained":[{"floor":2,"key":"ExcitationPotion"},{"floor":4,"key":"FearPotion"},{"floor":10,"key":"SkillPotion"},{"floor":16,"key":"SteroidPotion"},{"floor":18,"key":"SpeedPotion"}],"is_trial":false,"path_per_floor":["M","M","?","M","M","R","M","R","T","M","?","?","?","E","R","B",null,"M","?","M"],"character_chosen":"IRONCLAD","items_purchased":[],"campfire_rested":3,"item_purchase_floors":[],"current_hp_per_floor":[80,80,64,64,25,49,26,50,50,38,27,27,27,22,46,20,80,55,55,0,0],"gold":564,"neow_bonus":"HUNDRED_GOLD","is_daily":false,"chose_seed":false,"campfire_upgraded":0,"win_rate":0.0,"timestamp":1613981767,"path_taken":["M","M","?","M","M","R","M","R","T","M","?","?","?","E","R","BOSS","M","?","?"],"items_purchased_type":[],"build_version":"2020-12-22","purchased_purges":0,"victory":false,"max_hp_per_floor":[80,80,80,80,80,80,80,80,80,80,80,80,80,80,80,80,80,80,80,80,80],"card_choices":[{"not_picked":["Heavy Blade","True Grit"],"picked":"Uppercut","floor":1},{"not_picked":["Anger","Cleave"],"picked":"Warcry","floor":2},{"not_picked":["Searing Blow","Flex"],"picked":"Dark Embrace","floor":4},{"not_picked":["Havoc","Battle Trance"],"picked":"Perfected Strike","floor":5},{"not_picked":["True Grit","Cleave","Clash"],"picked":"SKIP","floor":7},{"not_picked":["Shrug It Off","Armaments"],"picked":"Shockwave","floor":10},{"not_picked":["Combust","Limit Break"],"picked":"Inflame","floor":14},{"not_picked":["Corruption","Exhume"],"picked":"Berserk","floor":16},{"not_picked":["Anger","Intimidate"],"picked":"Evolve","floor":18}],"player_experience":1564904,"relics_obtained":[{"floor":9,"key":"Oddly Smooth Stone"},{"floor":14,"key":"Singing Bowl"}],"event_choices":[{"damage_healed":0,"gold_gain":0,"player_choice":"Entered Light","damage_taken":16,"max_hp_gain":0,"max_hp_loss":0,"event_name":"Shining Light","floor":3,"gold_loss":0,"cards_upgraded":["Strike_R","Warcry"]},{"damage_healed":0,"gold_gain":75,"player_choice":"Gather Gold","damage_taken":11,"max_hp_gain":0,"max_hp_loss":0,"event_name":"World of Goop","floor":11,"gold_loss":0},{"damage_healed":0,"gold_gain":0,"player_choice":"Searched \u00270\u0027 times","damage_taken":0,"max_hp_gain":0,"max_hp_loss":0,"event_name":"Dead Adventurer","floor":12,"gold_loss":0},{"damage_healed":0,"gold_gain":0,"player_choice":"2 cards matched","damage_taken":0,"max_hp_gain":0,"max_hp_loss":0,"event_name":"Match and Keep!","floor":13,"gold_loss":0,"cards_obtained":["Trip","Wild Strike"]},{"damage_healed":0,"gold_gain":0,"player_choice":"Gave Potion","damage_taken":0,"relics_obtained":["Bag of Marbles"],"max_hp_gain":0,"max_hp_loss":0,"event_name":"WeMeetAgain","floor":19,"gold_loss":0}],"is_beta":false,"boss_relics":[{"not_picked":["Coffee Dripper","Pandora\u0027s Box"],"picked":"Snecko Eye"}],"items_purged_floors":[],"is_endless":false,"potions_floor_spawned":[2,4,10,16,18],"killed_by":"Centurion and Healer","ascension_level":0}}