{"host":"cjhtzh7tp54jdfyv","time":1613989986,"event":{"mods":["AchievementEnabler","BaseMod","Colored Map","Colored Powertips","Curses Come First","DeckTracker","Filter the Spire","Minty Spire (QoL Compilation)","RNG Fix","Relic Sorter","Relic Stats","StSLib","UnlockEverythingMod","ojb\u0027s Better Paths Mod","ojb\u0027s Info Mod"],"gold_per_floor":[119,136,136,148,159,191,266,293,319,350,350,360,379,379,379,453,453,467,467,382,142,158,190,190,206,206,232,232,132,22,40,40,117,117,135,135,10,30,30,64,64,96,169,19,35,51,76,89,89,89,89,89,89,52,84,84],"floor_reached":57,"language":"ENG","playtime":3438,"items_purged":["Defend_P","Defend_P","PathToVictory+1","Strike_P"],"score":3425,"play_id":"9eb2f4fd-37de-40fa-b427-65b95cb54379","local_time":"20210222053306","is_ascension_mode":true,"campfire_choices":[{"data":"CrushJoints","floor":11.0,"key":"SMITH"},{"data":"Tantrum","floor":15.0,"key":"SMITH"},{"floor":24.0,"key":"RECALL"},{"data":"CrushJoints","floor":28.0,"key":"SMITH"},{"data":"TalkToTheHand","floor":32.0,"key":"SMITH"},{"data":"Sanctity","floor":41.0,"key":"SMITH"},{"data":"TalkToTheHand","floor":49.0,"key":"SMITH"},{"data":"FearNoEvil","floor":53.0,"key":"SMITH"}],"circlet_count":0,"master_deck":["AscendersBane","Strike_P","Eruption","Vigilance+1","FearNoEvil+1","Sanctity+1","CrushJoints+1","DeceiveReality","Tantrum+1","Omniscience+1","Sanctity+1","EmptyMind+1","CrushJoints+1","TalkToTheHand+1","Omniscience+1","EmptyFist+1","Conclude+1","CutThroughFate+1","Dark Shackles+1","Dark Shackles+1","CutThroughFate+1","Omniscience+1","TalkToTheHand+1","SpiritShield+1","TalkToTheHand"],"relics":["Snecko Eye","Lizard Tail","Lantern","Oddly Smooth Stone","War Paint","Mercury Hourglass","Coffee Dripper","Enchiridion","Toxic Egg 2","ClockworkSouvenir","Shuriken","TeardropLocket","Astrolabe","Darkstone Periapt","Bronze Scales","Ornamental Fan","Letter Opener","Nunchaku"],"acts_visited":["Exordium","TheCity","TheBeyond","TheEnding"],"potions_floor_usage":[56,56],"damage_taken":[{"damage":0.0,"enemies":"2 Louse","floor":1.0,"turns":2.0},{"damage":0.0,"enemies":"Small Slimes","floor":2.0,"turns":1.0},{"damage":0.0,"enemies":"Cultist","floor":4.0,"turns":2.0},{"damage":1.0,"enemies":"Red Slaver","floor":5.0,"turns":2.0},{"damage":4.0,"enemies":"Gremlin Nob","floor":6.0,"turns":3.0},{"damage":0.0,"enemies":"3 Sentries","floor":8.0,"turns":8.0},{"damage":0.0,"enemies":"Lagavulin","floor":10.0,"turns":4.0},{"damage":0.0,"enemies":"Exordium Wildlife","floor":12.0,"turns":2.0},{"damage":0.0,"enemies":"Large Slime","floor":13.0,"turns":3.0},{"damage":3.0,"enemies":"Hexaghost","floor":16.0,"turns":7.0},{"damage":0.0,"enemies":"Shell Parasite","floor":18.0,"turns":2.0},{"damage":0.0,"enemies":"Chosen","floor":22.0,"turns":2.0},{"damage":0.0,"enemies":"Slavers","floor":23.0,"turns":3.0},{"damage":0.0,"enemies":"Sentry and Sphere","floor":25.0,"turns":2.0},{"damage":5.0,"enemies":"Book of Stabbing","floor":27.0,"turns":3.0},{"damage":0.0,"enemies":"3 Cultists","floor":31.0,"turns":2.0},{"damage":0.0,"enemies":"Champ","floor":33.0,"turns":5.0},{"damage":0.0,"enemies":"Orb Walker","floor":35.0,"turns":1.0},{"damage":0.0,"enemies":"3 Shapes","floor":38.0,"turns":1.0},{"damage":0.0,"enemies":"Nemesis","floor":40.0,"turns":3.0},{"damage":0.0,"enemies":"Giant Head","floor":42.0,"turns":4.0},{"damage":0.0,"enemies":"Maw","floor":45.0,"turns":1.0},{"damage":0.0,"enemies":"Spire Growth","floor":46.0,"turns":1.0},{"damage":0.0,"enemies":"Reptomancer","floor":47.0,"turns":2.0},{"damage":0.0,"enemies":"3 Darklings","floor":48.0,"turns":2.0},{"damage":0.0,"enemies":"Time Eater","floor":50.0,"turns":3.0},{"damage":0.0,"enemies":"Donu and Deca","floor":51.0,"turns":6.0},{"damage":11,"enemies":"Shield and Spear","floor":55,"turns":4},{"damage":0,"enemies":"The Heart","floor":56,"turns":7}],"seed_played":"5061084693245394573","potions_obtained":[{"floor":4.0,"key":"StancePotion"},{"floor":8.0,"key":"EssenceOfSteel"},{"floor":10.0,"key":"PowerPotion"},{"floor":12.0,"key":"AttackPotion"},{"floor":23.0,"key":"SkillPotion"},{"floor":31.0,"key":"ColorlessPotion"},{"floor":33.0,"key":"PowerPotion"},{"floor":42.0,"key":"Ambrosia"},{"floor":47.0,"key":"Energy Potion"},{"floor":48.0,"key":"SneckoOil"}],"is_trial":false,"path_per_floor":["M","M","?","M","M","E","?","E","T","E","R","M","M","?","R","B",null,"M","?","?","$","M","E","R","M","T","E","R","$","?","M","R","B",null,"M","?","$","M","?","E","R","E","T","$","M","M","E","M","R","B","B",null,"R","$","E","B",null],"character_chosen":"WATCHER","items_purchased":["ClockworkSouvenir","TalkToTheHand"],"campfire_rested":0,"item_purchase_floors":[21,54],"current_hp_per_floor":[61,61,61,61,60,56,45,45,45,45,45,45,45,45,45,42,62,62,41,41,41,41,41,41,41,41,36,36,36,36,36,36,36,60,60,50,50,50,50,50,50,50,50,50,50,50,50,50,50,50,50,64,64,64,53,53],"gold":84,"neow_bonus":"BOSS_RELIC","is_daily":false,"chose_seed":false,"campfire_upgraded":7,"win_rate":0.0,"timestamp":1613989986,"path_taken":["M","M","?","M","M","E","?","E","T","E","R","M","M","?","R","BOSS","M","?","?","$","M","E","R","M","T","E","R","$","?","M","R","BOSS","M","?","$","?","?","E","R","E","T","?","M","M","E","M","R","BOSS","BOSS","R","$","E","BOSS"],"items_purchased_type":["Relic","Card"],"build_version":"2020-12-22","purchased_purges":4,"victory":true,"max_hp_per_floor":[68,68,68,68,68,68,68,68,68,68,68,68,68,68,68,68,68,68,68,68,68,68,68,68,68,68,68,68,68,68,68,68,68,68,68,68,68,68,68,68,68,68,68,68,68,68,68,68,68,68,68,68,68,68,68,68],"relic_stats":{"Darkstone Periapt":0,"counters":[29,88],"Astrolabe":["EmptyFist","PathToVictory","Conclude"],"Letter Opener":[110],"War Paint":["Defend_P","Vigilance"],"Mercury Hourglass":[210],"Lizard Tail":0,"Nunchaku":[2],"Shuriken":[50],"Ornamental Fan":[132],"Bronze Scales":[147],"Snecko Eye":[181,165,161,167],"obtain_stats":[{"Darkstone Periapt":40,"Lantern":8,"Astrolabe":34,"Oddly Smooth Stone":9,"Enchiridion":19,"TeardropLocket":27,"Letter Opener":47,"War Paint":10,"Mercury Hourglass":14,"ClockworkSouvenir":21,"Lizard Tail":6,"Nunchaku":55,"Shuriken":23,"Ornamental Fan":43,"Bronze Scales":42,"Snecko Eye":0,"Coffee Dripper":17,"PureWater":0,"Toxic Egg 2":20},{"Darkstone Periapt":20,"Lantern":6,"Astrolabe":17,"Oddly Smooth Stone":6,"Enchiridion":11,"TeardropLocket":15,"Letter Opener":24,"War Paint":7,"Mercury Hourglass":9,"ClockworkSouvenir":11,"Lizard Tail":5,"Nunchaku":28,"Shuriken":13,"Ornamental Fan":21,"Bronze Scales":21,"Snecko Eye":0,"Coffee Dripper":10,"PureWater":0,"Toxic Egg 2":11},{"Darkstone Periapt":58,"Lantern":18,"Astrolabe":53,"Oddly Smooth Stone":18,"Enchiridion":36,"TeardropLocket":46,"Letter Opener":66,"War Paint":22,"Mercury Hourglass":27,"ClockworkSouvenir":36,"Lizard Tail":10,"Nunchaku":81,"Shuriken":41,"Ornamental Fan":62,"Bronze Scales":62,"Snecko Eye":0,"Coffee Dripper":34,"PureWater":0,"Toxic Egg 2":36}]},"card_choices":[{"not_picked":["BattleHymn","ReachHeaven","Crescendo"],"picked":"SKIP","floor":1.0},{"not_picked":["Nirvana","CrushJoints"],"picked":"FearNoEvil","floor":2.0},{"not_picked":["Evaluate","Consecrate"],"picked":"Sanctity","floor":4.0},{"not_picked":["WaveOfTheHand","Fasting2"],"picked":"CrushJoints","floor":5.0},{"not_picked":["Halt","Prostrate"],"picked":"DeceiveReality","floor":6.0},{"not_picked":["Protect","Fasting2","MasterReality"],"picked":"SKIP","floor":8.0},{"not_picked":["SandsOfTime","ClearTheMind"],"picked":"Tantrum","floor":10.0},{"not_picked":["FlyingSleeves","Consecrate","Wireheading"],"picked":"SKIP","floor":12.0},{"not_picked":["CutThroughFate","ReachHeaven","Perseverance"],"picked":"SKIP","floor":13.0},{"not_picked":["Scrawl","Devotion"],"picked":"Omniscience","floor":16.0},{"not_picked":["Tantrum","EmptyFist","Evaluate"],"picked":"SKIP","floor":18.0},{"not_picked":["Tantrum","EmptyFist","Evaluate"],"picked":"SKIP","floor":18.0},{"not_picked":["ClearTheMind+1","EmptyFist"],"picked":"Sanctity+1","floor":22.0},{"not_picked":["Protect+1","FlyingSleeves"],"picked":"EmptyMind+1","floor":23.0},{"not_picked":["FlyingSleeves","FollowUp"],"picked":"CrushJoints","floor":25.0},{"not_picked":["Worship+1","JustLucky","SignatureMove"],"picked":"SKIP","floor":27.0},{"not_picked":["CarveReality","FollowUp+1"],"picked":"TalkToTheHand","floor":31.0},{"not_picked":["ConjureBlade+1","DeusExMachina+1"],"picked":"Omniscience+1","floor":33.0},{"not_picked":["JustLucky","Prostrate+1"],"picked":"CutThroughFate+1","floor":35.0},{"not_picked":["Dramatic Entrance","Mind Blast"],"picked":"Dark Shackles+1","floor":36.0},{"not_picked":["Chrysalis+1","Good Instincts+1"],"picked":"Dark Shackles+1","floor":36.0},{"not_picked":["SashWhip","Consecrate+1","FollowUp"],"picked":"SKIP","floor":38.0},{"not_picked":["Conclude+1","FlurryOfBlows+1"],"picked":"CutThroughFate+1","floor":40.0},{"not_picked":["LessonLearned","BattleHymn"],"picked":"Omniscience+1","floor":42.0},{"not_picked":["Prostrate+1","BowlingBash","FlurryOfBlows"],"picked":"SKIP","floor":45.0},{"not_picked":["Nirvana","Crescendo+1"],"picked":"TalkToTheHand","floor":46.0},{"not_picked":["Perseverance+1","Halt+1"],"picked":"SpiritShield+1","floor":47.0},{"not_picked":["Protect+1","Consecrate","CrushJoints"],"picked":"SKIP","floor":48.0},{"not_picked":["MasterReality","Consecrate","FollowUp"],"picked":"SKIP","floor":55}],"player_experience":5141370,"relics_obtained":[{"floor":6.0,"key":"Lizard Tail"},{"floor":8.0,"key":"Lantern"},{"floor":9.0,"key":"Oddly Smooth Stone"},{"floor":10.0,"key":"War Paint"},{"floor":19.0,"key":"Enchiridion"},{"floor":23.0,"key":"Shuriken"},{"floor":27.0,"key":"TeardropLocket"},{"floor":40.0,"key":"Darkstone Periapt"},{"floor":42.0,"key":"Bronze Scales"},{"floor":43.0,"key":"Ornamental Fan"},{"floor":47.0,"key":"Letter Opener"},{"floor":55,"key":"Nunchaku"}],"event_choices":[{"damage_healed":0.0,"max_hp_gain":0.0,"max_hp_loss":0.0,"gold_gain":0.0,"event_name":"Liars Game","player_choice":"Ignored","floor":3.0,"gold_loss":0.0,"damage_taken":0.0},{"damage_healed":0.0,"max_hp_gain":0.0,"max_hp_loss":0.0,"gold_gain":75.0,"event_name":"World of Goop","player_choice":"Gather Gold","floor":7.0,"gold_loss":0.0,"damage_taken":11.0},{"damage_healed":0.0,"max_hp_gain":0.0,"max_hp_loss":0.0,"gold_gain":0.0,"event_name":"WeMeetAgain","player_choice":"Gave Potion","floor":14.0,"gold_loss":0.0,"damage_taken":0.0,"relics_obtained":["Mercury Hourglass"]},{"damage_healed":0.0,"max_hp_gain":0.0,"max_hp_loss":0.0,"gold_gain":0.0,"event_name":"Cursed Tome","player_choice":"Obtained Book","floor":19.0,"gold_loss":0.0,"damage_taken":21.0},{"damage_healed":0.0,"max_hp_gain":0.0,"max_hp_loss":0.0,"gold_gain":0.0,"event_name":"Addict","player_choice":"Obtained Relic","floor":20.0,"gold_loss":85.0,"damage_taken":0.0,"relics_obtained":["Toxic Egg 2"]},{"cards_removed":["Defend_P"],"damage_healed":0.0,"max_hp_gain":0.0,"max_hp_loss":0.0,"gold_gain":0.0,"event_name":"Designer","player_choice":"Upgrade and Remove","floor":30.0,"gold_loss":110.0,"damage_taken":0.0,"cards_upgraded":["Omniscience"]},{"damage_healed":0.0,"max_hp_gain":0.0,"max_hp_loss":0.0,"gold_gain":0.0,"event_name":"SensoryStone","player_choice":"Memory 3","floor":36.0,"gold_loss":0.0,"damage_taken":10.0},{"damage_healed":0.0,"max_hp_gain":0.0,"max_hp_loss":0.0,"gold_gain":0.0,"event_name":"SecretPortal","player_choice":"Ignored","floor":39.0,"gold_loss":0.0,"damage_taken":0.0}],"is_beta":false,"boss_relics":[{"not_picked":["Velvet Choker","Cursed Key"],"picked":"Coffee Dripper"},{"not_picked":["Tiny House","Black Star"],"picked":"Astrolabe"}],"items_purged_floors":[21,29,37,44],"is_endless":false,"potions_floor_spawned":[4,8,10,12,23,31,33,42,46,47,48,55],"ascension_level":20}}