{"host":"g2yp6paluzgljz05","time":1613978678,"event":{"mods":["BaseMod","Bestiary","Colored Powertips","DeckTracker","Highlight Path","Minty Spire (QoL Compilation)","Quick Restart"],"gold_per_floor":[112,187,75,75,89,89,89,89,89,114,114,127,143,53,53,130,130,141,41,61,71,71,71,71],"floor_reached":23,"language":"ENG","playtime":942,"items_purged":["Perfected Strike","Double Tap"],"score":312,"play_id":"af87003d-8619-49fe-88b3-6478c189c6d0","local_time":"20210222182438","is_ascension_mode":true,"campfire_choices":[{"data":"Heavy Blade","floor":6,"key":"SMITH"},{"data":"Bash","floor":8,"key":"SMITH"},{"floor":11,"key":"REST"},{"floor":15,"key":"REST"}],"circlet_count":0,"master_deck":["AscendersBane","Bash+1","Heavy Blade+1","Burning Pact","Headbutt","Power Through","Ghostly Armor","Sword Boomerang","Spot Weakness","Spot Weakness","Burning Pact","Heavy Blade+1","Flash of Steel+1","Offering"],"relics":["Pandora\u0027s Box","Matryoshka","Molten Egg 2","Busted Crown","MutagenicStrength"],"acts_visited":["Exordium","TheCity"],"potions_floor_usage":[20],"damage_taken":[{"damage":0,"enemies":"2 Louse","floor":1,"turns":2},{"damage":2,"enemies":"Jaw Worm","floor":5,"turns":2},{"damage":40,"enemies":"Lagavulin","floor":10,"turns":6},{"damage":0,"enemies":"Cultist","floor":12,"turns":3},{"damage":14,"enemies":"Red Slaver","floor":13,"turns":4},{"damage":22,"enemies":"The Guardian","floor":16,"turns":6},{"damage":6,"enemies":"Chosen","floor":18,"turns":2},{"damage":12,"enemies":"2 Thieves","floor":20,"turns":3},{"damage":16,"enemies":"Shelled Parasite and Fungi","floor":21,"turns":2},{"damage":42,"enemies":"Slavers","floor":23,"turns":3}],"seed_played":"-4237036278547624995","potions_obtained":[{"floor":1,"key":"SpeedPotion"},{"floor":10,"key":"Explosive Potion"},{"floor":16,"key":"PowerPotion"}],"is_trial":false,"path_per_floor":["M","?","$","?","M","R","?","R","T","E","R","M","M","$","R","B",null,"M","$","M","M","?","E"],"character_chosen":"IRONCLAD","items_purchased":["Spot Weakness","Flash of Steel+1"],"campfire_rested":2,"item_purchase_floors":[3,14],"current_hp_per_floor":[72,61,61,61,59,59,52,52,52,12,36,36,22,22,46,24,66,60,60,48,32,32,0,0],"gold":71,"neow_bonus":"BOSS_RELIC","is_daily":false,"chose_seed":false,"campfire_upgraded":2,"win_rate":0.0,"timestamp":1613978678,"path_taken":["M","?","$","?","M","R","?","R","T","E","R","M","M","$","R","BOSS","M","$","M","M","?","E"],"items_purchased_type":["Card","Card"],"build_version":"2020-12-22","purchased_purges":2,"victory":false,"max_hp_per_floor":[80,80,80,80,80,80,80,80,80,80,80,80,80,80,80,80,80,80,80,80,80,80,80,80],"card_choices":[{"not_picked":["Heavy Blade","Pummel"],"picked":"Spot Weakness","floor":1},{"not_picked":["Wild Strike","Body Slam"],"picked":"Burning Pact","floor":5},{"not_picked":["Iron Wave+1","Havoc","Sever Soul+1"],"picked":"SKIP","floor":10},{"not_picked":["Wild Strike+1","Anger+1"],"picked":"Double Tap","floor":12},{"not_picked":["Blood for Blood+1","Havoc"],"picked":"Heavy Blade+1","floor":13},{"not_picked":["Corruption","Berserk"],"picked":"Offering","floor":16},{"not_picked":["Heavy Blade+1"],"picked":"SKIP","floor":18},{"not_picked":["Dropkick+1"],"picked":"SKIP","floor":20},{"not_picked":["Searing Blow+1"],"picked":"SKIP","floor":21}],"player_experience":403250,"relics_obtained":[{"floor":9,"key":"Matryoshka"},{"floor":10,"key":"Molten Egg 2"}],"event_choices":[{"damage_healed":0,"gold_gain":75,"player_choice":"Gather Gold","damage_taken":11,"max_hp_gain":0,"max_hp_loss":0,"event_name":"World of Goop","floor":2,"gold_loss":0},{"cards_removed":["Body Slam"],"damage_healed":0,"gold_gain":0,"player_choice":"Forget","damage_taken":0,"max_hp_gain":0,"max_hp_loss":0,"event_name":"Living Wall","floor":4,"gold_loss":0},{"cards_removed":["Flame Barrier"],"damage_healed":0,"gold_gain":0,"player_choice":"Card Removal","damage_taken":7,"max_hp_gain":0,"max_hp_loss":0,"event_name":"Golden Wing","floor":7,"gold_loss":0},{"damage_healed":0,"gold_gain":0,"player_choice":"Inject Mutagens","damage_taken":0,"relics_obtained":["MutagenicStrength"],"max_hp_gain":0,"max_hp_loss":0,"event_name":"Drug Dealer","floor":22,"gold_loss":0}],"is_beta":false,"boss_relics":[{"not_picked":["Philosopher\u0027s Stone","Runic Pyramid"],"picked":"Busted Crown"}],"items_purged_floors":[3,19],"is_endless":false,"potions_floor_spawned":[1,10,16],"killed_by":"Slavers","ascension_level":13}}