{"host":"aapp7ew3jk5k1bvd","time":1613997640,"event":{"mods":["AchievementEnabler","BaseMod","Colored Map","Custom Start","Keyboard Shortcuts","Minty Spire (QoL Compilation)","Permanent Neow","Quick Restart","StSLib","SuperFastMode"],"gold_per_floor":[11,11,11,11,11,11,46,87,136,154,79,79,99,122,122,213,213,232,256,156,0,0,0],"floor_reached":22,"language":"KOR","playtime":439,"items_purged":["Strike_R","Strike_R"],"score":309,"play_id":"78410470-6b29-4996-8aa8-30e6eae3f445","local_time":"20210222214040","is_ascension_mode":true,"campfire_choices":[{"data":"Cleave","floor":6,"key":"SMITH"},{"floor":12,"key":"REST"},{"data":"Double Tap","floor":15,"key":"SMITH"}],"circlet_count":0,"master_deck":["AscendersBane","Defend_R","Defend_R","Bash","Cleave+1","Pummel","Dropkick","Double Tap+1","Reaper","Twin Strike+1","Wild Strike+1","Sword Boomerang+1","Warcry+1"],"relics":["Burning Blood","Golden Idol","Bird Faced Urn","Odd Mushroom","Bag of Marbles","Blood Vial","Astrolabe"],"acts_visited":["Exordium","TheCity"],"potions_floor_usage":[10],"damage_taken":[{"damage":8,"enemies":"Small Slimes","floor":1,"turns":4},{"damage":9,"enemies":"The Mushroom Lair","floor":7,"turns":3},{"damage":55,"enemies":"Lagavulin","floor":8,"turns":7},{"damage":7,"enemies":"Jaw Worm","floor":10,"turns":2},{"damage":0,"enemies":"2 Louse","floor":13,"turns":2},{"damage":6,"enemies":"Looter","floor":14,"turns":2},{"damage":28,"enemies":"Slime Boss","floor":16,"turns":11},{"damage":28,"enemies":"2 Thieves","floor":18,"turns":3},{"damage":38,"enemies":"Spheric Guardian","floor":19,"turns":5},{"damage":0,"enemies":"Shelled Parasite and Fungi","floor":22,"turns":1}],"seed_played":"-8517189723026361092","potions_obtained":[{"floor":10,"key":"Fruit Juice"},{"floor":19,"key":"BloodPotion"}],"is_trial":false,"path_per_floor":["M","?","?","T","$","R","?","E","T","M","$","R","M","M","R","B",null,"M","M","$","?","M"],"character_chosen":"IRONCLAD","items_purchased":[],"campfire_rested":1,"item_purchase_floors":[],"current_hp_per_floor":[66,66,66,66,66,66,63,14,14,20,20,42,50,52,52,32,64,44,18,18,18,20,20],"gold":0,"neow_bonus":"REMOVE_TWO","is_daily":false,"chose_seed":false,"campfire_upgraded":2,"win_rate":0.0,"timestamp":1613997640,"path_taken":["M","?","?","?","?","R","?","E","T","M","$","R","M","?","R","BOSS","M","M","$","?","M"],"items_purchased_type":[],"build_version":"2020-12-22","purchased_purges":2,"victory":false,"max_hp_per_floor":[75,69,69,69,69,69,69,69,69,74,74,74,74,74,74,74,74,74,74,74,74,74,74],"card_choices":[{"not_picked":["Anger","Thunderclap"],"picked":"Cleave","floor":1},{"not_picked":["Hemokinesis","Flex"],"picked":"Pummel","floor":7},{"not_picked":["Anger","Perfected Strike"],"picked":"Dropkick","floor":8},{"not_picked":["Ghostly Armor","True Grit","Clothesline"],"picked":"SKIP","floor":10},{"not_picked":["Havoc","Perfected Strike","Heavy Blade"],"picked":"SKIP","floor":13},{"not_picked":["Inflame","Searing Blow"],"picked":"Double Tap","floor":14},{"not_picked":["Juggernaut","Barricade"],"picked":"Reaper","floor":16},{"not_picked":["Headbutt","Havoc+1","Wild Strike+1"],"picked":"SKIP","floor":18},{"not_picked":["Pommel Strike","Sentinel"],"picked":"Warcry+1","floor":19}],"player_experience":1055472,"relics_obtained":[{"floor":4,"key":"Bird Faced Urn"},{"floor":7,"key":"Odd Mushroom"},{"floor":8,"key":"Bag of Marbles"},{"floor":9,"key":"Blood Vial"}],"event_choices":[{"damage_healed":0,"gold_gain":0,"player_choice":"Lose Max HP","damage_taken":0,"relics_obtained":["Golden Idol"],"max_hp_gain":0,"max_hp_loss":6,"event_name":"Golden Idol","floor":2,"gold_loss":0},{"damage_healed":0,"gold_gain":0,"player_choice":"Ignored","damage_taken":0,"max_hp_gain":0,"max_hp_loss":0,"event_name":"Liars Game","floor":3,"gold_loss":0},{"damage_healed":0,"gold_gain":0,"player_choice":"Fought Mushrooms","damage_taken":0,"max_hp_gain":0,"max_hp_loss":0,"event_name":"Mushrooms","floor":7,"gold_loss":0},{"damage_healed":0,"gold_gain":0,"player_choice":"Paid Fearfully","damage_taken":0,"max_hp_gain":0,"max_hp_loss":0,"event_name":"Masked Bandits","floor":21,"gold_loss":156}],"is_beta":false,"boss_relics":[{"not_picked":["SacredBark","Velvet Choker"],"picked":"Astrolabe"}],"items_purged_floors":[11,20],"is_endless":false,"potions_floor_spawned":[10,19],"killed_by":"Shelled Parasite and Fungi","ascension_level":14}}