{"host":"thn8o1tmql8xszd5","time":1613969045,"event":{"mods":["2.2 Compatiblity","AchievementEnabler","BaseMod","Bestiary","Block Reminder","Colored Map","Curses Come First","DeckTracker","Downfall","Highlight Path","Minty Spire (QoL Compilation)","Permanent Neow","Quick Restart","Random Character Button","Relic Sorter","Relic Stats","Spire Arcade","StSLib"],"gold_per_floor":[99,119,129,148,248,258,258,269,301,301,301,313,313,313,323,428,428,428,628,646,256,271,302,302,322,339,96,96,124,124,124,141,141,141,141],"floor_reached":33,"language":"ENG","playtime":2044,"items_purged":["Decay"],"score":462,"play_id":"dd13f237-f2f6-4672-89fd-121737517a6f","local_time":"20210221234405","is_ascension_mode":true,"campfire_choices":[{"data":"Slimebound:Tackle","floor":1,"key":"SMITH"},{"floor":11,"key":"REST"},{"data":"Slimebound:LivingWall","floor":13,"key":"SMITH"},{"data":"Slimebound:RallyTheTroops","floor":18,"key":"SMITH"},{"floor":28,"key":"REST"},{"floor":30,"key":"REST"}],"circlet_count":0,"master_deck":["AscendersBane","Slimebound:Tackle+1","Slimebound:Defend_Slimebound","Slimebound:Defend_Slimebound","Slimebound:Defend_Slimebound","Slimebound:Defend_Slimebound","Slimebound:Split+1","Slimebound:CorrosiveSpit","Slimebound:LeechingTouch","Slimebound:ViciousTackle","Slimebound:HauntingLick","Slimebound:Split+1","Slimebound:SplitMire","Slimebound:Equalize","Slimebound:Overexert","Dark Shackles+1","Slimebound:Prepare+1","Slimebound:LivingWall","Slimebound:DuplicatedForm+1","Slimebound:LivingWall+1","Slimebound:RallyTheTroops+1","Slimebound:SlimeBarrage+1","Slimebound:Replication+1","Slimebound:RollThrough+1","Slimebound:HauntingLick","Guardian:StasisStrike","Mind Blast+1","Slimebound:LeechLife","downfall:Aged","sneckomod:UnknownClassBLUE"],"relics":["Slimebound:AbsorbEndCombat","Happy Flower","hexamod:Sixitude","downfall:GremlinSack","Frozen Egg 2","Du-Vu Doll","Bronze Scales","Astrolabe","War Paint","PrismaticShard","Slimebound:AggressiveSlimeRelic","FossilizedHelix"],"acts_visited":["Exordium","TheCity"],"potions_floor_usage":[5,9,16,20,22,23,26,33],"damage_taken":[{"damage":3,"enemies":"Small Slimes","floor":2,"turns":3},{"damage":10,"enemies":"Cultist","floor":3,"turns":3},{"damage":5,"enemies":"2 Louse","floor":4,"turns":4},{"damage":21,"enemies":"2 Louse","floor":5,"turns":3},{"damage":10,"enemies":"downfall:LooterAlt","floor":6,"turns":4},{"damage":39,"enemies":"Lots of Slimes","floor":8,"turns":4},{"damage":27,"enemies":"Lagavulin","floor":9,"turns":6},{"damage":2,"enemies":"2 Fungi Beasts","floor":12,"turns":3},{"damage":2,"enemies":"Exordium Thugs","floor":15,"turns":3},{"damage":11,"enemies":"SI_SHIV_ARCHETYPE","floor":16,"turns":8},{"damage":15,"enemies":"Spheric Guardian","floor":20,"turns":5},{"damage":3,"enemies":"downfall:FleeingMerchant","floor":21,"turns":4},{"damage":10,"enemies":"Shell Parasite","floor":22,"turns":5},{"damage":47,"enemies":"Book of Stabbing","floor":23,"turns":4},{"damage":19,"enemies":"Cultist and Chosen","floor":25,"turns":5},{"damage":1,"enemies":"Snake Plant","floor":26,"turns":3},{"damage":25,"enemies":"downfall:FleeingMerchant","floor":27,"turns":4},{"damage":47,"enemies":"Gremlin Leader","floor":29,"turns":7},{"damage":3,"enemies":"3 Cultists","floor":32,"turns":3},{"damage":82,"enemies":"WA_ARCHETYPE_CALM","floor":33,"turns":8}],"seed_played":"-2752907094846839806","potions_obtained":[{"floor":4,"key":"DuplicationPotion"},{"floor":6,"key":"FairyPotion"},{"floor":8,"key":"SneckoOil"},{"floor":12,"key":"sneckomod:MuddlingPotion"},{"floor":15,"key":"Regen Potion"},{"floor":16,"key":"Swift Potion"},{"floor":22,"key":"SkillPotion"},{"floor":23,"key":"Energy Potion"},{"floor":29,"key":"LiquidBronze"},{"floor":32,"key":"Block Potion"}],"is_trial":false,"path_per_floor":["R","M","M","M","?","M","T","M","E","?","R","M","R","?","M","B",null,"R","?","M","$","M","E","T","M","M","$","R","E","R","?","M","B"],"character_chosen":"SLIMEBOUND","items_purchased":["War Paint","PrismaticShard","Slimebound:LeechLife","Slimebound:AggressiveSlimeRelic"],"campfire_rested":3,"item_purchase_floors":[21,21,27,27],"current_hp_per_floor":[65,68,62,59,40,44,44,19,27,27,48,54,54,42,48,45,65,65,65,60,63,71,43,43,32,35,29,50,34,55,55,60,0,0,0],"gold":141,"neow_bonus":"TEN_PERCENT_HP_BONUS","is_daily":false,"chose_seed":false,"campfire_upgraded":3,"win_rate":0.0,"timestamp":1613969045,"path_taken":["R","M","M","M","?","?","T","M","E","?","R","M","R","?","M","BOSS","R","?","M","$","?","E","T","M","M","$","R","E","R","?","M","BOSS"],"items_purchased_type":["Relic","Relic","Card","Relic"],"build_version":"2020-12-22","purchased_purges":1,"victory":false,"max_hp_per_floor":[71,71,71,71,71,71,71,71,71,71,71,71,71,71,71,71,71,71,71,71,71,71,71,71,71,71,71,71,71,71,71,71,71,71,71],"relic_stats":{"Happy Flower":[10],"counters":[20,88],"Bronze Scales":[152],"Astrolabe":["Slimebound:SlimeBarrage","Slimebound:Replication","Slimebound:RollThrough"],"War Paint":["Dark Shackles","Slimebound:Prepare"],"obtain_stats":[{"Du-Vu Doll":9,"Slimebound:AggressiveSlimeRelic":27,"downfall:GremlinSack":5,"Happy Flower":24,"Bronze Scales":14,"Astrolabe":17,"hexamod:Sixitude":23,"Slimebound:AbsorbEndCombat":0,"Frozen Egg 2":7,"War Paint":21,"PrismaticShard":21,"FossilizedHelix":29},{"Du-Vu Doll":7,"Slimebound:AggressiveSlimeRelic":17,"downfall:GremlinSack":4,"Happy Flower":14,"Bronze Scales":8,"Astrolabe":10,"hexamod:Sixitude":14,"Slimebound:AbsorbEndCombat":0,"Frozen Egg 2":5,"War Paint":12,"PrismaticShard":12,"FossilizedHelix":18},{"Du-Vu Doll":26,"Slimebound:AggressiveSlimeRelic":70,"downfall:GremlinSack":13,"Happy Flower":58,"Bronze Scales":29,"Astrolabe":40,"hexamod:Sixitude":58,"Slimebound:AbsorbEndCombat":0,"Frozen Egg 2":17,"War Paint":49,"PrismaticShard":49,"FossilizedHelix":77}]},"card_choices":[{"not_picked":["Slimebound:ViciousTackle","Slimebound:Replication"],"picked":"Slimebound:LeechingTouch","floor":2},{"not_picked":["Slimebound:SplitLeeching","Slimebound:Repurpose"],"picked":"Slimebound:ViciousTackle","floor":3},{"not_picked":["Slimebound:SlimeSpikes","Slimebound:ServeAndProtect"],"picked":"Slimebound:HauntingLick","floor":4},{"not_picked":["Slimebound:ForwardTackle","Slimebound:ItLooksTasty"],"picked":"Slimebound:Prepare","floor":6},{"not_picked":["Slimebound:Dissolve","Slimebound:Prepare"],"picked":"Slimebound:LivingWall","floor":8},{"not_picked":["Slimebound:SlimeTap","Slimebound:DivideAndConquer"],"picked":"Slimebound:DuplicatedForm+1","floor":9},{"not_picked":["Slimebound:SamplingLick","Slimebound:SplitSpecialist"],"picked":"Slimebound:LivingWall","floor":12},{"not_picked":["Slimebound:RejuvenatingLick","Slimebound:SplitSpecialist","Slimebound:SplitMire"],"picked":"SKIP","floor":15},{"not_picked":["Slimebound:MassRepurpose","Slimebound:MinionMaster+1"],"picked":"Slimebound:RallyTheTroops","floor":16},{"not_picked":["Slimebound:RollThrough","Slimebound:SplitLeeching"],"picked":"Slimebound:HauntingLick","floor":20},{"not_picked":["Slimebound:PressTheAttack","Slimebound:AcidTongue+1","Slimebound:SplitAcid"],"picked":"SKIP","floor":21},{"not_picked":["sneckomod:SoulDraw","CrushJoints","expansioncontent:GuardianWhirl+1"],"picked":"SKIP","floor":22},{"not_picked":["Coolheaded","Guardian:ChargeCore"],"picked":"Guardian:StasisStrike","floor":23},{"not_picked":["Guardian:PrimingBeam","hexamod:ThermalTransfer","champ:Encircle"],"picked":"SKIP","floor":25},{"not_picked":["Noxious Fumes+1","Guardian:TemporalStrike"],"picked":"Mind Blast+1","floor":26},{"not_picked":["hexamod:GhostLash+1","Sucker Punch","BowlingBash"],"picked":"SKIP","floor":27},{"not_picked":["Guardian:Suspension","sneckomod:UnknownUncommonAttack","champ:GutPunch"],"picked":"SKIP","floor":29},{"not_picked":["Slimebound:ItLooksTasty","champ:Circumvent"],"picked":"sneckomod:UnknownClassBLUE","floor":32}],"player_experience":858947,"relics_obtained":[{"floor":5,"key":"downfall:GremlinSack"},{"floor":7,"key":"Frozen Egg 2"},{"floor":9,"key":"Du-Vu Doll"},{"floor":23,"key":"hexamod:Sixitude"},{"floor":24,"key":"Happy Flower"},{"floor":29,"key":"FossilizedHelix"}],"event_choices":[{"damage_healed":0,"gold_gain":0,"player_choice":"Success","damage_taken":12,"relics_obtained":["Bronze Scales"],"max_hp_gain":0,"max_hp_loss":0,"event_name":"Scrap Ooze","floor":14,"gold_loss":0},{"damage_healed":0,"gold_gain":200,"player_choice":"Gold","damage_taken":0,"max_hp_gain":0,"max_hp_loss":0,"event_name":"Wheel of Change","floor":19,"gold_loss":0}],"is_beta":false,"boss_relics":[{"not_picked":["Philosopher\u0027s Stone","Runic Dome"],"picked":"Astrolabe"}],"items_purged_floors":[21],"is_endless":false,"potions_floor_spawned":[4,6,8,12,15,16,22,23,29,32],"killed_by":"WA_ARCHETYPE_CALM","ascension_level":12}}