{"host":"gzz35fplm60aw28t","time":1613976327,"event":{"mods":["AchievementEnabler","BaseMod","Colored Powertips","DeckTracker","Minty Spire (QoL Compilation)"],"gold_per_floor":[116,116,127,139,150,177,177,177,177,193,41,74,74,109,109,212,212,228,241,241,241],"floor_reached":20,"language":"ENG","playtime":1259,"items_purged":["Strike_G"],"score":252,"play_id":"f532a2e6-a251-4fe7-bc7b-6224cf122972","local_time":"20210222074527","is_ascension_mode":true,"campfire_choices":[{"floor":7.0,"key":"REST"},{"floor":15.0,"key":"REST"}],"circlet_count":0,"master_deck":["Strike_G","Strike_G","Strike_G","Strike_G","Defend_G","Defend_G","Defend_G","Defend_G","Defend_G","Survivor","Neutralize+1","Corpse Explosion","Blade Dance","Dagger Throw","Endless Agony","Finisher","Prepared","Accuracy","Footwork","Cloak And Dagger","Burst","Leg Sweep","Backflip"],"relics":["Ring of the Snake","Darkstone Periapt","Matryoshka","The Courier","Question Card","Black Star"],"acts_visited":["Exordium","TheCity"],"potions_floor_usage":[],"damage_taken":[{"damage":0.0,"enemies":"2 Louse","floor":1.0,"turns":2.0},{"damage":4.0,"enemies":"Cultist","floor":3.0,"turns":3.0},{"damage":0.0,"enemies":"Small Slimes","floor":4.0,"turns":2.0},{"damage":21.0,"enemies":"Exordium Thugs","floor":5.0,"turns":2.0},{"damage":37.0,"enemies":"Lagavulin","floor":6.0,"turns":8.0},{"damage":7.0,"enemies":"Large Slime","floor":10.0,"turns":7.0},{"damage":8.0,"enemies":"Gremlin Nob","floor":12.0,"turns":3.0},{"damage":1.0,"enemies":"Lagavulin","floor":14.0,"turns":8.0},{"damage":7.0,"enemies":"The Guardian","floor":16.0,"turns":12.0},{"damage":45.0,"enemies":"Spheric Guardian","floor":18.0,"turns":8.0},{"damage":11.0,"enemies":"2 Thieves","floor":19.0,"turns":2.0},{"damage":7,"enemies":"Cultist and Chosen","floor":20,"turns":4}],"seed_played":"-8596985174357212125","potions_obtained":[{"floor":6.0,"key":"ColorlessPotion"},{"floor":14.0,"key":"BlessingOfTheForge"},{"floor":16.0,"key":"SkillPotion"},{"floor":18.0,"key":"GamblersBrew"}],"is_trial":false,"path_per_floor":["M","?","M","M","M","E","R","?","T","M","$","E","?","E","R","B",null,"M","M","M"],"character_chosen":"THE_SILENT","items_purchased":["Accuracy"],"campfire_rested":2,"item_purchase_floors":[11],"current_hp_per_floor":[63,63,59,59,38,1,22,22,22,15,15,7,7,6,27,20,58,13,2,0,0],"gold":241,"neow_bonus":"ONE_RANDOM_RARE_CARD","is_daily":false,"chose_seed":false,"campfire_upgraded":0,"win_rate":0.0,"timestamp":1613976327,"path_taken":["M","?","?","M","M","E","R","?","T","M","?","E","?","E","R","BOSS","M","M","M"],"items_purchased_type":["Card"],"build_version":"2020-12-22","purchased_purges":1,"victory":false,"max_hp_per_floor":[70,70,70,70,70,70,70,70,70,70,70,70,70,70,70,70,70,70,70,70,70],"card_choices":[{"not_picked":["Poisoned Stab","Infinite Blades"],"picked":"Blade Dance","floor":1.0},{"not_picked":["Dodge and Roll","Calculated Gamble"],"picked":"Dagger Throw","floor":3.0},{"not_picked":["Flying Knee","Poisoned Stab"],"picked":"Endless Agony","floor":4.0},{"not_picked":["Quick Slash","Finisher","Deflect"],"picked":"SKIP","floor":5.0},{"not_picked":["Reflex","All Out Attack"],"picked":"Finisher","floor":6.0},{"not_picked":["Deadly Poison","Concentrate"],"picked":"Prepared","floor":10.0},{"not_picked":["Dagger Spray","Endless Agony"],"picked":"Footwork","floor":12.0},{"not_picked":["Deflect","Malaise"],"picked":"Cloak And Dagger","floor":14.0},{"not_picked":["Storm of Steel","Wraith Form v2","Night Terror"],"picked":"Burst","floor":16.0},{"not_picked":["Underhanded Strike","Slice","Blade Dance+1"],"picked":"Leg Sweep","floor":18.0},{"not_picked":["Well Laid Plans","Deflect","Crippling Poison"],"picked":"Backflip","floor":19.0}],"player_experience":34720,"relics_obtained":[{"floor":6.0,"key":"Darkstone Periapt"},{"floor":9.0,"key":"Matryoshka"},{"floor":12.0,"key":"The Courier"},{"floor":14.0,"key":"Question Card"}],"event_choices":[{"damage_healed":0.0,"max_hp_gain":0.0,"max_hp_loss":0.0,"gold_gain":0.0,"event_name":"Match and Keep!","player_choice":"0 cards matched","floor":2.0,"gold_loss":0.0,"damage_taken":0.0,"cards_obtained":[]},{"damage_healed":0.0,"max_hp_gain":0.0,"max_hp_loss":0.0,"gold_gain":0.0,"event_name":"Accursed Blacksmith","player_choice":"Forge","floor":8.0,"gold_loss":0.0,"damage_taken":0.0,"cards_upgraded":["Neutralize"]},{"damage_healed":0.0,"max_hp_gain":0.0,"max_hp_loss":0.0,"gold_gain":0.0,"event_name":"Golden Wing","player_choice":"Ignored","floor":13.0,"gold_loss":0.0,"damage_taken":0.0}],"is_beta":false,"boss_relics":[{"not_picked":["Fusion Hammer","Empty Cage"],"picked":"Black Star"}],"items_purged_floors":[11],"is_endless":false,"potions_floor_spawned":[6,14,16,18],"killed_by":"Cultist and Chosen","ascension_level":6}}