{"host":"q57ekfojy3i00x9o","time":1613999886,"event":{"mods":["Act Like it!","Arknights","Aspiration","BaseMod","Colored Map","Energized Spire","Hermit","Minty Spire (QoL Compilation)","Quick Restart","Ruina","Spicy Shops","Spikes Relics","StSLib","slay the spire mod where everything is the same but ironclad has a cowboy hat"],"gold_per_floor":[110,125,19,19,19,58,71,71,71,71,110,130,130,38,38,38,38],"floor_reached":16,"language":"RUS","playtime":247,"items_purged":[],"score":253,"play_id":"c6bb9824-ae39-4f59-a44d-79b313fa81d2","local_time":"20210222181806","is_ascension_mode":true,"campfire_choices":[{"data":"ats:Poison Spread","floor":8,"key":"SMITH"},{"floor":13,"key":"REST"},{"floor":15,"key":"REST"}],"circlet_count":0,"master_deck":["AscendersBane","ats:Strike C","ats:Strike G","ats:Strike S","ats:Strike V","ats:Armor Crushing Shot","ats:Defend","ats:Defend","ats:Defend","ats:Defend","ats:Emotion Absorption","ats:Leaping Hammer","ats:Poison Spread+1","ats:Thermite Blade","ats:Shell Defense","Injury","ats:Very Hot Blade+1","ats:Hammer On+1","ats:Sword Rain+1","ats:Explosion Area Strengthen+1","ats:Explosion Area Strengthen+1","ats:Red Shift+1"],"relics":["ats:Sanity","NeowsBlessing","Molten Egg 2","Golden Idol","ats:Originium","ats:Hidden Killer","Sundial","Bronze Scales"],"acts_visited":["Exordium"],"potions_floor_usage":[11,16],"damage_taken":[{"damage":0.0,"enemies":"Cultist","floor":1.0,"turns":1.0},{"damage":0.0,"enemies":"2 Louse","floor":2.0,"turns":1.0},{"damage":0,"enemies":"Gremlin Nob","floor":6,"turns":1},{"damage":9,"enemies":"Jaw Worm","floor":7,"turns":3},{"damage":40,"enemies":"3 Sentries","floor":11,"turns":9},{"damage":8,"enemies":"Exordium Thugs","floor":12,"turns":3},{"damage":56,"enemies":"Slime Boss","floor":16,"turns":5}],"seed_played":"6221780143169619713","potions_obtained":[{"floor":6,"key":"ColorlessPotion"},{"floor":11,"key":"ats:Burn Small Potion"}],"is_trial":false,"path_per_floor":["M","M","$","?","?","E","M","R","T","?","E","M","R","$","R","B"],"character_chosen":"DOCTOR_CLASS","items_purchased":["ats:Thermite Blade","ats:Shell Defense","ats:Explosion Area Strengthen+1","ats:Red Shift+1"],"campfire_rested":2,"item_purchase_floors":[3,3,14,14],"current_hp_per_floor":[65,65,65,65,65,65,56,56,56,56,16,8,27,27,46,0,0],"gold":38,"neow_bonus":"THREE_ENEMY_KILL","is_daily":false,"chose_seed":false,"campfire_upgraded":1,"win_rate":0.0,"timestamp":1613999886,"path_taken":["M","M","$","?","?","E","M","R","T","?","E","?","R","$","R","BOSS"],"items_purchased_type":["Card","Card","Card","Card"],"build_version":"2020-12-22","purchased_purges":0,"victory":false,"max_hp_per_floor":[72,72,72,72,65,65,65,65,65,65,65,65,65,65,65,65,65],"card_choices":[{"not_picked":["ats:Apocalypse","ats:Very Hot Blade"],"picked":"ats:Leaping Hammer","floor":1.0},{"not_picked":["ats:Revitalization","ats:Literary Storm"],"picked":"ats:Poison Spread","floor":2},{"not_picked":["ats:Revitalization","ats:Beaten Up"],"picked":"ats:Very Hot Blade+1","floor":6},{"not_picked":["ats:Ignite+1","ats:Echo Reverb"],"picked":"ats:Hammer On+1","floor":7},{"not_picked":["ats:Absolute Focus","ats:Demon Strength"],"picked":"ats:Sword Rain+1","floor":11},{"not_picked":["ats:Revitalization","ats:Red Shift+1"],"picked":"ats:Explosion Area Strengthen+1","floor":12}],"player_experience":786758,"relics_obtained":[{"floor":6,"key":"ats:Originium"},{"floor":6,"key":"ats:Hidden Killer"},{"floor":11,"key":"ats:Originium"},{"floor":11,"key":"Bronze Scales"}],"event_choices":[{"damage_healed":0,"gold_gain":0,"player_choice":"Lose Max HP","damage_taken":0,"relics_obtained":["Golden Idol"],"max_hp_gain":0,"max_hp_loss":7,"event_name":"Golden Idol","floor":5,"gold_loss":0},{"damage_healed":0,"gold_gain":0,"player_choice":"Searched \u00271\u0027 times","damage_taken":0,"relics_obtained":["Sundial"],"max_hp_gain":0,"max_hp_loss":0,"event_name":"Dead Adventurer","floor":10,"gold_loss":0}],"is_beta":false,"boss_relics":[],"items_purged_floors":[],"is_endless":false,"potions_floor_spawned":[6,11],"killed_by":"Slime Boss","ascension_level":18}}