{"host":"9j57ssn5uf16ac10","time":1613977931,"event":{"mods":["2.2 Compatiblity","BaseMod","Colored Map","Colored Powertips","DeckTracker","Googly Eyes","Minty Spire (QoL Compilation)","StSLib","Unknown Chances","Waifu the Spire"],"gold_per_floor":[19,19,42,63,63,104,104,129,129,129,173,197,232,256,256,384,384,408,431,452,475,32,63,63,102,102,123,123,144,18,39,39,165,165,190,205,230,563,543,570,586,586,586,616,616,629,92,92,92,92,92,92,24,59,59],"floor_reached":56,"language":"ENG","playtime":4261,"items_purged":["Wild Strike"],"score":1635,"play_id":"5d0a19f4-d798-41b0-b33c-804488a92eee","local_time":"20210222021211","is_ascension_mode":true,"campfire_choices":[{"floor":7,"key":"REST"},{"floor":10,"key":"REST"},{"floor":15,"key":"REST"},{"floor":24,"key":"REST"},{"floor":28,"key":"REST"},{"floor":32,"key":"RECALL"},{"data":"Demon Form","floor":42,"key":"SMITH"},{"data":"Corruption","floor":45,"key":"SMITH"},{"data":"Rupture","floor":49,"key":"SMITH"},{"data":"Flex","floor":52,"key":"SMITH"}],"circlet_count":0,"master_deck":["Strike_R","Strike_R+1","Strike_R","Strike_R","Strike_R","Defend_R","Defend_R","Defend_R","Defend_R","Bash+1","Disarm","Shrug It Off","Clothesline","Flame Barrier","Flame Barrier","Flex+1","Feed","Havoc","Corruption+1","Pommel Strike+1","Ghostly Armor","Shrug It Off","Shrug It Off","Inflame","Twin Strike+1","Demon Form+1","Havoc","Havoc","Flame Barrier","Dark Embrace","Thunderclap+1","Fiend Fire+1","Fiend Fire+1","Feel No Pain+1","Havoc","Rupture+1","Spot Weakness","Flame Barrier+1"],"relics":["Burning Blood","Incense Burner","Pantograph","HornCleat","MealTicket","Centennial Puzzle","Runic Pyramid","Molten Egg 2","Sundial","Dead Branch","Anchor","Snecko Eye","Whetstone","Question Card","Strange Spoon","Bottled Lightning","Oddly Smooth Stone"],"acts_visited":["TheCity","TheBeyond","TheEnding"],"potions_floor_usage":[8,11,13,16,25,25,25,29,40,40,55,55],"damage_taken":[{"damage":5,"enemies":"2 Louse","floor":1,"turns":3},{"damage":10,"enemies":"Jaw Worm","floor":3,"turns":5},{"damage":1,"enemies":"Cultist","floor":4,"turns":3},{"damage":44,"enemies":"Lagavulin","floor":6,"turns":8},{"damage":18,"enemies":"Red Slaver","floor":8,"turns":3},{"damage":20,"enemies":"3 Sentries","floor":11,"turns":10},{"damage":0,"enemies":"Blue Slaver","floor":12,"turns":5},{"damage":40,"enemies":"Lagavulin","floor":13,"turns":10},{"damage":0,"enemies":"Exordium Wildlife","floor":14,"turns":4},{"damage":65,"enemies":"Hexaghost","floor":16,"turns":16},{"damage":22,"enemies":"2 Thieves","floor":18,"turns":5},{"damage":3,"enemies":"Chosen","floor":19,"turns":6},{"damage":23,"enemies":"Centurion and Healer","floor":20,"turns":10},{"damage":12,"enemies":"Snecko","floor":21,"turns":6},{"damage":60,"enemies":"Slavers","floor":23,"turns":8},{"damage":26,"enemies":"Gremlin Leader","floor":25,"turns":9},{"damage":6,"enemies":"Sentry and Sphere","floor":27,"turns":6},{"damage":12,"enemies":"Centurion and Healer","floor":29,"turns":3},{"damage":0,"enemies":"Chosen and Byrds","floor":31,"turns":6},{"damage":64,"enemies":"Automaton","floor":33,"turns":14},{"damage":0,"enemies":"3 Darklings","floor":35,"turns":4},{"damage":8,"enemies":"Orb Walker","floor":36,"turns":3},{"damage":10,"enemies":"4 Shapes","floor":37,"turns":4},{"damage":2,"enemies":"Nemesis","floor":40,"turns":3},{"damage":5,"enemies":"Maw","floor":41,"turns":6},{"damage":3,"enemies":"Giant Head","floor":44,"turns":4},{"damage":0,"enemies":"Sphere and 2 Shapes","floor":46,"turns":3},{"damage":2,"enemies":"Donu and Deca","floor":50,"turns":5},{"damage":44,"enemies":"Shield and Spear","floor":54,"turns":6},{"damage":51,"enemies":"The Heart","floor":55,"turns":8}],"seed_played":"-1672701354796698336","potions_obtained":[{"floor":4,"key":"Dexterity Potion"},{"floor":6,"key":"PowerPotion"},{"floor":8,"key":"Fire Potion"},{"floor":14,"key":"Fire Potion"},{"floor":20,"key":"SpeedPotion"},{"floor":21,"key":"Energy Potion"},{"floor":23,"key":"Swift Potion"},{"floor":25,"key":"ColorlessPotion"},{"floor":33,"key":"SkillPotion"},{"floor":36,"key":"AttackPotion"},{"floor":39,"key":"ElixirPotion"},{"floor":46,"key":"AttackPotion"}],"is_trial":false,"path_per_floor":["M","?","M","M","?","E","R","M","T","R","E","M","E","M","R","B",null,"M","M","M","M","$","E","R","E","T","M","R","M","$","M","R","B",null,"M","M","M","?","?","E","M","R","T","E","R","M","$","?","R","B",null,"R","$","E","B",null],"character_chosen":"IRONCLAD","items_purchased":["Molten Egg 2","Inflame","Twin Strike+1","Dark Embrace","Thunderclap+1","Strange Spoon","Rupture","Bottled Lightning","Block Potion","Spot Weakness"],"campfire_rested":5,"item_purchase_floors":[22,22,22,30,30,47,47,47,47,53],"current_hp_per_floor":[80,60,56,61,66,28,53,41,41,66,52,58,24,33,59,25,88,75,81,67,64,79,28,58,38,38,41,72,66,81,87,87,51,109,109,110,106,106,106,110,111,111,111,112,112,112,112,106,106,109,109,109,109,71,51],"gold":59,"neow_bonus":"ONE_RARE_RELIC","is_daily":false,"chose_seed":false,"campfire_upgraded":4,"win_rate":0.0,"timestamp":1613977931,"path_taken":["M","?","M","M","?","E","R","M","T","R","E","?","E","M","R","BOSS","M","?","M","M","$","E","R","E","T","M","R","M","?","M","R","BOSS","M","M","M","?","?","E","?","R","T","E","R","M","$","?","R","BOSS","R","$","E","BOSS"],"items_purchased_type":["Relic","Card","Card","Card","Card","Relic","Card","Relic","Potion","Card"],"build_version":"2020-12-22","purchased_purges":1,"victory":true,"max_hp_per_floor":[80,80,80,80,85,85,85,85,85,85,85,85,85,88,88,88,88,91,94,97,100,100,103,103,103,103,106,106,106,106,106,106,109,109,109,112,112,112,112,112,112,112,112,112,112,112,112,106,106,109,109,109,109,109,109],"card_choices":[{"not_picked":["Iron Wave","Body Slam"],"picked":"Disarm","floor":1},{"not_picked":["Twin Strike","Rage"],"picked":"Shrug It Off","floor":3},{"not_picked":["Cleave","Pommel Strike"],"picked":"Clothesline","floor":4},{"not_picked":["Sever Soul","Perfected Strike"],"picked":"Wild Strike","floor":6},{"not_picked":["Wild Strike","Sword Boomerang"],"picked":"Flame Barrier","floor":8},{"not_picked":["Metallicize","Headbutt"],"picked":"Flame Barrier","floor":11},{"not_picked":["Sever Soul","Seeing Red"],"picked":"Flex","floor":12},{"not_picked":["Havoc","Shockwave"],"picked":"Feed","floor":13},{"not_picked":["True Grit","Warcry"],"picked":"Havoc","floor":14},{"not_picked":["Immolate","Juggernaut"],"picked":"Corruption","floor":16},{"not_picked":["Intimidate","Uppercut"],"picked":"Pommel Strike+1","floor":18},{"not_picked":["Havoc","Armaments"],"picked":"Ghostly Armor","floor":19},{"not_picked":["Clash","Wild Strike"],"picked":"Shrug It Off","floor":20},{"not_picked":["Cleave+1","Uppercut"],"picked":"Shrug It Off","floor":21},{"not_picked":["Dark Embrace+1","Armaments"],"picked":"Demon Form","floor":23},{"not_picked":["Juggernaut","Brutality"],"picked":"Havoc","floor":25},{"not_picked":["Body Slam+1","Headbutt+1"],"picked":"Havoc","floor":27},{"not_picked":["Shockwave","Headbutt+1"],"picked":"Flame Barrier","floor":29},{"not_picked":["Bludgeon+1","Clash+1","Dropkick+1"],"picked":"SKIP","floor":31},{"not_picked":["Demon Form","Berserk"],"picked":"Fiend Fire+1","floor":33},{"not_picked":["Anger+1","Armaments","Sword Boomerang+1"],"picked":"SKIP","floor":35},{"not_picked":["Clothesline+1","Second Wind","Pommel Strike+1"],"picked":"SKIP","floor":36},{"not_picked":["Heavy Blade+1","Metallicize+1","Warcry+1"],"picked":"SKIP","floor":37},{"not_picked":["Headbutt+1","Burning Pact"],"picked":"Fiend Fire+1","floor":40},{"not_picked":["Iron Wave+1","Entrench"],"picked":"Feel No Pain+1","floor":41},{"not_picked":["Clash+1","Heavy Blade+1","Iron Wave+1"],"picked":"SKIP","floor":44},{"not_picked":["Body Slam+1","Flex","Perfected Strike+1"],"picked":"Havoc","floor":46},{"not_picked":["Demon Form","Clothesline+1","Dropkick+1"],"picked":"Flame Barrier+1","floor":54}],"player_experience":534544,"relics_obtained":[{"floor":6,"key":"Pantograph"},{"floor":9,"key":"HornCleat"},{"floor":11,"key":"MealTicket"},{"floor":13,"key":"Centennial Puzzle"},{"floor":23,"key":"Sundial"},{"floor":25,"key":"Dead Branch"},{"floor":26,"key":"Anchor"},{"floor":40,"key":"Whetstone"},{"floor":44,"key":"Question Card"},{"floor":54,"key":"Oddly Smooth Stone"}],"event_choices":[{"damage_healed":0,"gold_gain":0,"player_choice":"Take Damage","damage_taken":20,"relics_obtained":["Golden Idol"],"max_hp_gain":0,"max_hp_loss":0,"event_name":"Golden Idol","floor":2,"gold_loss":0},{"damage_healed":0,"gold_gain":0,"player_choice":"Donut","damage_taken":0,"max_hp_gain":5,"max_hp_loss":0,"event_name":"Big Fish","floor":5,"gold_loss":0},{"damage_healed":0,"gold_gain":333,"player_choice":"Gave Idol","damage_taken":0,"max_hp_gain":0,"max_hp_loss":0,"event_name":"The Moai Head","floor":38,"relics_lost":["Golden Idol"],"gold_loss":0},{"damage_healed":0,"gold_gain":0,"player_choice":"Bought 1 Potion","damage_taken":0,"max_hp_gain":0,"max_hp_loss":0,"event_name":"The Woman in Blue","floor":39,"gold_loss":0},{"damage_healed":0,"gold_gain":0,"player_choice":"Max HP","damage_taken":0,"max_hp_gain":0,"max_hp_loss":6,"event_name":"Winding Halls","floor":48,"gold_loss":0}],"is_beta":false,"boss_relics":[{"not_picked":["Calling Bell","Runic Dome"],"picked":"Runic Pyramid"},{"not_picked":["Black Blood","Pandora\u0027s Box"],"picked":"Snecko Eye"}],"items_purged_floors":[22],"is_endless":false,"potions_floor_spawned":[4,6,8,14,20,21,23,25,33,36,46],"ascension_level":3}}