{"host":"zsnmfqgcm92hlreo","time":1613961721,"event":{"mods":["AchievementEnabler","BaseMod","Bestiary","Block Reminder","Colored Map","Colored Powertips","Filter the Spire","Minty Spire (QoL Compilation)","Permanent Neow","Quick Restart","Relic Stats","StSLib","Weighted Paths"],"gold_per_floor":[113,132,147,161,161,190,202,202,226,226,261,276,307,318,318,397,397,409,459,219,235,235,268,268,268,268,303,140,168,182,215,215,294,294,304,304,352,372,372,402,421,446,446,477,215,215,242,267,267,267,267,267,267,51,82,82],"floor_reached":57,"language":"ENG","playtime":2910,"items_purged":["Strike_P","Strike_P"],"score":3247,"play_id":"a1400ca1-fb01-43f2-9233-c5c17345f146","local_time":"20210221204201","is_ascension_mode":true,"campfire_choices":[{"floor":8.0,"key":"REST"},{"data":"Vigilance","floor":10.0,"key":"SMITH"},{"data":"WheelKick","floor":15.0,"key":"SMITH"},{"floor":24.0,"key":"REST"},{"floor":32.0,"key":"REST"},{"floor":46.0,"key":"RECALL"},{"floor":49.0,"key":"REST"},{"floor":53.0,"key":"REST"}],"circlet_count":0,"master_deck":["AscendersBane","Strike_P","Defend_P","Defend_P","Defend_P","Defend_P","Eruption+1","Vigilance+1","EmptyFist","BowlingBash","Vengeance","WheelKick+1","WheelKick","Blasphemy","EmptyBody+1","Swivel+1","BowlingBash+1","Sanctity+1","DevaForm","Wireheading","Fasting2+1","Swivel+1","WheelKick+1","LessonLearned+1","BowlingBash+1","Wallop+1","SpiritShield","TalkToTheHand+1","EmptyMind","Ragnarok+1","Tantrum+1","Worship","Wallop+1"],"relics":["Snecko Eye","Gremlin Horn","Strawberry","Nunchaku","Art of War","Fusion Hammer","ClockworkSouvenir","MutagenicStrength","Molten Egg 2","Matryoshka","Centennial Puzzle","Happy Flower","Ginger","Pantograph","Calling Bell","Damaru","Ornamental Fan","WingedGreaves","Ancient Tea Set","Orichalcum","Boot","Regal Pillow","Turnip","Kunai","Bag of Preparation","Potion Belt","Du-Vu Doll","Mercury Hourglass"],"acts_visited":["Exordium","TheCity","TheBeyond","TheEnding"],"potions_floor_usage":[56,56],"damage_taken":[{"damage":7.0,"enemies":"2 Louse","floor":1.0,"turns":2.0},{"damage":2.0,"enemies":"Small Slimes","floor":2.0,"turns":3.0},{"damage":0.0,"enemies":"Cultist","floor":3.0,"turns":2.0},{"damage":18.0,"enemies":"Exordium Thugs","floor":4.0,"turns":5.0},{"damage":0.0,"enemies":"Gremlin Nob","floor":6.0,"turns":2.0},{"damage":0.0,"enemies":"3 Louse","floor":7.0,"turns":2.0},{"damage":0.0,"enemies":"Lagavulin","floor":11.0,"turns":4.0},{"damage":0.0,"enemies":"Red Slaver","floor":12.0,"turns":1.0},{"damage":5.0,"enemies":"Gremlin Nob","floor":13.0,"turns":3.0},{"damage":0.0,"enemies":"Exordium Thugs","floor":14.0,"turns":2.0},{"damage":27.0,"enemies":"Hexaghost","floor":16.0,"turns":7.0},{"damage":6.0,"enemies":"2 Thieves","floor":18.0,"turns":3.0},{"damage":0.0,"enemies":"Chosen","floor":21.0,"turns":3.0},{"damage":9.0,"enemies":"Book of Stabbing","floor":23.0,"turns":3.0},{"damage":0.0,"enemies":"Gremlin Leader","floor":27.0,"turns":2.0},{"damage":20.0,"enemies":"Slavers","floor":29.0,"turns":3.0},{"damage":9.0,"enemies":"Centurion and Healer","floor":30.0,"turns":5.0},{"damage":11.0,"enemies":"Book of Stabbing","floor":31.0,"turns":4.0},{"damage":0.0,"enemies":"Champ","floor":33.0,"turns":5.0},{"damage":0.0,"enemies":"3 Darklings","floor":35.0,"turns":3.0},{"damage":3.0,"enemies":"3 Shapes","floor":38.0,"turns":2.0},{"damage":18.0,"enemies":"Nemesis","floor":40.0,"turns":7.0},{"damage":0.0,"enemies":"Sphere and 2 Shapes","floor":41.0,"turns":8.0},{"damage":0.0,"enemies":"Giant Head","floor":44.0,"turns":5.0},{"damage":0.0,"enemies":"Reptomancer","floor":47.0,"turns":1.0},{"damage":0.0,"enemies":"Mind Bloom Boss Battle","floor":48.0,"turns":7.0},{"damage":9.0,"enemies":"Awakened One","floor":50.0,"turns":5.0},{"damage":64.0,"enemies":"Time Eater","floor":51.0,"turns":7.0},{"damage":23.0,"enemies":"Shield and Spear","floor":55.0,"turns":3.0},{"damage":29,"enemies":"The Heart","floor":56,"turns":7}],"seed_played":"-8771646965079268099","potions_obtained":[{"floor":2.0,"key":"Fruit Juice"},{"floor":3.0,"key":"Strength Potion"},{"floor":7.0,"key":"Dexterity Potion"},{"floor":11.0,"key":"FearPotion"},{"floor":13.0,"key":"Swift Potion"},{"floor":16.0,"key":"BottledMiracle"},{"floor":31.0,"key":"FearPotion"},{"floor":41.0,"key":"SneckoOil"}],"is_trial":false,"path_per_floor":["M","M","M","M","?","E","M","R","T","R","E","M","E","M","R","B",null,"M","?","$","M","?","E","R","?","T","E","$","E","M","E","R","B",null,"M","?","T","M","?","E","M","T","T","E","$","R","E","?","R","B","B",null,"R","$","E","B",null],"character_chosen":"WATCHER","items_purchased":["ClockworkSouvenir","Happy Flower","Bag of Preparation","Tantrum+1","Worship","Weak Potion"],"campfire_rested":5,"item_purchase_floors":[20,28,45,54,54,54],"current_hp_per_floor":[54,57,57,39,39,39,39,60,67,67,67,67,62,62,62,35,69,63,63,63,63,63,54,78,78,78,78,78,58,49,38,62,80,80,80,80,80,77,77,59,59,59,59,59,59,59,59,80,80,71,16,64,80,80,57,51],"gold":82,"neow_bonus":"BOSS_RELIC","is_daily":false,"chose_seed":false,"campfire_upgraded":2,"win_rate":0.0,"timestamp":1613961721,"path_taken":["M","M","M","M","?","E","M","R","T","R","E","M","E","M","R","BOSS","M","?","$","M","?","E","R","?","T","E","$","E","M","E","R","BOSS","M","?","?","M","?","E","?","?","T","E","$","R","E","?","R","BOSS","BOSS","R","$","E","BOSS"],"items_purchased_type":["Relic","Relic","Relic","Card","Card","Potion"],"build_version":"2020-12-22","purchased_purges":2,"victory":true,"max_hp_per_floor":[68,73,73,73,73,73,73,73,80,80,80,80,80,80,80,80,80,80,80,80,80,80,80,80,80,80,80,80,80,80,80,80,80,80,80,80,80,80,80,80,80,80,80,80,80,80,80,80,80,80,80,80,80,80,80,80],"relic_stats":{"Regal Pillow":0,"Gremlin Horn":[16,19],"Happy Flower":[24],"counters":[30,116],"Bag of Preparation":[12],"Ginger":[4],"Orichalcum":[12],"Boot":[0],"Mercury Hourglass":[21],"Nunchaku":[24],"Centennial Puzzle":[27],"Ornamental Fan":[136],"Pantograph":71,"Snecko Eye":[248,258,289,235],"Turnip":[3],"Art of War":[8],"Kunai":[18],"obtain_stats":[{"Regal Pillow":42,"Gremlin Horn":6,"Bag of Preparation":45,"Ginger":29,"Ancient Tea Set":37,"Boot":40,"ClockworkSouvenir":20,"Nunchaku":11,"Centennial Puzzle":27,"Matryoshka":26,"Strawberry":9,"Pantograph":31,"Fusion Hammer":17,"WingedGreaves":34,"Kunai":44,"Potion Belt":47,"Happy Flower":28,"Damaru":34,"Orichalcum":37,"Mercury Hourglass":55,"Calling Bell":34,"Du-Vu Doll":48,"Ornamental Fan":34,"MutagenicStrength":22,"Snecko Eye":0,"Molten Egg 2":23,"Turnip":43,"Art of War":13,"PureWater":0},{"Regal Pillow":23,"Gremlin Horn":5,"Bag of Preparation":24,"Ginger":16,"Ancient Tea Set":20,"Boot":22,"ClockworkSouvenir":12,"Nunchaku":7,"Centennial Puzzle":15,"Matryoshka":14,"Strawberry":6,"Pantograph":18,"Fusion Hammer":11,"WingedGreaves":19,"Kunai":24,"Potion Belt":25,"Happy Flower":15,"Damaru":19,"Orichalcum":20,"Mercury Hourglass":29,"Calling Bell":19,"Du-Vu Doll":26,"Ornamental Fan":19,"MutagenicStrength":13,"Snecko Eye":0,"Molten Egg 2":14,"Turnip":23,"Art of War":9,"PureWater":0},{"Regal Pillow":81,"Gremlin Horn":14,"Bag of Preparation":86,"Ginger":47,"Ancient Tea Set":64,"Boot":73,"ClockworkSouvenir":36,"Nunchaku":20,"Centennial Puzzle":44,"Matryoshka":42,"Strawberry":16,"Pantograph":56,"Fusion Hammer":33,"WingedGreaves":61,"Kunai":86,"Potion Belt":87,"Happy Flower":44,"Damaru":61,"Orichalcum":64,"Mercury Hourglass":109,"Calling Bell":61,"Du-Vu Doll":94,"Ornamental Fan":61,"MutagenicStrength":39,"Snecko Eye":0,"Molten Egg 2":42,"Turnip":81,"Art of War":24,"PureWater":0}]},"card_choices":[{"not_picked":["EmptyBody","FlyingSleeves"],"picked":"EmptyFist","floor":1.0},{"not_picked":["ClearTheMind","FlurryOfBlows"],"picked":"BowlingBash","floor":2.0},{"not_picked":["MentalFortress","ThirdEye"],"picked":"Vengeance","floor":3.0},{"not_picked":["Fasting2","Evaluate"],"picked":"WheelKick","floor":4.0},{"not_picked":["WreathOfFlame","Wallop"],"picked":"WheelKick","floor":6.0},{"not_picked":["Study","WaveOfTheHand"],"picked":"Blasphemy","floor":7.0},{"not_picked":["LikeWater","ClearTheMind"],"picked":"EmptyBody","floor":11.0},{"not_picked":["EmptyBody","Protect"],"picked":"Swivel","floor":12.0},{"not_picked":["WindmillStrike","Crescendo"],"picked":"BowlingBash","floor":13.0},{"not_picked":["CarveReality","EmptyBody"],"picked":"Sanctity","floor":14.0},{"not_picked":["Brilliance","SpiritShield"],"picked":"DevaForm","floor":16.0},{"not_picked":["ReachHeaven","FlurryOfBlows"],"picked":"Wireheading","floor":18.0},{"not_picked":["Evaluate","ClearTheMind"],"picked":"Fasting2","floor":21.0},{"not_picked":["ThirdEye","MentalFortress"],"picked":"Swivel","floor":23.0},{"not_picked":["Tantrum+1","Halt"],"picked":"WheelKick+1","floor":27.0},{"not_picked":["Weave+1","EmptyBody"],"picked":"LessonLearned+1","floor":29.0},{"not_picked":["ClearTheMind","PathToVictory+1"],"picked":"BowlingBash+1","floor":30.0},{"not_picked":["FlyingSleeves+1","WreathOfFlame"],"picked":"Wallop+1","floor":31.0},{"not_picked":["DeusExMachina","MasterReality"],"picked":"SpiritShield","floor":33.0},{"not_picked":["ThirdEye","JustLucky+1","EmptyFist+1"],"picked":"SKIP","floor":35.0},{"not_picked":["DeusExMachina","EmptyBody+1"],"picked":"TalkToTheHand+1","floor":38.0},{"not_picked":["FlyingSleeves+1","FlurryOfBlows+1","Prostrate"],"picked":"SKIP","floor":40.0},{"not_picked":["Collect","Consecrate+1","JustLucky+1"],"picked":"SKIP","floor":41.0},{"not_picked":["ClearTheMind","Vengeance"],"picked":"EmptyMind","floor":44.0},{"not_picked":["PathToVictory","SpiritShield"],"picked":"Ragnarok+1","floor":47.0},{"not_picked":["Prostrate","FlyingSleeves+1"],"picked":"Wallop+1","floor":55.0}],"player_experience":1260807,"relics_obtained":[{"floor":6.0,"key":"Gremlin Horn"},{"floor":9.0,"key":"Strawberry"},{"floor":11.0,"key":"Nunchaku"},{"floor":13.0,"key":"Art of War"},{"floor":23.0,"key":"Molten Egg 2"},{"floor":26.0,"key":"Matryoshka"},{"floor":27.0,"key":"Centennial Puzzle"},{"floor":29.0,"key":"Ginger"},{"floor":31.0,"key":"Pantograph"},{"floor":34.0,"key":"Damaru"},{"floor":34.0,"key":"Ornamental Fan"},{"floor":34.0,"key":"WingedGreaves"},{"floor":37.0,"key":"Ancient Tea Set"},{"floor":37.0,"key":"Orichalcum"},{"floor":40.0,"key":"Boot"},{"floor":42.0,"key":"Regal Pillow"},{"floor":43.0,"key":"Turnip"},{"floor":44.0,"key":"Kunai"},{"floor":47.0,"key":"Potion Belt"},{"floor":48.0,"key":"Du-Vu Doll"},{"floor":55.0,"key":"Mercury Hourglass"}],"event_choices":[{"damage_healed":0.0,"max_hp_gain":0.0,"max_hp_loss":0.0,"gold_gain":0.0,"event_name":"Shining Light","player_choice":"Ignored","floor":5.0,"gold_loss":0.0,"damage_taken":0.0},{"damage_healed":0.0,"max_hp_gain":0.0,"max_hp_loss":0.0,"gold_gain":50.0,"event_name":"Nest","player_choice":"Stole From Cult","floor":19.0,"gold_loss":0.0,"damage_taken":0.0},{"damage_healed":0.0,"max_hp_gain":0.0,"max_hp_loss":0.0,"gold_gain":0.0,"event_name":"Drug Dealer","player_choice":"Inject Mutagens","floor":22.0,"gold_loss":0.0,"damage_taken":0.0,"relics_obtained":["MutagenicStrength"]},{"cards_removed":["Strike_P"],"damage_healed":0.0,"max_hp_gain":0.0,"max_hp_loss":0.0,"gold_gain":0.0,"event_name":"Wheel of Change","player_choice":"Card Removal","floor":25.0,"gold_loss":0.0,"damage_taken":0.0},{"damage_healed":0.0,"max_hp_gain":0.0,"max_hp_loss":0.0,"gold_gain":0.0,"event_name":"Tomb of Lord Red Mask","player_choice":"Ignored","floor":36.0,"gold_loss":0.0,"damage_taken":0.0},{"damage_healed":0.0,"max_hp_gain":0.0,"max_hp_loss":0.0,"gold_gain":0.0,"event_name":"Upgrade Shrine","player_choice":"Upgraded","floor":39.0,"gold_loss":0.0,"damage_taken":0.0,"cards_upgraded":["Fasting2"]},{"damage_healed":0.0,"max_hp_gain":0.0,"max_hp_loss":0.0,"gold_gain":0.0,"event_name":"MindBloom","player_choice":"Fight","floor":48.0,"gold_loss":0.0,"damage_taken":0.0}],"is_beta":false,"boss_relics":[{"not_picked":["Coffee Dripper","Runic Dome"],"picked":"Fusion Hammer"},{"not_picked":["Philosopher\u0027s Stone","Runic Pyramid"],"picked":"Calling Bell"}],"items_purged_floors":[20,45],"is_endless":false,"potions_floor_spawned":[2,3,7,11,13,16,21,23,31,40,41],"ascension_level":20}}