{"host":"bf5upntvbdompq33","time":1613954633,"event":{"mods":["BaseMod","Bestiary","Colored Map","Colored Powertips","Curses Come First","Highlight Path","Minty Spire (QoL Compilation)","StSLib","ojb\u0027s Info Mod"],"gold_per_floor":[118,118,131,18,18,52,52,84,84,84,109,109,126,2,2,80,80,95,114,114,125,138,138,168,168,192,202,227,247,14,34,34,110,110,130,130,145,162,180,180,214,214,239,251,274,286,310,322,322],"floor_reached":48,"language":"ENG","playtime":2911,"items_purged":["Regret"],"score":980,"play_id":"768e7dd4-9da5-4a10-858f-591cd49c0eb6","local_time":"20210221174353","is_ascension_mode":true,"campfire_choices":[{"data":"Whirlwind","floor":7,"key":"SMITH"},{"data":"Bash","floor":10,"key":"SMITH"},{"data":"Pommel Strike","floor":12,"key":"SMITH"},{"data":"Flex","floor":15,"key":"SMITH"},{"floor":23,"key":"REST"},{"floor":25,"key":"REST"},{"floor":32,"key":"RECALL"},{"floor":40,"key":"REST"},{"floor":42,"key":"REST"},{"floor":46,"key":"REST"}],"circlet_count":0,"master_deck":["AscendersBane","Strike_R","Strike_R","Defend_R","Defend_R","Defend_R","Defend_R","Bash+1","Dark Embrace","Carnage","Whirlwind+1","Infernal Blade","Headbutt","Pommel Strike+1","Shrug It Off","Disarm","Flex+1","Limit Break","Clothesline","Reckless Charge+1","Wild Strike+1","Anger","Anger","Anger","Master of Strategy","Inflame","Warcry","Feed","Searing Blow+1","Ghostly Armor+1","Anger+1","Armaments+1","Anger","Hemokinesis+1","Dark Shackles","Parasite"],"relics":["Burning Blood","NeowsBlessing","Ornamental Fan","Eternal Feather","TungstenRod","Bottled Flame","Shuriken","Fusion Hammer","Red Skull","StoneCalendar","Astrolabe","Singing Bowl","MawBank"],"acts_visited":["Exordium","TheCity","TheBeyond"],"potions_floor_usage":[16,24,28,28,31,33,33,37,38,45,47],"damage_taken":[{"damage":0,"enemies":"2 Louse","floor":1,"turns":1},{"damage":0,"enemies":"Jaw Worm","floor":3,"turns":1},{"damage":0,"enemies":"Gremlin Nob","floor":6,"turns":1},{"damage":20,"enemies":"3 Sentries","floor":8,"turns":4},{"damage":28,"enemies":"Gremlin Nob","floor":11,"turns":4},{"damage":0,"enemies":"Small Slimes","floor":13,"turns":2},{"damage":37,"enemies":"The Guardian","floor":16,"turns":10},{"damage":10,"enemies":"Spheric Guardian","floor":18,"turns":3},{"damage":10,"enemies":"Chosen","floor":19,"turns":3},{"damage":5,"enemies":"Sentry and Sphere","floor":21,"turns":3},{"damage":22,"enemies":"Snecko","floor":22,"turns":4},{"damage":43,"enemies":"Book of Stabbing","floor":24,"turns":5},{"damage":12,"enemies":"Cultist and Chosen","floor":27,"turns":4},{"damage":21,"enemies":"Slavers","floor":28,"turns":4},{"damage":1,"enemies":"Sentry and Sphere","floor":29,"turns":3},{"damage":0,"enemies":"Chosen and Byrds","floor":31,"turns":3},{"damage":28,"enemies":"Champ","floor":33,"turns":8},{"damage":25,"enemies":"3 Shapes","floor":35,"turns":3},{"damage":0,"enemies":"3 Darklings","floor":37,"turns":1},{"damage":28,"enemies":"Maw","floor":38,"turns":7},{"damage":0,"enemies":"Sphere and 2 Shapes","floor":39,"turns":3},{"damage":52,"enemies":"Reptomancer","floor":41,"turns":6},{"damage":43,"enemies":"Writhing Mass","floor":45,"turns":7},{"damage":58,"enemies":"Maw","floor":47,"turns":6},{"damage":55,"enemies":"Giant Head","floor":48,"turns":6}],"seed_played":"-2416472460556256351","potions_obtained":[{"floor":1,"key":"EssenceOfSteel"},{"floor":8,"key":"Fire Potion"},{"floor":11,"key":"Block Potion"},{"floor":16,"key":"SpeedPotion"},{"floor":21,"key":"Fire Potion"},{"floor":24,"key":"FearPotion"},{"floor":28,"key":"ColorlessPotion"},{"floor":29,"key":"CultistPotion"},{"floor":31,"key":"Block Potion"},{"floor":35,"key":"Swift Potion"},{"floor":36,"key":"DuplicationPotion"},{"floor":36,"key":"GamblersBrew"},{"floor":37,"key":"AttackPotion"},{"floor":45,"key":"AttackPotion"}],"is_trial":false,"path_per_floor":["M","?","M","$","?","E","R","E","T","R","E","R","M","$","R","B",null,"M","M","?","M","M","R","E","R","T","M","E","M","$","M","R","B",null,"M","?","M","M","M","R","E","R","T","?","M","R","M","E"],"character_chosen":"IRONCLAD","items_purchased":["Whirlwind","Disarm","Flex","Master of Strategy","Inflame"],"campfire_rested":5,"item_purchase_floors":[4,14,14,30,30],"current_hp_per_floor":[74,74,75,75,75,75,75,61,61,70,48,57,63,63,75,44,67,63,59,54,55,39,73,36,70,70,64,49,54,54,60,75,53,70,51,51,57,35,41,75,29,69,69,69,34,77,27,0,0],"gold":322,"neow_bonus":"THREE_ENEMY_KILL","is_daily":false,"chose_seed":false,"campfire_upgraded":4,"win_rate":0.0,"timestamp":1613954633,"path_taken":["M","?","M","$","?","E","R","E","T","R","E","R","M","$","R","BOSS","M","M","?","M","M","R","E","R","T","?","E","M","$","M","R","BOSS","M","?","?","M","M","R","E","R","T","?","M","R","M","E"],"items_purchased_type":["Card","Card","Card","Card","Card"],"build_version":"2020-12-22","purchased_purges":1,"victory":false,"max_hp_per_floor":[75,75,75,75,75,75,75,75,75,75,75,75,75,75,75,75,75,75,75,75,75,75,75,75,75,75,75,75,75,75,75,75,75,75,75,75,75,75,75,75,75,75,75,75,77,77,79,79,79],"card_choices":[{"not_picked":["Second Wind","Havoc"],"picked":"Dark Embrace","floor":1},{"not_picked":["Seeing Red","Perfected Strike"],"picked":"Carnage","floor":3},{"not_picked":["Heavy Blade","Body Slam"],"picked":"Infernal Blade","floor":6},{"not_picked":["Cleave","Disarm"],"picked":"Headbutt","floor":8},{"not_picked":["Evolve","Armaments"],"picked":"Pommel Strike","floor":11},{"not_picked":["Flex","Wild Strike"],"picked":"Shrug It Off","floor":13},{"not_picked":["Impervious","Bludgeon"],"picked":"Limit Break","floor":16},{"not_picked":["True Grit","Warcry"],"picked":"Clothesline","floor":18},{"not_picked":["Perfected Strike","Reckless Charge","Headbutt"],"picked":"SKIP","floor":19},{"not_picked":["Juggernaut","Clash","Body Slam"],"picked":"SKIP","floor":21},{"not_picked":["Flex","Headbutt"],"picked":"Reckless Charge+1","floor":22},{"not_picked":["Fire Breathing","Flex"],"picked":"Wild Strike+1","floor":24},{"not_picked":["Searing Blow","Perfected Strike"],"picked":"Anger","floor":27},{"not_picked":["Headbutt","Clothesline"],"picked":"Anger","floor":28},{"not_picked":["Bludgeon","Warcry"],"picked":"Anger","floor":29},{"not_picked":["Rampage","Sword Boomerang"],"picked":"Warcry","floor":31},{"not_picked":["Corruption","Immolate"],"picked":"Feed","floor":33},{"not_picked":["Bloodletting","Inflame+1"],"picked":"Armaments+1","floor":35},{"not_picked":["Fire Breathing+1","Second Wind","Blood for Blood"],"picked":"SKIP","floor":37},{"not_picked":["Rampage","Dropkick"],"picked":"Anger","floor":38},{"not_picked":["Armaments","Fire Breathing+1","Sentinel"],"picked":"SKIP","floor":39},{"not_picked":["Armaments","Seeing Red"],"picked":"Hemokinesis+1","floor":41},{"not_picked":["Panache","Bandage Up"],"picked":"Dark Shackles","floor":44},{"not_picked":["Metallicize+1","Wild Strike+1","Headbutt"],"picked":"Singing Bowl","floor":45},{"not_picked":["True Grit","Feel No Pain+1","Warcry"],"picked":"Singing Bowl","floor":47}],"player_experience":1689657,"relics_obtained":[{"floor":6,"key":"Eternal Feather"},{"floor":8,"key":"TungstenRod"},{"floor":9,"key":"Bottled Flame"},{"floor":11,"key":"Shuriken"},{"floor":24,"key":"Red Skull"},{"floor":28,"key":"StoneCalendar"},{"floor":41,"key":"Singing Bowl"},{"floor":43,"key":"MawBank"}],"event_choices":[{"damage_healed":0,"gold_gain":0,"player_choice":"Box","damage_taken":0,"relics_obtained":["Ornamental Fan"],"max_hp_gain":0,"max_hp_loss":0,"event_name":"Big Fish","floor":2,"gold_loss":0,"cards_obtained":["Regret"]},{"damage_healed":0,"gold_gain":0,"player_choice":"Ignored","damage_taken":0,"max_hp_gain":0,"max_hp_loss":0,"event_name":"Golden Idol","floor":5,"gold_loss":0},{"damage_healed":0,"gold_gain":0,"player_choice":"","damage_taken":6,"max_hp_gain":0,"max_hp_loss":0,"event_name":"Knowing Skull","floor":20,"potions_obtained":[],"gold_loss":0,"cards_obtained":[]},{"damage_healed":0,"gold_gain":0,"player_choice":"Got Potions","damage_taken":0,"max_hp_gain":0,"max_hp_loss":0,"event_name":"Lab","floor":36,"gold_loss":0},{"damage_healed":0,"gold_gain":0,"player_choice":"Memory 1","damage_taken":0,"max_hp_gain":0,"max_hp_loss":0,"event_name":"SensoryStone","floor":44,"gold_loss":0}],"is_beta":false,"boss_relics":[{"not_picked":["Calling Bell","Busted Crown"],"picked":"Fusion Hammer"},{"not_picked":["Cursed Key","Tiny House"],"picked":"Astrolabe"}],"items_purged_floors":[4],"is_endless":false,"potions_floor_spawned":[1,8,11,16,21,24,28,29,31,35,37,45],"killed_by":"Giant Head","ascension_level":14}}