{"host":"g200jza2br9hmesm","time":1613978245,"event":{"mods":["AchievementEnabler","BaseMod","Colored Map","Downfall","Minty Spire (QoL Compilation)","Quick Restart","Relic Stats","StSLib"],"gold_per_floor":[109,109,127,19,19,54,72,88,88,88,104,104,121,136,136,231,231,251,268,120,139,139,139,177,3,27,82,94,117,129,16,16,124,124,151,196,196,216,62,93,93,143,169,169,199,199,212,221,221,221],"floor_reached":51,"language":"ENG","playtime":2455,"items_purged":["Strike_G","Strike_G","Strike_G"],"score":1053,"play_id":"d8855ed7-d8ef-4d9e-87e3-504fdd381ff2","local_time":"20210222021725","is_ascension_mode":true,"campfire_choices":[{"data":"Distraction","floor":10,"key":"SMITH"},{"data":"Accuracy","floor":12,"key":"SMITH"},{"data":"Blade Dance","floor":15,"key":"SMITH"},{"data":"Cloak And Dagger","floor":23,"key":"SMITH"},{"floor":32,"key":"REST"},{"floor":41,"key":"REST"},{"data":"1","floor":44,"key":"LIFT"},{"floor":46,"key":"REST"},{"floor":49,"key":"REST"}],"circlet_count":0,"master_deck":["Defend_G+1","Defend_G","Defend_G","Defend_G","Survivor","Neutralize","Cloak And Dagger+1","Blur","Accuracy+1","Escape Plan","Distraction+1","Backstab","Blade Dance+1","Envenom+1","Infinite Blades+1","Terror+1","Footwork+1","Infinite Blades+1","Masterful Stab+1","Adrenaline","Noxious Fumes+1","Dark Shackles"],"relics":["Ring of the Snake","NeowsBlessing","CultistMask","Frozen Egg 2","Kunai","Runic Dome","CeramicFish","MawBank","Pen Nib","Enchiridion","Empty Cage","Girya","TwistedFunnel","Snake Skull","Thread and Needle","Omamori","Peace Pipe"],"acts_visited":["Exordium","TheCity","TheBeyond"],"potions_floor_usage":[8,24,24,24,27,33,36,50,50],"damage_taken":[{"damage":0,"enemies":"Small Slimes","floor":1,"turns":1},{"damage":0,"enemies":"Jaw Worm","floor":3,"turns":1},{"damage":0,"enemies":"Gremlin Nob","floor":6,"turns":1},{"damage":0,"enemies":"Cultist","floor":7,"turns":7},{"damage":2,"enemies":"Lots of Slimes","floor":8,"turns":3},{"damage":9,"enemies":"2 Fungi Beasts","floor":11,"turns":3},{"damage":2,"enemies":"Blue Slaver","floor":13,"turns":3},{"damage":0,"enemies":"3 Louse","floor":14,"turns":4},{"damage":14,"enemies":"The Guardian","floor":16,"turns":10},{"damage":0,"enemies":"3 Byrds","floor":18,"turns":3},{"damage":0,"enemies":"Shell Parasite","floor":19,"turns":5},{"damage":9,"enemies":"Chosen and Byrds","floor":21,"turns":6},{"damage":24,"enemies":"Book of Stabbing","floor":24,"turns":3},{"damage":18,"enemies":"Slavers","floor":27,"turns":4},{"damage":6,"enemies":"Centurion and Healer","floor":29,"turns":3},{"damage":9,"enemies":"Champ","floor":33,"turns":6},{"damage":4,"enemies":"3 Darklings","floor":35,"turns":4},{"damage":25,"enemies":"2 Orb Walkers","floor":36,"turns":4},{"damage":2,"enemies":"Orb Walker","floor":38,"turns":3},{"damage":0,"enemies":"Nemesis","floor":40,"turns":3},{"damage":18,"enemies":"Mind Bloom Boss Battle","floor":42,"turns":4},{"damage":19,"enemies":"Reptomancer","floor":45,"turns":3},{"damage":0,"enemies":"3 Darklings","floor":47,"turns":4},{"damage":20,"enemies":"Donu and Deca","floor":50,"turns":6}],"seed_played":"4551857039514429987","potions_obtained":[{"floor":3,"key":"LiquidMemories"},{"floor":7,"key":"Fire Potion"},{"floor":8,"key":"PowerPotion"},{"floor":11,"key":"CunningPotion"},{"floor":13,"key":"Poison Potion"},{"floor":27,"key":"BlessingOfTheForge"},{"floor":29,"key":"champ:CounterPotion"},{"floor":33,"key":"sneckomod:MuddlingPotion"},{"floor":36,"key":"EssenceOfSteel"},{"floor":42,"key":"SmokeBomb"},{"floor":45,"key":"Guardian:BlockOnCardUsePotion"}],"is_trial":false,"path_per_floor":["M","?","M","$","?","E","M","M","T","R","M","R","M","M","R","B",null,"M","M","$","M","?","R","E","$","T","E","?","M","?","$","R","B",null,"M","?","?","M","$","E","R","?","T","R","E","R","M","?","R","B",null],"character_chosen":"THE_SILENT","items_purchased":["Accuracy","Escape Plan","Footwork+1","DistilledChaos","TwistedFunnel"],"campfire_rested":4,"item_purchase_floors":[4,4,20,25,39],"current_hp_per_floor":[63,49,49,49,49,49,49,47,47,47,38,38,36,36,36,22,58,58,58,58,49,49,49,25,25,25,7,30,24,8,8,29,20,58,54,29,29,27,27,27,48,30,30,30,11,32,32,32,53,33],"gold":221,"neow_bonus":"THREE_ENEMY_KILL","is_daily":false,"chose_seed":false,"campfire_upgraded":4,"win_rate":0.0,"timestamp":1613978245,"path_taken":["M","?","M","$","?","E","M","M","T","R","M","R","M","?","R","BOSS","M","M","$","?","?","R","E","$","T","E","?","M","?","?","R","BOSS","M","?","?","M","$","E","R","?","T","R","E","R","?","?","R","BOSS"],"items_purchased_type":["Card","Card","Card","Potion","Relic"],"build_version":"2020-12-22","purchased_purges":3,"victory":true,"max_hp_per_floor":[70,70,70,70,70,70,70,70,70,70,70,70,70,70,70,70,70,70,70,70,70,70,70,70,70,70,70,70,70,70,70,70,70,70,70,70,70,70,70,70,70,70,70,70,70,70,70,70,70,70],"relic_stats":{"Peace Pipe":0,"counters":[24,94],"CeramicFish":45,"Pen Nib":[16],"Snake Skull":[80],"Kunai":[67],"MawBank":60,"obtain_stats":[{"TwistedFunnel":39,"Girya":36,"NeowsBlessing":0,"CeramicFish":24,"Enchiridion":30,"Thread and Needle":42,"Pen Nib":27,"Snake Skull":40,"Omamori":43,"Frozen Egg 2":6,"MawBank":26,"Empty Cage":34,"Peace Pipe":45,"Runic Dome":17,"CultistMask":5,"Kunai":9,"Ring of the Snake":0},{"TwistedFunnel":19,"Girya":18,"NeowsBlessing":0,"CeramicFish":13,"Enchiridion":15,"Thread and Needle":21,"Pen Nib":14,"Snake Skull":20,"Omamori":21,"Frozen Egg 2":3,"MawBank":13,"Empty Cage":16,"Peace Pipe":22,"Runic Dome":9,"CultistMask":2,"Kunai":5,"Ring of the Snake":0},{"TwistedFunnel":74,"Girya":71,"NeowsBlessing":0,"CeramicFish":50,"Enchiridion":57,"Thread and Needle":81,"Pen Nib":54,"Snake Skull":77,"Omamori":81,"Frozen Egg 2":3,"MawBank":50,"Empty Cage":63,"Peace Pipe":84,"Runic Dome":33,"CultistMask":2,"Kunai":13,"Ring of the Snake":0}],"Ring of the Snake":[48]},"card_choices":[{"not_picked":["Flying Knee","Dagger Spray"],"picked":"Cloak And Dagger","floor":1},{"not_picked":["Dodge and Roll","Noxious Fumes"],"picked":"Blur","floor":3},{"not_picked":["Poisoned Stab","All Out Attack"],"picked":"Distraction","floor":6},{"not_picked":["Slice","Outmaneuver"],"picked":"Backstab","floor":7},{"not_picked":["Dodge and Roll","Cloak And Dagger"],"picked":"Blade Dance","floor":8},{"not_picked":["Sucker Punch","All Out Attack"],"picked":"Envenom+1","floor":11},{"not_picked":["Sucker Punch","Cloak And Dagger","Flechettes"],"picked":"SKIP","floor":13},{"not_picked":["Deflect","Blur","Outmaneuver"],"picked":"SKIP","floor":14},{"not_picked":["Concentrate","Dagger Throw"],"picked":"Infinite Blades+1","floor":18},{"not_picked":["Outmaneuver+1","Blur"],"picked":"Terror+1","floor":19},{"not_picked":["Dodge and Roll","Acrobatics","Outmaneuver"],"picked":"SKIP","floor":21},{"not_picked":["Concentrate+1","Footwork+1"],"picked":"Infinite Blades+1","floor":24},{"not_picked":["Predator","Terror"],"picked":"Masterful Stab+1","floor":27},{"not_picked":["Catalyst","Well Laid Plans+1","Endless Agony"],"picked":"SKIP","floor":29},{"not_picked":["Tools of the Trade+1","Wraith Form v2+1"],"picked":"Adrenaline","floor":33},{"not_picked":["Underhanded Strike","Quick Slash"],"picked":"Noxious Fumes+1","floor":35},{"not_picked":["Slice+1","Bouncing Flask+1","PiercingWail+1"],"picked":"SKIP","floor":38},{"not_picked":["Dodge and Roll","Grand Finale","Skewer"],"picked":"SKIP","floor":40},{"not_picked":["Slice","Blade Dance+1","Quick Slash+1"],"picked":"SKIP","floor":45},{"not_picked":["Well Laid Plans+1","Underhanded Strike+1","Prepared+1"],"picked":"SKIP","floor":47},{"not_picked":["Mind Blast","Trip"],"picked":"Dark Shackles","floor":48}],"player_experience":336389,"relics_obtained":[{"floor":6,"key":"Frozen Egg 2"},{"floor":9,"key":"Kunai"},{"floor":24,"key":"CeramicFish"},{"floor":26,"key":"MawBank"},{"floor":27,"key":"Pen Nib"},{"floor":30,"key":"Enchiridion"},{"floor":36,"key":"Girya"},{"floor":40,"key":"Snake Skull"},{"floor":42,"key":"Thread and Needle"},{"floor":43,"key":"Omamori"},{"floor":45,"key":"Peace Pipe"}],"event_choices":[{"damage_healed":0,"gold_gain":0,"player_choice":"Entered Light","damage_taken":14,"max_hp_gain":0,"max_hp_loss":0,"event_name":"Shining Light","floor":2,"gold_loss":0,"cards_upgraded":["Defend_G","Strike_G"]},{"damage_healed":0,"gold_gain":0,"player_choice":"Trade","damage_taken":0,"relics_obtained":["CultistMask"],"max_hp_gain":0,"max_hp_loss":0,"event_name":"FaceTrader","floor":5,"gold_loss":0},{"damage_healed":0,"gold_gain":0,"player_choice":"Ignored","damage_taken":0,"max_hp_gain":0,"max_hp_loss":0,"event_name":"Ghosts","floor":22,"gold_loss":0},{"damage_healed":23,"gold_gain":0,"player_choice":"Heal","damage_taken":0,"max_hp_gain":0,"max_hp_loss":0,"event_name":"The Library","floor":28,"gold_loss":0},{"damage_healed":0,"gold_gain":0,"player_choice":"Obtained Book","damage_taken":16,"max_hp_gain":0,"max_hp_loss":0,"event_name":"Cursed Tome","floor":30,"gold_loss":0},{"damage_healed":0,"gold_gain":0,"player_choice":"Fight","damage_taken":0,"max_hp_gain":0,"max_hp_loss":0,"event_name":"Mysterious Sphere","floor":36,"gold_loss":0},{"cards_removed":["Defend_G"],"damage_healed":0,"gold_gain":0,"player_choice":"Removed Skill","damage_taken":0,"max_hp_gain":0,"max_hp_loss":0,"event_name":"Falling","floor":37,"gold_loss":0},{"damage_healed":0,"gold_gain":0,"player_choice":"Fight","damage_taken":0,"max_hp_gain":0,"max_hp_loss":0,"event_name":"MindBloom","floor":42,"gold_loss":0},{"damage_healed":0,"gold_gain":0,"player_choice":"Memory 1","damage_taken":0,"max_hp_gain":0,"max_hp_loss":0,"event_name":"SensoryStone","floor":48,"gold_loss":0}],"is_beta":false,"boss_relics":[{"not_picked":["Snecko Eye","Velvet Choker"],"picked":"Runic Dome"},{"not_picked":["Philosopher\u0027s Stone","Astrolabe"],"picked":"Empty Cage"}],"items_purged_floors":[20,25,31],"is_endless":false,"potions_floor_spawned":[3,7,8,11,13,21,27,29,33,36,42,45,47],"ascension_level":7}}