{"host":"h5acbxt0wmjo1kpm","time":1613974113,"event":{"mods":["2.2 Compatiblity","Act Like it!","AlwaysNeverKeys","Aspiration","Bard","Bartender","BaseMod","Better Third Choice","Colored Map","Elementarium","Gensokyo","GifTheSpireLib","Hallownest","Marisa????????","Menagerie","Minty Spire (QoL Compilation)","Permanent Neow","Potionbrewer","Quick Restart","Relic Filter","Reliquary","Replay The Spire","Robot Space Explorer","Ruina","RumiaBox-????????","Shade Mod","Shapeshifter Mod","Spicy Shops","StSLib","Strawberry Spire","The Blackbeard","The Dragon Tamer","The Gatherer","The Hayseed","The Problem Sleuth","The Servant 0.9.4","Wandering Minibosses","Wide Potions"],"gold_per_floor":[364,38,38,51,69,69,94,94,143,143,143,171,189,215,215,313,313,325,336,336,12,12,37,37,54,54,79,96,127,127,144,144,245,245,257,276,296,136,183,187,187],"floor_reached":40,"language":"ENG","playtime":3390,"items_purged":["Pain"],"score":566,"play_id":"37491cf1-eec7-48bf-aade-bdbcc8eacb7b","local_time":"20210221220833","is_ascension_mode":false,"campfire_choices":[{"data":"Midas Touch","floor":6.0,"key":"SMITH"},{"data":"StSShapeShifter:Garden","floor":8.0,"key":"SMITH"},{"floor":10.0,"key":"REST"},{"floor":15.0,"key":"REST"},{"floor":24.0,"key":"REST"},{"data":"TheSimpletonMod:Frostbite","floor":32.0,"key":"PURGE"}],"circlet_count":0,"master_deck":["StSShapeShifter:ShapeShifter_Strike+1","StSShapeShifter:ShapeShifter_Strike","StSShapeShifter:ShapeShifter_Defend","StSShapeShifter:ShapeShifter_Defend","StSShapeShifter:ShapeShifter_Defend","StSShapeShifter:ShapeShifter_Defend+1","StSShapeShifter:ShapeShifter_Defend","StSShapeShifter:Tortoise_Form","StSShapeShifter:Lynx_Form","StSShapeShifter:Tortoise_Form","StSShapeShifter:EagleForm","Midas Touch+1","StSShapeShifter:Garden+1","StSShapeShifter:Mystical_Branch","strawberrySpire:Plunge","Dagger Spray","Dash","StSShapeShifter:Summer","StSShapeShifter:BaskInBloom","StSShapeShifter:SkullBash","StSShapeShifter:Flourish+1","ruina:FadedMemories","StSShapeShifter:Flourish+1","StSShapeShifter:Roar+1","StSShapeShifter:Flourish+1","StSShapeShifter:HydraForm","StSShapeShifter:FoxForm","StSShapeShifter:Evolution+1","StSShapeShifter:Flood","StSShapeShifter:RhinoCalfForm"],"relics":["StSShapeShifter:AnimalHeart","StSShapeShifter:TheShapeShiftersMagnolia","OrangePellets","Hallownest:DreamNailRelic","Boot","Vajra","Simple Rune","Replay:Bottled Steam","Snecko Eye","Cleaning_Rag","Membership Card","Strawberry","ReplayTheSpireMod:CursedCoin","MagicDraw2","reliquary:BallBearing","wanderingMiniBosses:Inkheart","reliquary:TridentHead","Shuriken","aspiration:RunicSpoon","aspiration:SeaSaltIceCream","SecretRecord","CatCart"],"acts_visited":["Hallownest:Greenpath","ruina:Briah","TheBeyond"],"potions_floor_usage":[36,40],"damage_taken":[{"damage":3.0,"enemies":"Hallownest:2_Tiktiks_and_1_Crawlid","floor":1.0,"turns":3.0},{"damage":0.0,"enemies":"Hallownest:monsterHuskGuard","floor":4.0,"turns":3.0},{"damage":9.0,"enemies":"Hallownest:2_MossCreeps","floor":5.0,"turns":4.0},{"damage":51.0,"enemies":"Hallownest:eliteCrystalGuardian","floor":7.0,"turns":7.0},{"damage":13.0,"enemies":"Hallownest:eliteMossKnight","floor":12.0,"turns":6.0},{"damage":3.0,"enemies":"Hallownest:monsterFoolEater","floor":13.0,"turns":3.0},{"damage":14.0,"enemies":"Hallownest:eliteCrystalGuardian","floor":14.0,"turns":6.0},{"damage":9.0,"enemies":"Hallownest:BossHornet","floor":16.0,"turns":4.0},{"damage":24.0,"enemies":"ruina:BadWolf","floor":18.0,"turns":3.0},{"damage":0.0,"enemies":"ruina:Nosferatu","floor":19.0,"turns":3.0},{"damage":11.0,"enemies":"ruina:RoadHome","floor":23.0,"turns":4.0},{"damage":10.0,"enemies":"ruina:QueenOfHate","floor":25.0,"turns":7.0},{"damage":0.0,"enemies":"ruina:Mountain","floor":27.0,"turns":6.0},{"damage":0.0,"enemies":"ruina:Nos_and_Bat","floor":28.0,"turns":2.0},{"damage":0.0,"enemies":"ruina:ServantOfWrath","floor":29.0,"turns":4.0},{"damage":0.0,"enemies":"ruina:KingOfGreed","floor":30.0,"turns":1.0},{"damage":21.0,"enemies":"ruina:3_Scarecrows","floor":31.0,"turns":2.0},{"damage":10.0,"enemies":"ruina:Red_and_Wolf","floor":33.0,"turns":6.0},{"damage":0.0,"enemies":"3 Darklings","floor":35.0,"turns":1.0},{"damage":0,"enemies":"Orb Walker","floor":36,"turns":5},{"damage":10,"enemies":"Spire Growth","floor":37,"turns":3},{"damage":0,"enemies":"Orin","floor":39,"turns":2},{"damage":0,"enemies":"R_Hoarder","floor":40,"turns":5}],"seed_played":"-6047067653173881585","potions_obtained":[{"floor":1.0,"key":"Cursed Concoction"},{"floor":13.0,"key":"potionbrewer:CleansingPotion"},{"floor":14.0,"key":"EntropicBrew"},{"floor":23.0,"key":"SmokeBomb"},{"floor":31.0,"key":"EntropicBrew"},{"floor":33.0,"key":"potionbrewer:NoxiousPotion"},{"floor":35,"key":"potionbrewer:StunPotion"},{"floor":36,"key":"StSShapeShifter:PolyBeastPotion"}],"is_trial":false,"path_per_floor":["M","$","?","M","M","R","E","R","T","R","?","E","M","E","R","B",null,"M","M","?","$","?","E","R","M","T","E","M","E","M","M","R_BF","B",null,"M","M","M","$","?","E"],"character_chosen":"SHAPESHIFTER","items_purchased":["Midas Touch","OrangePellets","Membership Card","Strawberry","ReplayTheSpireMod:CursedCoin","MagicDraw2","ruina:FadedMemories","aspiration:SeaSaltIceCream","StSShapeShifter:RhinoCalfForm"],"campfire_rested":3,"item_purchase_floors":[2,2,21,21,21,21,21,38,38],"current_hp_per_floor":[75,75,75,75,68,68,17,17,17,40,40,29,26,12,35,26,78,54,54,54,61,36,25,50,42,42,44,44,48,48,27,27,17,83,83,83,73,73,73,73,73],"gold":187,"neow_bonus":"TWO_FIFTY_GOLD","is_daily":false,"chose_seed":false,"campfire_upgraded":2,"win_rate":0.0,"timestamp":1613974113,"path_taken":["M","$","?","?","M","R","E","R","T","R","?","E","M","E","R","BOSS","M","?","?","$","?","E","R","M","T","E","M","E","M","M","R_BF","BOSS","M","M","M","$","?","E"],"items_purchased_type":["Card","Relic","Relic","Relic","Relic","Relic","Card","Relic","Card"],"build_version":"2020-12-22","purchased_purges":1,"victory":false,"max_hp_per_floor":[78,78,78,78,78,78,78,78,78,78,78,78,78,78,78,78,78,78,78,78,85,85,85,85,83,83,83,83,83,83,83,83,83,83,83,83,83,83,83,83,83],"card_choices":[{"not_picked":["StSShapeShifter:FallingLeaves","StSShapeShifter:Maul"],"picked":"StSShapeShifter:EagleForm","floor":1.0},{"not_picked":["StSShapeShifter:BaskInBloom","StSShapeShifter:Ensconce"],"picked":"StSShapeShifter:Garden","floor":4.0},{"not_picked":["StSShapeShifter:FruitBasket","StSShapeShifter:Guard"],"picked":"StSShapeShifter:Mystical_Branch","floor":5.0},{"not_picked":["StSShapeShifter:OpportuneSwoop","StSShapeShifter:SquirrelForm","StSShapeShifter:PoisonIvy"],"picked":"SKIP","floor":7.0},{"not_picked":["StSShapeShifter:Wildfire2","StSShapeShifter:Rest","StSShapeShifter:SquirrelForm"],"picked":"SKIP","floor":12.0},{"not_picked":["StSShapeShifter:Rest","StSShapeShifter:EntForm"],"picked":"StSShapeShifter:Summer","floor":13.0},{"not_picked":["StSShapeShifter:ThrashAbout","StSShapeShifter:RockSlide"],"picked":"StSShapeShifter:BaskInBloom","floor":14.0},{"not_picked":["StSShapeShifter:BurstOfLifeEscapeDeath","StSShapeShifter:WolfsBane"],"picked":"StSShapeShifter:SkullBash","floor":16.0},{"not_picked":["StSShapeShifter:FallingLeaves","StSShapeShifter:DeerForm"],"picked":"StSShapeShifter:Flourish","floor":18.0},{"not_picked":["StSShapeShifter:ClimbTree+1","StSShapeShifter:PoisonIvy+1","StSShapeShifter:ThornedSkin+1"],"picked":"SKIP","floor":19.0},{"not_picked":["StSShapeShifter:PoisonIvy","StSShapeShifter:BearForm"],"picked":"StSShapeShifter:Roar+1","floor":23.0},{"not_picked":["StSShapeShifter:AdaptiveStrikes+1","StSShapeShifter:OwlForm"],"picked":"StSShapeShifter:Flourish+1","floor":25.0},{"not_picked":["StSShapeShifter:SunflowerShuriken","StSShapeShifter:Evolution"],"picked":"StSShapeShifter:HydraForm","floor":27.0},{"not_picked":["StSShapeShifter:MonkeyForm+1","StSShapeShifter:Guard","StSShapeShifter:ThornToss"],"picked":"SKIP","floor":28.0},{"not_picked":["StSShapeShifter:FlamingoForm","StSShapeShifter:VineHandcuffs"],"picked":"StSShapeShifter:FoxForm","floor":29.0},{"not_picked":["StSShapeShifter:FallingLeaves+1","StSShapeShifter:EntForm"],"picked":"StSShapeShifter:Evolution+1","floor":31.0},{"not_picked":["StSShapeShifter:Vengeance","StSShapeShifter:Pounce"],"picked":"StSShapeShifter:Flood","floor":33.0},{"not_picked":["StSShapeShifter:Rest+1","StSShapeShifter:ReplenishingNectar","StSShapeShifter:BarkSkin+1"],"picked":"SKIP","floor":35},{"not_picked":["StSShapeShifter:FallingLeaves+1","StSShapeShifter:BladeOfGrass","StSShapeShifter:HippoForm"],"picked":"SKIP","floor":36},{"not_picked":["StSShapeShifter:FesteringBite+1","StSShapeShifter:Guard","StSShapeShifter:SunflowerShuriken+1"],"picked":"SKIP","floor":37}],"player_experience":2303680,"relics_obtained":[{"floor":7.0,"key":"Boot"},{"floor":9.0,"key":"Vajra"},{"floor":12.0,"key":"Simple Rune"},{"floor":14.0,"key":"Replay:Bottled Steam"},{"floor":23.0,"key":"reliquary:BallBearing"},{"floor":25.0,"key":"wanderingMiniBosses:Inkheart"},{"floor":27.0,"key":"reliquary:TridentHead"},{"floor":29.0,"key":"Shuriken"},{"floor":39,"key":"CatCart"}],"event_choices":[{"damage_healed":0,"gold_gain":0,"player_choice":"Fight","damage_taken":0,"max_hp_gain":0,"max_hp_loss":0,"event_name":"OrinTheCat","floor":39,"gold_loss":0}],"is_beta":false,"boss_relics":[{"not_picked":["Painkiller Herb","AddBug"],"picked":"Snecko Eye"},{"not_picked":["Coffee Dripper","Black Star"],"picked":"aspiration:RunicSpoon"}],"items_purged_floors":[21],"is_endless":false,"potions_floor_spawned":[1,13,14,16,23,30,31,33,35,36],"killed_by":"R_Hoarder","ascension_level":0}}