{"host":"2se5dq1do2gp0x9k","time":1613976135,"event":{"mods":["AchievementEnabler","BaseMod","Block Reminder","Colored Map","Colored Powertips","Minty Spire (QoL Compilation)","Relic Stats","StSLib","SuperFastMode"],"gold_per_floor":[119,119,164,58,74,112,11,56,83,110,110,143,143,156,156,264,291,325,340,359,213,49,96,96,119,119,151,174,174,212,240,240,240,240],"floor_reached":33,"language":"ENG","playtime":1237,"items_purged":["Strike_P","Defend_P"],"score":631,"play_id":"8f9faa0e-0ce3-4e3c-ab16-dd15f5249398","local_time":"20210221224215","is_ascension_mode":true,"campfire_choices":[{"data":"Ragnarok","floor":11.0,"key":"SMITH"},{"data":"TalkToTheHand","floor":13.0,"key":"SMITH"},{"floor":15.0,"key":"REST"},{"floor":24,"key":"REST"},{"floor":29,"key":"REST"},{"floor":32,"key":"REST"}],"circlet_count":0,"master_deck":["AscendersBane","Defend_P+1","Defend_P+1","Defend_P","Eruption","Vigilance","TalkToTheHand+1","FlyingSleeves","Wireheading","Conclude","Ragnarok+1","JustLucky+1","Nirvana+1","JustLucky+1","LessonLearned","Halt+1","CrushJoints+1","FlyingSleeves+1","ThirdEye","CutThroughFate","Turbo+1","Venomology","Headbutt","Warcry"],"relics":["PureWater","NeowsBlessing","Golden Idol","Nunchaku","Incense Burner","CeramicFish","Vajra","Happy Flower","Astrolabe","PrismaticShard","PreservedInsect","Strawberry","Pen Nib"],"acts_visited":["Exordium","TheCity"],"potions_floor_usage":[16,19,20,28,28,30,31,31,33,33,33],"damage_taken":[{"damage":0.0,"enemies":"2 Louse","floor":1.0,"turns":1.0},{"damage":0.0,"enemies":"Jaw Worm","floor":5.0,"turns":1.0},{"damage":0.0,"enemies":"Lagavulin","floor":6.0,"turns":1.0},{"damage":12.0,"enemies":"3 Sentries","floor":8.0,"turns":3.0},{"damage":0.0,"enemies":"Cultist","floor":10.0,"turns":2.0},{"damage":14.0,"enemies":"Gremlin Nob","floor":12.0,"turns":4.0},{"damage":10.0,"enemies":"Gremlin Gang","floor":14.0,"turns":4.0},{"damage":14,"enemies":"The Guardian","floor":16,"turns":9},{"damage":4,"enemies":"Shell Parasite","floor":18,"turns":3},{"damage":8,"enemies":"2 Thieves","floor":19,"turns":3},{"damage":11,"enemies":"Shelled Parasite and Fungi","floor":20,"turns":3},{"damage":8,"enemies":"Gremlin Leader","floor":23,"turns":7},{"damage":12,"enemies":"Snecko","floor":25,"turns":5},{"damage":5,"enemies":"Centurion and Healer","floor":27,"turns":3},{"damage":9,"enemies":"Shelled Parasite and Fungi","floor":28,"turns":3},{"damage":3,"enemies":"Book of Stabbing","floor":30,"turns":3},{"damage":16,"enemies":"Sentry and Sphere","floor":31,"turns":4},{"damage":55,"enemies":"Collector","floor":33,"turns":5}],"seed_played":"-3731463139401754000","potions_obtained":[{"floor":6.0,"key":"Ambrosia"},{"floor":8.0,"key":"EssenceOfSteel"},{"floor":14.0,"key":"LiquidMemories"},{"floor":16,"key":"ColorlessPotion"},{"floor":19,"key":"SpeedPotion"},{"floor":23,"key":"EntropicBrew"},{"floor":28,"key":"PowerPotion"},{"floor":31,"key":"Dexterity Potion"}],"is_trial":false,"path_per_floor":["M","?","T","$","M","E","$","E","T","M","R","E","R","M","R","B",null,"M","M","M","$","$","E","R","M","T","M","M","R","E","M","R","B"],"character_chosen":"WATCHER","items_purchased":["FlyingSleeves","Wireheading","JustLucky","CutThroughFate","PrismaticShard"],"campfire_rested":4,"item_purchase_floors":[4,4,7,21,22],"current_hp_per_floor":[61,61,61,61,61,61,61,49,49,49,49,35,35,25,43,29,54,50,42,31,31,31,23,41,29,36,31,22,42,39,23,43,0,0],"gold":240,"neow_bonus":"THREE_ENEMY_KILL","is_daily":false,"chose_seed":false,"campfire_upgraded":2,"win_rate":0.0,"timestamp":1613976135,"path_taken":["M","?","?","$","M","E","$","E","T","M","R","E","R","M","R","BOSS","M","M","M","?","$","E","R","M","T","?","M","R","E","M","R","BOSS"],"items_purchased_type":["Card","Card","Card","Card","Relic"],"build_version":"2020-12-22","purchased_purges":2,"victory":false,"max_hp_per_floor":[68,62,62,62,62,62,62,62,62,62,62,62,62,62,62,62,62,62,62,62,62,62,62,62,62,69,69,69,69,69,69,69,69,69],"relic_stats":{"Nunchaku":[12],"Happy Flower":[17],"counters":[18,64],"Golden Idol":97,"CeramicFish":108,"Astrolabe":["Halt","CrushJoints","FlyingSleeves"],"PreservedInsect":42,"Pen Nib":[2],"obtain_stats":[{"NeowsBlessing":0,"Happy Flower":12,"Golden Idol":2,"CeramicFish":8,"Astrolabe":17,"Vajra":9,"PreservedInsect":23,"Pen Nib":30,"Incense Burner":6,"PrismaticShard":22,"Nunchaku":3,"Strawberry":26,"PureWater":0},{"NeowsBlessing":0,"Happy Flower":6,"Golden Idol":1,"CeramicFish":4,"Astrolabe":8,"Vajra":4,"PreservedInsect":12,"Pen Nib":16,"Incense Burner":3,"PrismaticShard":11,"Nunchaku":1,"Strawberry":13,"PureWater":0},{"NeowsBlessing":0,"Happy Flower":12,"Golden Idol":1,"CeramicFish":6,"Astrolabe":25,"Vajra":6,"PreservedInsect":41,"Pen Nib":55,"Incense Burner":3,"PrismaticShard":34,"Nunchaku":1,"Strawberry":46,"PureWater":0}]},"card_choices":[{"not_picked":["BowlingBash","CrushJoints"],"picked":"TalkToTheHand","floor":1.0},{"not_picked":["InnerPeace","Worship"],"picked":"Conclude","floor":5.0},{"not_picked":["FollowUp","CutThroughFate"],"picked":"Ragnarok","floor":6.0},{"not_picked":["Collect","SashWhip"],"picked":"Nirvana","floor":8.0},{"not_picked":["EmptyBody","WheelKick"],"picked":"JustLucky","floor":10.0},{"not_picked":["PathToVictory","FearNoEvil","Crescendo"],"picked":"SKIP","floor":12.0},{"not_picked":["EmptyBody","Crescendo","SandsOfTime"],"picked":"SKIP","floor":14.0},{"not_picked":["Alpha","DevaForm"],"picked":"LessonLearned","floor":16},{"not_picked":["Halt","EmptyFist"],"picked":"ThirdEye","floor":18},{"not_picked":["DeceiveReality","WheelKick","EmptyBody"],"picked":"SKIP","floor":19},{"not_picked":["EmptyBody","WreathOfFlame","Crescendo"],"picked":"SKIP","floor":20},{"not_picked":["WaveOfTheHand","Searing Blow"],"picked":"Turbo+1","floor":23},{"not_picked":["WaveOfTheHand","Gash","FollowUp"],"picked":"SKIP","floor":25},{"not_picked":["Compile Driver","Perfected Strike+1"],"picked":"Venomology","floor":27},{"not_picked":["Leap","ReachHeaven"],"picked":"Headbutt","floor":28},{"not_picked":["Second Wind","Melter","Slice"],"picked":"SKIP","floor":30},{"not_picked":["Madness","Blood for Blood"],"picked":"Warcry","floor":31}],"player_experience":4116229,"relics_obtained":[{"floor":3.0,"key":"Nunchaku"},{"floor":6.0,"key":"Incense Burner"},{"floor":8.0,"key":"CeramicFish"},{"floor":9.0,"key":"Vajra"},{"floor":12.0,"key":"Happy Flower"},{"floor":23,"key":"PreservedInsect"},{"floor":26,"key":"Strawberry"},{"floor":30,"key":"Pen Nib"}],"event_choices":[{"damage_healed":0.0,"max_hp_gain":0.0,"max_hp_loss":6.0,"gold_gain":0.0,"event_name":"Golden Idol","player_choice":"Lose Max HP","floor":2.0,"gold_loss":0.0,"damage_taken":0.0,"relics_obtained":["Golden Idol"]}],"is_beta":false,"boss_relics":[{"not_picked":["SacredBark","Busted Crown"],"picked":"Astrolabe"}],"items_purged_floors":[7,21],"is_endless":false,"potions_floor_spawned":[6,8,14,16,19,23,28,31],"killed_by":"Collector","ascension_level":18}}