{"host":"xo0glkmxta74xh34","time":1613962469,"event":{"mods":["BaseMod","Downfall","Minty Spire (QoL Compilation)","Reliquary","Replay The Spire","StSLib"],"gold_per_floor":[119,194,159,14,25,25,45,45,45,45,72,72,90,101,101,205,205,222,137,137,153,171,171,171,171,171,22,32,32,32,45,45,150,150,166,277,277,277],"floor_reached":37,"language":"ENG","playtime":1496,"items_purged":[],"score":931,"play_id":"99d74a90-e534-4658-853c-979ad733c9b8","local_time":"20210221205429","is_ascension_mode":true,"campfire_choices":[{"data":"Vigilance","floor":6.0,"key":"SMITH"},{"data":"ConjureBlade","floor":8.0,"key":"SMITH"},{"data":"Eruption","floor":10.0,"key":"SMITH"},{"floor":15,"key":"REST"},{"floor":23,"key":"REST"},{"floor":25,"key":"REST"},{"floor":29,"key":"REST"},{"floor":32,"key":"REST"}],"circlet_count":0,"master_deck":["Strike_P","Strike_P","Strike_P","Strike_P","Defend_P","Defend_P","Defend_P","Defend_P","Eruption+1","Vigilance+1","Writhe","ConjureBlade+1","FearNoEvil","Judgement","Replay:Vibes+1","Devotion","WreathOfFlame+1","Wallop","LessonLearned","ReachHeaven+1","ReplayTheSpireMod:Splinters","FlyingSleeves+1"],"relics":["PureWater","Guardian:GemstoneGun","Membership Card","Chameleon Ring","Unceasing Top","reliquary:Solitaire","Replay:Purple Gloves","Replay:Kaleidoscope","Turnip","Bronze Scales","Ring of Chaos"],"acts_visited":["Exordium","TheCity","TheBeyond"],"potions_floor_usage":[16,18,21,33,33],"damage_taken":[{"damage":4.0,"enemies":"Cultist","floor":1.0,"turns":3.0},{"damage":0.0,"enemies":"2 Louse","floor":5.0,"turns":2.0},{"damage":0.0,"enemies":"Jaw Worm","floor":7.0,"turns":3.0},{"damage":15.0,"enemies":"Replay:BlueRogue","floor":11.0,"turns":8.0},{"damage":7,"enemies":"Large Slime","floor":13,"turns":6},{"damage":4,"enemies":"Blue Slaver","floor":14,"turns":5},{"damage":48,"enemies":"The Guardian","floor":16,"turns":8},{"damage":0,"enemies":"Chosen","floor":18,"turns":3},{"damage":6,"enemies":"2 Thieves","floor":21,"turns":5},{"damage":41,"enemies":"Cultist and Chosen","floor":22,"turns":10},{"damage":26,"enemies":"Snake Plant","floor":28,"turns":5},{"damage":24,"enemies":"Centurion and Healer","floor":31,"turns":8},{"damage":11,"enemies":"Pondfish","floor":33,"turns":9},{"damage":42,"enemies":"3 Darklings","floor":35,"turns":9},{"damage":23,"enemies":"Orb Walker","floor":37,"turns":3}],"seed_played":"-7886820739465903041","potions_obtained":[{"floor":1.0,"key":"Doom Potion"},{"floor":11.0,"key":"Fire Potion"},{"floor":16,"key":"Flashbang"},{"floor":18,"key":"SteroidPotion"},{"floor":28,"key":"BottledMiracle"}],"is_trial":false,"path_per_floor":["M","?","?","$","M","R","M","R","T","R","E","?","M","M","R","B",null,"M","?","?","M","M","R","?","R","T","$","M","R","?","M","R","B",null,"M","?","M"],"character_chosen":"WATCHER","items_purchased":["Membership Card","Turnip"],"campfire_rested":5,"item_purchase_floors":[4,27],"current_hp_per_floor":[61,50,68,68,68,68,68,68,68,68,53,53,46,42,63,15,58,58,58,58,52,11,32,19,42,42,42,16,39,39,15,38,27,65,23,23,0,0],"gold":277,"neow_bonus":"ONE_RARE_RELIC","is_daily":false,"chose_seed":false,"campfire_upgraded":3,"win_rate":0.0,"timestamp":1613962469,"path_taken":["M","?","?","?","M","R","M","R","T","R","E","?","?","M","R","BOSS","M","?","?","M","?","R","?","R","T","$","M","R","?","?","R","BOSS","M","?","?"],"items_purchased_type":["Relic","Relic"],"build_version":"2020-12-22","purchased_purges":0,"victory":false,"max_hp_per_floor":[72,72,72,72,72,72,72,72,72,72,72,72,72,72,72,72,72,72,72,72,72,72,72,77,77,77,77,77,77,77,77,77,77,77,77,77,77,77],"card_choices":[{"not_picked":["ClearTheMind","FlyingSleeves","Protect"],"picked":"SKIP","floor":1.0},{"not_picked":["ClearTheMind","Prostrate"],"picked":"ConjureBlade","floor":5.0},{"not_picked":["EmptyBody","SashWhip"],"picked":"FearNoEvil","floor":7.0},{"not_picked":["EmptyBody","Replay:ManipulateFuture","FlurryOfBlows"],"picked":"SKIP","floor":11.0},{"not_picked":["Replay:Hum","Crescendo","Tantrum"],"picked":"SKIP","floor":13},{"not_picked":["Crescendo","Prostrate","EmptyFist"],"picked":"SKIP","floor":14},{"not_picked":["Replay:AllIn","SpiritShield"],"picked":"Judgement","floor":16},{"not_picked":["Consecrate+1","FlurryOfBlows"],"picked":"Replay:Vibes+1","floor":18},{"not_picked":["ClearTheMind","FlyingSleeves","Weave"],"picked":"SKIP","floor":21},{"not_picked":["FlurryOfBlows","Collect+1"],"picked":"Devotion","floor":22},{"not_picked":["Conclude","Fasting2"],"picked":"WreathOfFlame+1","floor":28},{"not_picked":["BowlingBash","Replay:AtTheReady"],"picked":"Wallop","floor":31},{"not_picked":["Ragnarok","Vault"],"picked":"LessonLearned","floor":33},{"not_picked":["FlurryOfBlows+1","ThirdEye+1"],"picked":"ReachHeaven+1","floor":35},{"not_picked":["PathToVictory","ConjureBlade"],"picked":"FlyingSleeves+1","floor":36}],"player_experience":533471,"relics_obtained":[{"floor":9.0,"key":"Chameleon Ring"},{"floor":11.0,"key":"Unceasing Top"},{"floor":26,"key":"Replay:Kaleidoscope"}],"event_choices":[{"damage_healed":0.0,"max_hp_gain":0.0,"max_hp_loss":0.0,"gold_gain":75.0,"event_name":"World of Goop","player_choice":"Gather Gold","floor":2.0,"gold_loss":0.0,"damage_taken":11.0},{"damage_healed":18.0,"max_hp_gain":0.0,"max_hp_loss":0.0,"gold_gain":0.0,"event_name":"The Cleric","player_choice":"Healed","floor":3.0,"gold_loss":35.0,"damage_taken":0.0},{"damage_healed":0,"gold_gain":0,"player_choice":"Fled","damage_taken":0,"max_hp_gain":0,"max_hp_loss":0,"event_name":"Scrap Ooze","floor":12,"gold_loss":0},{"damage_healed":0,"gold_gain":0,"player_choice":"Obtained Relic","damage_taken":0,"relics_obtained":["Replay:Purple Gloves"],"max_hp_gain":0,"max_hp_loss":0,"event_name":"Addict","floor":19,"gold_loss":85},{"damage_healed":0,"gold_gain":0,"player_choice":"1 cards matched","damage_taken":0,"max_hp_gain":0,"max_hp_loss":0,"event_name":"Match and Keep!","floor":20,"gold_loss":0,"cards_obtained":["Replay:AtTheReady"]},{"damage_healed":0,"gold_gain":0,"player_choice":"Shed Blood","damage_taken":18,"max_hp_gain":5,"max_hp_loss":0,"event_name":"Forgotten Altar","floor":24,"gold_loss":0},{"cards_removed":["Replay:AtTheReady"],"damage_healed":0,"gold_gain":0,"player_choice":"Gave Card","damage_taken":0,"relics_obtained":["Bronze Scales"],"max_hp_gain":0,"max_hp_loss":0,"event_name":"WeMeetAgain","floor":30,"gold_loss":0}],"is_beta":false,"boss_relics":[{"not_picked":["expansioncontent:StudyCardRelic","Replay:Wanted Poster"],"picked":"reliquary:Solitaire"},{"not_picked":["Coffee Dripper","Black Star"],"picked":"Ring of Chaos"}],"items_purged_floors":[],"is_endless":false,"potions_floor_spawned":[1,11,16,18,28],"killed_by":"Orb Walker","ascension_level":9}}