{"host":"wk46m6kgjezp23jj","time":1613965406,"event":{"mods":["AchievementEnabler","BaseMod","Beaked The Cultist","Bestiary","Colored Map","Colored Powertips","Downfall","Hermit","Minty Spire (QoL Compilation)","Replay The Spire","StSLib","The Bladedancer","The Construct","The Cursed"],"gold_per_floor":[118,135,135,148,23,23,33,33,33,60,113,113,113,123,123,226,226,243,243,243,25,25,25,56,68,68,22,22,37,47,47,47,145,145,156,168,185,185,200,200,220,220,243,253,253,0,0,0,0,0,0],"floor_reached":50,"language":"ENG","playtime":2648,"items_purged":[],"score":608,"play_id":"bc2397b8-a625-4155-8925-fd802cebe493","local_time":"20210221224326","is_ascension_mode":true,"campfire_choices":[{"data":"Footwork","floor":6.0,"key":"SMITH"},{"data":"Footwork","floor":8.0,"key":"SMITH"},{"data":"Replay:Poison Smokescreen","floor":13.0,"key":"SMITH"},{"data":"Blade Dance","floor":15.0,"key":"SMITH"},{"data":"Catalyst","floor":23.0,"key":"SMITH"},{"floor":28.0,"key":"REST"},{"floor":32.0,"key":"REST"},{"floor":40,"key":"REST"},{"floor":42,"key":"REST"}],"circlet_count":0,"master_deck":["Strike_G+1","Defend_G","Defend_G","Defend_G","Defend_G","Defend_G","Survivor","Neutralize+1","Footwork+1","Outmaneuver","Blade Dance+1","Footwork+1","Dodge and Roll","Hidden Blade","Flechettes","Replay:Poison Smokescreen+1","Bane","Wraith Form v2","Catalyst+1","Corpse Explosion","Acrobatics","Noxious Fumes","Die Die Die","Finisher+1","Cloak And Dagger","Bane","Dodge and Roll+1","Corpse Explosion","expansioncontent:DashGenerateEvil","Cloak And Dagger+1","Well Laid Plans","Parasite","Crippling Poison","ReplayTheSpireMod:Private Reserves","Replay:Poison Smokescreen+1","Choke","Bane+1","Wraith Form v2"],"relics":["Ring of the Snake","Tiny Chest","Replay:Rubber Ducky","Ornamental Fan","Whetstone","TwistedFunnel","Calipers","Iron Hammer","Matryoshka","beaked:SacredDeck","Bronze Scales","ReplayTheSpireMod:Lightbulb","Thread and Needle","Nunchaku","Red Mask"],"acts_visited":["Exordium","TheCity","TheBeyond"],"potions_floor_usage":[41,50,50],"damage_taken":[{"damage":0.0,"enemies":"Cultist","floor":1.0,"turns":5.0},{"damage":5.0,"enemies":"Jaw Worm","floor":2.0,"turns":7.0},{"damage":0.0,"enemies":"2 Louse","floor":4.0,"turns":4.0},{"damage":0.0,"enemies":"Blue Slaver","floor":7.0,"turns":5.0},{"damage":0.0,"enemies":"Gremlin Nob","floor":10.0,"turns":4.0},{"damage":0.0,"enemies":"2 Fungi Beasts","floor":14.0,"turns":4.0},{"damage":22.0,"enemies":"Slime Boss","floor":16.0,"turns":13.0},{"damage":15.0,"enemies":"3 Byrds","floor":18.0,"turns":6.0},{"damage":32.0,"enemies":"Slavers","floor":24.0,"turns":3.0},{"damage":5.0,"enemies":"Spheric Guardian","floor":25.0,"turns":6.0},{"damage":14.0,"enemies":"Centurion and Healer","floor":29.0,"turns":6.0},{"damage":0.0,"enemies":"Snecko","floor":30.0,"turns":5.0},{"damage":51.0,"enemies":"Automaton","floor":33.0,"turns":12.0},{"damage":0.0,"enemies":"3 Shapes","floor":35.0,"turns":1.0},{"damage":3.0,"enemies":"Orb Walker","floor":36.0,"turns":5.0},{"damage":44,"enemies":"Writhing Mass","floor":37,"turns":10},{"damage":48,"enemies":"3 Darklings","floor":39,"turns":7},{"damage":14,"enemies":"Sphere and 2 Shapes","floor":41,"turns":7},{"damage":29,"enemies":"Transient","floor":44,"turns":5},{"damage":29,"enemies":"Awakened One","floor":50,"turns":3}],"seed_played":"-4148079074608647328","potions_obtained":[{"floor":2.0,"key":"AttackPotion"},{"floor":4.0,"key":"SkillPotion"},{"floor":10.0,"key":"Block Potion"},{"floor":16.0,"key":"FairyPotion"},{"floor":24.0,"key":"Block Potion"},{"floor":25.0,"key":"FairyPotion"},{"floor":30.0,"key":"Slimebound:ThreeZeroPotion"},{"floor":36.0,"key":"Block Potion"},{"floor":37,"key":"Dexterity Potion"},{"floor":39,"key":"champ:CounterPotion"}],"is_trial":false,"path_per_floor":["M","M","?","M","$","R","M","R","T","E","T","?","R","M","R","B",null,"M","?","?","$","T","R","E","M","T","$","R","M","M","?","R","B",null,"M","M","M","?","M","R","M","R","T","M","T","?","$","?","R_BF","B"],"character_chosen":"THE_SILENT","items_purchased":["Footwork","Dodge and Roll","TwistedFunnel","Noxious Fumes","Cloak And Dagger"],"campfire_rested":4,"item_purchase_floors":[5,5,21,21,27],"current_hp_per_floor":[70,65,65,65,65,65,65,65,65,65,65,65,65,65,65,43,70,55,42,42,42,42,42,10,5,5,5,27,13,13,13,35,14,75,75,72,28,28,3,25,11,33,33,4,4,4,4,4,26,0,0],"gold":0,"neow_bonus":"RANDOM_COMMON_RELIC","is_daily":false,"chose_seed":false,"campfire_upgraded":5,"win_rate":0.0,"timestamp":1613965406,"path_taken":["M","?","?","M","$","R","?","R","T","E","?","?","R","M","R","BOSS","M","?","?","$","?","R","E","M","T","?","R","M","M","?","R","BOSS","M","M","M","?","M","R","M","R","T","M","?","?","?","?","R_BF","BOSS"],"items_purchased_type":["Card","Card","Relic","Card","Card"],"build_version":"2020-12-22","purchased_purges":0,"victory":false,"max_hp_per_floor":[70,70,70,70,70,70,70,70,70,70,70,70,70,70,70,70,70,70,75,75,75,75,75,75,75,75,75,75,75,75,75,75,75,75,75,75,75,75,75,75,75,75,75,75,75,75,75,75,75,75,75],"card_choices":[{"not_picked":["Cloak And Dagger","Blur"],"picked":"Footwork","floor":1.0},{"not_picked":["Quick Slash","ReplayTheSpireMod:Shiv Toss"],"picked":"Outmaneuver","floor":2.0},{"not_picked":["Poisoned Stab","ReplayTheSpireMod:Tripwire"],"picked":"Blade Dance","floor":4.0},{"not_picked":["Eviscerate","Dagger Throw"],"picked":"Hidden Blade","floor":7.0},{"not_picked":["Deflect","Acrobatics"],"picked":"Flechettes","floor":10.0},{"not_picked":["Predator","Acrobatics"],"picked":"Bane","floor":14.0},{"not_picked":["A Thousand Cuts","Night Terror"],"picked":"Wraith Form v2","floor":16.0},{"not_picked":["Acrobatics","Outmaneuver"],"picked":"Catalyst","floor":18.0},{"not_picked":["Deflect","Prepared+1"],"picked":"Die Die Die","floor":24.0},{"not_picked":["Endless Agony","Backflip"],"picked":"Finisher+1","floor":25.0},{"not_picked":["Dagger Throw","PiercingWail"],"picked":"Bane","floor":29.0},{"not_picked":["Sucker Punch","Escape Plan+1"],"picked":"Dodge and Roll","floor":30.0},{"not_picked":["Glass Knife","Die Die Die"],"picked":"Corpse Explosion","floor":33.0},{"not_picked":["Bouncing Flask","Sucker Punch+1"],"picked":"Cloak And Dagger+1","floor":35.0},{"not_picked":["Deadly Poison","Flying Knee"],"picked":"Well Laid Plans","floor":36.0},{"not_picked":["Deadly Poison+1","Backstab"],"picked":"Crippling Poison","floor":37},{"not_picked":["Replay:Parry","Transmutation"],"picked":"ReplayTheSpireMod:Private Reserves","floor":38},{"not_picked":["Deflect+1","Footwork"],"picked":"Replay:Poison Smokescreen+1","floor":39},{"not_picked":["Reflex+1","ReplayTheSpireMod:Tripwire"],"picked":"Choke","floor":41},{"not_picked":["ReplayTheSpireMod:Speed Training","Escape Plan+1"],"picked":"Bane+1","floor":44}],"player_experience":50115,"relics_obtained":[{"floor":9.0,"key":"Replay:Rubber Ducky"},{"floor":10.0,"key":"Ornamental Fan"},{"floor":11.0,"key":"Whetstone"},{"floor":22.0,"key":"Calipers"},{"floor":24.0,"key":"Iron Hammer"},{"floor":26.0,"key":"Matryoshka"},{"floor":43,"key":"Bronze Scales"},{"floor":43,"key":"ReplayTheSpireMod:Lightbulb"},{"floor":45,"key":"Thread and Needle"},{"floor":45,"key":"Nunchaku"}],"event_choices":[{"cards_removed":["Strike_G"],"damage_healed":0.0,"max_hp_gain":0.0,"max_hp_loss":0.0,"gold_gain":0.0,"event_name":"Purifier","player_choice":"Purged","floor":3.0,"gold_loss":0.0,"damage_taken":0.0},{"damage_healed":0.0,"max_hp_gain":0.0,"max_hp_loss":0.0,"gold_gain":0.0,"cards_transformed":["Strike_G"],"event_name":"Living Wall","player_choice":"Change","floor":12.0,"gold_loss":0.0,"damage_taken":0.0,"cards_obtained":["Replay:Poison Smokescreen"]},{"damage_healed":0.0,"max_hp_gain":5.0,"max_hp_loss":0.0,"gold_gain":0.0,"event_name":"Forgotten Altar","player_choice":"Shed Blood","floor":19.0,"gold_loss":0.0,"damage_taken":18.0},{"damage_healed":0.0,"max_hp_gain":0.0,"max_hp_loss":0.0,"gold_gain":0.0,"cards_transformed":["Strike_G","Strike_G"],"event_name":"Drug Dealer","player_choice":"Became Test Subject","floor":20.0,"gold_loss":0.0,"damage_taken":0.0,"cards_obtained":["Corpse Explosion","Acrobatics"]},{"damage_healed":0.0,"max_hp_gain":0.0,"max_hp_loss":0.0,"gold_gain":0.0,"event_name":"Vampires","player_choice":"Ignored","floor":31.0,"gold_loss":0.0,"damage_taken":0.0},{"damage_healed":0,"gold_gain":0,"player_choice":"Memory 1","damage_taken":0,"max_hp_gain":0,"max_hp_loss":0,"event_name":"SensoryStone","floor":38,"gold_loss":0},{"damage_healed":0,"gold_gain":0,"player_choice":"Paid","damage_taken":0,"relics_obtained":["Red Mask"],"max_hp_gain":0,"max_hp_loss":0,"event_name":"Tomb of Lord Red Mask","floor":46,"gold_loss":253},{"damage_healed":0,"gold_gain":0,"player_choice":"Copied","damage_taken":0,"max_hp_gain":0,"max_hp_loss":0,"event_name":"Duplicator","floor":48,"gold_loss":0,"cards_obtained":["Wraith Form v2"]}],"is_beta":false,"boss_relics":[{"not_picked":["Runic Pyramid","Fusion Hammer","Snecko Scales"]},{"not_picked":["Busted Crown","Replay:Ancient Bell"],"picked":"beaked:SacredDeck"}],"items_purged_floors":[],"is_endless":false,"potions_floor_spawned":[2,4,10,14,16,24,25,30,36,37,39],"killed_by":"Awakened One","ascension_level":3}}