{"host":"ijtyqc57s6c9mbij","time":1613971238,"event":{"mods":["BaseMod","Colored Map","Downfall","Minty Spire (QoL Compilation)","StSLib"],"gold_per_floor":[99,118,118,118,28,28,51,62,95,31,31,31,49,81,95,190,190,90,90,90,161,173,187,242,115,134,119,119,119,19,52,71,166,166,166,179,196,196,213,213,213,107,136,36,10,21,21,21,31,31,31,66,17,17,17,17],"floor_reached":57,"language":"ENG","playtime":4283,"items_purged":["downfall:Malfunctioning","Pain"],"score":1507,"play_id":"5dcb0d21-8f24-4cfa-bffc-fd6dda7a9636","local_time":"20210221212038","is_ascension_mode":true,"campfire_choices":[{"data":"Slimebound:Split","floor":1,"key":"SMITH"},{"floor":6,"key":"RECALL"},{"floor":12,"key":"REST"},{"data":"Slimebound:Recycling","floor":18,"key":"SMITH"},{"data":"Slimebound:Equalize","floor":30,"key":"SMITH"},{"data":"Slimebound:MassRepurpose","floor":35,"key":"SMITH"},{"data":"Slimebound:Darklings","floor":44,"key":"SMITH"},{"data":"Slimebound:SlimeBarrage","floor":47,"key":"SMITH"},{"data":"Slimebound:TongueLash","floor":54,"key":"SMITH"}],"circlet_count":0,"master_deck":["Slimebound:Tackle+1","Slimebound:Defend_Slimebound","Slimebound:Defend_Slimebound","Slimebound:Defend_Slimebound","Slimebound:Split+1","Slimebound:CorrosiveSpit+1","Slimebound:LevelUp+1","Slimebound:SamplingLick","Slimebound:MegaLick","Slimebound:ForwardTackle","Slimebound:HauntingLick","Slimebound:SplitLeeching","Slimebound:LivingWall","Slimebound:Recycling+1","Ghostly","Ghostly","Ghostly","Ghostly","Ghostly","Bite","Bite","Bite","Bite","Bite","Slimebound:SlimeBarrage+1","Slimebound:Gluttony+1","Slimebound:TongueLash+1","Slimebound:Equalize+1","Slimebound:SplitSpecialist","Slimebound:RollThrough+1","Slimebound:ProtectTheBoss","Slimebound:Tackle+1","Slimebound:Tackle+1","Slimebound:Tackle+1","Ghostly","Ghostly","Slimebound:CheckThePlaybook","Slimebound:GoopTackle+1","Slimebound:MassRepurpose+1","Slimebound:FinishingTackle","Slimebound:FinishingTackle+1","Slimebound:RejuvenatingLick+1","Slimebound:Schlurp","Slimebound:Darklings+1","Slimebound:Nibble","Slimebound:GoopSpray+1","Slimebound:LeechEnergy+1","Slimebound:Prepare+1","Slimebound:SlimeBarrage+1","Slimebound:LivingWall+1"],"relics":["Slimebound:AbsorbEndCombat","Bronze Scales","Regal Pillow","Tiny Chest","Potion Belt","Black Star","downfall:HeartBlessingRed","hexamod:BolsterEngine","downfall:HeartBlessingBlue","Slimebound:MaxSlimesRelic","Bag of Marbles","Busted Crown","StrikeDummy","FossilizedHelix","Guardian:BottledAnomaly","champ:DuelingGlove","Molten Egg 2","downfall:HeartBlessingGreen","InkBottle","Pocketwatch","Akabeko"],"acts_visited":["Exordium","TheCity","TheBeyond","TheEnding"],"potions_floor_usage":[10,16,16,22,32,39,39,42,50,55,56,56,56],"damage_taken":[{"damage":2,"enemies":"Jaw Worm","floor":2,"turns":3},{"damage":10,"enemies":"downfall:FleeingMerchant","floor":5,"turns":4},{"damage":0,"enemies":"Small Slimes","floor":8,"turns":3},{"damage":27,"enemies":"3 Sentries","floor":9,"turns":7},{"damage":10,"enemies":"downfall:FleeingMerchant","floor":10,"turns":4},{"damage":2,"enemies":"Cultist","floor":13,"turns":3},{"damage":12,"enemies":"Lagavulin","floor":14,"turns":4},{"damage":0,"enemies":"2 Fungi Beasts","floor":15,"turns":4},{"damage":2,"enemies":"SI_SHIV_ARCHETYPE","floor":16,"turns":4},{"damage":14,"enemies":"3 Byrds","floor":22,"turns":4},{"damage":10,"enemies":"Shell Parasite","floor":23,"turns":5},{"damage":8,"enemies":"downfall:FleeingMerchant","floor":25,"turns":4},{"damage":12,"enemies":"Shelled Parasite and Fungi","floor":26,"turns":4},{"damage":0,"enemies":"downfall:FleeingMerchant","floor":27,"turns":4},{"damage":11,"enemies":"Book of Stabbing","floor":31,"turns":4},{"damage":7,"enemies":"Centurion and Healer","floor":32,"turns":5},{"damage":10,"enemies":"WA_ARCHETYPE_CALM","floor":33,"turns":8},{"damage":19,"enemies":"Orb Walker","floor":36,"turns":3},{"damage":12,"enemies":"3 Shapes","floor":37,"turns":4},{"damage":3,"enemies":"3 Darklings","floor":39,"turns":6},{"damage":0,"enemies":"downfall:FleeingMerchant","floor":42,"turns":3},{"damage":0,"enemies":"Nemesis","floor":43,"turns":7},{"damage":0,"enemies":"Writhing Mass","floor":46,"turns":3},{"damage":0,"enemies":"4 Shapes","floor":49,"turns":3},{"damage":0,"enemies":"DF_ARCHETYPE_ORBS","floor":50,"turns":5},{"damage":0,"enemies":"downfall:CharBossMerchant","floor":52,"turns":7},{"damage":11,"enemies":"downfall:NeowBoss","floor":55,"turns":10},{"damage":5,"enemies":"downfall:NeowBossFinal","floor":56,"turns":11}],"seed_played":"-9036224715013727398","potions_obtained":[{"floor":2,"key":"Strength Potion"},{"floor":8,"key":"DistilledChaos"},{"floor":9,"key":"Slimebound:SlimedPotion"},{"floor":14,"key":"Energy Potion"},{"floor":23,"key":"Swift Potion"},{"floor":26,"key":"Strength Potion"},{"floor":31,"key":"Energy Potion"},{"floor":32,"key":"Weak Potion"},{"floor":36,"key":"FearPotion"},{"floor":37,"key":"Energy Potion"},{"floor":46,"key":"Slimebound:SlimyTonguePotion"},{"floor":49,"key":"Slimebound:SlimedPotion"}],"is_trial":false,"path_per_floor":["R","M","?","?","$","R","T","M","E","$","T","R","M","E","M","B",null,"R","?","?","T","M","M","T","$","M","$","?","?","R","E","M","B",null,"R","M","M","T","M","?","T","$","E","R","$","M","R","T","M","B",null,"E","$","R","B","B",null],"character_chosen":"SLIMEBOUND","items_purchased":["Slimebound:SlimedPotion","Slimebound:Equalize","Slimebound:SplitSpecialist","Slimebound:Darklings","Guardian:BottledAnomaly","Slimebound:Nibble","Regen Potion","Slimebound:LeechEnergy+1","FearPotion"],"campfire_rested":1,"item_purchase_floors":[10,25,25,42,42,42,42,45,53],"current_hp_per_floor":[47,51,51,56,54,54,54,58,39,37,37,70,70,60,62,66,70,70,35,24,24,12,18,18,21,22,24,24,24,34,34,34,31,34,34,19,21,21,30,30,30,34,34,34,34,34,34,34,34,34,34,34,34,34,23,34],"gold":17,"neow_bonus":"REMOVE_TWO","is_daily":false,"chose_seed":false,"campfire_upgraded":7,"win_rate":0.0,"timestamp":1613971238,"path_taken":["R","M","?","?","$","R","T","M","E","$","?","R","?","E","M","BOSS","R","?","?","?","M","M","T","$","M","?","?","?","R","E","M","BOSS","R","M","M","?","?","?","T","$","E","R","?","M","R","?","M","BOSS","E","$","R","BOSS","BOSS"],"items_purchased_type":["Potion","Card","Card","Card","Relic","Card","Potion","Card","Potion"],"build_version":"2020-12-22","purchased_purges":2,"victory":true,"max_hp_per_floor":[65,65,65,70,70,70,70,70,70,70,70,70,70,70,70,70,70,70,35,24,24,24,24,24,24,24,24,24,24,34,34,34,34,34,34,34,34,34,34,34,34,34,34,34,34,34,34,34,34,34,34,34,34,34,34,34],"card_choices":[{"not_picked":["Slimebound:Gluttony","Slimebound:BestDefense"],"picked":"Slimebound:LevelUp","floor":2},{"not_picked":["Slimebound:SplitBruiser","Slimebound:Gluttony"],"picked":"Slimebound:SamplingLick","floor":5},{"not_picked":["Slimebound:SplitBruiser","Slimebound:SplitAcid"],"picked":"Slimebound:MegaLick","floor":8},{"not_picked":["Slimebound:MegaLick","Slimebound:DuplicatedForm"],"picked":"Slimebound:ForwardTackle","floor":9},{"not_picked":["Slimebound:ComboTackle","Slimebound:Prepare"],"picked":"Slimebound:HauntingLick","floor":10},{"not_picked":["Slimebound:SlimeSpikes","Slimebound:BestDefense"],"picked":"Slimebound:SplitLeeching","floor":13},{"not_picked":["Slimebound:SplitMire","Slimebound:ComboTackle"],"picked":"Slimebound:LivingWall","floor":14},{"not_picked":["Slimebound:LivingWall","Slimebound:SlimeBrawl"],"picked":"Slimebound:FinishingTackle","floor":15},{"not_picked":["Slimebound:SlimeSlap","Slimebound:OneTwoCombo"],"picked":"Slimebound:Recycling","floor":16},{"not_picked":["Slimebound:ComboTackle","Slimebound:GrowthPunch"],"picked":"Slimebound:SlimeBarrage","floor":22},{"not_picked":["Slimebound:GrowthPunch","Slimebound:ProtectTheBoss"],"picked":"Slimebound:Gluttony+1","floor":23},{"not_picked":["Slimebound:ComboTackle","Slimebound:Recollect"],"picked":"Slimebound:TongueLash","floor":25},{"not_picked":["Slimebound:ItLooksTasty","Slimebound:DisruptingSlam"],"picked":"Slimebound:RollThrough+1","floor":26},{"not_picked":["Slimebound:ComboTackle","Slimebound:FinishingTackle"],"picked":"Slimebound:ProtectTheBoss","floor":27},{"not_picked":["Slimebound:SamplingLick+1","Slimebound:FinishingTackle"],"picked":"Slimebound:CheckThePlaybook","floor":31},{"not_picked":["Slimebound:SpikyOuterGoop+1","Slimebound:HauntingLick"],"picked":"Slimebound:GoopTackle+1","floor":32},{"not_picked":["Slimebound:WasteNot","Slimebound:FirmFortitude"],"picked":"Slimebound:MassRepurpose","floor":33},{"not_picked":[],"picked":"Slimebound:FinishingTackle","floor":36},{"not_picked":[],"picked":"Slimebound:FinishingTackle+1","floor":37},{"not_picked":[],"picked":"Slimebound:RejuvenatingLick+1","floor":39},{"not_picked":[],"picked":"Slimebound:Schlurp","floor":42},{"not_picked":[],"picked":"Slimebound:GoopSpray+1","floor":43},{"not_picked":[],"picked":"Slimebound:Prepare+1","floor":46},{"not_picked":[],"picked":"Slimebound:SlimeBarrage+1","floor":49},{"not_picked":[],"picked":"Slimebound:LivingWall+1","floor":52}],"player_experience":1029130,"relics_obtained":[{"floor":7,"key":"Bronze Scales"},{"floor":9,"key":"Regal Pillow"},{"floor":11,"key":"Tiny Chest"},{"floor":14,"key":"Potion Belt"},{"floor":24,"key":"hexamod:BolsterEngine"},{"floor":31,"key":"Slimebound:MaxSlimesRelic"},{"floor":31,"key":"Bag of Marbles"},{"floor":38,"key":"StrikeDummy"},{"floor":41,"key":"FossilizedHelix"},{"floor":43,"key":"champ:DuelingGlove"},{"floor":43,"key":"Molten Egg 2"},{"floor":48,"key":"InkBottle"},{"floor":52,"key":"Pocketwatch"},{"floor":52,"key":"Akabeko"}],"event_choices":[{"damage_healed":0,"gold_gain":0,"player_choice":"Donut","damage_taken":0,"max_hp_gain":5,"max_hp_loss":0,"event_name":"Big Fish","floor":4,"gold_loss":0},{"damage_healed":0,"gold_gain":0,"player_choice":"Became a Ghost","damage_taken":0,"max_hp_gain":0,"max_hp_loss":35,"event_name":"Ghosts","floor":19,"gold_loss":0,"cards_obtained":["Ghostly","Ghostly","Ghostly","Ghostly","Ghostly"]},{"damage_healed":0,"gold_gain":0,"player_choice":"Became a vampire","damage_taken":0,"max_hp_gain":0,"max_hp_loss":11,"event_name":"Vampires","floor":20,"gold_loss":0,"cards_obtained":["Bite","Bite","Bite","Bite","Bite"]},{"cards_removed":["Slimebound:FinishingTackle"],"damage_healed":0,"gold_gain":0,"player_choice":"Removed Attack","damage_taken":0,"max_hp_gain":0,"max_hp_loss":0,"event_name":"Falling","floor":40,"gold_loss":0}],"is_beta":false,"boss_relics":[{"not_picked":["Fusion Hammer","SlaversCollar"],"picked":"Black Star"},{"not_picked":["Runic Pyramid","Pandora\u0027s Box"],"picked":"Busted Crown"}],"items_purged_floors":[5,42],"is_endless":false,"potions_floor_spawned":[2,8,9,14,23,26,31,32,36,37,46,49],"ascension_level":2}}