{"host":"o5jvvi5yapo90aia","time":1613998022,"event":{"mods":["BaseMod","CapriCore","Minty Spire (QoL Compilation)","MostiFishMod","Prisma Mod","Spicy Shops","StSLib","TestMod","The Immortal","Yakumo Yukari mod","【人物mod】游戏王New YuGiOh mod","【功能Mod】Neow奖励"],"gold_per_floor":[112,112,37,54,54,54,88,102,125,136,167,183,210,220,220,293,293,305,305,355,105,116,143,155,186,186,203,203,239,264,286,286,368,368,386,409,409,424,-1291,-1291,-1246,-1226,-1226,-1195,-1174,-1135,-1135,-501,-501,-496,-491,-491,-491,-491,-450,-440,-440],"floor_reached":56,"language":"ZHS","playtime":1196,"items_purged":["Defend_P","Strike_P+1"],"score":2917,"play_id":"ad66507c-0bad-4cfd-9eb1-f1d6b9a84f4d","local_time":"20210222204702","is_ascension_mode":true,"campfire_choices":[{"data":"Defend_P","floor":6.0,"key":"PURGE"},{"data":"Defend_P","floor":15.0,"key":"PURGE"},{"data":"Strike_P","floor":28.0,"key":"PURGE"},{"data":"Strike_P+1","floor":32.0,"key":"PURGE"},{"floor":40,"key":"RECALL"},{"data":"Strike_P+1","floor":49,"key":"PURGE"},{"data":"Eruption+1","floor":53,"key":"PURGE"}],"circlet_count":0,"master_deck":["AscendersBane","Defend_P+1","Vigilance+1","Tantrum+1","InnerPeace+1","MostiFishMod:StarOceanP+1","Adaptation+1","MostiFishMod:Speedup+1","FearNoEvil"],"relics":["DaveBox","testmod-TestBox","GreenFoldingFan","ExusiaiGun","testmod-CardMagician","SynthV:TestCard","testmod-OneHitWonder","Bronze Scales","Nunchaku","Whetstone","testmod-NegativeEmotionEnhancer","Nilry\u0027s Codex","PreservedInsect","BrkXgEgg","SynthV:C4","CeramicFish","InkBottle","MostiFishMod:Haymaker","SacredBark","testmod-BalancedPeriapt","SynthV:MejaisSoulstealer","testmod-EqualTreatment","testmod-RandomTest","Dead Branch","StrikeDummy","Red Mask","Oddly Smooth Stone"],"acts_visited":["Exordium","TheCity","TheBeyond","TheEnding"],"potions_floor_usage":[35,35,56,56,56],"damage_taken":[{"damage":2.0,"enemies":"2 Louse","floor":1.0,"turns":1.0},{"damage":2.0,"enemies":"Cultist","floor":4.0,"turns":1.0},{"damage":4.0,"enemies":"Lagavulin","floor":7.0,"turns":2.0},{"damage":2.0,"enemies":"Jaw Worm","floor":8.0,"turns":1.0},{"damage":2.0,"enemies":"2 Fungi Beasts","floor":10.0,"turns":1.0},{"damage":28.0,"enemies":"3 Sentries","floor":11.0,"turns":4.0},{"damage":4.0,"enemies":"Exordium Wildlife","floor":12.0,"turns":2.0},{"damage":2.0,"enemies":"Lagavulin","floor":13.0,"turns":1.0},{"damage":2.0,"enemies":"Large Slime","floor":14.0,"turns":1.0},{"damage":4.0,"enemies":"The Guardian","floor":16.0,"turns":2.0},{"damage":4.0,"enemies":"Spheric Guardian","floor":18.0,"turns":2.0},{"damage":2.0,"enemies":"2 Thieves","floor":22.0,"turns":1.0},{"damage":2.0,"enemies":"Gremlin Leader","floor":23.0,"turns":1.0},{"damage":2.0,"enemies":"Snecko","floor":24.0,"turns":1.0},{"damage":2.0,"enemies":"Slavers","floor":25.0,"turns":1.0},{"damage":4.0,"enemies":"Snake Plant","floor":27.0,"turns":2.0},{"damage":10.0,"enemies":"Gremlin Leader","floor":29.0,"turns":2.0},{"damage":4.0,"enemies":"Sentry and Sphere","floor":30.0,"turns":2.0},{"damage":2.0,"enemies":"Centurion and Healer","floor":31.0,"turns":1.0},{"damage":2.0,"enemies":"Champ","floor":33.0,"turns":1.0},{"damage":8,"enemies":"3 Shapes","floor":35,"turns":2},{"damage":2,"enemies":"Orb Walker","floor":36,"turns":1},{"damage":2,"enemies":"Jaw Worm Horde","floor":38,"turns":1},{"damage":2,"enemies":"Giant Head","floor":41,"turns":1},{"damage":2,"enemies":"Maw","floor":42,"turns":1},{"damage":2,"enemies":"Nemesis","floor":44,"turns":1},{"damage":2,"enemies":"Spire Growth","floor":45,"turns":1},{"damage":2,"enemies":"Reptomancer","floor":46,"turns":1},{"damage":2,"enemies":"Sphere and 2 Shapes","floor":48,"turns":1},{"damage":4,"enemies":"Awakened One","floor":50,"turns":2},{"damage":2,"enemies":"Donu and Deca","floor":51,"turns":1},{"damage":2,"enemies":"Shield and Spear","floor":55,"turns":1},{"damage":83,"enemies":"The Heart","floor":56,"turns":3}],"seed_played":"-3798472645838769149","potions_obtained":[{"floor":7.0,"key":"FearPotion"},{"floor":10.0,"key":"Regen Potion"},{"floor":25.0,"key":"PowerPotion"},{"floor":35,"key":"Weak Potion"},{"floor":38,"key":"Swift Potion"}],"is_trial":false,"path_per_floor":["M","?","$","M","T","R","E","M","T","M","E","M","E","M","R","B",null,"M","?","?","$","M","E","M","E","T","M","R","E","M","M","R","B",null,"M","M","?","M","$","R","E","M","T","E","M","E","?","M","R","B","B",null,"R","$","E","B"],"character_chosen":"WATCHER","items_purchased":["PreservedInsect","BrkXgEgg","DistilledChaos","PowerPotion","SynthV:MejaisSoulstealer"],"campfire_rested":0,"item_purchase_floors":[21,21,39,39,39],"current_hp_per_floor":[68,58,58,67,67,67,68,68,68,68,52,60,68,68,68,68,68,69,48,48,48,61,71,72,73,73,74,74,75,76,77,77,78,78,79,80,80,80,80,80,80,80,80,80,80,80,80,80,80,80,80,80,80,80,80,0,0],"gold":-440,"neow_bonus":"BOSS_RELIC","is_daily":false,"chose_seed":false,"campfire_upgraded":0,"win_rate":0.0,"timestamp":1613998022,"path_taken":["M","?","?","?","?","R","E","M","T","M","E","M","E","M","R","BOSS","M","?","?","?","M","E","M","E","T","M","R","E","M","M","R","BOSS","M","M","?","?","$","R","E","M","T","E","?","E","?","M","R","BOSS","BOSS","R","$","E","BOSS"],"items_purchased_type":["Relic","Relic","Potion","Potion","Relic"],"build_version":"2020-12-22","purchased_purges":2,"victory":false,"max_hp_per_floor":[68,68,68,68,68,68,68,68,68,68,68,68,68,68,68,68,68,69,69,69,69,70,71,72,73,73,74,74,75,76,77,77,78,78,79,80,80,80,80,80,80,80,80,80,80,80,80,80,80,80,80,80,80,80,80,80,80],"card_choices":[{"not_picked":["ClearTheMind","CrushJoints","SashWhip"],"picked":"SKIP","floor":1.0},{"not_picked":["PathToVictory","Halt","Worship","EmptyFist","FlyingSleeves"],"picked":"SKIP","floor":4.0},{"not_picked":["MostiFishMod:LegendTransform","ReachHeaven","CrushJoints","MostiFishMod:StarLaLaLa","Halt"],"picked":"SKIP","floor":7.0},{"not_picked":["MostiFishMod:Nomercy","WreathOfFlame","Wireheading","Consecrate","BowlingBash"],"picked":"SKIP","floor":8.0},{"not_picked":["ForeignInfluence","Weave","ClearTheMind","Perseverance","Protect"],"picked":"SKIP","floor":10.0},{"not_picked":["Worship","Prostrate","FlyingSleeves","DeceiveReality"],"picked":"Tantrum","floor":11.0},{"not_picked":["ClearTheMind","Collect","Protect","JustLucky"],"picked":"InnerPeace","floor":12.0},{"not_picked":["Consecrate","Protect","LikeWater","Crescendo"],"picked":"MostiFishMod:StarOceanP","floor":13.0},{"not_picked":["Prostrate","Pray","Study","Nirvana","Protect"],"picked":"SKIP","floor":14.0},{"not_picked":["Establishment","MostiFishMod:Adaptation","MostiFishMod:KamiSmash","Wish"],"picked":"LessonLearned","floor":16.0},{"not_picked":["ForeignInfluence","WaveOfTheHand+1","Weave","Evaluate","EmptyBody"],"picked":"SKIP","floor":18.0},{"not_picked":["ClearTheMind","Fasting2","FollowUp","WindmillStrike","FlurryOfBlows"],"picked":"SKIP","floor":22.0},{"not_picked":["ThirdEye","BowlingBash","EmptyFist","Protect","Crescendo"],"picked":"SKIP","floor":23.0},{"not_picked":["CrushJoints","CutThroughFate","Crescendo","Nirvana","MostiFishMod:DustFall+1"],"picked":"SKIP","floor":24.0},{"not_picked":["EmptyBody+1","FlyingSleeves","MostiFishMod:LegendTransform","Evaluate","Sanctity"],"picked":"SKIP","floor":25.0},{"not_picked":["Consecrate","Pray","EmptyFist","WaveOfTheHand","Prostrate"],"picked":"SKIP","floor":27.0},{"not_picked":["FlurryOfBlows","Fasting2","Study","ThirdEye","DeceiveReality"],"picked":"SKIP","floor":29.0},{"not_picked":["ReachHeaven","MostiFishMod:DisColor+1","EmptyFist","SandsOfTime"],"picked":"Adaptation+1","floor":30.0},{"not_picked":["Weave+1","LikeWater","CrushJoints","Fasting2","FollowUp"],"picked":"SKIP","floor":31.0},{"not_picked":["FlurryOfBlows","EmptyBody+1","PathToVictory","SandsOfTime+1","Prostrate"],"picked":"SKIP","floor":35},{"not_picked":["CutThroughFate","CrushJoints","FlyingSleeves","Nirvana","EmptyBody+1"],"picked":"SKIP","floor":36},{"not_picked":["ClearTheMind","Pray","Weave+1","EmptyBody","MostiFishMod:KamiSmash+1"],"picked":"SKIP","floor":38},{"not_picked":["Meditate+1","Adaptation","Halt","CutThroughFate"],"picked":"MostiFishMod:Speedup+1","floor":41},{"not_picked":["Protect","EmptyFist","Wallop+1","JustLucky+1","Prostrate"],"picked":"SKIP","floor":42},{"not_picked":["MostiFishMod:FlowState","Prostrate","EmptyFist","Vengeance+1","Collect"],"picked":"SKIP","floor":44},{"not_picked":["CutThroughFate+1","ReachHeaven","Meditate","EmptyFist","FollowUp"],"picked":"SKIP","floor":45},{"not_picked":["FlyingSleeves","SandsOfTime","EmptyBody","MostiFishMod:FlowState","MostiFishMod:ScryFuture"],"picked":"SKIP","floor":46},{"not_picked":["ClearTheMind+1","BowlingBash","FlurryOfBlows","Crescendo"],"picked":"FearNoEvil","floor":48},{"not_picked":["Ragnarok+1","MostiFishMod:Disappear+1","SashWhip","ThirdEye+1","BattleHymn"],"picked":"SKIP","floor":55}],"player_experience":1590518,"relics_obtained":[{"floor":1.0,"key":"SynthV:TestCard"},{"floor":7.0,"key":"testmod-OneHitWonder"},{"floor":9.0,"key":"Bronze Scales"},{"floor":11.0,"key":"Nunchaku"},{"floor":13.0,"key":"Whetstone"},{"floor":19.0,"key":"Nilry\u0027s Codex"},{"floor":23.0,"key":"SynthV:C4"},{"floor":25.0,"key":"CeramicFish"},{"floor":26.0,"key":"InkBottle"},{"floor":29.0,"key":"MostiFishMod:Haymaker"},{"floor":41,"key":"testmod-EqualTreatment"},{"floor":43,"key":"testmod-RandomTest"},{"floor":44,"key":"Dead Branch"},{"floor":46,"key":"StrikeDummy"},{"floor":55,"key":"Oddly Smooth Stone"}],"event_choices":[{"damage_healed":0.0,"max_hp_gain":0.0,"max_hp_loss":0.0,"gold_gain":0.0,"event_name":"Wheel of Change","player_choice":"Damaged","floor":2.0,"gold_loss":0.0,"damage_taken":10.0},{"damage_healed":0.0,"max_hp_gain":0.0,"max_hp_loss":0.0,"gold_gain":0.0,"event_name":"Cursed Tome","player_choice":"Obtained Book","floor":19.0,"gold_loss":0.0,"damage_taken":21.0},{"damage_healed":0.0,"max_hp_gain":0.0,"max_hp_loss":0.0,"gold_gain":50.0,"event_name":"Nest","player_choice":"Stole From Cult","floor":20.0,"gold_loss":0.0,"damage_taken":0.0},{"cards_removed":["LessonLearned"],"damage_healed":0,"gold_gain":0,"player_choice":"Gave Card","damage_taken":0,"relics_obtained":["testmod-BalancedPeriapt"],"max_hp_gain":0,"max_hp_loss":0,"event_name":"WeMeetAgain","floor":37,"gold_loss":0},{"damage_healed":0,"gold_gain":0,"player_choice":"Paid","damage_taken":0,"relics_obtained":["Red Mask"],"max_hp_gain":0,"max_hp_loss":0,"event_name":"Tomb of Lord Red Mask","floor":47,"gold_loss":-1135}],"is_beta":false,"boss_relics":[{"not_picked":["Velvet Choker","testmod-TimeTraveler"],"picked":"testmod-NegativeEmotionEnhancer"},{"not_picked":["testmod-Nine","Pandora\u0027s Box"],"picked":"SacredBark"}],"items_purged_floors":[3,39],"is_endless":false,"potions_floor_spawned":[7,10,13,16,22,24,25,27,35,38,44],"killed_by":"The Heart","ascension_level":20}}