{"host":"2c84cb4cp1emursg","time":1613969161,"event":{"mods":["Act Like it!","BaseMod","Better Third Choice","Bossed Relics","Hermit","Minty Spire (QoL Compilation)","Permanent Neow","Shapeshifter Mod","StSLib"],"gold_per_floor":[111,127,127,137,148,148,179,49,49,64,84,102,113,143,143,143,143],"floor_reached":16,"language":"ENG","playtime":900,"items_purged":[],"score":122,"play_id":"072cf71d-12b6-4de1-b98b-b72adfcb9b1b","local_time":"20210221214601","is_ascension_mode":true,"campfire_choices":[{"data":"StSShapeShifter:Lynx_Form","floor":6,"key":"SMITH"},{"data":"StSShapeShifter:Synchronicity","floor":15,"key":"SMITH"}],"circlet_count":0,"master_deck":["StSShapeShifter:ShapeShifter_Strike","StSShapeShifter:ShapeShifter_Strike","StSShapeShifter:ShapeShifter_Strike","StSShapeShifter:ShapeShifter_Strike","StSShapeShifter:ShapeShifter_Strike","StSShapeShifter:ShapeShifter_Defend","StSShapeShifter:ShapeShifter_Defend","StSShapeShifter:ShapeShifter_Defend","StSShapeShifter:ShapeShifter_Defend","StSShapeShifter:ShapeShifter_Defend","StSShapeShifter:Tortoise_Form","StSShapeShifter:Lynx_Form+1","StSShapeShifter:LeapingSlash","StSShapeShifter:Flood","StSShapeShifter:Guard","StSShapeShifter:Synchronicity+1","StSShapeShifter:Ensconce","StSShapeShifter:Summon_Mountains","StSShapeShifter:BurstingSpore","StSShapeShifter:AdaptiveStrikes","StSShapeShifter:LeapingSlash","StSShapeShifter:OakBlade","StSShapeShifter:HippoForm"],"relics":["StSShapeShifter:AnimalHeart","StSShapeShifter:TheShapeShiftersMagnolia","Gremlin Horn","Mummified Hand","StSShapeShifter:DruidicMedallion"],"acts_visited":["Exordium"],"potions_floor_usage":[2,7,7,7,7,7,12,14,16],"damage_taken":[{"damage":0,"enemies":"2 Louse","floor":1,"turns":2},{"damage":4,"enemies":"Cultist","floor":2,"turns":4},{"damage":0,"enemies":"Small Slimes","floor":4,"turns":3},{"damage":0,"enemies":"3 Louse","floor":5,"turns":3},{"damage":18,"enemies":"Lagavulin","floor":7,"turns":7},{"damage":12,"enemies":"Blue Slaver","floor":10,"turns":4},{"damage":4,"enemies":"Red Slaver","floor":11,"turns":4},{"damage":0,"enemies":"Exordium Wildlife","floor":12,"turns":4},{"damage":14,"enemies":"Exordium Thugs","floor":13,"turns":5},{"damage":22,"enemies":"3 Sentries","floor":14,"turns":5},{"damage":5,"enemies":"The Guardian","floor":16,"turns":4}],"seed_played":"876169478141021003","potions_obtained":[{"floor":0,"key":"EntropicBrew"},{"floor":0,"key":"DuplicationPotion"},{"floor":0,"key":"SpeedPotion"},{"floor":4,"key":"Strength Potion"},{"floor":7,"key":"BlessingOfTheForge"},{"floor":10,"key":"Block Potion"}],"is_trial":false,"path_per_floor":["M","M","?","M","M","R","E","$","T","M","M","M","M","E","R","B"],"character_chosen":"SHAPESHIFTER","items_purchased":["StSShapeShifter:Summon_Mountains","StSShapeShifter:BurstingSpore"],"campfire_rested":0,"item_purchase_floors":[8,8],"current_hp_per_floor":[78,74,74,74,74,74,56,56,56,44,40,40,26,4,4,0,0],"gold":143,"neow_bonus":"THREE_SMALL_POTIONS","is_daily":false,"chose_seed":false,"campfire_upgraded":2,"win_rate":0.0,"timestamp":1613969161,"path_taken":["M","M","?","M","?","R","E","$","T","M","M","M","M","E","R","BOSS"],"items_purchased_type":["Card","Card"],"build_version":"2020-12-22","purchased_purges":0,"victory":false,"max_hp_per_floor":[78,78,78,78,78,78,78,78,78,78,78,78,78,78,78,78,78],"card_choices":[{"not_picked":["StSShapeShifter:FesteringBite","StSShapeShifter:Hunt"],"picked":"StSShapeShifter:LeapingSlash","floor":1},{"not_picked":["StSShapeShifter:ThornToss","StSShapeShifter:Maul"],"picked":"StSShapeShifter:Flood","floor":2},{"not_picked":["StSShapeShifter:SquirrelForm","StSShapeShifter:EmbraceTheCycle"],"picked":"StSShapeShifter:Guard","floor":4},{"not_picked":["StSShapeShifter:RockSlide","StSShapeShifter:RatForm"],"picked":"StSShapeShifter:Synchronicity","floor":5},{"not_picked":["StSShapeShifter:VineHandcuffs","StSShapeShifter:MultiSpiritedStrike"],"picked":"StSShapeShifter:Ensconce","floor":7},{"not_picked":["StSShapeShifter:SunflowerShuriken","StSShapeShifter:FlowerShield"],"picked":"StSShapeShifter:AdaptiveStrikes","floor":10},{"not_picked":["StSShapeShifter:ForestFire","StSShapeShifter:FlowerShield"],"picked":"StSShapeShifter:LeapingSlash","floor":11},{"not_picked":["StSShapeShifter:FallingLeaves","StSShapeShifter:ShiftingStrike"],"picked":"StSShapeShifter:OakBlade","floor":12},{"not_picked":["StSShapeShifter:SquirrelForm","StSShapeShifter:Hunt"],"picked":"StSShapeShifter:HippoForm","floor":13},{"not_picked":["StSShapeShifter:FlowerShield","StSShapeShifter:Vengeance","StSShapeShifter:ThornToss"],"picked":"SKIP","floor":14}],"player_experience":582087,"relics_obtained":[{"floor":3,"key":"Gremlin Horn"},{"floor":7,"key":"Mummified Hand"},{"floor":14,"key":"StSShapeShifter:DruidicMedallion"}],"event_choices":[{"damage_healed":0,"gold_gain":0,"player_choice":"Relic","damage_taken":0,"max_hp_gain":0,"max_hp_loss":0,"event_name":"Wheel of Change","floor":3,"gold_loss":0}],"is_beta":false,"boss_relics":[],"items_purged_floors":[],"is_endless":false,"potions_floor_spawned":[1,4,7,10],"killed_by":"The Guardian","ascension_level":1}}