{"host":"ztzf20fs6w35ztzf","time":1613990643,"event":{"mods":["AchievementEnabler","AlwaysNeverKeys","BaseMod","BetterRewards","Colored Powertips","DeckTracker","Downfall","Grow up Mod","Lobotomy","Minty Spire (QoL Compilation)","Rare Cards Sparkle","Remove Card Discount Mod","Replay The Spire","StSLib","SuperFastMode"],"gold_per_floor":[112,223,223,241,259,259,259],"floor_reached":6,"language":"ENG","playtime":196,"items_purged":["Pain"],"score":86,"play_id":"af00d38e-4994-4f53-a3a2-38232a6989e8","local_time":"20210222184403","is_ascension_mode":false,"campfire_choices":[],"circlet_count":0,"master_deck":["SpecialBullet","SpecialBullet","SpecialBullet","SpecialBullet","SpecialBullet","SpecialBullet","SpecialBullet","SpecialBullet","InformationCode","RecordCode","ExtractionCode","UniverseFragment","Harvest","WristCuter","WristCuter","Reverberation","OSAHOGD","FeatherOfHonor","MeatLantern","Beak"],"relics":["CogitoBucket","ReplayTheSpireMod:CursedCoin"],"acts_visited":["Exordium"],"potions_floor_usage":[],"damage_taken":[{"damage":14,"enemies":"2 Louse","floor":1,"turns":2},{"damage":6,"enemies":"Cultist","floor":4,"turns":3},{"damage":11,"enemies":"Jaw Worm","floor":5,"turns":2},{"damage":113,"enemies":"Lagavulin","floor":6,"turns":4}],"seed_played":"8748455208273978416","potions_obtained":[{"floor":1,"key":"ColorlessPotion"},{"floor":3,"key":"Swift Potion"},{"floor":3,"key":"Adrenaline Potion"}],"is_trial":false,"path_per_floor":["M","$","?","M","M","E"],"character_chosen":"Angela","items_purchased":["ReplayTheSpireMod:CursedCoin","WristCuter"],"campfire_rested":0,"item_purchase_floors":[2,2],"current_hp_per_floor":[83,93,103,107,106,0,0],"gold":259,"neow_bonus":"TEN_PERCENT_HP_BONUS","is_daily":false,"chose_seed":false,"campfire_upgraded":0,"win_rate":0.0,"timestamp":1613990643,"path_taken":["M","$","?","M","M","E"],"items_purchased_type":["Relic","Card"],"build_version":"2020-12-22","purchased_purges":1,"victory":false,"max_hp_per_floor":[97,107,117,127,137,137,137],"card_choices":[{"not_picked":["OSAHOGD","CherryBlossoms"],"picked":"UniverseFragment","floor":1},{"not_picked":["Christmas"],"picked":"Harvest","floor":1},{"not_picked":["MagicBullet"],"picked":"Reverberation","floor":4},{"not_picked":["Yin","Mercenary"],"picked":"OSAHOGD","floor":4},{"not_picked":["RapturousDream"],"picked":"FeatherOfHonor","floor":4},{"not_picked":["FairyFestival","RedShoes"],"picked":"MeatLantern","floor":5},{"not_picked":["BearPaw"],"picked":"Beak","floor":5},{"not_picked":["ShedSkin","Diffraction"],"picked":"SKIP","floor":5}],"player_experience":154246,"relics_obtained":[],"event_choices":[{"damage_healed":0,"gold_gain":0,"player_choice":"Got Potions","damage_taken":0,"max_hp_gain":0,"max_hp_loss":0,"event_name":"Lab","floor":3,"gold_loss":0}],"is_beta":false,"boss_relics":[],"items_purged_floors":[2],"is_endless":false,"potions_floor_spawned":[1,4],"killed_by":"Lagavulin","ascension_level":0}}