{"host":"d3b2x3wue20uj2ir","time":1613968721,"event":{"mods":["AchievementEnabler","BaseMod","Better Third Choice","BetterRewards","Exacting","FTL Soundtrack","Minty Spire (QoL Compilation)","Shop Mod","StSLib"],"gold_per_floor":[119,119,135,4,4,304,304,323,323,2,20,20,20,49,49,153,153,182,182,182,202,227,227,227,227],"floor_reached":24,"language":"ENG","playtime":1262,"items_purged":[],"score":281,"play_id":"552d8639-befd-4028-b685-d702c987149f","local_time":"20210222143841","is_ascension_mode":true,"campfire_choices":[{"data":"Defragment","floor":7,"key":"SMITH"},{"floor":13,"key":"RECALL"},{"data":"Consume","floor":15,"key":"SMITH"},{"floor":23,"key":"REST"}],"circlet_count":0,"master_deck":["Strike_B","Strike_B","Strike_B","Strike_B","Defend_B","Defend_B","Defend_B","Defend_B","Zap","Dualcast","FTL","Cold Snap","Reinforced Body","Gash","Leap","Defragment+1","Regret","Beam Cell","Go for the Eyes","Reboot+1","Consume+1","Reboot","Beam Cell+1","Writhe","Reboot+1","Steam Power","Consume"],"relics":["Cracked Core","Potion Belt","Old Coin","CaptainsWheel","Tiny Chest","Fusion Hammer","StrikeDummy"],"acts_visited":["Exordium","TheCity"],"potions_floor_usage":[16,16,16,18,22],"damage_taken":[{"damage":0,"enemies":"Small Slimes","floor":1,"turns":3},{"damage":5,"enemies":"Jaw Worm","floor":3,"turns":4},{"damage":1,"enemies":"Cultist","floor":8,"turns":3},{"damage":6,"enemies":"3 Louse","floor":11,"turns":4},{"damage":10,"enemies":"Gremlin Nob","floor":14,"turns":4},{"damage":4,"enemies":"Slime Boss","floor":16,"turns":7},{"damage":18,"enemies":"Shell Parasite","floor":18,"turns":4},{"damage":2,"enemies":"Chosen","floor":21,"turns":4},{"damage":8,"enemies":"Centurion and Healer","floor":22,"turns":7},{"damage":71,"enemies":"Gremlin Leader","floor":24,"turns":5}],"seed_played":"1236272520666400604","potions_obtained":[{"floor":1,"key":"EssenceOfSteel"},{"floor":3,"key":"Fire Potion"},{"floor":14,"key":"SteroidPotion"},{"floor":16,"key":"LiquidMemories"},{"floor":18,"key":"GamblersBrew"}],"is_trial":false,"path_per_floor":["M","?","M","$","?","?","R","M","T","$","M","?","R","E","R","B",null,"M","?","?","M","M","R","E"],"character_chosen":"DEFECT","items_purchased":["FTL","Gash","Leap","Defragment","Go for the Eyes","CaptainsWheel"],"campfire_rested":1,"item_purchase_floors":[0,4,4,4,10,10],"current_hp_per_floor":[75,63,58,58,58,58,58,57,57,57,51,51,51,41,41,37,75,57,57,57,55,47,69,0,0],"gold":227,"neow_bonus":"","is_daily":false,"chose_seed":false,"campfire_upgraded":2,"win_rate":0.0,"timestamp":1613968721,"path_taken":["M","?","M","$","?","?","R","M","T","?","?","?","R","E","R","BOSS","M","?","?","?","M","R","E"],"items_purchased_type":["Card","Card","Card","Card","Card","Relic"],"build_version":"2020-12-22","purchased_purges":0,"victory":false,"max_hp_per_floor":[75,75,75,75,75,75,75,75,75,75,75,75,75,75,75,75,75,75,75,75,75,75,75,75,75],"card_choices":[{"not_picked":["Auto Shields","Compile Driver"],"picked":"Cold Snap","floor":1},{"not_picked":["Gash","Compile Driver"],"picked":"Reinforced Body","floor":3},{"not_picked":["Rebound","Doom and Gloom"],"picked":"Beam Cell","floor":8},{"not_picked":["Redo","Conserve Battery"],"picked":"Reboot","floor":11},{"not_picked":["Go for the Eyes","Static Discharge"],"picked":"Consume","floor":14},{"not_picked":["Seek","Fission"],"picked":"Reboot","floor":16},{"not_picked":["Rip and Tear","BootSequence"],"picked":"Beam Cell+1","floor":18},{"not_picked":["Darkness","Rebound"],"picked":"Steam Power","floor":21},{"not_picked":["Barrage","Auto Shields+1"],"picked":"Consume","floor":22}],"player_experience":718335,"relics_obtained":[{"floor":14,"key":"Tiny Chest"}],"event_choices":[{"damage_healed":0,"gold_gain":0,"player_choice":"Relic ","damage_taken":12,"max_hp_gain":0,"max_hp_loss":0,"event_name":"betterThird:BetterScrap","floor":2,"gold_loss":0,"cards_obtained":["Shockwave"]},{"damage_healed":0,"gold_gain":0,"player_choice":"Ignored","damage_taken":0,"max_hp_gain":0,"max_hp_loss":0,"event_name":"Golden Wing","floor":5,"gold_loss":0},{"damage_healed":0,"gold_gain":0,"player_choice":"Box","damage_taken":0,"relics_obtained":["Old Coin"],"max_hp_gain":0,"max_hp_loss":0,"event_name":"Big Fish","floor":6,"gold_loss":0,"cards_obtained":["Regret"]},{"damage_healed":0,"gold_gain":0,"player_choice":"Grow","damage_taken":0,"max_hp_gain":0,"max_hp_loss":0,"event_name":"Living Wall","floor":12,"gold_loss":0,"cards_upgraded":["Reboot"]},{"damage_healed":0,"gold_gain":0,"player_choice":"Opened","damage_taken":0,"relics_obtained":["StrikeDummy"],"max_hp_gain":0,"max_hp_loss":0,"event_name":"The Mausoleum","floor":19,"gold_loss":0,"cards_obtained":["Writhe"]},{"damage_healed":0,"gold_gain":0,"player_choice":"Copied","damage_taken":0,"max_hp_gain":0,"max_hp_loss":0,"event_name":"Duplicator","floor":20,"gold_loss":0,"cards_obtained":["Reboot"]}],"is_beta":false,"boss_relics":[{"not_picked":["Snecko Eye","Philosopher\u0027s Stone"],"picked":"Fusion Hammer"}],"items_purged_floors":[],"is_endless":false,"potions_floor_spawned":[1,3,14,16,18],"killed_by":"Gremlin Leader","ascension_level":3}}