{"host":"ciz475qwqkblmwrq","time":1613978873,"event":{"mods":["2.2 Compatiblity","AchievementEnabler","Act Like it!","Bard","BaseMod","Beaked The Cultist","Colored Map","Colored Powertips","Dark Map","Downfall","Ekko","Friendly Minions","Hallownest","Hermit","Highlight Path","Hubris","JesterMod","Mimic Mod","Minty Spire (QoL Compilation)","Rare Cards Sparkle","Replay The Spire","Shade Mod","StSLib","The Bug Knight","The Construct","The Cursed","The Disciple","The Hierophant","The Necromancer","The Runesmith","TheVacant","everything is the same but u backflip on backflip","slay the spire mod where everything is the same but ironclad has a cowboy hat"],"gold_per_floor":[117,23,34,47,47,47,74,74,101,135,150,150,150,164,164,262,262,278,88,88,103,119,119,136,154,204,204,204,95,106,13,13,13,13],"floor_reached":33,"language":"ENG","playtime":2843,"items_purged":["SwitchConfidence"],"score":257,"play_id":"d95849d6-3758-4ebb-bf9f-c1534a42a932","local_time":"20210221232753","is_ascension_mode":false,"campfire_choices":[{"floor":6.0,"key":"RECALL"},{"floor":8.0,"key":"REST"},{"floor":12.0,"key":"REST"},{"floor":15.0,"key":"REST"},{"floor":23.0,"key":"REST"},{"floor":28,"key":"REST"},{"floor":32,"key":"REST"}],"circlet_count":0,"master_deck":["Strike_W","Strike_W","Strike_W","Defend_W","Defend_W","Defend_W","Defend_W","Bone_Wall","Negative_Energy_Burst","Bandage Up","Bone_Prison","Life_Tap","Uncharnel","Bone_Spikes","Summon_Undead","Specialist","Summon_Death_Knight","Summon_Undead","hubris:EnhanceAbility","Death_Knell","Vampiric_Strike","Life_Drain","Uncharnel","Master of Strategy","Bone_Prison+1","Replay:Bootleg Shield Generator"],"relics":["Vampire_Amulet","NeowsBlessing","Pet Ghost","Strawberry","hubris:BottledRain","Empty Cage","ReplayTheSpireMod:CursedCoin"],"acts_visited":["Exordium","TheCity"],"potions_floor_usage":[],"damage_taken":[{"damage":0.0,"enemies":"Cultist","floor":1.0,"turns":1.0},{"damage":0.0,"enemies":"Small Slimes","floor":3.0,"turns":1.0},{"damage":0.0,"enemies":"Jaw Worm","floor":4.0,"turns":1.0},{"damage":68.0,"enemies":"Lagavulin","floor":7.0,"turns":13.0},{"damage":29.0,"enemies":"3 Sentries","floor":10.0,"turns":6.0},{"damage":2.0,"enemies":"Blue Slaver","floor":11.0,"turns":4.0},{"damage":0.0,"enemies":"3 Louse","floor":14.0,"turns":3.0},{"damage":56.0,"enemies":"Fading Forest","floor":16.0,"turns":11.0},{"damage":51.0,"enemies":"Spheric Guardian","floor":18.0,"turns":8.0},{"damage":12.0,"enemies":"3 Byrds","floor":21.0,"turns":4.0},{"damage":19.0,"enemies":"Centurion and Healer","floor":22.0,"turns":8.0},{"damage":14.0,"enemies":"3 Cultists","floor":24.0,"turns":5.0},{"damage":33.0,"enemies":"Shelled Parasite and Fungi","floor":25.0,"turns":6.0},{"damage":27,"enemies":"Cultist and Chosen","floor":30,"turns":6},{"damage":111,"enemies":"Automaton","floor":33,"turns":12}],"seed_played":"-7361152042676182231","potions_obtained":[{"floor":3.0,"key":"PowerPotion"},{"floor":4.0,"key":"Weak Potion"},{"floor":11.0,"key":"LiquidBronze"},{"floor":14.0,"key":"bronze:BurnAndBuffPotion"},{"floor":16.0,"key":"Fire Potion"}],"is_trial":false,"path_per_floor":["M","$","M","M","$","R","E","R","T","E","M","R","?","M","R","B",null,"M","$","?","M","M","R","M","M","T","?","R","$","M","$","R","B"],"character_chosen":"NECROMANCER","items_purchased":["Bandage Up","hubris:EnhanceAbility","ReplayTheSpireMod:CursedCoin","Master of Strategy","Replay:Bootleg Shield Generator"],"campfire_rested":6,"item_purchase_floors":[2,19,29,29,31],"current_hp_per_floor":[75,75,75,75,75,75,13,35,42,23,27,51,51,61,82,50,82,37,37,21,19,12,38,34,21,21,21,47,47,38,38,64,0,0],"gold":13,"neow_bonus":"THREE_ENEMY_KILL","is_daily":false,"chose_seed":false,"campfire_upgraded":0,"win_rate":0.0,"timestamp":1613978873,"path_taken":["M","?","?","M","$","R","E","R","T","E","M","R","?","M","R","BOSS","M","?","?","M","M","R","?","M","T","?","R","$","M","$","R","BOSS"],"items_purchased_type":["Card","Card","Relic","Card","Card"],"build_version":"2020-12-22","purchased_purges":1,"victory":false,"max_hp_per_floor":[75,75,75,75,75,75,75,75,82,82,82,82,82,82,82,82,82,82,82,87,87,87,87,87,87,87,87,87,87,87,87,87,87,87],"card_choices":[{"not_picked":["Scare","Chill_Blood"],"picked":"Negative_Energy_Burst","floor":1.0},{"not_picked":["Negative_Energy_Javelin","Life_Drain"],"picked":"Bone_Prison","floor":3.0},{"not_picked":["Negative_Energy_Burst","Plague_Bolt"],"picked":"Life_Tap","floor":4.0},{"not_picked":["Skeleton_Dragon","Vampiric_Strike"],"picked":"Uncharnel","floor":7.0},{"not_picked":["Shackles_Of_Pain","Bone_Shift"],"picked":"Bone_Spikes","floor":10.0},{"not_picked":["Bone_Shift","Blood_Shield"],"picked":"Summon_Undead","floor":11.0},{"not_picked":["Scare","Toxic_Smoke_Screen"],"picked":"Whirlwind_of_Bones","floor":14.0},{"not_picked":["Grasp_Heart","Cloudkill"],"picked":"Summon_Death_Knight","floor":16.0},{"not_picked":["Bone_Bullets","Vampiric_Strike"],"picked":"Summon_Undead","floor":18.0},{"not_picked":["Epidemic+1","Exploit"],"picked":"Death_Knell","floor":21.0},{"not_picked":["Chill_Blood","Blood_Whip"],"picked":"Vampiric_Strike","floor":22.0},{"not_picked":["Blood_Whip","Toxic_Smoke_Screen"],"picked":"Life_Drain","floor":24.0},{"not_picked":["Bone_Shift","Consume_Illness"],"picked":"Uncharnel","floor":25},{"not_picked":["Consume_Illness","Bones_to_Steel"],"picked":"Bone_Prison+1","floor":30}],"player_experience":712810,"relics_obtained":[{"floor":7.0,"key":"Pet Ghost"},{"floor":9.0,"key":"Strawberry"},{"floor":10.0,"key":"hubris:BottledRain"}],"event_choices":[{"cards_removed":["Negative_Energy_Arrows"],"damage_healed":0.0,"max_hp_gain":0.0,"max_hp_loss":0.0,"gold_gain":0.0,"event_name":"NoteForYourself","player_choice":"Took Card","floor":13.0,"gold_loss":0.0,"damage_taken":0.0,"cards_obtained":["Specialist"]},{"damage_healed":0.0,"max_hp_gain":5.0,"max_hp_loss":0.0,"gold_gain":0.0,"event_name":"Forgotten Altar","player_choice":"Shed Blood","floor":20.0,"gold_loss":0.0,"damage_taken":21.0},{"damage_healed":0,"gold_gain":0,"player_choice":"Ignored","damage_taken":0,"max_hp_gain":0,"max_hp_loss":0,"event_name":"Ghosts","floor":27,"gold_loss":0}],"is_beta":false,"boss_relics":[{"not_picked":["Ectoplasm","Kintsugi"],"picked":"Empty Cage"}],"items_purged_floors":[29],"is_endless":false,"potions_floor_spawned":[3,4,11,14,16,18,24,25],"killed_by":"Automaton","ascension_level":0}}