{"host":"1ycuxm9gov0tl9zf","time":1613986733,"event":{"mods":["Act Like it!","BaseMod","Colored Powertips","Downfall","Gensokyo","GifTheSpireLib","Hallownest","Marisa£®ÏF”Í°°ƒß¿Ì…≥£©","Minty Spire (QoL Compilation)","Quick Restart","Remilia£®¿Ÿ√◊¿Ú—«£©","Replay The Spire","Shop Mod","StSLib","The Administrix","The Animator","The Bug Knight","The Hierophant"],"gold_per_floor":[114,114,132,132,161,211,242,21,48,58,85,110,110,137,137,237,237,248,150,181,195,195,243,243,292,292,292,3,3,16,16,16,128,128,148,168,232,79,97,144,144,159,159,159,159,205,205,233,233,233],"floor_reached":51,"language":"ZHS","playtime":3927,"items_purged":[],"score":885,"play_id":"85d1c6de-c917-49c2-95f8-0ba7da70f7f9","local_time":"20210222173853","is_ascension_mode":false,"campfire_choices":[{"data":"MaximisePower","floor":15,"key":"SMITH"},{"data":"MillisecondPulsars","floor":24,"key":"SMITH"},{"data":"OpenUniverse","floor":32,"key":"SMITH"},{"floor":44,"key":"REST"},{"data":"BinaryStars","floor":47,"key":"SMITH"},{"data":"PropBag","floor":49,"key":"SMITH"}],"circlet_count":0,"master_deck":["MasterSpark","UpSweep","MysteriousBeam","WitchOfGreed","SporeBomb","IllusionStar","WitchLeyline","ManaRampage+1","DoubleSpark","MysteriousBeam","Acceleration","MillisecondPulsars+1","GasGiant","IllusionStar","DeepEcoloBomb+1","MysteriousBeam","OpenUniverse+1","GrandCross","NonDirectionalLaser","FinalSpark+1","BinaryStars+1","AsteroidBelt","CollectingQuirk","FairyDestructionRay","PropBag+1","DarkMatter","JA","GrandCross","NonDirectionalLaser+1","LuminesStrike+1","DeepEcoloBomb+1","StarBarrage+1","NonDirectionalLaser+1","EventHorizon+1"],"relics":["BewitchedHakkero","ReplayFunnel","Pet Ghost","Juzu Bracelet","Oddly Smooth Stone","Mummified Hand","Pocketwatch","Replay:Bottled Snecko","ReplayTheSpireMod:Lightbulb","Pandora\u0027s Box","Letter Opener","CatCart","Anchor","Ancient Tea Set","Replay:Bottled Steam","BreadOfAWashokuLover","Blood Vial"],"acts_visited":["Exordium","TheCity","TheBeyond"],"potions_floor_usage":[6,6,7,7,7,11,12,12,16,20,23,23,25,33,37,37,37,46,50,50],"damage_taken":[{"damage":3,"enemies":"Small Slimes","floor":1,"turns":3},{"damage":0,"enemies":"Cultist","floor":3,"turns":3},{"damage":7,"enemies":"2 Louse","floor":5,"turns":3},{"damage":21,"enemies":"Lagavulin","floor":6,"turns":6},{"damage":4,"enemies":"Gremlin Gang","floor":7,"turns":2},{"damage":0,"enemies":"Large Slime","floor":10,"turns":2},{"damage":15,"enemies":"Exordium Thugs","floor":11,"turns":4},{"damage":0,"enemies":"HollowMod:MossKnight","floor":12,"turns":2},{"damage":6,"enemies":"2 Fungi Beasts","floor":14,"turns":2},{"damage":0,"enemies":"Slime Boss","floor":16,"turns":3},{"damage":10,"enemies":"Chosen","floor":18,"turns":2},{"damage":11,"enemies":"Spheric Guardian","floor":20,"turns":4},{"damage":18,"enemies":"Snake Plant","floor":21,"turns":3},{"damage":31,"enemies":"Gremlin Leader","floor":23,"turns":5},{"damage":11,"enemies":"HollowMod:Nosk","floor":25,"turns":6},{"damage":18,"enemies":"Shelled Parasite and Fungi","floor":30,"turns":3},{"damage":79,"enemies":"Automaton","floor":33,"turns":8},{"damage":9,"enemies":"3 Darklings","floor":35,"turns":2},{"damage":2,"enemies":"Orb Walker","floor":36,"turns":2},{"damage":55,"enemies":"Orin","floor":37,"turns":9},{"damage":0,"enemies":"Sphere and 2 Shapes","floor":39,"turns":1},{"damage":2,"enemies":"Nemesis","floor":40,"turns":5},{"damage":33,"enemies":"4 Shapes","floor":42,"turns":3},{"damage":7,"enemies":"Giant Head","floor":46,"turns":4},{"damage":0,"enemies":"Reptomancer","floor":48,"turns":2},{"damage":66,"enemies":"Time Eater","floor":50,"turns":8}],"seed_played":"4244862200016039081","potions_obtained":[{"floor":5,"key":"Reflective Coating"},{"floor":5,"key":"Fruit Juice"},{"floor":6,"key":"EntropicBrew"},{"floor":7,"key":"Fire Potion"},{"floor":10,"key":"PowerPotion"},{"floor":11,"key":"SkillPotion"},{"floor":12,"key":"ShroomBrew"},{"floor":14,"key":"DuplicationPotion"},{"floor":18,"key":"Dexterity Potion"},{"floor":20,"key":"Explosive Potion"},{"floor":25,"key":"Elixir"},{"floor":25,"key":"BlessingOfTheForge"},{"floor":33,"key":"ColorlessPotion"},{"floor":36,"key":"ColorlessPotion"},{"floor":37,"key":"StarNLove"},{"floor":37,"key":"SpeedPotion"},{"floor":40,"key":"Block Potion"},{"floor":40,"key":"Fire Potion"},{"floor":46,"key":"ColorlessPotion"}],"is_trial":false,"path_per_floor":["M","?","M","$","M","E","M","$","T","M","M","E","?","M","R","B",null,"M","$","M","M","?","E","R","E","T","?","$","T","M","?","R","B",null,"M","M","?","$","M","E","?","M","T","R","?","E","R","E","R","B",null],"character_chosen":"MARISA","items_purchased":["ManaRampage","Pet Ghost","Fruit Juice","Replay:Bottled Snecko","GrandCross","Anchor"],"campfire_rested":1,"item_purchase_floors":[8,8,19,28,28,38],"current_hp_per_floor":[79,79,79,79,72,56,52,52,52,52,37,37,37,31,31,31,87,77,77,71,53,53,22,22,11,11,102,102,102,84,84,84,5,102,93,91,36,36,36,34,34,1,1,31,31,36,36,36,36,37],"gold":233,"neow_bonus":"TEN_PERCENT_HP_BONUS","is_daily":false,"chose_seed":false,"campfire_upgraded":5,"win_rate":0.0,"timestamp":1613986733,"path_taken":["M","?","M","$","M","E","M","?","T","M","M","E","?","M","R","BOSS","M","$","M","M","?","E","R","E","T","?","$","?","M","?","R","BOSS","M","M","?","$","M","E","?","M","T","R","?","E","R","E","R","BOSS"],"items_purchased_type":["Card","Relic","Potion","Relic","Card","Relic"],"build_version":"2020-12-22","purchased_purges":0,"victory":true,"max_hp_per_floor":[82,82,82,82,82,87,87,87,87,87,87,87,87,87,87,87,87,87,87,92,92,92,92,92,92,92,102,102,102,102,102,102,102,102,102,102,102,102,102,102,102,102,102,102,102,102,102,102,102,102],"card_choices":[{"not_picked":["GalacticHalo","MachineGunSpark"],"picked":"MysteriousBeam","floor":1},{"not_picked":["PulseMagic","MachineGunSpark"],"picked":"WitchOfGreed","floor":3},{"not_picked":["WitchOfGreed","6A"],"picked":"SporeBomb","floor":5},{"not_picked":["AsteroidBelt","ManaConvection"],"picked":"IllusionStar","floor":6},{"not_picked":["StarlightTyphoon","GravityBeat"],"picked":"WitchLeyline","floor":7},{"not_picked":["GravityBeat","MagicChant"],"picked":"DoubleSpark","floor":10},{"not_picked":["RefractionSpark","GalacticHalo"],"picked":"MysteriousBeam","floor":11},{"not_picked":["EventHorizon","SporeBomb"],"picked":"Acceleration","floor":12},{"not_picked":["MilkyWay","ManaConvection"],"picked":"MaximisePower","floor":14},{"not_picked":["CasketOfStar","UltimateShortwave"],"picked":"MillisecondPulsars","floor":16},{"not_picked":["SporeBomb","PowerUp"],"picked":"GasGiant","floor":18},{"not_picked":["WitchOfGreed+1","MilkyWay+1"],"picked":"IllusionStar","floor":20},{"not_picked":["NonDirectionalLaser","DoubleSpark"],"picked":"DeepEcoloBomb+1","floor":21},{"not_picked":["GravityBeat","ShootingEcho"],"picked":"MysteriousBeam","floor":23},{"not_picked":["Robbery","EscapeVelocity"],"picked":"OpenUniverse","floor":25},{"not_picked":["Acceleration","MilkyWay"],"picked":"NonDirectionalLaser","floor":30},{"not_picked":["StarDustReverie","BigCrunch"],"picked":"FinalSpark","floor":33},{"not_picked":["DC","WitchLeyline"],"picked":"GrandCross","floor":35},{"not_picked":["IllusionStar","LuminesStrike"],"picked":"NonDirectionalLaser+1","floor":36},{"not_picked":["GasGiant+1","DC+1"],"picked":"LuminesStrike+1","floor":37},{"not_picked":["MilkyWay","PowerUp+1","ManaConvection+1"],"picked":"SKIP","floor":39},{"not_picked":["Orbital+1","MilkyWay+1"],"picked":"DeepEcoloBomb+1","floor":40},{"not_picked":["EnergyRecoil+1","ShootingEcho"],"picked":"StarBarrage+1","floor":42},{"not_picked":["Acceleration+1","PulseMagic+1"],"picked":"NonDirectionalLaser+1","floor":46},{"not_picked":["OneTimeOff+1","MagicChant"],"picked":"EventHorizon+1","floor":48}],"player_experience":131465,"relics_obtained":[{"floor":6,"key":"ReplayFunnel"},{"floor":12,"key":"Juzu Bracelet"},{"floor":23,"key":"Oddly Smooth Stone"},{"floor":25,"key":"Mummified Hand"},{"floor":26,"key":"Pocketwatch"},{"floor":29,"key":"ReplayTheSpireMod:Lightbulb"},{"floor":37,"key":"CatCart"},{"floor":40,"key":"Ancient Tea Set"},{"floor":43,"key":"Replay:Bottled Steam"},{"floor":46,"key":"BreadOfAWashokuLover"},{"floor":48,"key":"Blood Vial"}],"event_choices":[{"damage_healed":0,"gold_gain":0,"player_choice":"Bought 0 Potions","damage_taken":0,"max_hp_gain":0,"max_hp_loss":0,"event_name":"The Woman in Blue","floor":2,"gold_loss":0},{"damage_healed":0,"gold_gain":0,"player_choice":"Upgraded","damage_taken":0,"max_hp_gain":0,"max_hp_loss":0,"event_name":"Upgrade Shrine","floor":13,"gold_loss":0,"cards_upgraded":["ManaRampage"]},{"cards_removed":["MaximisePower"],"damage_healed":81,"gold_gain":0,"player_choice":"Offered Rare","damage_taken":0,"max_hp_gain":10,"max_hp_loss":0,"event_name":"Bonfire Elementals","floor":27,"gold_loss":0},{"damage_healed":0,"gold_gain":0,"player_choice":"Ignored","damage_taken":0,"max_hp_gain":0,"max_hp_loss":0,"event_name":"Ghosts","floor":31,"gold_loss":0},{"damage_healed":0,"gold_gain":0,"player_choice":"Fight","damage_taken":0,"max_hp_gain":0,"max_hp_loss":0,"event_name":"OrinTheCat","floor":37,"gold_loss":0},{"cards_removed":["TreasureHunter"],"damage_healed":0,"gold_gain":0,"player_choice":"Removed Attack","damage_taken":0,"max_hp_gain":0,"max_hp_loss":0,"event_name":"Falling","floor":41,"gold_loss":0},{"damage_healed":0,"gold_gain":0,"player_choice":"Upgraded","damage_taken":0,"max_hp_gain":0,"max_hp_loss":0,"event_name":"Upgrade Shrine","floor":45,"gold_loss":0,"cards_upgraded":["FinalSpark"]}],"is_beta":false,"boss_relics":[{"not_picked":["bronze:MakeshiftBattery","ReplayTheSpireMod:DimensionalGlitch"],"picked":"BewitchedHakkero"},{"not_picked":["Kintsugi","Sozu"],"picked":"Pandora\u0027s Box"}],"items_purged_floors":[],"is_endless":false,"potions_floor_spawned":[5,10,12,18,20,25,36,37,40,48],"ascension_level":0}}