{"host":"g8a0qo0vjtg6u5wv","time":1613997258,"event":{"mods":["BaseMod","Colored Map","Custom Start","KOR Keyword Fix","Minty Spire (QoL Compilation)","StSLib","SuperFastMode"],"gold_per_floor":[113,38,49,124,136,136,152,152,177,177,195,213,229,229,229,308,308,319,300,200,217,227,227,19,19,19,29,41,41,41,74,74,74,74],"floor_reached":33,"language":"KOR","playtime":782,"items_purged":["Strike_R","Defend_R"],"score":444,"play_id":"de2196d8-0389-43a8-a589-a67f91a09937","local_time":"20210222213418","is_ascension_mode":true,"campfire_choices":[{"data":"Blood for Blood","floor":6.0,"key":"SMITH"},{"floor":8.0,"key":"REST"},{"data":"Body Slam","floor":10.0,"key":"SMITH"},{"data":"Blood for Blood","floor":15.0,"key":"SMITH"},{"floor":23,"key":"REST"},{"data":"Battle Trance","floor":25,"key":"SMITH"},{"floor":30,"key":"REST"},{"data":"Armaments","floor":32,"key":"SMITH"}],"circlet_count":0,"master_deck":["AscendersBane","Defend_R","Defend_R","Defend_R","Bash","Body Slam+1","Blood for Blood+1","Wild Strike","Iron Wave","Rage","Blood for Blood+1","Impervious","Juggernaut","Feed+1","Ghostly Armor+1","Metallicize+1","Battle Trance+1","Pommel Strike+1","Shrug It Off","Armaments+1","Reckless Charge+1"],"relics":["Runic Cube","Pen Nib","Astrolabe","ClockworkSouvenir","Self Forming Clay","Bag of Preparation"],"acts_visited":["Exordium","TheCity"],"potions_floor_usage":[31,33],"damage_taken":[{"damage":10.0,"enemies":"Cultist","floor":1.0,"turns":4.0},{"damage":3.0,"enemies":"2 Louse","floor":3.0,"turns":3.0},{"damage":7.0,"enemies":"Jaw Worm","floor":5.0,"turns":3.0},{"damage":13.0,"enemies":"Gremlin Gang","floor":7.0,"turns":6.0},{"damage":12.0,"enemies":"Exordium Thugs","floor":11.0,"turns":4.0},{"damage":0.0,"enemies":"2 Fungi Beasts","floor":12.0,"turns":2.0},{"damage":2.0,"enemies":"Looter","floor":13.0,"turns":3.0},{"damage":25,"enemies":"The Guardian","floor":16,"turns":13},{"damage":7,"enemies":"3 Byrds","floor":18,"turns":4},{"damage":14,"enemies":"2 Thieves","floor":19,"turns":4},{"damage":1,"enemies":"Snecko","floor":21,"turns":4},{"damage":11,"enemies":"Centurion and Healer","floor":22,"turns":7},{"damage":37,"enemies":"Shelled Parasite and Fungi","floor":27,"turns":5},{"damage":0,"enemies":"Snecko","floor":28,"turns":6},{"damage":20,"enemies":"Slavers","floor":31,"turns":6},{"damage":32,"enemies":"Automaton","floor":33,"turns":4}],"seed_played":"-4965413646162981934","potions_obtained":[{"floor":5.0,"key":"EssenceOfSteel"},{"floor":11.0,"key":"Dexterity Potion"},{"floor":12.0,"key":"Strength Potion"}],"is_trial":false,"path_per_floor":["M","$","M","?","M","R","M","R","T","R","M","M","M","?","R","B",null,"M","M","$","M","M","R","$","R","T","M","M","$","R","E","R","B"],"character_chosen":"IRONCLAD","items_purchased":["ClockworkSouvenir","Shrug It Off"],"campfire_rested":3,"item_purchase_floors":[24,24],"current_hp_per_floor":[58,58,55,44,37,37,24,46,46,46,34,34,32,32,32,7,58,51,37,37,36,29,52,52,52,52,15,19,19,43,27,27,0,0],"gold":74,"neow_bonus":"BOSS_RELIC","is_daily":false,"chose_seed":false,"campfire_upgraded":5,"win_rate":0.0,"timestamp":1613997258,"path_taken":["M","?","M","?","M","R","M","R","T","R","M","M","M","?","R","BOSS","M","M","$","M","M","R","$","R","T","M","?","$","R","E","R","BOSS"],"items_purchased_type":["Relic","Card"],"build_version":"2020-12-22","purchased_purges":2,"victory":false,"max_hp_per_floor":[75,75,75,75,75,75,75,75,75,75,75,75,75,75,75,75,75,75,75,75,75,79,79,79,79,79,79,83,83,83,87,87,87,87],"card_choices":[{"not_picked":["Infernal Blade","Disarm"],"picked":"Body Slam","floor":1.0},{"not_picked":["Pommel Strike","Dropkick"],"picked":"Blood for Blood","floor":3.0},{"not_picked":["Dark Embrace","Sword Boomerang"],"picked":"Wild Strike","floor":5.0},{"not_picked":["Twin Strike","Perfected Strike"],"picked":"Iron Wave","floor":7.0},{"not_picked":["Heavy Blade","Infernal Blade"],"picked":"Rage","floor":11.0},{"not_picked":["Headbutt","Clash"],"picked":"Blood for Blood","floor":12.0},{"not_picked":["Sword Boomerang","Thunderclap"],"picked":"Impervious","floor":13.0},{"not_picked":["Reaper","Immolate"],"picked":"Juggernaut","floor":16},{"not_picked":["Pummel+1","Cleave","Blood for Blood"],"picked":"SKIP","floor":18},{"not_picked":["Body Slam","Pommel Strike+1"],"picked":"Battle Trance","floor":19},{"not_picked":["Cleave","Sever Soul","Body Slam"],"picked":"SKIP","floor":21},{"not_picked":["Inflame","Thunderclap+1"],"picked":"Pommel Strike+1","floor":22},{"not_picked":["Sword Boomerang","Thunderclap"],"picked":"Armaments","floor":27},{"not_picked":["Clothesline","Armaments"],"picked":"Reckless Charge+1","floor":28},{"not_picked":["Feed","Armaments","Pummel"],"picked":"SKIP","floor":31}],"player_experience":585712,"relics_obtained":[{"floor":9.0,"key":"Pen Nib"},{"floor":26,"key":"Self Forming Clay"},{"floor":31,"key":"Bag of Preparation"}],"event_choices":[{"damage_healed":0.0,"max_hp_gain":0.0,"max_hp_loss":0.0,"gold_gain":75.0,"event_name":"World of Goop","player_choice":"Gather Gold","floor":4.0,"gold_loss":0.0,"damage_taken":11.0},{"cards_removed":["Strike_R"],"damage_healed":0.0,"max_hp_gain":0.0,"max_hp_loss":0.0,"gold_gain":0.0,"event_name":"Bonfire Elementals","player_choice":"Offered Basic","floor":14.0,"gold_loss":0.0,"damage_taken":0.0}],"is_beta":false,"boss_relics":[{"not_picked":["Busted Crown","Runic Pyramid"],"picked":"Astrolabe"}],"items_purged_floors":[2,20],"is_endless":false,"potions_floor_spawned":[5,11,12,16,18,22],"killed_by":"Automaton","ascension_level":14}}