{"host":"19r1ww88x2tc73i0","time":1613980949,"event":{"mods":["BaseMod","BetterRewards","Colored Map","Minty Spire (QoL Compilation)","Relic Stats","StSLib","SuperFastMode","slay the spire mod where everything is the same but ironclad has a cowboy hat"],"gold_per_floor":[118,129,129,129,30,30,30,63,90,90,118,131,160,171,171,250,250,263,41,41,41,58,58,85,6,29,29,57,57,71,102,102,179,179,196,221,269,285,305,335,335,335,359,248,248,276,276,308,308,308,308,308,308,0,29,29],"floor_reached":57,"language":"ENG","playtime":3260,"items_purged":["Strike_B","Defend_B","Defend_B","Dualcast"],"score":4295,"play_id":"f7cc56f0-47db-44dc-8331-de475e3380df","local_time":"25640222150229","is_ascension_mode":true,"campfire_choices":[{"data":"Rip and Tear","floor":6.0,"key":"SMITH"},{"data":"Gash","floor":10.0,"key":"SMITH"},{"data":"Go for the Eyes","floor":15.0,"key":"SMITH"},{"data":"Hyperbeam","floor":23.0,"key":"SMITH"},{"data":"Genetic Algorithm","floor":27,"key":"SMITH"},{"data":"Sweeping Beam","floor":29,"key":"SMITH"},{"data":"Streamline","floor":32,"key":"SMITH"},{"floor":41,"key":"REST"},{"floor":45,"key":"REST"},{"floor":47,"key":"REST"},{"floor":49,"key":"RECALL"},{"floor":53,"key":"REST"}],"circlet_count":0,"master_deck":["AscendersBane","Strike_B","Strike_B","Strike_B","Defend_B","Defend_B+1","Zap+1","Go for the Eyes+1","Rip and Tear+1","Gash+1","Rebound","Streamline+1","Sweeping Beam+1","Genetic Algorithm+1","Hyperbeam+1","Reprogram+1","Leap+1","Skim+1","BootSequence+1","All For One","Conserve Battery+1","Seek+1","Recycle+1","Hologram+1","Turbo+1","Self Repair+1","Steam+1","Leap+1","Reinforced Body+1","Conserve Battery+1","Stack+1","Gash","Hologram+1","Leap+1","Master of Strategy+1","FTL"],"relics":["Cracked Core","PreservedInsect","FossilizedHelix","Membership Card","Mummified Hand","Matryoshka","Art of War","Toolbox","Chemical X","Juzu Bracelet","Smiling Mask","War Paint","Question Card","Sozu","Toxic Egg 2","Enchiridion","MutagenicStrength","Happy Flower","Pen Nib","Nunchaku","Oddly Smooth Stone","Regal Pillow","Calipers","Fusion Hammer","Gambling Chip","Mango","Dream Catcher","Potion Belt","HandDrill","Bag of Marbles","Letter Opener","Strange Spoon","Centennial Puzzle","Eternal Feather"],"acts_visited":["Exordium","TheCity","TheBeyond","TheEnding"],"potions_floor_usage":[24,50],"damage_taken":[{"damage":0.0,"enemies":"Cultist","floor":1.0,"turns":3.0},{"damage":0.0,"enemies":"Small Slimes","floor":2.0,"turns":2.0},{"damage":0.0,"enemies":"Lagavulin","floor":8.0,"turns":3.0},{"damage":0.0,"enemies":"Gremlin Nob","floor":11.0,"turns":2.0},{"damage":0.0,"enemies":"2 Louse","floor":12.0,"turns":2.0},{"damage":0.0,"enemies":"Lagavulin","floor":13.0,"turns":3.0},{"damage":7.0,"enemies":"Exordium Wildlife","floor":14.0,"turns":3.0},{"damage":27.0,"enemies":"The Guardian","floor":16.0,"turns":8.0},{"damage":0.0,"enemies":"Spheric Guardian","floor":18.0,"turns":3.0},{"damage":0.0,"enemies":"2 Thieves","floor":22.0,"turns":2.0},{"damage":0,"enemies":"Slavers","floor":24,"turns":3},{"damage":0,"enemies":"Book of Stabbing","floor":28,"turns":3},{"damage":0,"enemies":"Centurion and Healer","floor":30,"turns":2},{"damage":0,"enemies":"Slavers","floor":31,"turns":2},{"damage":0,"enemies":"Collector","floor":33,"turns":8},{"damage":0,"enemies":"3 Darklings","floor":35,"turns":2},{"damage":6,"enemies":"Mind Bloom Boss Battle","floor":36,"turns":4},{"damage":5,"enemies":"2 Orb Walkers","floor":37,"turns":4},{"damage":0,"enemies":"3 Shapes","floor":38,"turns":1},{"damage":0,"enemies":"Sphere and 2 Shapes","floor":39,"turns":3},{"damage":0,"enemies":"Nemesis","floor":40,"turns":7},{"damage":0,"enemies":"Giant Head","floor":46,"turns":6},{"damage":0,"enemies":"Nemesis","floor":48,"turns":7},{"damage":0,"enemies":"Donu and Deca","floor":50,"turns":7},{"damage":0,"enemies":"Time Eater","floor":51,"turns":12},{"damage":20,"enemies":"Shield and Spear","floor":55,"turns":5},{"damage":10,"enemies":"The Heart","floor":56,"turns":14}],"seed_played":"-6993326869963569848","potions_obtained":[{"floor":1.0,"key":"LiquidMemories"},{"floor":2.0,"key":"GamblersBrew"},{"floor":16.0,"key":"Swift Potion"}],"is_trial":false,"path_per_floor":["M","M","$","?","$","R","?","E","T","R","E","M","E","M","R","B",null,"M","$","?","?","M","R","E","$","T","R","E","R","M","E","R","B",null,"M","?","?","M","M","E","R","?","T","$","R","E","R","E","R","B","B",null,"R","$","E","B",null],"character_chosen":"DEFECT","items_purchased":["PreservedInsect","FossilizedHelix","Membership Card","Mummified Hand","Matryoshka","Art of War","Toolbox","Chemical X","Gash","Toxic Egg 2","Reprogram+1","Pen Nib","HandDrill","Conserve Battery+1","Strange Spoon","Centennial Puzzle","Master of Strategy+1","FTL"],"campfire_rested":4,"item_purchase_floors":[0,0,0,0,0,0,0,5,5,19,19,25,44,44,54,54,54,54],"current_hp_per_floor":[64,64,64,64,64,64,69,69,69,69,69,69,69,62,62,35,66,66,66,45,45,45,45,45,45,45,45,45,45,45,45,45,45,68,68,62,71,71,78,85,90,90,90,90,90,90,90,90,90,90,90,90,90,90,80,80],"gold":29,"neow_bonus":"","is_daily":false,"chose_seed":false,"campfire_upgraded":7,"win_rate":0.0,"timestamp":1613980949,"path_taken":["M","M","?","?","$","R","?","E","T","R","E","M","E","M","R","BOSS","M","$","?","?","M","R","E","$","T","R","E","R","M","E","R","BOSS","M","?","?","M","M","E","R","?","T","$","R","E","R","E","R","BOSS","BOSS","R","$","E","BOSS"],"items_purchased_type":["Relic","Relic","Relic","Relic","Relic","Relic","Relic","Relic","Card","Relic","Card","Relic","Relic","Card","Relic","Relic","Card","Card"],"build_version":"2020-12-22","purchased_purges":4,"victory":true,"max_hp_per_floor":[71,71,71,71,71,71,76,76,76,76,76,76,76,76,76,76,76,76,76,76,76,76,76,76,76,76,76,76,76,76,76,76,76,76,76,76,90,90,90,90,90,90,90,90,90,90,90,90,90,90,90,90,90,90,90,90],"relic_stats":{"Regal Pillow":0,"Happy Flower":[29],"counters":[144,640],"Eternal Feather":0,"PreservedInsect":1464,"Pen Nib":[38],"Juzu Bracelet":5,"Letter Opener":[245],"War Paint":["Defend_B","Defend_B","Defend_B","Zap"],"Smiling Mask":25,"Question Card":22,"Sozu":9,"Strange Spoon":[6],"Nunchaku":[20],"Dream Catcher":4,"Centennial Puzzle":[6],"Mummified Hand":[252],"Gambling Chip":[17],"Art of War":[30],"HandDrill":[16],"Chemical X":[14],"obtain_stats":[{"Ice Cream":0,"Calipers":31,"Gremlin Horn":28,"CeramicFish":24,"Vajra":14,"Runic Capacitor":0,"Boot":30,"FrozenCore":17,"Blood Vial":43,"Sozu":17,"Centennial Puzzle":0,"HornCleat":0,"Sundial":12,"DollysMirror":20,"MealTicket":40,"Philosopher\u0027s Stone":17,"Fusion Hammer":34,"Necronomicon":25,"HandDrill":44,"Toxic Egg 2":32,"Happy Flower":0,"Astrolabe":17,"Dead Branch":7,"Oddly Smooth Stone":0,"Eternal Feather":47,"Pen Nib":0,"Letter Opener":48,"War Paint":44,"Question Card":7,"Cables":0,"SlaversCollar":17,"Bottled Flame":42,"Shuriken":9,"Bronze Scales":45,"MutagenicStrength":21,"StrikeDummy":55,"Meat on the Bone":27,"Regal Pillow":31,"Lantern":3,"Singing Bowl":14,"SacredBark":34,"Enchiridion":24,"Mango":37,"Incense Burner":0,"Juzu Bracelet":13,"Bag of Preparation":55,"PrismaticShard":27,"Smiling Mask":9,"Ancient Tea Set":7,"ClockworkSouvenir":12,"Nunchaku":26,"Dream Catcher":40,"Shovel":0,"Matryoshka":12,"Mummified Hand":0,"Pantograph":0,"Gambling Chip":36,"Toolbox":0,"Tiny Chest":26,"WingedGreaves":6,"Red Mask":20,"Chemical X":4,"Cracked Core":0,"Potion Belt":14,"Lee\u0027s Waffle":0,"Inserter":34,"Golden Idol":2,"Thread and Needle":0,"PreservedInsect":0,"The Courier":10,"Omamori":26,"White Beast Statue":0,"Mercury Hourglass":8,"Strange Spoon":37,"DataDisk":9,"Anchor":0,"Ornamental Fan":24,"Orrery":54,"Turnip":30,"Coffee Dripper":34,"Art of War":54,"Bag of Marbles":43,"Membership Card":31,"Toy Ornithopter":5,"FossilizedHelix":0},{"Ice Cream":66,"Calipers":131,"Gremlin Horn":20,"CeramicFish":19,"Vajra":33,"Runic Capacitor":27,"Boot":21,"FrozenCore":15,"Blood Vial":84,"Sozu":125,"Centennial Puzzle":6,"HornCleat":47,"Sundial":32,"DollysMirror":102,"MealTicket":46,"Philosopher\u0027s Stone":100,"Fusion Hammer":106,"Necronomicon":103,"HandDrill":138,"Toxic Egg 2":78,"Happy Flower":27,"Astrolabe":34,"Dead Branch":57,"Oddly Smooth Stone":6,"Eternal Feather":87,"Pen Nib":47,"Letter Opener":140,"War Paint":111,"Question Card":68,"Cables":92,"SlaversCollar":72,"Bottled Flame":84,"Shuriken":30,"Bronze Scales":85,"MutagenicStrength":126,"StrikeDummy":116,"Meat on the Bone":75,"Regal Pillow":21,"Lantern":67,"Singing Bowl":71,"SacredBark":42,"Enchiridion":75,"Mango":135,"Incense Burner":27,"Juzu Bracelet":59,"Bag of Preparation":91,"PrismaticShard":38,"Smiling Mask":58,"Ancient Tea Set":97,"ClockworkSouvenir":58,"Nunchaku":128,"Dream Catcher":138,"Shovel":6,"Matryoshka":13,"Mummified Hand":51,"Pantograph":51,"Gambling Chip":134,"Toolbox":117,"Tiny Chest":19,"WingedGreaves":11,"Red Mask":74,"Chemical X":67,"Cracked Core":0,"Potion Belt":14,"Lee\u0027s Waffle":6,"Inserter":22,"Golden Idol":67,"Thread and Needle":27,"PreservedInsect":92,"The Courier":98,"Omamori":19,"White Beast Statue":66,"Mercury Hourglass":13,"Strange Spoon":44,"DataDisk":13,"Anchor":47,"Ornamental Fan":103,"Orrery":90,"Turnip":77,"Coffee Dripper":79,"Art of War":90,"Bag of Marbles":110,"Membership Card":21,"Toy Ornithopter":67,"FossilizedHelix":117},{"Ice Cream":294,"Calipers":560,"Gremlin Horn":92,"CeramicFish":87,"Vajra":156,"Runic Capacitor":137,"Boot":97,"FrozenCore":65,"Blood Vial":384,"Sozu":545,"Centennial Puzzle":22,"HornCleat":222,"Sundial":152,"DollysMirror":469,"MealTicket":220,"Philosopher\u0027s Stone":464,"Fusion Hammer":480,"Necronomicon":472,"HandDrill":589,"Toxic Egg 2":354,"Happy Flower":137,"Astrolabe":164,"Dead Branch":254,"Oddly Smooth Stone":22,"Eternal Feather":402,"Pen Nib":222,"Letter Opener":602,"War Paint":497,"Question Card":301,"Cables":438,"SlaversCollar":322,"Bottled Flame":384,"Shuriken":145,"Bronze Scales":391,"MutagenicStrength":548,"StrikeDummy":516,"Meat on the Bone":335,"Regal Pillow":97,"Lantern":297,"Singing Bowl":310,"SacredBark":194,"Enchiridion":335,"Mango":578,"Incense Burner":137,"Juzu Bracelet":261,"Bag of Preparation":431,"PrismaticShard":173,"Smiling Mask":256,"Ancient Tea Set":452,"ClockworkSouvenir":256,"Nunchaku":553,"Dream Catcher":589,"Shovel":22,"Matryoshka":53,"Mummified Hand":235,"Pantograph":235,"Gambling Chip":574,"Toolbox":519,"Tiny Chest":87,"WingedGreaves":43,"Red Mask":330,"Chemical X":297,"Cracked Core":0,"Potion Belt":57,"Lee\u0027s Waffle":22,"Inserter":105,"Golden Idol":297,"Thread and Needle":137,"PreservedInsect":438,"The Courier":454,"Omamori":87,"White Beast Statue":294,"Mercury Hourglass":53,"Strange Spoon":202,"DataDisk":53,"Anchor":222,"Ornamental Fan":472,"Orrery":425,"Turnip":348,"Coffee Dripper":363,"Art of War":425,"Bag of Marbles":494,"Membership Card":97,"Toy Ornithopter":297,"FossilizedHelix":519}]},"card_choices":[{"not_picked":["Blizzard","Cold Snap"],"picked":"Go for the Eyes","floor":1.0},{"not_picked":["Loop","FTL"],"picked":"Rip and Tear","floor":2.0},{"not_picked":["Stack","Tempest"],"picked":"Rebound","floor":8.0},{"not_picked":["Capacitor","Lockon"],"picked":"Streamline","floor":11.0},{"not_picked":["Static Discharge","Streamline","Go for the Eyes"],"picked":"SKIP","floor":12.0},{"not_picked":["Turbo","Steam"],"picked":"Sweeping Beam","floor":13.0},{"not_picked":["Streamline","Stack","Ball Lightning"],"picked":"Genetic Algorithm","floor":14.0},{"not_picked":["Fission","Multi-Cast","Creative AI"],"picked":"Hyperbeam","floor":16.0},{"not_picked":["Chill","Ball Lightning+1","Chaos","Coolheaded"],"picked":"SKIP","floor":18.0},{"not_picked":["Consume+1","Defragment+1","Cold Snap"],"picked":"Leap+1","floor":22.0},{"not_picked":["Redo+1","Glacier+1","Cold Snap"],"picked":"Skim+1","floor":24},{"not_picked":["Streamline","Aggregate+1","Undo+1"],"picked":"BootSequence+1","floor":28},{"not_picked":["Auto Shields+1","Gash","Chaos+1"],"picked":"All For One","floor":30},{"not_picked":["Melter+1","Compile Driver+1","Scrape"],"picked":"Conserve Battery+1","floor":31},{"not_picked":["Biased Cognition","Fission+1","Reboot+1"],"picked":"Seek+1","floor":33},{"not_picked":["Static Discharge","Blizzard","Ball Lightning"],"picked":"Recycle+1","floor":35},{"not_picked":["Redo+1","Double Energy+1","Steam+1"],"picked":"Hologram+1","floor":36},{"not_picked":["Go for the Eyes","Force Field+1","White Noise+1"],"picked":"Turbo+1","floor":37},{"not_picked":["All For One","Streamline","Turbo+1"],"picked":"Self Repair","floor":38},{"not_picked":["Gash","Sweeping Beam","Compile Driver+1"],"picked":"Steam+1","floor":39},{"not_picked":["Redo+1","Force Field+1","Streamline+1"],"picked":"Leap+1","floor":40},{"not_picked":["Multi-Cast+1","Go for the Eyes","Redo+1"],"picked":"Reinforced Body+1","floor":41},{"not_picked":["Barrage","Auto Shields+1","Leap+1"],"picked":"Stack+1","floor":45},{"not_picked":["Static Discharge","Recycle+1","Heatsinks+1"],"picked":"Gash","floor":46},{"not_picked":["Compile Driver","Sweeping Beam","Stack+1"],"picked":"Hologram+1","floor":47},{"not_picked":["Cold Snap+1","Steam+1","Sweeping Beam","Multi-Cast+1"],"picked":"SKIP","floor":48},{"not_picked":["Doom and Gloom","Streamline","Loop"],"picked":"Leap+1","floor":53},{"not_picked":["Hyperbeam","Streamline","Chill+1","Steam+1"],"picked":"SKIP","floor":55}],"player_experience":1141988,"relics_obtained":[{"floor":8.0,"key":"Juzu Bracelet"},{"floor":9.0,"key":"Smiling Mask"},{"floor":11.0,"key":"War Paint"},{"floor":13.0,"key":"Question Card"},{"floor":20.0,"key":"Enchiridion"},{"floor":24,"key":"Happy Flower"},{"floor":26,"key":"Nunchaku"},{"floor":26,"key":"Oddly Smooth Stone"},{"floor":28,"key":"Regal Pillow"},{"floor":31,"key":"Calipers"},{"floor":36,"key":"Gambling Chip"},{"floor":37,"key":"Mango"},{"floor":40,"key":"Dream Catcher"},{"floor":43,"key":"Potion Belt"},{"floor":46,"key":"Bag of Marbles"},{"floor":48,"key":"Letter Opener"},{"floor":55,"key":"Eternal Feather"}],"event_choices":[{"damage_healed":0.0,"max_hp_gain":0.0,"max_hp_loss":0.0,"gold_gain":0.0,"event_name":"The Cleric","player_choice":"Leave","floor":4.0,"gold_loss":0.0,"damage_taken":0.0},{"damage_healed":0.0,"max_hp_gain":5.0,"max_hp_loss":0.0,"gold_gain":0.0,"event_name":"Big Fish","player_choice":"Donut","floor":7.0,"gold_loss":0.0,"damage_taken":0.0},{"damage_healed":0.0,"max_hp_gain":0.0,"max_hp_loss":0.0,"gold_gain":0.0,"event_name":"Cursed Tome","player_choice":"Obtained Book","floor":20.0,"gold_loss":0.0,"damage_taken":21.0},{"damage_healed":0.0,"max_hp_gain":0.0,"max_hp_loss":0.0,"gold_gain":0.0,"event_name":"Drug Dealer","player_choice":"Inject Mutagens","floor":21.0,"gold_loss":0.0,"damage_taken":0.0,"relics_obtained":["MutagenicStrength"]},{"damage_healed":0,"gold_gain":0,"player_choice":"Fight","damage_taken":0,"max_hp_gain":0,"max_hp_loss":0,"event_name":"MindBloom","floor":36,"gold_loss":0},{"damage_healed":0,"gold_gain":0,"player_choice":"Fight","damage_taken":0,"max_hp_gain":0,"max_hp_loss":0,"event_name":"Mysterious Sphere","floor":37,"gold_loss":0},{"damage_healed":0,"gold_gain":0,"player_choice":"Upgraded","damage_taken":0,"max_hp_gain":0,"max_hp_loss":0,"event_name":"Upgrade Shrine","floor":42,"gold_loss":0,"cards_upgraded":["Self Repair"]}],"is_beta":false,"boss_relics":[{"not_picked":["SlaversCollar","Velvet Choker"],"picked":"Sozu"},{"not_picked":["Coffee Dripper","Calling Bell"],"picked":"Fusion Hammer"}],"items_purged_floors":[0,0,0,19],"is_endless":false,"potions_floor_spawned":[1,2,16,22,24,28,33,36,37,38,40,55],"ascension_level":20}}