{"host":"jq8d8epkoknfq6em","time":1613998899,"event":{"mods":["AchievementEnabler","BaseMod","Colored Map","Colored Powertips","Highlight Path","Minty Spire (QoL Compilation)","Quick Restart","Relic Stats","StSLib"],"gold_per_floor":[111,123,134,134,284,295,295,6,85,116,116,151,166,191,191,269,269,280,280,42,52,71,71,71,71],"floor_reached":24,"language":"ENG","playtime":1523,"items_purged":["Doubt","Strike_R"],"score":396,"play_id":"68f840e2-92ea-4359-9549-d7575adfe1ae","local_time":"20210222140139","is_ascension_mode":true,"campfire_choices":[{"floor":11.0,"key":"REST"},{"data":"Bash","floor":15,"key":"SMITH"},{"data":"True Grit","floor":23,"key":"SMITH"}],"circlet_count":0,"master_deck":["AscendersBane","Strike_R","Strike_R","Strike_R","Strike_R","Defend_R","Defend_R+1","Defend_R+1","Defend_R","Bash+1","Combust","Rampage","Feed","Dropkick","Barricade+1","Iron Wave","Offering","Intimidate","Feed","Battle Trance","Good Instincts","Feel No Pain+1","True Grit+1"],"relics":["Burning Blood","Sundial","Bag of Marbles","Frozen Egg 2","Oddly Smooth Stone","Cursed Key"],"acts_visited":["Exordium","TheCity"],"potions_floor_usage":[16,16,24],"damage_taken":[{"damage":6.0,"enemies":"Jaw Worm","floor":1.0,"turns":6.0},{"damage":5.0,"enemies":"2 Louse","floor":2.0,"turns":4.0},{"damage":3.0,"enemies":"Cultist","floor":3.0,"turns":4.0},{"damage":22.0,"enemies":"Large Slime","floor":6.0,"turns":4.0},{"damage":22.0,"enemies":"Gremlin Nob","floor":10.0,"turns":4.0},{"damage":18.0,"enemies":"3 Sentries","floor":12.0,"turns":4.0},{"damage":28,"enemies":"Red Slaver","floor":13,"turns":9},{"damage":33,"enemies":"Hexaghost","floor":16,"turns":10},{"damage":9,"enemies":"Chosen","floor":18,"turns":4},{"damage":16,"enemies":"Shell Parasite","floor":21,"turns":7},{"damage":26,"enemies":"Centurion and Healer","floor":22,"turns":8},{"damage":57,"enemies":"Slavers","floor":24,"turns":6}],"seed_played":"-8248091395831520511","potions_obtained":[{"floor":1.0,"key":"AttackPotion"},{"floor":6.0,"key":"Explosive Potion"},{"floor":12.0,"key":"PowerPotion"},{"floor":18,"key":"EssenceOfSteel"}],"is_trial":false,"path_per_floor":["M","M","M","?","?","M","?","$","T","E","R","E","M","T","R","B",null,"M","?","$","M","M","R","E"],"character_chosen":"IRONCLAD","items_purchased":["Feed","BloodPotion","Battle Trance","Good Instincts"],"campfire_rested":1,"item_purchase_floors":[8,8,20,20],"current_hp_per_floor":[75,76,79,84,84,68,42,42,42,26,52,43,24,24,24,15,74,74,74,74,67,53,53,0,0],"gold":71,"neow_bonus":"TEN_PERCENT_HP_BONUS","is_daily":false,"chose_seed":false,"campfire_upgraded":2,"win_rate":0.0,"timestamp":1613998899,"path_taken":["M","M","M","?","?","M","?","$","T","E","R","E","M","?","R","BOSS","M","?","?","M","M","R","E"],"items_purchased_type":["Card","Potion","Card","Card"],"build_version":"2020-12-22","purchased_purges":2,"victory":false,"max_hp_per_floor":[82,82,82,87,87,87,87,87,87,87,87,90,93,93,93,93,93,96,96,96,99,105,105,105,105],"relic_stats":{"counters":[12,70],"Sundial":[10],"Cursed Key":0,"obtain_stats":[{"Sundial":9,"Oddly Smooth Stone":14,"Bag of Marbles":10,"Frozen Egg 2":12,"Cursed Key":17,"Burning Blood":0},{"Sundial":4,"Oddly Smooth Stone":7,"Bag of Marbles":5,"Frozen Egg 2":6,"Cursed Key":8,"Burning Blood":0},{"Sundial":18,"Oddly Smooth Stone":35,"Bag of Marbles":22,"Frozen Egg 2":26,"Cursed Key":45,"Burning Blood":0}],"Burning Blood":66},"card_choices":[{"not_picked":["Intimidate","Infernal Blade","Warcry"],"picked":"SKIP","floor":1.0},{"not_picked":["Body Slam","True Grit"],"picked":"Combust","floor":2.0},{"not_picked":["Warcry","Pommel Strike"],"picked":"Rampage","floor":3.0},{"not_picked":["Hemokinesis","Havoc","Bloodletting"],"picked":"SKIP","floor":6.0},{"not_picked":["Whirlwind","Sword Boomerang"],"picked":"Dropkick","floor":10.0},{"not_picked":["Burning Pact","Clash"],"picked":"Barricade+1","floor":12.0},{"not_picked":["Iron Wave","True Grit","Reaper"],"picked":"SKIP","floor":13},{"not_picked":["True Grit","Reaper"],"picked":"Iron Wave","floor":13},{"not_picked":["Juggernaut+1","Corruption+1"],"picked":"Offering","floor":16},{"not_picked":["Havoc","Power Through"],"picked":"Intimidate","floor":18},{"not_picked":["Twin Strike","Intimidate"],"picked":"Feel No Pain+1","floor":21},{"not_picked":["Cleave","Dropkick"],"picked":"True Grit","floor":22}],"player_experience":1081737,"relics_obtained":[{"floor":9.0,"key":"Sundial"},{"floor":10.0,"key":"Bag of Marbles"},{"floor":12.0,"key":"Frozen Egg 2"},{"floor":14,"key":"Oddly Smooth Stone"}],"event_choices":[{"damage_healed":0.0,"max_hp_gain":5.0,"max_hp_loss":0.0,"gold_gain":0.0,"event_name":"Big Fish","player_choice":"Donut","floor":4.0,"gold_loss":0.0,"damage_taken":0.0},{"damage_healed":0.0,"max_hp_gain":0.0,"max_hp_loss":0.0,"gold_gain":150.0,"event_name":"Liars Game","player_choice":"AGREE","floor":5.0,"gold_loss":0.0,"damage_taken":0.0,"cards_obtained":["Doubt"]},{"damage_healed":0.0,"max_hp_gain":0.0,"max_hp_loss":0.0,"gold_gain":0.0,"event_name":"Shining Light","player_choice":"Entered Light","floor":7.0,"gold_loss":0.0,"damage_taken":26.0,"cards_upgraded":["Defend_R","Defend_R"]},{"damage_healed":0,"gold_gain":0,"player_choice":"Copied","damage_taken":0,"max_hp_gain":0,"max_hp_loss":0,"event_name":"Duplicator","floor":19,"gold_loss":0,"cards_obtained":["Feed"]}],"is_beta":false,"boss_relics":[{"not_picked":["Runic Cube","Black Blood"],"picked":"Cursed Key"}],"items_purged_floors":[8,20],"is_endless":false,"potions_floor_spawned":[1,6,12,18],"killed_by":"Slavers","ascension_level":16}}