{"host":"rhakyh2m1vy6smuu","time":1613957941,"event":{"mods":["BaseMod","Minty Spire (QoL Compilation)","StSLib","The Cursed"],"gold_per_floor":[116,116,131,131,145,145,145,145,145,145,145,180,180,204,204,327,327,346,346,346,365,383,383,426,446,471,471,514,535,535,118,118,118,118],"floor_reached":33,"language":"ENG","playtime":1873,"items_purged":["Writhe"],"score":400,"play_id":"72ce972a-60e3-4631-9be9-95b610f55b49","local_time":"20210221183901","is_ascension_mode":true,"campfire_choices":[{"data":"Loop","floor":6.0,"key":"SMITH"},{"data":"Rebound","floor":8.0,"key":"SMITH"},{"data":"Go for the Eyes","floor":10.0,"key":"SMITH"},{"data":"Zap","floor":15.0,"key":"SMITH"},{"data":"Biased Cognition","floor":23,"key":"SMITH"},{"floor":27,"key":"REST"},{"data":"Defragment","floor":32,"key":"SMITH"}],"circlet_count":0,"master_deck":["Strike_B","Defend_B","Defend_B","Defend_B","Zap+1","Dualcast","White Noise","Go for the Eyes+1","Rebound+1","Loop+1","Machine Learning","Coolheaded","Biased Cognition+1","Sunder+1","Defragment+1","Capacitor","Compile Driver+1","Lockon+1","Loop+1","Cold Snap","Thunder Strike","Defragment"],"relics":["Cracked Core","Toy Ornithopter","Golden Idol","HornCleat","Shuriken","Runic Dome","Blue Candle","Meat on the Bone","Bronze Scales","Tiny Chest","TheAbacus","Ancient Tea Set"],"acts_visited":["Exordium","TheCity"],"potions_floor_usage":[25,28],"damage_taken":[{"damage":8.0,"enemies":"2 Louse","floor":1.0,"turns":3.0},{"damage":8.0,"enemies":"Small Slimes","floor":3.0,"turns":4.0},{"damage":9.0,"enemies":"Jaw Worm","floor":5.0,"turns":4.0},{"damage":0.0,"enemies":"Gremlin Nob","floor":12.0,"turns":3.0},{"damage":0.0,"enemies":"Large Slime","floor":14.0,"turns":5.0},{"damage":8,"enemies":"Hexaghost","floor":16,"turns":10},{"damage":3,"enemies":"Spheric Guardian","floor":18,"turns":4},{"damage":13,"enemies":"Chosen","floor":21,"turns":8},{"damage":2,"enemies":"Centurion and Healer","floor":22,"turns":5},{"damage":37,"enemies":"Gremlin Leader","floor":24,"turns":5},{"damage":7,"enemies":"Chosen and Byrds","floor":25,"turns":4},{"damage":24,"enemies":"Book of Stabbing","floor":28,"turns":5},{"damage":22,"enemies":"Shelled Parasite and Fungi","floor":29,"turns":4},{"damage":26,"enemies":"Collector","floor":33,"turns":3}],"seed_played":"-6151085954395819378","potions_obtained":[{"floor":5.0,"key":"LiquidMemories"},{"floor":14.0,"key":"Fire Potion"},{"floor":18,"key":"SkillPotion"},{"floor":22,"key":"GamblersBrew"},{"floor":25,"key":"PowerPotion"}],"is_trial":false,"path_per_floor":["M","?","M","?","M","R","?","R","T","R","?","E","T","M","R","B",null,"M","?","?","M","M","R","E","M","T","R","E","M","?","$","R","B"],"character_chosen":"DEFECT","items_purchased":["Defragment","TheAbacus","Ancient Tea Set"],"campfire_rested":1,"item_purchase_floors":[31,31,31],"current_hp_per_floor":[60,60,52,52,43,43,66,66,66,66,59,64,64,64,64,56,66,63,63,63,50,48,48,11,21,21,41,34,24,24,24,24,0,0],"gold":118,"neow_bonus":"RANDOM_COMMON_RELIC","is_daily":false,"chose_seed":false,"campfire_upgraded":6,"win_rate":0.0,"timestamp":1613957941,"path_taken":["M","?","M","?","M","R","?","R","T","R","?","E","?","M","R","BOSS","M","?","?","M","M","R","E","M","T","R","E","M","?","$","R","BOSS"],"items_purchased_type":["Card","Relic","Relic"],"build_version":"2020-12-22","purchased_purges":1,"victory":false,"max_hp_per_floor":[75,69,69,69,69,69,69,69,69,69,69,69,69,69,69,69,69,69,69,69,69,69,69,69,69,69,69,69,69,69,69,69,69,69],"card_choices":[{"not_picked":["Leap","Conserve Battery"],"picked":"White Noise","floor":1.0},{"not_picked":["Beam Cell","Steam Power"],"picked":"Go for the Eyes","floor":3.0},{"not_picked":["Reinforced Body","Turbo"],"picked":"Loop","floor":5.0},{"not_picked":["Barrage","Turbo"],"picked":"Machine Learning","floor":12.0},{"not_picked":["Hello World","Barrage"],"picked":"Coolheaded","floor":14.0},{"not_picked":["Thunder Strike","Creative AI"],"picked":"Biased Cognition","floor":16},{"not_picked":["White Noise","Scrape"],"picked":"Sunder+1","floor":18},{"not_picked":["Self Repair","Recycle"],"picked":"Capacitor","floor":21},{"not_picked":["Compile Driver","Barrage","Sunder"],"picked":"SKIP","floor":22},{"not_picked":["Chaos","Double Energy"],"picked":"Compile Driver+1","floor":24},{"not_picked":["Barrage","Genetic Algorithm+1","Redo"],"picked":"SKIP","floor":25},{"not_picked":["Heatsinks+1","Streamline"],"picked":"Lockon+1","floor":28},{"not_picked":["Undo","Chaos"],"picked":"Loop+1","floor":29}],"player_experience":1579042,"relics_obtained":[{"floor":9.0,"key":"HornCleat"},{"floor":12.0,"key":"Shuriken"},{"floor":24,"key":"Meat on the Bone"},{"floor":26,"key":"Bronze Scales"},{"floor":28,"key":"Tiny Chest"}],"event_choices":[{"damage_healed":0.0,"max_hp_gain":0.0,"max_hp_loss":6.0,"gold_gain":0.0,"event_name":"Golden Idol","player_choice":"Lose Max HP","floor":2.0,"gold_loss":0.0,"damage_taken":0.0,"relics_obtained":["Golden Idol"]},{"damage_healed":0.0,"max_hp_gain":0.0,"max_hp_loss":0.0,"gold_gain":0.0,"cards_transformed":["Strike_B"],"event_name":"Living Wall","player_choice":"Change","floor":4.0,"gold_loss":0.0,"damage_taken":0.0,"cards_obtained":["Rebound"]},{"damage_healed":23.0,"max_hp_gain":0.0,"max_hp_loss":0.0,"gold_gain":0.0,"event_name":"Big Fish","player_choice":"Banana","floor":7.0,"gold_loss":0.0,"damage_taken":0.0},{"cards_removed":["Strike_B"],"damage_healed":0.0,"max_hp_gain":0.0,"max_hp_loss":0.0,"gold_gain":0.0,"event_name":"Golden Wing","player_choice":"Card Removal","floor":11.0,"gold_loss":0.0,"damage_taken":7.0},{"damage_healed":0,"gold_gain":0,"player_choice":"Read","damage_taken":0,"max_hp_gain":0,"max_hp_loss":0,"event_name":"The Library","floor":19,"gold_loss":0,"cards_obtained":["Defragment"]},{"damage_healed":0,"gold_gain":0,"player_choice":"Opened","damage_taken":0,"relics_obtained":["Blue Candle"],"max_hp_gain":0,"max_hp_loss":0,"event_name":"The Mausoleum","floor":20,"gold_loss":0,"cards_obtained":["Writhe"]},{"damage_healed":0,"gold_gain":0,"cards_transformed":["Defend_B","Strike_B"],"player_choice":"Became Test Subject","damage_taken":0,"max_hp_gain":0,"max_hp_loss":0,"event_name":"Drug Dealer","floor":30,"gold_loss":0,"cards_obtained":["Cold Snap","Thunder Strike"]}],"is_beta":false,"boss_relics":[{"not_picked":["SlaversCollar","Snecko Eye"],"picked":"Runic Dome"}],"items_purged_floors":[31],"is_endless":false,"potions_floor_spawned":[5,14,18,22,25],"killed_by":"Collector","ascension_level":6}}