{"host":"4g8vayc9pwrwu92h","time":1613989548,"event":{"mods":["Aspiration","BaseMod","Conspire","Downfall","Marked Mod","Minty Spire (QoL Compilation)","Quick Restart","StSLib","The Jungle","¡¾ÒÅÎï¿¨ÅÆ¡¿REMEMod"],"gold_per_floor":[119,119,119,136,61,61,61,61,61,61,88,88,88,122,122,122,122],"floor_reached":16,"language":"ZHS","playtime":383,"items_purged":["Injury"],"score":206,"play_id":"2b583767-f3e6-4a7c-a058-77dd92f751e2","local_time":"20210222182548","is_ascension_mode":true,"campfire_choices":[{"floor":6,"key":"RECALL"},{"data":"Neutralize","floor":8,"key":"SMITH"},{"data":"Survivor","floor":10,"key":"SMITH"},{"data":"Tools of the Trade","floor":15,"key":"SMITH"}],"circlet_count":0,"master_deck":["AscendersBane","Strike_G","Strike_G+1","Strike_G","Strike_G","Strike_G","Defend_G","Defend_G+1","Defend_G","Defend_G","Defend_G","Survivor+1","Neutralize+1","Tools of the Trade+1","PiercingWail","Blade Dance+1","Predator","Deflect+1"],"relics":["Ring of the Snake","REME_ComplimentaryCards","NeowsBlessing","Toxic Egg 2","Boot","The Courier","Singing Bowl"],"acts_visited":["Exordium"],"potions_floor_usage":[1,14],"damage_taken":[{"damage":0,"enemies":"conspire:RoseBush","floor":1,"turns":1},{"damage":0,"enemies":"Small Slimes","floor":4,"turns":1},{"damage":0,"enemies":"Gremlin Nob","floor":11,"turns":1},{"damage":9,"enemies":"Lagavulin","floor":14,"turns":5},{"damage":23,"enemies":"Slime Boss","floor":16,"turns":5}],"seed_played":"879758594862978819","potions_obtained":[{"floor":1,"key":"REME_GoldPotion"},{"floor":11,"key":"FearPotion"}],"is_trial":false,"path_per_floor":["M","$","?","M","$","R","$","R","T","R","E","?","?","E","R","B"],"character_chosen":"THE_SILENT","items_purchased":[],"campfire_rested":0,"item_purchase_floors":[],"current_hp_per_floor":[63,63,63,63,63,63,63,63,63,63,63,49,37,28,28,5,5],"gold":122,"neow_bonus":"THREE_ENEMY_KILL","is_daily":false,"chose_seed":false,"campfire_upgraded":3,"win_rate":0.0,"timestamp":1613989548,"path_taken":["M","$","?","M","$","R","$","R","T","R","E","?","?","E","R","BOSS"],"items_purchased_type":[],"build_version":"2020-12-22","purchased_purges":1,"victory":false,"max_hp_per_floor":[70,70,70,70,70,70,70,70,70,70,70,70,70,70,70,70,70],"card_choices":[{"not_picked":["Acrobatics","Deflect"],"picked":"PiercingWail","floor":1},{"not_picked":["Dagger Spray","PiercingWail+1"],"picked":"Blade Dance+1","floor":4},{"not_picked":["Wraith Form v2","Bane"],"picked":"Predator","floor":11},{"not_picked":["Choke","Prepared+1"],"picked":"Deflect+1","floor":14}],"player_experience":456081,"relics_obtained":[{"floor":11,"key":"Boot"},{"floor":14,"key":"Singing Bowl"}],"event_choices":[{"damage_healed":0,"gold_gain":0,"player_choice":"Entered Light","damage_taken":14,"max_hp_gain":0,"max_hp_loss":0,"event_name":"Shining Light","floor":12,"gold_loss":0,"cards_upgraded":["Defend_G","Strike_G"]},{"damage_healed":0,"gold_gain":0,"player_choice":"Success","damage_taken":12,"relics_obtained":["The Courier"],"max_hp_gain":0,"max_hp_loss":0,"event_name":"Scrap Ooze","floor":13,"gold_loss":0}],"is_beta":false,"boss_relics":[],"items_purged_floors":[5],"is_endless":false,"potions_floor_spawned":[1,11],"killed_by":"Slime Boss","ascension_level":12}}