{"host":"3po7ngt2j61s4rmj","time":1613958723,"event":{"mods":["BaseMod","Hermit","Minty Spire (QoL Compilation)","Relic Stats","Shade Mod","StSLib","The Cursed","The Jungle"],"gold_per_floor":[115,115,132,132,148,178,178,205,280,280,291,306,306,306,306,410,410,424,441,441,105,125,157,175,175,175,202,217,38,38,51,51,148,148,167,180,180,192,211,211,211,211],"floor_reached":41,"language":"ENG","playtime":7646,"items_purged":["Writhe"],"score":601,"play_id":"66e1144f-93d6-41d7-8b75-48a88cf88828","local_time":"20210221185203","is_ascension_mode":true,"campfire_choices":[{"floor":7,"key":"REST"},{"data":"hermit:Brawl","floor":10,"key":"SMITH"},{"data":"hermit:Manifest","floor":13,"key":"SMITH"},{"data":"hermit:Brawl","floor":15,"key":"SMITH"},{"floor":25,"key":"REST"},{"floor":30,"key":"REST"},{"data":"hermit:TakeCover","floor":32,"key":"SMITH"},{"floor":40,"key":"REST"}],"circlet_count":0,"master_deck":["hermit:Strike_Hermit+1","hermit:Defend_Hermit","hermit:Defend_Hermit","hermit:Defend_Hermit+1","hermit:Defend_Hermit","hermit:Snapshot","hermit:Covet","hermit:Ricochet","Regret","hermit:CalledShot","hermit:Brawl+1","hermit:Brawl+1","hermit:Determination","hermit:Malice","hermit:Manifest+1","hermit:Dive+1","hermit:Ricochet+1","hermit:Grudge+1","hermit:TrackingShot+1","hermit:CursedWeapon+1","hermit:CursedWeapon+1","hermit:TakeCover+1","hermit:LowProfile","hermit:CalledShot+1","hermit:OverwhelmingPower","hermit:Quickdraw+1","hermit:ShadowCloak+1","hermit:HighNoon","hermit:Vantage+1"],"relics":["hermit:ClaspedLocket","Mango","Ice Cream","Regal Pillow","hermit:Horseshoe","InkBottle","White Beast Statue","Astrolabe","Darkstone Periapt","Molten Egg 2","Matryoshka","MealTicket","Chemical X"],"acts_visited":["Exordium","theJungle:Jungle","TheBeyond"],"potions_floor_usage":[6,11,12,23,24,24,27,28,28,33,38,38,39,41],"damage_taken":[{"damage":0,"enemies":"Small Slimes","floor":1,"turns":3},{"damage":9,"enemies":"2 Louse","floor":3,"turns":3},{"damage":1,"enemies":"Cultist","floor":5,"turns":3},{"damage":20,"enemies":"Gremlin Nob","floor":6,"turns":4},{"damage":22,"enemies":"Lagavulin","floor":8,"turns":6},{"damage":14,"enemies":"Blue Slaver","floor":11,"turns":4},{"damage":5,"enemies":"Exordium Thugs","floor":12,"turns":3},{"damage":31,"enemies":"Hexaghost","floor":16,"turns":8},{"damage":26,"enemies":"Shell Parasite","floor":18,"turns":6},{"damage":26,"enemies":"theJungle:5_Spyders","floor":19,"turns":8},{"damage":1,"enemies":"theJungle:Lyon","floor":22,"turns":6},{"damage":33,"enemies":"theJungle:Cassacara","floor":23,"turns":8},{"damage":39,"enemies":"Snake Plant","floor":24,"turns":5},{"damage":18,"enemies":"theJungle:MamaSnecko","floor":27,"turns":6},{"damage":61,"enemies":"theJungle:2_Flameangoes","floor":28,"turns":7},{"damage":33,"enemies":"theJungle:SlimyTreeVines","floor":31,"turns":10},{"damage":27,"enemies":"theJungle:FunGuy","floor":33,"turns":10},{"damage":21,"enemies":"Orb Walker","floor":35,"turns":4},{"damage":28,"enemies":"3 Shapes","floor":36,"turns":8},{"damage":37,"enemies":"Transient","floor":38,"turns":5},{"damage":50,"enemies":"Jaw Worm Horde","floor":39,"turns":11},{"damage":44,"enemies":"Giant Head","floor":41,"turns":8}],"seed_played":"3216218397817656344","potions_obtained":[{"floor":5,"key":"DuplicationPotion"},{"floor":6,"key":"Fire Potion"},{"floor":8,"key":"Weak Potion"},{"floor":12,"key":"SkillPotion"},{"floor":16,"key":"Ancient Potion"},{"floor":18,"key":"BlessingOfTheForge"},{"floor":19,"key":"GamblersBrew"},{"floor":22,"key":"Strength Potion"},{"floor":23,"key":"Regen Potion"},{"floor":24,"key":"FearPotion"},{"floor":27,"key":"Strength Potion"},{"floor":28,"key":"SmokeBomb"},{"floor":31,"key":"Block Potion"},{"floor":33,"key":"Fire Potion"},{"floor":35,"key":"BlessingOfTheForge"},{"floor":36,"key":"Energy Potion"},{"floor":38,"key":"GamblersBrew"},{"floor":39,"key":"EssenceOfSteel"}],"is_trial":false,"path_per_floor":["M","?","M","?","M","E","R","E","T","R","M","M","R","?","R","B",null,"M","M","?","$","M","E","M","R","T","E","M","$","R","M","R","B",null,"M","M","?","M","M","R","E"],"character_chosen":"HERMIT","items_purchased":["Darkstone Periapt","Chemical X","hermit:LowProfile"],"campfire_rested":4,"item_purchase_floors":[21,29,29],"current_hp_per_floor":[82,82,73,55,54,34,75,53,53,53,39,34,34,34,34,3,68,42,16,99,99,98,65,40,84,84,66,5,20,64,37,37,10,77,57,30,87,50,1,42,0,0],"gold":211,"neow_bonus":"ONE_RARE_RELIC","is_daily":false,"chose_seed":false,"campfire_upgraded":4,"win_rate":0.0,"timestamp":1613958723,"path_taken":["M","?","M","?","M","E","R","E","T","R","M","M","R","?","R","BOSS","M","?","?","?","M","E","M","R","T","E","M","$","R","M","R","BOSS","M","M","?","M","M","R","E"],"items_purchased_type":["Relic","Relic","Card"],"build_version":"2020-12-22","purchased_purges":1,"victory":false,"max_hp_per_floor":[89,89,89,89,89,89,89,89,89,89,89,89,89,89,89,89,89,89,89,99,99,99,99,99,99,99,99,99,99,99,99,99,99,99,99,99,87,87,87,87,87,87],"relic_stats":{"Darkstone Periapt":0,"Regal Pillow":60,"counters":[22,136],"Astrolabe":["hermit:Dive","hermit:Ricochet","hermit:Grudge"],"MealTicket":15,"Chemical X":[8],"obtain_stats":[{"Ice Cream":2,"Darkstone Periapt":21,"Regal Pillow":6,"hermit:ClaspedLocket":34,"Astrolabe":17,"Mango":0,"White Beast Statue":14,"Matryoshka":26,"Molten Egg 2":23,"MealTicket":27,"Chemical X":29,"hermit:Horseshoe":8,"hermit:Momento":0,"InkBottle":9},{"Ice Cream":1,"Darkstone Periapt":10,"Regal Pillow":4,"hermit:ClaspedLocket":17,"Astrolabe":8,"Mango":0,"White Beast Statue":7,"Matryoshka":13,"Molten Egg 2":12,"MealTicket":14,"Chemical X":15,"hermit:Horseshoe":5,"hermit:Momento":0,"InkBottle":5},{"Ice Cream":3,"Darkstone Periapt":48,"Regal Pillow":13,"hermit:ClaspedLocket":100,"Astrolabe":34,"Mango":0,"White Beast Statue":26,"Matryoshka":67,"Molten Egg 2":62,"MealTicket":73,"Chemical X":80,"hermit:Horseshoe":19,"hermit:Momento":0,"InkBottle":19}],"InkBottle":[40]},"card_choices":[{"not_picked":["hermit:HoleUp","hermit:HighCaliber"],"picked":"hermit:Ricochet","floor":1},{"not_picked":["hermit:NoHoldsBarred","hermit:Snipe"],"picked":"hermit:CalledShot","floor":3},{"not_picked":["hermit:Snipe","hermit:Deadeye"],"picked":"hermit:Brawl","floor":5},{"not_picked":["hermit:WideOpen","hermit:LowProfile"],"picked":"hermit:Brawl","floor":6},{"not_picked":["hermit:Spite","hermit:Coalescence"],"picked":"hermit:Determination","floor":8},{"not_picked":["hermit:SprayPray","hermit:HighCaliber"],"picked":"hermit:Malice","floor":11},{"not_picked":["hermit:GhostlyPresence","hermit:BodyArmor"],"picked":"hermit:Manifest","floor":12},{"not_picked":["hermit:RoundhouseKick","hermit:Adapt"],"picked":"hermit:FatalDesire","floor":16},{"not_picked":["hermit:CalledShot","hermit:Cheat","hermit:Malice"],"picked":"SKIP","floor":18},{"not_picked":["hermit:BodyArmor","hermit:Malice","hermit:Desperado"],"picked":"SKIP","floor":19},{"not_picked":["hermit:Ricochet","hermit:LowProfile","hermit:Malice"],"picked":"SKIP","floor":22},{"not_picked":["hermit:FromBeyond","hermit:FullyLoaded"],"picked":"hermit:TrackingShot+1","floor":23},{"not_picked":["hermit:SprayPray+1","hermit:LowProfile"],"picked":"hermit:CursedWeapon+1","floor":24},{"not_picked":["hermit:Adapt","hermit:WideOpen+1"],"picked":"hermit:CursedWeapon+1","floor":27},{"not_picked":["hermit:Maintenance","hermit:Midnight"],"picked":"hermit:TakeCover","floor":28},{"not_picked":["hermit:Snipe","hermit:Coalescence"],"picked":"hermit:CalledShot+1","floor":31},{"not_picked":["hermit:RoundhouseKick+1","hermit:FatalDesire"],"picked":"hermit:OverwhelmingPower","floor":33},{"not_picked":["hermit:Desperado+1","hermit:ItchyTrigger+1"],"picked":"hermit:Quickdraw+1","floor":35},{"not_picked":["hermit:Midnight+1","hermit:HoleUp"],"picked":"hermit:ShadowCloak+1","floor":36},{"not_picked":["hermit:Feint","hermit:Dive"],"picked":"hermit:HighNoon","floor":38},{"not_picked":["hermit:PistolWhip+1","hermit:FullyLoaded"],"picked":"hermit:Vantage+1","floor":39}],"player_experience":1266728,"relics_obtained":[{"floor":6,"key":"Regal Pillow"},{"floor":8,"key":"hermit:Horseshoe"},{"floor":9,"key":"InkBottle"},{"floor":23,"key":"Molten Egg 2"},{"floor":26,"key":"Matryoshka"},{"floor":27,"key":"MealTicket"}],"event_choices":[{"damage_healed":0,"gold_gain":0,"player_choice":"Box","damage_taken":0,"relics_obtained":["Ice Cream"],"max_hp_gain":0,"max_hp_loss":0,"event_name":"Big Fish","floor":2,"gold_loss":0,"cards_obtained":["Regret"]},{"damage_healed":0,"gold_gain":0,"player_choice":"Entered Light","damage_taken":18,"max_hp_gain":0,"max_hp_loss":0,"event_name":"Shining Light","floor":4,"gold_loss":0,"cards_upgraded":["hermit:Strike_Hermit","hermit:Defend_Hermit"]},{"damage_healed":0,"gold_gain":0,"player_choice":"Gave Potion","damage_taken":0,"relics_obtained":["White Beast Statue"],"max_hp_gain":0,"max_hp_loss":0,"event_name":"WeMeetAgain","floor":14,"gold_loss":0},{"cards_removed":["hermit:FatalDesire"],"damage_healed":73,"gold_gain":0,"player_choice":"Offered Rare","damage_taken":0,"max_hp_gain":10,"max_hp_loss":0,"event_name":"Bonfire Elementals","floor":20,"gold_loss":0},{"damage_healed":87,"gold_gain":0,"player_choice":"Heal","damage_taken":0,"max_hp_gain":0,"max_hp_loss":12,"event_name":"The Moai Head","floor":37,"gold_loss":0}],"is_beta":false,"boss_relics":[{"not_picked":["Sozu","Runic Pyramid"],"picked":"Astrolabe"},{"not_picked":["Snecko Eye","SlaversCollar"],"picked":"hermit:ClaspedLocket"}],"items_purged_floors":[21],"is_endless":false,"potions_floor_spawned":[5,6,8,12,16,18,19,22,23,24,27,28,31,33,35,36,38,39],"killed_by":"Giant Head","ascension_level":7}}