{"host":"9ywz5nv8iwwl28k0","time":1613958278,"event":{"mods":["BaseMod","Block Reminder","Colored Map","Downfall","Highlight Path","Minty Spire (QoL Compilation)","Relic Stats","StSLib"],"gold_per_floor":[99,112,125,140,140,160,160,185,185,204,232,247,257,257,269,366,366,266,285,285,285,285,285,333,333,351,367,402,417,432,457,473,577,577,477,495,513,528,528,528,553,453,803,564,595,610,610,420,436,436,436,464,35,35,35,35,35,35],"floor_reached":56,"language":"ENG","playtime":3002,"items_purged":["bronze:Defend","bronze:Defend","bronze:Defend"],"score":960,"play_id":"391bd03e-29b7-4cc9-8bdf-b4b2eef6004e","local_time":"20210222024438","is_ascension_mode":true,"campfire_choices":[{"floor":1,"key":"RECALL"},{"data":"bronze:SpaghettiCode","floor":18,"key":"SMITH"},{"data":"bronze:Frontload","floor":25,"key":"SMITH"},{"data":"bronze:Goto","floor":35,"key":"SMITH"},{"data":"bronze:FollowUp","floor":40,"key":"SMITH"},{"data":"bronze:Shell","floor":42,"key":"SMITH"},{"data":"bronze:Library","floor":54,"key":"SMITH"}],"circlet_count":0,"master_deck":["bronze:Replicate","bronze:Goto+1","bronze:Return","bronze:Iterate","bronze:WhirlingStrike","bronze:CutThrough","bronze:SpaghettiCode+1","bronze:FollowUp+1","bronze:Terminator","bronze:Shell+1","Slimebound:Tackle+1","Slimebound:Tackle+1","Slimebound:Tackle+1","bronze:Frontload+1","bronze:FunctionCard","bronze:HyperBeam","bronze:Library+1","bronze:Optimize+1","bronze:BitShift+1","bronze:ChildClass+1","bronze:Repulsor+1","bronze:TinkerersToolbox","bronze:FindAndReplace","bronze:MaxOutput+1"],"relics":["Coffee Dripper","Guardian:PocketSentry","Nunchaku","Art of War","Gremlin Horn","expansioncontent:StudyCardRelic","downfall:HeartBlessingRed","Strawberry","Toy Ornithopter","sneckomod:SneckoTalon","downfall:HeartBlessingGreen","downfall:HeartBlessingBlue","Old Coin","hexamod:BolsterEngine","Bronze Scales","Slimebound:PreparedRelic","Centennial Puzzle","Happy Flower","HandDrill"],"acts_visited":["Exordium","TheCity","TheBeyond","TheEnding"],"potions_floor_usage":[8,11,16,26,28,31,31,32,56,56,56],"damage_taken":[{"damage":7,"enemies":"Small Slimes","floor":2,"turns":4},{"damage":2,"enemies":"Jaw Worm","floor":3,"turns":3},{"damage":9,"enemies":"2 Louse","floor":4,"turns":2},{"damage":4,"enemies":"2 Fungi Beasts","floor":6,"turns":3},{"damage":2,"enemies":"Gremlin Nob","floor":8,"turns":3},{"damage":0,"enemies":"3 Louse","floor":10,"turns":1},{"damage":18,"enemies":"Lagavulin","floor":11,"turns":4},{"damage":2,"enemies":"Lots of Slimes","floor":12,"turns":3},{"damage":2,"enemies":"Exordium Wildlife","floor":13,"turns":2},{"damage":3,"enemies":"Blue Slaver","floor":15,"turns":2},{"damage":20,"enemies":"IC_STATUS_ARCHETYPE","floor":16,"turns":8},{"damage":8,"enemies":"Chosen","floor":19,"turns":2},{"damage":16,"enemies":"Sentry and Sphere","floor":26,"turns":3},{"damage":0,"enemies":"Chosen and Byrds","floor":27,"turns":3},{"damage":19,"enemies":"Book of Stabbing","floor":28,"turns":4},{"damage":0,"enemies":"Snake Plant","floor":29,"turns":3},{"damage":51,"enemies":"Snecko","floor":30,"turns":6},{"damage":4,"enemies":"Gremlin Leader","floor":31,"turns":3},{"damage":0,"enemies":"Centurion and Healer","floor":32,"turns":2},{"damage":0,"enemies":"WA_ARCHETYPE_CALM","floor":33,"turns":5},{"damage":0,"enemies":"3 Darklings","floor":36,"turns":3},{"damage":0,"enemies":"3 Shapes","floor":37,"turns":2},{"damage":3,"enemies":"Transient","floor":38,"turns":5},{"damage":0,"enemies":"Transient","floor":43,"turns":4},{"damage":0,"enemies":"downfall:FleeingMerchant","floor":44,"turns":4},{"damage":7,"enemies":"Giant Head","floor":45,"turns":6},{"damage":0,"enemies":"4 Shapes","floor":46,"turns":1},{"damage":0,"enemies":"downfall:FleeingMerchant","floor":48,"turns":4},{"damage":0,"enemies":"Writhing Mass","floor":49,"turns":4},{"damage":30,"enemies":"DF_ARCHETYPE_ORBS","floor":50,"turns":5},{"damage":128,"enemies":"downfall:CharBossMerchant","floor":52,"turns":10},{"damage":22,"enemies":"downfall:NeowBoss","floor":55,"turns":9},{"damage":45,"enemies":"downfall:NeowBossFinal","floor":56,"turns":3}],"seed_played":"-1286087001307924448","potions_obtained":[{"floor":2,"key":"BlessingOfTheForge"},{"floor":4,"key":"champ:CounterPotion"},{"floor":8,"key":"Fruit Juice"},{"floor":10,"key":"bronze:FreeFunctionsPotion"},{"floor":15,"key":"Regen Potion"},{"floor":16,"key":"Slimebound:ThreeZeroPotion"},{"floor":26,"key":"GamblersBrew"},{"floor":29,"key":"Swift Potion"},{"floor":31,"key":"hexamod:SoulburnPotion"},{"floor":38,"key":"Dexterity Potion"},{"floor":43,"key":"Fire Potion"},{"floor":46,"key":"FairyPotion"},{"floor":52,"key":"LiquidMemories"}],"is_trial":false,"path_per_floor":["R","M","M","M","?","M","T","E","?","M","E","M","M","?","M","B",null,"R","M","?","?","?","?","T","R","M","M","E","M","M","E","M","B",null,"R","M","M","M","?","R","T","R","?","$","E","M","?","$","M","B",null,"E","$","R","B","B"],"character_chosen":"THE_AUTOMATON","items_purchased":["hexamod:BolsterEngine","bronze:FindAndReplace","Slimebound:PreparedRelic","Happy Flower","HandDrill"],"campfire_rested":0,"item_purchase_floors":[44,48,48,53,53],"current_hp_per_floor":[70,63,61,52,52,48,48,46,46,46,33,31,29,26,23,18,75,75,67,67,67,67,67,74,74,58,58,39,39,20,16,21,21,82,82,82,82,79,79,79,79,89,89,89,82,82,82,82,82,52,92,27,27,27,5,0,0,0],"gold":35,"neow_bonus":"BOSS_RELIC","is_daily":false,"chose_seed":false,"campfire_upgraded":6,"win_rate":0.0,"timestamp":1613958278,"path_taken":["R","M","M","M","?","M","T","E","?","M","E","M","M","?","M","BOSS","R","M","?","?","?","?","T","R","M","M","E","?","M","E","M","BOSS","R","M","M","M","?","R","T","R","?","$","E","M","?","$","M","BOSS","E","$","R","BOSS","BOSS"],"items_purchased_type":["Relic","Card","Relic","Relic","Relic"],"build_version":"2020-12-22","purchased_purges":3,"victory":false,"max_hp_per_floor":[70,70,70,70,70,70,70,70,70,70,75,75,75,75,75,75,75,75,75,75,75,75,75,82,82,82,82,82,82,82,82,82,82,82,82,82,82,82,82,82,82,92,92,92,92,92,92,92,92,92,92,92,92,92,92,92,92,92],"relic_stats":{"Nunchaku":[30],"Centennial Puzzle":[6],"Gremlin Horn":[12,12],"Happy Flower":[4],"counters":[33,125],"Bronze Scales":[35],"Art of War":[7],"HandDrill":[8],"obtain_stats":[{"Regal Pillow":28,"bronze:BronzeCore":0,"Gremlin Horn":14,"downfall:HeartBlessingRed":18,"Happy Flower":53,"downfall:HeartBlessingGreen":35,"Guardian:PocketSentry":7,"expansioncontent:StudyCardRelic":17,"sneckomod:SneckoTalon":34,"Old Coin":43,"Nunchaku":8,"Centennial Puzzle":52,"downfall:HeartBlessingBlue":42,"Strawberry":24,"Bronze Scales":45,"Slimebound:PreparedRelic":48,"Coffee Dripper":0,"Art of War":11,"HandDrill":53,"hexamod:BolsterEngine":44,"Toy Ornithopter":31},{"Regal Pillow":15,"bronze:BronzeCore":0,"Gremlin Horn":9,"downfall:HeartBlessingRed":11,"Happy Flower":31,"downfall:HeartBlessingGreen":20,"Guardian:PocketSentry":4,"expansioncontent:StudyCardRelic":11,"sneckomod:SneckoTalon":20,"Old Coin":24,"Nunchaku":5,"Centennial Puzzle":31,"downfall:HeartBlessingBlue":23,"Strawberry":12,"Bronze Scales":26,"Slimebound:PreparedRelic":28,"Coffee Dripper":0,"Art of War":7,"HandDrill":31,"hexamod:BolsterEngine":25,"Toy Ornithopter":18},{"Regal Pillow":47,"bronze:BronzeCore":0,"Gremlin Horn":25,"downfall:HeartBlessingRed":35,"Happy Flower":113,"downfall:HeartBlessingGreen":65,"Guardian:PocketSentry":12,"expansioncontent:StudyCardRelic":35,"sneckomod:SneckoTalon":65,"Old Coin":79,"Nunchaku":15,"Centennial Puzzle":113,"downfall:HeartBlessingBlue":75,"Strawberry":37,"Bronze Scales":89,"Slimebound:PreparedRelic":94,"Coffee Dripper":0,"Art of War":20,"HandDrill":113,"hexamod:BolsterEngine":83,"Toy Ornithopter":58}],"Toy Ornithopter":20},"card_choices":[{"not_picked":["bronze:Iterate","bronze:Deprecate"],"picked":"bronze:Return","floor":2},{"not_picked":["bronze:OilSpill","bronze:ChildClass"],"picked":"bronze:Iterate","floor":3},{"not_picked":["bronze:Deprecate","bronze:WildBeam"],"picked":"bronze:WhirlingStrike","floor":4},{"not_picked":["bronze:OilSpill","bronze:FineTuning"],"picked":"bronze:CutThrough","floor":6},{"not_picked":["bronze:Separator","bronze:GetLatest"],"picked":"bronze:SpaghettiCode","floor":8},{"not_picked":["bronze:CutThrough","bronze:Refactor"],"picked":"bronze:FollowUp","floor":10},{"not_picked":["bronze:CutThrough","bronze:DelayedSlice"],"picked":"bronze:Terminator","floor":11},{"not_picked":["bronze:DelayedGuard","bronze:Separator","bronze:DelayedSlice"],"picked":"SKIP","floor":12},{"not_picked":["bronze:Turbo","bronze:Iterate","bronze:FollowUp"],"picked":"SKIP","floor":13},{"not_picked":["bronze:WildBeam","bronze:DelayedSlice"],"picked":"bronze:Shell","floor":15},{"not_picked":["bronze:ShipIt","bronze:HardenedForm"],"picked":"bronze:Hardcode","floor":16},{"not_picked":["bronze:GetLatest","bronze:Turbo","bronze:BugBarrage"],"picked":"SKIP","floor":19},{"not_picked":["bronze:Allocate","bronze:DigitalCarnage+1","bronze:Deprecate"],"picked":"SKIP","floor":26},{"not_picked":["bronze:Turbo+1","bronze:ClassDefault","bronze:Deprecate"],"picked":"SKIP","floor":27},{"not_picked":["bronze:WhirlingStrike","bronze:ForceShield","bronze:Invalidate"],"picked":"SKIP","floor":28},{"not_picked":["bronze:Iterate","bronze:WhirlingStrike"],"picked":"bronze:Overload","floor":29},{"not_picked":["bronze:Invalidate","bronze:Format","bronze:CloningBeam+1"],"picked":"SKIP","floor":30},{"not_picked":["bronze:Refactor+1","bronze:Deprecate"],"picked":"bronze:HyperBeam","floor":31},{"not_picked":["bronze:ThunderWave","bronze:Format"],"picked":"bronze:Library","floor":33},{"not_picked":["bronze:Repair+1","bronze:Iterate+1"],"picked":"bronze:Optimize+1","floor":36},{"not_picked":["bronze:Return","bronze:Shield"],"picked":"bronze:BitShift+1","floor":37},{"not_picked":["bronze:CutThrough","bronze:Break","bronze:Repair+1"],"picked":"SKIP","floor":38},{"not_picked":["bronze:WhirlingStrike+1","bronze:OilSpill+1"],"picked":"bronze:ChildClass+1","floor":43},{"not_picked":["bronze:Allocate","bronze:Branch+1","bronze:ShipIt"],"picked":"SKIP","floor":44},{"not_picked":["bronze:BitShift","bronze:WhirlingStrike+1"],"picked":"bronze:Repulsor+1","floor":45},{"not_picked":["bronze:Iterate","bronze:Constructor+1","bronze:Refactor"],"picked":"SKIP","floor":46},{"not_picked":["bronze:ClassDefault","bronze:Optimize","bronze:DelayedSlice"],"picked":"SKIP","floor":48},{"not_picked":["bronze:BitShift","bronze:FineTuning"],"picked":"bronze:MaxOutput+1","floor":49},{"not_picked":["bronze:Flail+1","bronze:Invalidate","bronze:Constructor"],"picked":"SKIP","floor":52}],"player_experience":1586157,"relics_obtained":[{"floor":7,"key":"Guardian:PocketSentry"},{"floor":8,"key":"Nunchaku"},{"floor":11,"key":"Art of War"},{"floor":24,"key":"Strawberry"},{"floor":28,"key":"Regal Pillow"},{"floor":31,"key":"Toy Ornithopter"},{"floor":43,"key":"Old Coin"},{"floor":45,"key":"Bronze Scales"},{"floor":52,"key":"Centennial Puzzle"}],"event_choices":[{"damage_healed":0,"gold_gain":0,"player_choice":"Success","damage_taken":3,"relics_obtained":["Gremlin Horn"],"max_hp_gain":0,"max_hp_loss":0,"event_name":"Scrap Ooze","floor":14,"gold_loss":0},{"damage_healed":0,"gold_gain":0,"player_choice":"Ignored","damage_taken":0,"max_hp_gain":0,"max_hp_loss":0,"event_name":"Vampires","floor":21,"gold_loss":0},{"damage_healed":0,"gold_gain":0,"player_choice":"Read","damage_taken":0,"max_hp_gain":0,"max_hp_loss":0,"event_name":"The Library","floor":23,"gold_loss":0,"cards_obtained":["bronze:Frontload"]},{"cards_removed":["bronze:Overload"],"damage_healed":0,"gold_gain":0,"player_choice":"Removed Skill","damage_taken":0,"max_hp_gain":0,"max_hp_loss":0,"event_name":"Falling","floor":39,"gold_loss":0}],"is_beta":false,"boss_relics":[{"not_picked":["Astrolabe","Black Star"],"picked":"expansioncontent:StudyCardRelic"},{"not_picked":["Velvet Choker","Sozu"],"picked":"sneckomod:SneckoTalon"}],"items_purged_floors":[44,48,53],"is_endless":false,"potions_floor_spawned":[2,4,8,10,15,16,26,29,30,31,38,43,46,52],"killed_by":"downfall:NeowBossFinal","ascension_level":4}}