{"host":"c64dsqyrqv0ei9yn","time":1613982259,"event":{"mods":["Act Like it!","Arknights","BaseMod","Bestiary","CapriCore","Chen","Colored Map","Colored Powertips","Curses Come First","Hermit","Koishi","LagranYue(ùfäiòNÅEåé)","MarisaÅiñ∂âJÅ@ñÇóùçπÅj","Minty Spire (QoL Compilation)","Prisma Mod","Random Character Button","ReimuÅiîé??öÎÅj","RemiliaÅiÂQïƒ‰ª?Åj","StSLib","The Administrix","The Alterego","The Immortal","The Marked","The Saiyan","The Senshi","The Servant 0.9.4","The Wild Card","TheSwordswoman","Waifu the Spire","WarShipGirlsR/??è≠èóR mod","slay the spire mod where everything is the same but ironclad has a cowboy hat"],"gold_per_floor":[118,118,67,67,87,87,122,142,142,168,168,95,95,111,111,215,215,231,249,261,261,280,280,280,280],"floor_reached":24,"language":"ENG","playtime":1331,"items_purged":[],"score":231,"play_id":"51a765fa-2fc5-43ae-8a2c-09b7553470d1","local_time":"20210222082419","is_ascension_mode":false,"campfire_choices":[{"data":"ats:Emotion Absorption","floor":6,"key":"SMITH"},{"data":"ats:Armor Crushing Shot","floor":11,"key":"SMITH"},{"data":"ats:Overload","floor":13,"key":"SMITH"},{"floor":15,"key":"REST"},{"floor":23,"key":"REST"}],"circlet_count":0,"master_deck":["ats:Strike C","ats:Strike S","ats:Strike V","ats:Armor Crushing Shot+1","ats:Defend","ats:Defend","ats:Emotion Absorption+1","ats:Thermite Blade","ats:Guard Mode","ats:Poison Spread","ats:Explosion Area Strengthen","ats:Leaping Hammer","ats:Burning Ground+1","ats:Overload+1","ats:Ignite","ats:True Silver Slash+1","ats:Guard Mode+1","ats:Spore Proliferation+1","ats:Beaten Up+1","ats:Magnetic Hammer","ats:Shadow Raid+1","ats:Burning Ground+1","ats:Very Hot Blade"],"relics":["ats:Sanity","NeowsBlessing","ats:Originium","Frozen Egg 2","Tiny Chest","Meat on the Bone","Astrolabe"],"acts_visited":["Exordium","TheCity"],"potions_floor_usage":[24,24],"damage_taken":[{"damage":0,"enemies":"ats:Genji","floor":1,"turns":1},{"damage":0,"enemies":"2 Louse","floor":5,"turns":1},{"damage":0,"enemies":"Gremlin Nob","floor":7,"turns":1},{"damage":1,"enemies":"Cultist","floor":8,"turns":3},{"damage":36,"enemies":"3 Sentries","floor":10,"turns":8},{"damage":8,"enemies":"Exordium Wildlife","floor":14,"turns":3},{"damage":51,"enemies":"The Guardian","floor":16,"turns":11},{"damage":0,"enemies":"Chosen","floor":18,"turns":4},{"damage":9,"enemies":"3 Byrds","floor":19,"turns":4},{"damage":21,"enemies":"Snecko","floor":20,"turns":4},{"damage":16,"enemies":"3 Cultists","floor":22,"turns":6},{"damage":67,"enemies":"Slavers","floor":24,"turns":4}],"seed_played":"-2581230372087727321","potions_obtained":[{"floor":8,"key":"EntropicBrew"},{"floor":10,"key":"BlessingOfTheForge"},{"floor":14,"key":"ats:Burn Small Potion"}],"is_trial":false,"path_per_floor":["M","?","$","?","M","R","E","M","T","E","R","$","R","M","R","B",null,"M","M","M","?","M","R","E"],"character_chosen":"DOCTOR_CLASS","items_purchased":["ats:Guard Mode","ats:Overload"],"campfire_rested":2,"item_purchase_floors":[3,12],"current_hp_per_floor":[72,77,77,77,77,77,77,76,76,40,40,40,40,44,67,28,77,77,68,47,47,43,66,0,0],"gold":280,"neow_bonus":"THREE_ENEMY_KILL","is_daily":false,"chose_seed":false,"campfire_upgraded":3,"win_rate":0.0,"timestamp":1613982259,"path_taken":["M","?","$","?","M","R","E","M","T","E","R","?","R","M","R","BOSS","M","M","M","?","?","R","E"],"items_purchased_type":["Card","Card"],"build_version":"2020-12-22","purchased_purges":0,"victory":false,"max_hp_per_floor":[72,77,77,77,77,77,77,77,77,77,77,77,77,77,77,77,77,77,77,77,77,77,77,77,77],"card_choices":[{"not_picked":["ats:Flexible Camouflage","ats:Collapsing Strike"],"picked":"ats:Thermite Blade","floor":1},{"not_picked":["ats:Revitalization","ats:Powerful Strike"],"picked":"ats:Poison Spread","floor":5},{"not_picked":["ats:Poison Spread","ats:Very Hot Blade"],"picked":"ats:Explosion Area Strengthen","floor":7},{"not_picked":["ats:Hammer On","ats:Shell Defense"],"picked":"ats:Leaping Hammer","floor":8},{"not_picked":["ats:Phantom+1","ats:Echo Reverb"],"picked":"ats:Burning Ground+1","floor":10},{"not_picked":["ats:Poison Spread","ats:Assault Order"],"picked":"ats:Ignite","floor":14},{"not_picked":["ats:Roar Of Ursus+1","ats:Soul Rend+1"],"picked":"ats:True Silver Slash","floor":16},{"not_picked":["ats:Spore Proliferation","ats:Absolute Focus"],"picked":"ats:Magnetic Hammer","floor":18},{"not_picked":["ats:Blood Oath","ats:Thermite Blade"],"picked":"ats:Shadow Raid+1","floor":19},{"not_picked":["ats:Guard Mode+1","ats:Flexible Camouflage"],"picked":"ats:Burning Ground+1","floor":20},{"not_picked":["ats:Guard Mode","ats:Absolute Focus+1"],"picked":"ats:Very Hot Blade","floor":22}],"player_experience":123963,"relics_obtained":[{"floor":7,"key":"ats:Originium"},{"floor":7,"key":"Frozen Egg 2"},{"floor":9,"key":"Tiny Chest"},{"floor":10,"key":"ats:Originium"},{"floor":10,"key":"Meat on the Bone"}],"event_choices":[{"damage_healed":0,"gold_gain":0,"player_choice":"Donut","damage_taken":0,"max_hp_gain":5,"max_hp_loss":0,"event_name":"Big Fish","floor":2,"gold_loss":0},{"damage_healed":0,"gold_gain":0,"player_choice":"Ignored","damage_taken":0,"max_hp_gain":0,"max_hp_loss":0,"event_name":"Liars Game","floor":4,"gold_loss":0},{"damage_healed":0,"gold_gain":0,"player_choice":"Upgraded","damage_taken":0,"max_hp_gain":0,"max_hp_loss":0,"event_name":"Upgrade Shrine","floor":21,"gold_loss":0,"cards_upgraded":["ats:True Silver Slash"]}],"is_beta":false,"boss_relics":[{"not_picked":["Runic Pyramid","Snecko Eye"],"picked":"Astrolabe"}],"items_purged_floors":[],"is_endless":false,"potions_floor_spawned":[8,10,14,19,22],"killed_by":"Slavers","ascension_level":0}}