{"host":"snd6571rw3150vxe","time":1613966534,"event":{"mods":["AchievementEnabler","BaseMod","Bestiary","Colored Powertips","Highlight Path","Minty Spire (QoL Compilation)","Quick Restart","Random Character Button","Relic Stats","StSLib","slay the spire mod where everything is the same but ironclad has a cowboy hat"],"gold_per_floor":[116,116,116,134,134,163,163,194,268,268,279,279,294,311,311,311,311],"floor_reached":16,"language":"ENG","playtime":779,"items_purged":[],"score":176,"play_id":"7745ad28-c6b6-4aaf-90f5-ef68998096f0","local_time":"20210222060214","is_ascension_mode":true,"campfire_choices":[{"floor":7,"key":"REST"},{"floor":10,"key":"REST"},{"floor":15,"key":"REST"}],"circlet_count":0,"master_deck":["AscendersBane","Strike_P","Strike_P","Strike_P","Strike_P","Defend_P","Defend_P","Defend_P","Eruption+1","Vigilance","EmptyFist","Perseverance","Prostrate","Vault","Consecrate","FearNoEvil","SashWhip"],"relics":["PureWater","Nunchaku","GremlinMask","Juzu Bracelet","Blood Vial","Bird Faced Urn","Bottled Lightning"],"acts_visited":["Exordium"],"potions_floor_usage":[6,16,16],"damage_taken":[{"damage":0,"enemies":"Jaw Worm","floor":1,"turns":3},{"damage":0,"enemies":"Cultist","floor":4,"turns":4},{"damage":37,"enemies":"Lagavulin","floor":6,"turns":8},{"damage":32,"enemies":"3 Sentries","floor":8,"turns":16},{"damage":0,"enemies":"2 Louse","floor":11,"turns":4},{"damage":17,"enemies":"Exordium Thugs","floor":13,"turns":4},{"damage":8,"enemies":"Blue Slaver","floor":14,"turns":4},{"damage":44,"enemies":"Hexaghost","floor":16,"turns":10}],"seed_played":"-8339713109259792476","potions_obtained":[{"floor":1,"key":"ColorlessPotion"},{"floor":8,"key":"SteroidPotion"},{"floor":11,"key":"Strength Potion"}],"is_trial":false,"path_per_floor":["M","?","?","M","?","E","R","E","T","R","M","?","M","M","R","B"],"character_chosen":"WATCHER","items_purchased":[],"campfire_rested":3,"item_purchase_floors":[],"current_hp_per_floor":[65,65,65,65,62,25,46,16,16,37,39,39,24,18,39,0,0],"gold":311,"neow_bonus":"RANDOM_COMMON_RELIC","is_daily":false,"chose_seed":false,"campfire_upgraded":0,"win_rate":0.0,"timestamp":1613966534,"path_taken":["M","?","?","?","?","E","R","E","T","R","M","?","M","M","R","BOSS"],"items_purchased_type":[],"build_version":"2020-12-22","purchased_purges":0,"victory":false,"max_hp_per_floor":[72,72,72,72,72,72,72,72,72,72,72,72,72,72,72,72,72],"relic_stats":{"Blood Vial":10,"Nunchaku":[8],"counters":[8,53],"Bird Faced Urn":[0],"Juzu Bracelet":0,"obtain_stats":[{"Blood Vial":6,"Nunchaku":0,"Bird Faced Urn":8,"GremlinMask":3,"Juzu Bracelet":5,"Bottled Lightning":9,"PureWater":0},{"Blood Vial":3,"Nunchaku":0,"Bird Faced Urn":4,"GremlinMask":1,"Juzu Bracelet":2,"Bottled Lightning":4,"PureWater":0},{"Blood Vial":15,"Nunchaku":0,"Bird Faced Urn":31,"GremlinMask":3,"Juzu Bracelet":7,"Bottled Lightning":31,"PureWater":0}]},"card_choices":[{"not_picked":["Vengeance","PathToVictory"],"picked":"EmptyFist","floor":1},{"not_picked":["FearNoEvil","Vengeance"],"picked":"Perseverance","floor":4},{"not_picked":["Fasting2","SandsOfTime"],"picked":"Prostrate","floor":6},{"not_picked":["Pray","FlurryOfBlows"],"picked":"Vault","floor":8},{"not_picked":["LikeWater","FlurryOfBlows"],"picked":"Consecrate","floor":11},{"not_picked":["EmptyFist","Study"],"picked":"FearNoEvil","floor":13},{"not_picked":["WheelKick","FearNoEvil"],"picked":"SashWhip","floor":14}],"player_experience":383400,"relics_obtained":[{"floor":6,"key":"Blood Vial"},{"floor":8,"key":"Bird Faced Urn"},{"floor":9,"key":"Bottled Lightning"}],"event_choices":[{"damage_healed":0,"gold_gain":0,"player_choice":"Grow","damage_taken":0,"max_hp_gain":0,"max_hp_loss":0,"event_name":"Living Wall","floor":2,"gold_loss":0,"cards_upgraded":["Eruption"]},{"damage_healed":0,"gold_gain":0,"player_choice":"Trade","damage_taken":0,"relics_obtained":["GremlinMask"],"max_hp_gain":0,"max_hp_loss":0,"event_name":"FaceTrader","floor":3,"gold_loss":0},{"damage_healed":0,"gold_gain":0,"player_choice":"Success","damage_taken":3,"relics_obtained":["Juzu Bracelet"],"max_hp_gain":0,"max_hp_loss":0,"event_name":"Scrap Ooze","floor":5,"gold_loss":0},{"cards_removed":["Defend_P"],"damage_healed":0,"gold_gain":0,"player_choice":"Purged","damage_taken":0,"max_hp_gain":0,"max_hp_loss":0,"event_name":"Purifier","floor":12,"gold_loss":0}],"is_beta":false,"boss_relics":[],"items_purged_floors":[],"is_endless":false,"potions_floor_spawned":[1,8,11,13],"killed_by":"Hexaghost","ascension_level":12}}